4100 6336
447 288 585 347 ΗΠΒ

1696 289 1754 346 8.
1802 273 2068 346 EUSEBtt
2106 281 2488 347 utenonvut

3606 289 3743 348 I076

447 421 494 466 et
521 412 687 467 Amos
703 407 1308 465 eniendatlouisatl'ectu
1329 407 1655 480 loquebatur
1672 411 1739 466 ad
1762 411 2039 483 populum,-
2071 397 2120 471 Α
2150 411 2334 468 Bctbel
2359 423 2558 478 autem,
2583 413 2634 468 in
2676 429 2780 484 qua
2831 429 2934 484 ego
2980 429 3100 468 sum
3133 413 3412 482 sacerdos,
3442 415 3585 470 ultra
3638 431 3742 470 non

448 515 502 562 et
529 523 594 561 ex
618 505 964 560 sermonibus
995 503 1089 559 Dei
1137 503 1403 559 terribilia
1432 505 1764 569 minabatur,
1797 516 1854 560 ut
1881 521 2047 575 agen-

450 613 531 656 tes
579 599 980 668 prenitentiam,
1010 603 1416 652 reverterentur
1455 597 1520 652 ad
1576 599 1740 654 Deum
1805 607 1859 653 et
1901 598 2044 653 idola

454 694 794 747 desererent.
822 691 973 745 Tunc
1005 689 1263 744 sacerdos
1304 689 1516 756 Bethcl,
1544 691 1594 743 in
1630 693 1729 760 qua
1766 691 2048 746 eratvitu-

455 787 537 839 lus
565 801 794 850 aureus,
831 798 990 852 quem
1043 784 1403 838 constituerat
1447 781 1737 840 Jernhoam
1773 785 1914 839 filius
1943 783 2048 838 Na-

455 876 580 930 bath
642 874 740 946 (Ill
790 875 921 945 Reg.
981 873 1122 945 sti),
1179 882 1232 929 et
1292 873 1378 928 alii
1447 875 1538 945 qui
1591 877 1666 931 illi
1709 877 1764 931 in
1818 877 2049 946 imperio

455 976 848 1033 successerant,
877 968 1040 1020 mittit
1062 967 1127 1021 ad
1157 967 1445 1023 Jeroboam
1476 979 1728 1039 nepotem
1761 970 1896 1024 .lehu
1915 1015 1929 1039 ,
1958 969 2048 1039 qui

449 1063 499 1116 ei
537 1061 772 1126 nuntiet,
797 1059 984 1114 (licens
1015 1076 1028 1111 :
1065 1058 1348 1114 Rebellarit
1402 1072 1583 1115 contra
1635 1074 1682 1116 te
1718 1063 1904 1128 Amos,
1936 1063 2052 1119 sive

459 1153 914 1223 congregationes
945 1151 1076 1206 facit
1101 1162 1265 1222 atque
1299 1163 1600 1209 conventus
1639 1155 1691 1210 in
1742 1157 1921 1210 medio
1967 1171 2050 1211 re—

454 1248 550 1318 gni
585 1249 688 1314 tui,
722 1245 928 1311 Israel,
962 1254 1015 1299 et
1041 1253 1191 1298 tanta
1225 1245 1466 1315 loquitur
1489 1292 1501 1312 ,
1541 1257 1596 1300 ttt
1624 1256 1764 1301 terra
1795 1249 1944 1318 regni
1977 1243 2054 1303 tui

459 1341 622 1394 verba
657 1337 774 1407 ejus
802 1337 1076 1392 sustinere
1109 1347 1215 1392 nOn
1260 1337 1450 1406 possit.
1482 1336 1661 1393 Audet
1708 1351 1888 1393 autem
1926 1339 2053 1392 mit-

459 1440 574 1486 tere
599 1431 664 1484 ad
694 1445 873 1500 regem
905 1428 1070 1484 Israel
1110 1429 1263 1499 quasi
1309 1430 1547 1498 pontifex
1585 1448 1595 1484 :
1631 1439 1880 1485 metuens
1913 1446 1981 1486 ne
2011 1430 2055 1486 si

461 1524 692 1594 pOpttIUS
720 1531 1080 1577 convertatur
1114 1522 1178 1575 ad
1231 1522 1436 1576 cultum
1470 1521 1598 1589 Dei,
1631 1523 1719 1576 ille
1767 1522 2057 1578 sacerdotii

463 1617 656 1686 perdat
686 1615 938 1685 gloriam.
967 1614 1208 1683 Cumque
1256 1614 1363 1667 duo
1392 1614 1623 1668 audierit
1650 1659 1664 1683 ,
1695 1614 2061 1670 demolientur

465 1708 680 1764 excelsa
727 1706 916 1770 idolis,
947 1709 1065 1760 sive
1114 1721 1224 1759 arm
1275 1706 1436 1772 risus,
1467 1713 1521 1759 et
1576 1707 2060 1775 sanetilieationes,

2149 505 2372 575 adjicies
2403 507 2757 576 prophetare,
2791 507 2916 573 quia
2963 506 3325 563 sanctiﬁcatio
3377 509 3522 579 regis
3558 518 3660 571 est,
3689 515 3743 563 et
3811 505 3832 576 ἶ

3801 270 3831 520 i

2149 597 2340 652 domus
2370 595 2543 669 regni.
2578 599 2644 653 Et
2669 600 2770 653 hoc
2797 599 2949 668 quasi
2981 599 3147 653 falsus
3193 599 3449 656 sacerdos
3483 600 3740 667 loquitur,
3825 607 3832 618 ‘

2150 693 2377 748 adulans
2419 693 2586 763 regali
2620 693 2866 764 fastigio,
2901 699 2958 747 ut
3001 708 3107 748 non
3160 691 3306 748 dicat
3340 712 3352 749 :
3386 693 3743 749 Sanctificatio

2153 785 2245 840 Dei
2277 786 2448 839 nostri
2473 795 2577 853 est,
2602 793 2656 840 et
2678 785 2870 840 domus
2894 785 3056 850 idoli;
3083 786 3176 841 sed
3195 786 3555 841 sanctificatio
3576 787 3738 856 regis,

2153 888 2207 934 et
2235 880 2427 933 domus
2458 879 2651 949 regni:
2684 878 2825 934 hanc
2861 877 3193 935 habentibus
3231 880 3441 935 cunctis
3468 879 3556 950 qui
3583 879 3744 934 falsos

2153 973 2286 1028 deos
2337 973 2525 1028 colunt
2575 973 3065 1038 consuetudinem,
3128 981 3187 1027 ut
3231 973 3542 1043 superbiam
3592 987 3739 1028 suam

2152 1068 2371 1134 regibus
2406 1068 2700 1136 imputent,
2733 1078 2787 1122 et
2832 1067 2974 1138 quod
3009 1065 3110 1138 ipsi
3157 1065 3377 1133 faciunt,
3415 1084 3504 1124 rex
3544 1065 3744 1123 fecisse

2156 1161 2419 1216 videatur.
2464 1160 2654 1216 Omnia
2707 1173 2828 1229 qurc
2853 1159 2920 1216 de
2970 1161 3208 1225 Amasia,
3261 1173 3315 1218 et
3358 1161 3666 1228 Jeroboam,
3696 1169 3750 1218 et

2158 1257 2346 1324 Israel,
2377 1268 2432 1313 et
2463 1259 2629 1313 Amos
2658 1257 3003 1328 interpretati
3038 1275 3251 1325 sumus,
3282 1261 3653 1337 τροπολογικῶς
3683 1257 3748 1314 ad

2160 1351 2448 1406 ha-retieos
2471 1350 2754 1406 referenda
2783 1359 2911 1406 sunt
2937 1370 2950 1406 :
2974 1367 3206 1422 quorum
3231 1351 3488 1408 sacerdos
3511 1351 3753 1409 Amasias

2160 1443 2305 1500 solet
2331 1446 2606 1500 interdum
2635 1445 2854 1500 mittere
2877 1444 2943 1500 ad
2982 1443 3271 1500 Jeroboam
3316 1460 3499 1515 regem
3530 1444 3754 1499 haereti-

2161 1553 2306 1605 cum,
2331 1550 2496 1608 atque
2530 1538 2911 1593 haereticorum
2941 1548 3254 1609 patronum,
3285 1545 3339 1593 et
3371 1546 3588 1592 sanctos
3611 1538 3756 1594 viros

2162 1648 2226 1687 ac
2272 1646 2551 1702 praecones
2612 1629 2737 1686 fidei
2787 1645 3046 1686 accusare
3095 1630 3236 1702 apud
3289 1646 3435 1694 eum,
3465 1640 3520 1685 et
3565 1630 3757 1700 jubere

2164 1725 2503 1790 doctoribus,
2539 1740 2606 1779 ne
2635 1725 2935 1792 praedicent
2988 1725 3039 1779 in
3067 1725 3254 1791 Israel,
3286 1741 3355 1780 ne
3393 1734 3585 1780 contra
3619 1726 3760 1795 regis

464 1803 551 1856 vel
582 1800 924 1855 cairemonim
976 1797 1146 1853 Israel
1199 1798 1615 1866 desolahunlur,
1649 1811 1703 1855 et
1738 1815 2058 1871 consurgam
2092 1816 2138 1876 Β
2170 1818 2372 1873 faciant
2393 1819 2770 1882 voluntatem;
2799 1817 2920 1886 quia
2949 1817 3162 1884 Betim],
3186 1820 3288 1873 hoc
3311 1829 3413 1881 est,
3439 1818 3620 1873 domus
3641 1819 3758 1884 ορί,

467 1915 629 1968 super
659 1899 882 1953 domum
933 1895 1223 1952 Jeroboam
1273 1896 1323 1950 in
1369 1896 1572 1967 gladio,
1598 1913 1662 1952 eo
1713 1898 1857 1968 quod
1917 1897 2060 1953 idola

471 1991 683 2059 penitus
716 1993 1090 2054 destrUantur,
1123 1991 1581 2057 quihusprmerat
1607 1989 1856 2045 Amasias
1884 2005 2064 2045 sacer-

465 2083 587 2150 dos,
620 2095 672 2138 et
704 2092 895 2136 contra
929 2081 1221 2138 Jerohoam
1254 2081 1396 2137 Deus
1429 2091 1722 2154 consurgat
1753 2084 1803 2137 in
1838 2083 2018 2153 gladio
2047 2126 2062 2149 ,

467 2176 568 2230 nisi
602 2176 776 2244 egerit
826 2175 1243 2243 pmnitentiam:
1282 2173 1374 2229 ille
1425 2175 1491 2230 de
1542 2189 1640 2228 sua
1689 2191 1796 2230 non
1847 2175 2068 2231 mandat:

469 2268 688 2338 injuria,
723 2277 778 2321 ut
801 2270 867 2322 de
897 2267 1040 2337 regis
1072 2275 1278 2320 tantum
1309 2268 1638 2322 contumelia
1669 2268 1854 2324 dolere
1881 2268 2065 2323 videa-

468 2371 575 2415 tur.
613 2360 740 2414 Hrec
770 2362 924 2425 enim,
961 2361 1154 2428 inquit,
1186 2360 1310 2412 dicit
1345 2360 1520 2413 Amos.
1553 2361 1741 2426 Erras,
1774 2361 2070 2416 calumnia-

473 2465 577 2507 tor.
605 2454 660 2507 ln
693 2455 946 2508 omnibus
980 2454 1126 2506 enim
1152 2454 1502 2509 sermonibus
1533 2455 1646 2508 suis
1679 2471 1786 2508 non
1819 2455 1972 2525 quasi
2003 2469 2070 2510 ex

472 2561 531 2600 se
556 2547 823 2615 propheta
851 2547 1113 2614 loquitur,
1143 2547 1239 2600 sed
1269 2561 1490 2616 semper
1513 2547 1774 2615 prtepouit
1804 2546 1854 2600 in
1879 2545 2068 2602 titulo:

482 2638 605 2691 llrec
627 2639 753 2691 dicit
780 2637 1056 2690 Dominus.
1093 2638 1259 2708 Igitur
1285 2653 1404 2709 quae
1431 2639 1646 2693 locutus
1674 2647 1757 2693 est
1789 2639 2066 2708 Dominus,

479 2733 645 2786 Amos
706 2733 1028 2800 prophetam
1086 2731 1289 2786 dixisse
1337 2741 1753 2793 commemorat,
1789 2742 1846 2787 ttt
1903 2733 2076 2804 magis

477 2838 662 2892 regem
689 2833 952 2892 provocet
982 2823 1048 2877 ad
1079 2823 1396 2878 vindictam.
1427 2823 1558 2892 Quae
1598 2833 1726 2878 sunt
1774 2839 1891 2895 qua:
1939 2824 2074 2880 dicit

476 2913 685 2969 AanS?
719 2913 786 2968 In
813 2914 988 2985 gladio
1017 2917 1268 2969 morietur
1296 2914 1603 2971 Jeroboam.
1626 2917 1764 2971 Etin
1791 2917 1894 2972 hoc
1919 2935 2074 2974 men-

476 3008 593 3063 tiris
626 3025 640 3063 :
677 3024 782 3062 non
817 3009 961 3063 enim
995 3009 1154 3071 dixit,
1191 3009 1480 3076 morietur;
1512 3011 1557 3064 si
1603 3011 1749 3065 enim
1775 3011 1877 3065 hoc
1907 3011 2076 3065 dixis-

475 3109 586 3166 set,
641 3100 927 3154 videbatur
973 3115 1078 3154 non
1131 3100 1409 3170 suscipere
1475 3101 1886 3171 paenitentiam;
1944 3101 2072 3170 sed,

2168 1919 2221 1964 et
2271 1908 2406 1964 falsa
2460 1909 2707 1965 Ecclesia
2759 1911 3120 1964 sanctificatio
3176 1910 3320 1979 regis
3350 1911 3438 1976 sit,
3473 1919 3528 1965 et
3567 1911 3764 1966 domus

2170 2001 2341 2070 regni.
2376 2003 2565 2058 Solent
2599 2004 2742 2058 enim
2783 2004 2967 2058 dicere
3003 2020 3014 2055 :
3055 2001 3358 2072 Imperator
3405 2001 3563 2058 nobis
3595 2003 3762 2068 fcom-

2173 2095 2431 2159 municat,
2464 2103 2521 2150 et
2549 2095 2593 2150 si
2626 2098 2753 2164 quis
2781 2097 2859 2151 eis
2882 2096 3169 2158 restiterit,
3202 2095 3383 2149 statim
3431 2095 3768 2150 calumnian-

2175 2199 2261 2244 tur
2291 2207 2302 2242 :
2333 2203 2462 2260 ergo
2513 2199 2570 2243 tu
2627 2198 2823 2244 contra
2879 2189 3261 2258 imperatorem
3320 2188 3493 2243 facis?
3539 2187 3765 2259 Augusti

2173 2282 2422 2337 mandata
2447 2283 2792 2338 contemnis?
2817 2282 2885 2338 Et
2913 2292 3092 2338 tamen
3142 2282 3556 2336 consideremus
3578 2327 3591 2350 ,
3625 2280 3766 2352 quod

2178 2377 2332 2431 multi
2363 2393 2517 2447 reges
2546 2377 2843 2432 Christiani
2872 2377 2965 2446 qui
2996 2377 3266 2446 persecuti
3313 2385 3441 2431 sunt
3471 2376 3766 2433 Ecclesiam

2179 2472 2293 2538 Dei,
2328 2481 2382 2527 et
2423 2471 2677 2527 Arianam
2725 2473 3061 2541 impietatem
3093 2471 3145 2526 in
3190 2479 3307 2524 toto
3352 2471 3486 2526 orbe
3543 2470 3766 2526 fundare

2176 2563 2355 2619 conati
2403 2572 2562 2630 sunt,
2599 2564 2815 2618 vincant
2876 2564 2927 2618 in
2983 2564 3194 2618 scelere
3241 2562 3535 2618 Jeroboam
3589 2579 3766 2632 regem

2180 2655 2366 2709 Israel.
2401 2653 2495 2710 Ille
2523 2656 2667 2709 enim
2703 2654 2821 2708 falsi
2867 2653 3171 2708 sacerdotis
3200 2654 3450 2707 mandata
3482 2653 3763 2722 despexit,

2178 2765 2282 2804 nec
2309 2745 2373 2802 ad
2411 2747 2818 2818 suggestionem
2847 2746 2965 2815 ejus
3011 2745 3306 2816 quidquam
3350 2744 3519 2800 voluit
3551 2761 3768 2814 τεκνου-

2179 2841 2331 2897 dere.
2363 2839 2456 2894 Isti
2485 2850 2661 2894 autem
2711 2856 2832 2895 cum
2881 2839 3072 2894 multis
3115 2839 3350 2894 Amasiis
3390 2838 3767 2894 sacerdotibus

2180 2935 2316 3002 suis,
2351 2935 2491 2988 fame
2536 2942 2590 2987 et
2621 2933 2851 3002 penuria
2873 2977 2885 2999 ,
2912 2932 3229 2987 carceribus
3262 2939 3314 2984 et
3356 2931 3568 2985 exsiliis
3608 2930 3763 3003 333

2179 3025 2693 3096 Amosfpmphetam
2724 3033 2780 3080 et
2809 3024 3122 3078 sacerdotes
3148 3023 3363 3077 Domini
3406 3037 3755 3078 necaverunt.

2255 3117 2434 3188 (Vers.
2474 3115 2536 3171 14
2570 3115 2750 3188 seqq.)
2798 3113 2867 3168 Et
2894 3113 3162 3184 respondit
3210 3113 3384 3176 Amos,
3435 3124 3483 3168 et
3535 3114 3664 3167 dixit
3705 3114 3770 3168 ad

477 3203 744 3261 consurget
768 3190 1028 3245 Dominus
1055 3209 1212 3260 super
1233 3193 1445 3246 domum
1471 3193 1748 3248 Jerolioam
1780 3197 1831 3248 in
1853 3196 2031 3267 gladio
2055 3211 2074 3251 :
2102 3213 2147 3275 ρ
2183 3210 2444 3265 Αηιηδίαηι
2471 3224 2491 3262 :
2518 3207 2639 3262 Non
2683 3223 2799 3260 sum
2842 3204 3092 3278 propheta
3119 3223 3234 3276 ego,
3275 3216 3320 3258 et
3361 3223 3464 3258 non
3489 3223 3604 3260 sum
3634 3205 3770 3275 filius

479 3288 819 3340 comminans
881 3300 1127 3353 poenam,
1175 3303 1282 3340 non
1330 3286 1594 3341 inferens.
1645 3286 1754 3342 Nec
1804 3289 1972 3343 dixit:
2009 3287 2077 3343 In

476 3380 653 3450 gladio
684 3381 931 3431 morietur
955 3375 1235 3432 Jeroboam
1264 3396 1282 3433 :
1313 3379 1429 3446 sed,
1460 3393 1770 3451 consurgant
1795 3381 1848 3434 in
1898 3382 2077 3453 gladio

479 3492 633 3543 super
662 3474 876 3527 domum
901 3472 1199 3527 Jeroboam.
1231 3473 1524 3529 Jeroboam
1548 3477 1751 3545 quippe
1767 3475 1944 3544 gladio
1970 3491 2075 3532 non

478 3583 564 3627 est
590 3580 863 3634 mortuus,
895 3571 990 3626 scil
1042 3570 1237 3624 domus
1267 3570 1407 3639 ejus,
1445 3573 1495 3624 id
1551 3580 1656 3634 est,
1685 3572 1828 3627 ﬁlius
1875 3572 2078 3627 Zacha-

479 3666 610 3732 rias,
657 3665 766 3718 Deo
790 3663 1153 3733 percutiente,
1179 3663 1395 3718 deletus
1421 3674 1526 3718 est.
1563 3663 1626 3717 Et
1659 3663 1852 3732 Israel,
1879 3665 2074 3736 inquit,

479 3760 714 3826 captiuus
752 3757 993 3831 migrabit
1041 3756 1105 3810 de
1144 3764 1282 3809 terra
1322 3773 1418 3809 sua
1451 3773 1469 3810 .'
1501 3756 1639 3811 adde
1667 3766 1725 3812 et
1777 3768 1999 3825 caetera,
2030 3758 2078 3812 si

481 3869 586 3906 non
608 3851 782 3920 egerit
815 3849 1212 3919 paenitentiam.
1247 3849 1417 3903 Porro
1452 3849 1743 3904 Jeroboam
1782 3841 2094 3906 vanissima

483 3943 718 3998 Ama-he
742 3943 998 3996 mandata
1030 3951 1420 4010 contemnens,
1448 3941 1582 3996 nihil
1614 3943 1678 3996 ad
1721 3957 1782 3996 ea
1830 3960 1949 4013 qum
1991 3945 2079 4001 ille

483 4036 839 4091 mandaverat
861 4034 1039 4088 voluit
1064 4033 1400 4104 respondere
1427 4051 1439 4086 :
1468 4035 1612 4090 unde
1638 4035 1758 4104 ipse
1785 4035 1890 4089 sibi
1921 4051 2078 4091 assu-

483 4131 581 4184 mit
607 4131 988 4182 auctoritatem
1018 4126 1373 4182 sacerdotalis
1399 4126 1620 4198 fastigii,
1646 4139 1697 4182 et
1733 4127 1972 4198 loquitur
2012 4130 2078 4185 ad

485 4223 654 4278 Amos
688 4239 701 4274 :
733 4220 836 4286 Qui
891 4220 1055 4285 rides,
1096 4219 1312 4291 gradere
1341 4235 1360 4274 :
1391 4222 1512 4292 fuge
1565 4222 1618 4273 in
1674 4229 1866 4276 terram
1913 4220 2078 4277 Iuda.

487 4316 800 4386 Proibetae,
831 4325 888 4370 ut
914 4313 1109 4370 crebro
1154 4314 1418 4378 diximus,
1451 4313 1612 4386 332
1645 4314 1797 4383 prius
1843 4318 2084 4386 appella-

489 4412 689 4466 bantur
713 4408 983 4474 videntes,
1013 4407 1137 4478 quia
1167 4421 1287 4476 quae
1321 4413 1548 4461 ventura
1591 4407 1868 4474 dicebant,
1899 4409 2081 4464 cordis

486 4503 656 4558 oculis
703 4501 1081 4557 intuebantur.
1131 4499 1350 4565 Quaerat
1403 4499 1648 4568 prudens
1696 4501 1887 4569 lector,
1912 4511 2082 4571 quare

2183 3302 2466 3373 prophetat,
2499 3301 2586 3352 sed
2614 3310 2636 3335 τι
2664 3299 2825 3364 opilio
2857 3315 2953 3369 ego
2975 3313 3086 3351 sum.
3113 3297 3358 3351 rellicans
3379 3313 3696 3368 sycomoros,
3727 3307 3772 3351 et

2181 3396 2303 3450 tulit
2326 3410 2403 3448 me
2428 3391 2680 3447 Dominus
2705 3409 2820 3447 cum
2845 3407 3082 3461 sequerer
3109 3405 3338 3464 gregem,
3368 3401 3416 3444 et
3445 3391 3575 3444 dixit
3601 3391 3667 3443 ad
3699 3407 3774 3443 me

2181 3489 2359 3561 [Vulg.
2395 3486 2541 3541 addit
2571 3484 2847 3555 Dominus]
2881 3501 2894 3536 :
2935 3481 3101 3547 Vade,
3151 3482 3402 3555 propheta
3430 3483 3498 3535 ad
3527 3482 3774 3556 papulimt

2183 3597 2347 3634 meum
2376 3579 2566 3644 Israel,
2599 3587 2645 3632 et
2673 3595 2808 3630 nunc
2834 3577 2958 3630 audi
2991 3577 3197 3630 terbum
3239 3573 3454 3629 Domini
3481 3592 3501 3628 :
3539 3586 3589 3627 tu
3621 3576 3771 3639 dicis,

2186 3673 2307 3727 Non
2349 3671 2674 3744 praphelabis
2711 3687 2865 3736 super
2914 3668 3101 3736 Israel,
3136 3680 3182 3722 et
3214 3685 3314 3722 non
3360 3669 3580 3724 stillabis
3624 3685 3775 3740 super

2182 3767 2388 3818 domum
2416 3764 2567 3818 idoli.
2605 3761 2892 3833 Pr0pterca
2913 3761 3023 3818 lucc
3045 3760 3180 3814 dixit
3210 3759 3390 3832 [Vulg.
3421 3760 3570 3832 dicit]
3596 3760 3771 3814 Domi-

2183 3872 2321 3911 nus:
2357 3855 2504 3912 Uxor
2531 3865 2619 3910 tua
2667 3855 2718 3907 in
2747 3855 2946 3907 ciritate
3001 3853 3367 3924 fornirabitur,
3400 3863 3450 3908 et
3475 3853 3572 3924 ﬁlii
3603 3855 3696 3919 tui,
3729 3861 3774 3906 et

2183 3949 2307 4020 ﬁliae
2331 3959 2433 4004 tua:
2469 3950 2522 4003 in
2556 3947 2732 4019 gladio
2762 3945 2974 4012 cadent,
3008 3955 3054 3999 et
3083 3947 3268 3999 humus
3296 3955 3382 3998 tua
3409 3945 3642 4015 funiculo
3671 3961 3775 4000 me-

2185 4042 2358 4106 tietur,
2390 4051 2435 4093 et
2459 4051 2513 4092 tu
2532 4041 2587 4092 in
2611 4048 2748 4093 terra
2774 4039 2976 4108 polluta
2997 4038 3252 4103 morieris,
3288 4049 3333 4092 et
3359 4035 3530 4092 Israel
3549 4039 3773 4110 captivus

2185 4135 2422 4204 migrabit
2467 4135 2530 4187 de
2573 4142 2710 4187 terra
2737 4149 2865 4185 sua.
2903 4131 3083 4187 LXX:
3115 4130 3182 4185 Et
3214 4131 3480 4202 respondit
3514 4131 3686 4198 Amos,
3725 4141 3773 4186 e:

2185 4227 2316 4280 dixit
2347 4225 2414 4278 ad
2455 4224 2718 4278 Amasiam
2741 4239 2759 4276 :
2792 4222 2912 4277 Non
2941 4237 3080 4276 ermn
3108 4221 3359 4294 propheta
3382 4239 3496 4292 ego,
3515 4239 3685 4290 'nequc
3712 4223 3772 4289 li-

2185 4318 2285 4372 lius
2309 4316 2592 4387 praphetar,
2617 4316 2706 4369 sed
2724 4325 2900 4388 pastor
2915 4314 3156 4369 vellicans
3176 4316 3438 4386 sgcamina
3461 4314 3567 4386 [AL
3590 4313 3770 4386 mora],

2185 4419 2234 4462 et
2267 4410 2384 4462 tulit
2411 4425 2489 4462 me
2517 4408 2773 4462 Dominus
2817 4422 2882 4460 ea:
2923 4407 3099 4460 oribus
3121 4449 3135 4474 ,
3167 4414 3214 4459 et
3253 4406 3386 4460 dixit
3430 4405 3684 4460 Dominus
3709 4407 3774 4460 ad

2187 4519 2266 4557 me
2288 4519 2304 4556 :
2341 4501 2506 4568 Vade,
2535 4512 2582 4556 et
2605 4500 2911 4570 prophetica
2931 4515 3086 4570 super
3112 4498 3365 4570 populum
3391 4515 3558 4554 meum
3587 4499 3772 4565 Israel,

486 4594 763 4649 videntem
784 4604 941 4648 vocet
962 4600 1020 4647 et
1043 4591 1263 4646 nomine
1294 4589 1623 4661 prophetali,
1649 4607 1813 4663 quem
1843 4592 1912 4649 de
1935 4601 2078 4650 terra
2108 4605 2158 4667 ι)
2185 4607 2232 4651 et
2257 4613 2399 4650 nunc
2424 4597 2549 4650 audi
2570 4609 2854 4651 sermonem
2873 4593 3086 4649 Domini
3110 4609 3126 4646 :
3155 4605 3208 4648 tu
3231 4594 3382 4663 dicis,
3410 4593 3539 4649 Noti
3559 4596 3776 4667 praphe-

489 4685 654 4742 lsrael
687 4688 839 4742 exire
879 4685 1190 4756 compellit?
1215 4685 1309 4740 Cui
1351 4685 1792 4755 respondendum
1836 4696 1920 4742 est
1947 4705 1962 4742 :
1988 4697 2084 4744 aut

490 4794 612 4834 cum
640 4778 894 4834 irrisione
920 4794 1044 4832 eum
1077 4777 1261 4832 dicere
1292 4781 1423 4834 κατὰ
1451 4779 1770 4855 ἀντίφρασιν,
1799 4779 1943 4849 quod
1965 4796 2084 4836 om-

489 4875 574 4929 nia
606 4874 905 4929 mentiatur
938 4891 951 4928 :
984 4882 1079 4926 aut
1106 4872 1229 4941 quia
1261 4873 1482 4927 videbat
1524 4875 1721 4928 multos
1743 4888 1864 4930 esse
1904 4875 1956 4929 iu
1989 4891 2081 4946 po-

489 4969 615 5039 pulo
638 5010 650 5033 ,
685 4967 778 5038 qui
806 4981 930 5021 eum
976 4965 1219 5020 libenter
1249 4964 1542 5019 audirent:
1575 4977 1800 5034 propter
1844 4968 1990 5037 quod
2029 4978 2084 5024 et

489 5064 601 5134 regi
663 5061 868 5127 retulit,
899 5059 1321 5130 congregationes
1365 5059 1489 5127 facit
1543 5068 1722 5112 contra
1785 5069 1833 5112 te
1885 5061 2082 5116 Amos:

487 5165 676 5226 aperte
708 5154 965 5226 injuriam
999 5167 1106 5206 non
1148 5151 1310 5207 audet
1337 5151 1539 5216 facere,
1577 5167 1647 5207 ne
1683 5152 1966 5209 audientes
1993 5156 2085 5210 lte-

487 5249 618 5306 dere
645 5248 910 5303 \ideatur.
949 5244 1121 5310 Vade,
1149 5243 1326 5314 inquit
1346 5284 1362 5310 ,
1390 5244 1444 5298 in
1479 5253 1681 5299 terram
1706 5244 1868 5313 Juda,
1899 5246 1952 5301 in
1981 5263 2085 5316 qua

489 5351 647 5396 natus
678 5356 760 5406 es,
789 5339 882 5393 ubi
913 5338 1148 5394 libenter
1178 5338 1474 5391 audiuntur
1515 5335 1689 5391 insani
1717 5357 1729 5391 :
1757 5348 1811 5393 et
1856 5345 2081 5396 comede

486 5434 561 5490 ibi
588 5449 778 5502 panem
805 5444 977 5500 tuum,
1011 5432 1091 5486 vel
1121 5430 1194 5484 ibi
1215 5430 1362 5500 vive,
1387 5439 1481 5484 aut
1509 5438 1660 5486 certe
1683 5445 1883 5486 exerce
1905 5439 2078 5488 artem

492 5538 636 5582 tuam
663 5543 758 5597 per
781 5543 943 5596 quam
967 5523 1060 5581 tibi
1093 5525 1335 5595 reperias
1366 5523 1540 5591 cibos,
1572 5535 1626 5580 et
1655 5521 1728 5580 ibi
1759 5525 2077 5591 vaticinarc,

489 5623 580 5692 qui
625 5622 792 5676 habes
847 5623 1045 5678 multas
1082 5631 1222 5693 Quos
1273 5622 1609 5676 consdevistl
1689 5620 1992 5677 seducere:
2027 5622 2080 5677 in

2189 4697 2296 4745 tare
2325 4705 2475 4761 super
2507 4687 2694 4756 Israel,
2727 4698 2773 4744 et
2803 4704 2867 4743 ne
2893 4703 3169 4759 congreges
3197 4688 3461 4742 audientes
3484 4699 3663 4741 contra
3683 4691 3774 4740 do-

2189 4798 2327 4836 mum
2352 4780 2536 4835 Jacolr.
2575 4780 2863 4850 Pmpterea
2889 4780 3000 4835 lucc
3031 4781 3154 4834 dicit
3181 4779 3436 4835 Dominus
3466 4795 3482 4832 :
3520 4779 3663 4836 Uxor
3687 4790 3774 4834 tua

2187 4877 2241 4929 in
2263 4875 2467 4928 civitate
2495 4873 2857 4944 fornicabitur,
2883 4886 2930 4928 et
2961 4875 3057 4943 ﬁlii
3087 4876 3161 4929 tui
3182 4885 3229 4928 et
3248 4876 3373 4943 ﬁliae
3397 4883 3505 4929 tute
3527 4875 3578 4928 in
3606 4873 3777 4945 gladio

2189 4967 2394 5034 cadent,
2437 4976 2482 5020 et
2529 4975 2664 5020 terra
2691 4976 2782 5020 tua
2813 4968 3044 5037 funiculo
3075 4968 3350 5033 dividetur,
3382 4977 3430 5022 et
3458 4977 3511 5021 tu
3542 4969 3598 5022 in
3641 4977 3775 5020 terra

2191 5061 2458 5114 immunda
2503 5061 2774 5127 morieris;
2820 5059 2987 5116 Israel
3025 5071 3196 5116 autem
3227 5061 3457 5132 captivus
3479 5061 3692 5115 ducetur
3716 5060 3781 5114 de

2192 5165 2330 5210 terra
2355 5173 2471 5211 sua.
2503 5156 2614 5211 lloc
2644 5157 2789 5227 quod
2822 5157 3012 5211 beatos
3052 5157 3327 5227 apostolos
3357 5155 3553 5211 fecisse
3593 5155 3777 5224 Scrip-

2191 5258 2309 5303 tura
2335 5257 2755 5315 commemorat,
2787 5249 3004 5318 quando
3033 5248 3503 5304 denuutiaverunt
3532 5247 3608 5302 eis
3633 5247 3780 5302 Scri-

2185 5341 2266 5396 b:e
2295 5351 2350 5395 et.
2380 5340 2637 5396 Pharisaei
2671 5357 2740 5396 ne
2777 5340 3042 5395 docerent
3089 5341 3142 5393 in
3191 5341 3410 5394 nomine
3438 5339 3679 5405 Jesu;et
3701 5339 3778 5396 illi

2187 5435 2588 5504 reSponderunt
2627 5435 2910 5490 dicentes;
2948 5432 3170 5488 Oltedire
3198 5432 3310 5486 Deo
3357 5435 3519 5503 magis
3559 5440 3780 5502 oportet,

2187 5541 2342 5595 quam
2365 5525 2427 5596 [Α
2440 5526 2571 5598 Lun]
2597 5525 2892 5580 hominibus
2919 5526 3061 5595 (Act.
3078 5542 3151 5591 tv,
3171 5526 3283 5597 I6),
3299 5526 3463 5582 etiam
3480 5529 3644 5580 Amos
3657 5539 3780 5594 pro-

2190 5619 2409 5689 phetam
2451 5619 2643 5675 fecisse
2676 5622 3088 5691 cognoscimus,
3122 5620 3216 5692 qui
3246 5620 3478 5691 jubente
3510 5619 3778 5675 idolorum

567 5811 591 5838 ι
625 5795 851 5870 Victor.,
885 5805 947 5859 ad
979 5799 1193 5876 Vulgat.
1227 5805 1357 5863 edit.
1377 5807 1744 5876 armentarius,
1779 5824 1877 5879 pro
1900 5809 2060 5879 apilic
2095 5810 2294 5881 posuit,
2330 5808 2474 5878 quod
2504 5815 2560 5865 et
2591 5807 2810 5865 Hieron.
2835 5807 2890 5864 in
2913 5807 3158 5866 subnexa
3188 5805 3390 5878 probat
3412 5804 3780 5878 expositione.
