4120 6342
377 316 513 374 5077

1192 301 1853 366 COMMENTARW
1886 299 1952 359 IN
1990 298 2187 359 AMOS
2215 298 2345 356 LIB.
2389 297 2477 354 ηι.
2518 297 2674 355 CAP.
2718 298 2851 354 VIII.

3527 290 3666 361 ωτε

374 434 659 507 ponitilice,
708 446 775 488 ne
822 431 1199 501 preplietaret,
1254 428 1311 483 in
1362 426 1581 489 Bethel,
1629 439 1743 479 non
1782 417 2365 484 solunr‘misatione
2382 414 3030 485 denuntiann'Quiaergo
3050 412 3523 507 dixistimihinton
3545 428 3669 507 prot-

372 530 683 600 prophetat,
735 536 791 582 et
840 523 1081 581 ostendit
1109 538 1169 576 se
1200 522 1374 592 magis
1400 520 1577 574 Deum
1607 519 1799 572 limere
1842 515 1967 570 mit-

373 629 604 682 tentem,
636 632 795 688 quam
848 617 1003 671 illum
1034 612 1445 683 prohibentem;
1486 610 1583 665 sed
1622 610 1884 663 audacter
1913 616 1968 662 et

371 712 545 766 libere
587 711 693 781 ipsi
741 709 1031 765 denuntiat
1080 705 1349 776 supplicia
1382 703 1475 774 qui
1506 711 1701 757 vetare
1739 707 1968 757 conatus

372 814 477 870 est,
511 811 569 859 et
599 804 697 857 Dei
725 802 994 872 impedire
1022 813 1352 855 sermonem.
1383 797 1501 853 Non
1531 797 1733 863 solum,
1770 794 1964 865 inquit,

375 912 481 950 non
509 911 627 951 sum
659 894 949 965 propheta,
978 893 1095 947 sive
1127 908 1237 946 non
1269 906 1419 947 eram
1450 888 1708 962 (quorum
1736 887 1966 943 alterum

373 988 723 1055 humilitatis,
776 988 1008 1042 alterum
1053 984 1303 1041 veritatis
1351 982 1458 1053 εει)
1506 996 1609 1037 nec
1657 981 1797 1035 [ilius
1842 995 1969 1050 pro-

373 1085 571 1150 phetia,
619 1094 723 1134 nec
757 1079 825 1133 de
873 1077 1182 1148 prophetali
1232 1076 1406 1146 stirpe
1451 1073 1822 1137 descendens;
1869 1071 1968 1127 sed

371 1188 494 1227 cum
526 1186 709 1227 essem
746 1172 1111 1226 armentarius
1151 1177 1207 1223 et
1242 1168 1504 1223 ruborum
1549 1181 1701 1220 mora
1743 1165 1988 1219 distritk‘

369 1282 579 1337 gerem,
628 1266 753 1321 tulit
802 1279 887 1319 me
922 1263 1185 1317 Dominus
1236 1269 1561 1330 sequentem
1603 1272 1814 1329 greges.
1862 1257 1969 1313 Pro

370 1359 750 1425 armentario,
799 1357 891 1427 qui
950 1356 1212 1412 llebraice
1265 1353 1465 1410 dicitur
1522 1368 1692 1408 noces
1740 1352 1965 1439 (apti),

369 1453 565 1523 Aquila
591 1460 647 1508 et
671 1450 1037 1523 Symmachus
1070 1458 1125 1505 et
1145 1448 1480 1512 Theodotio,
1508 1456 1566 1502 et
1591 1446 1779 1516 quinta
1804 1444 1969 1500 editio

368 1550 608 1621 βουκόλον
666 1548 1081 1609 transtulerunt,
1138 1546 1229 1615 qui
1289 1550 1542 1598 armenta
1596 1542 1801 1611 pascit,
1859 1554 1967 1595 non

368 1658 522 1696 oves.
545 1641 657 1696 Soli
688 1640 1043 1710 Septuaginta
1069 1638 1273 1695 αἰπόλον
1298 1636 1556 1691 dixerunt
1587 1652 1600 1689 ε
1630 1635 1721 1706 qui
1744 1633 1969 1705 proprie

372 1746 558 1807 pastor
586 1751 875 1806 caprarum
920 1733 1085 1806 33a.
1128 1733 1437 1804 appellatur
1465 1733 1569 1787 ἀπὸ
1592 1736 1680 1787 τοῦ
1710 1730 1963 1798 αἰπολίου,

2068 510 2324 583 phetabis,
2342 524 2479 565 uxor
2501 517 2587 563 tun
2603 510 2655 563 in
2669 510 2899 567 civitate
2913 508 3173 565 forni'eabi
3184 516 3298 575 tu,
3314 506 3669 577 quodmelius

2068 607 2460 675 interpretatus
2502 610 2589 658 est
2630 603 3020 674 Symmachus,
3054 603 3463 677 πορνευθήσεταε
3499 618 3512 653 :
3554 616 3671 657 non

2068 701 2211 772 quod
2227 701 2341 771 ipsa
2366 699 2685 763 fornicatur,
2698 697 2792 753 sed
2810 698 2951 767 quod
2979 699 3195 767 passivo
3208 711 3439 767 genere,
3449 695 3519 751 ab
3540 693 3667 750 aliis

2070 804 2423 863 constuprata
2458 793 2621 865 335
2652 790 2927 846 sustineat.
2958 790 3396 846 fornicationem.
3431 786 3668 844 Grandis

2070 896 2248 942 autem
2275 886 2459 953 dolor,
2486 884 2933 953 incredibilisque
2959 883 3280 953 ignominia,
3308 881 3528 953 quando
3554 895 3669 935 ma-

2070 983 2208 1037 ritus
2234 983 2286 1036 in
2314 982 2492 1037 media
2523 980 2766 1045 civitate,
2796 977 3162 1047 praesentibus
3205 978 3441 1043 cunctis,
3475 977 3667 1032 uxoris

2071 1078 2326 1147 iniuriam
2378 1076 2672 1145 prohibere
2723 1091 2829 1132 non
2882 1086 3086 1147 potest.
3138 1077 3262 1131 Filii
3304 1091 3543 1146 quoque,
3578 1077 3666 1131 in-

2071 1170 2209 1241 quit,
2243 1169 2338 1233 toi,
2373 1179 2425 1223 et
2460 1168 2589 1223 lilite
2623 1180 2725 1223 tute
2750 1168 2934 1239 gladio
2960 1169 3173 1224 cadent.
3207 1166 3321 1223 Non
3353 1178 3438 1223 est
3468 1176 3655 1222 tantus

2070 1264 2227 1317 dolor
2254 1262 2305 1316 in
2331 1261 2435 1317 lilia
2464 1272 2836 1332 consmprata,
2870 1270 3103 1333 quantus
3130 1262 3183 1317 in
3214 1277 3384 1317 uxore
3412 1262 3640 1331 polluta,

2071 1369 2173 1411 nec
2205 1363 2386 1410 tantus
2436 1356 2592 1410 dolor
2620 1358 2672 1410 in
2701 1370 2873 1410 uxore
2902 1356 3101 1422 occisa,
3135 1360 3372 1424 quantus
3421 1354 3476 1407 in
3524 1353 3650 1408 liliis

2074 1449 2375 1504 trucidatis.
2408 1449 2638 1504 Maritus
2690 1450 2841 1505 enim
2880 1449 3137 1505 libentius
3166 1446 3197 1485 ι’
3243 1446 3397 1501 audit
3423 1459 3650 1501 uxorem

2072 1541 2335 1606 interﬁci,
2367 1556 2526 1611 quam
2553 1540 2749 1611 pollui.»
2780 1541 2893 1597 Nec
2924 1542 3035 1596 hoc
3054 1538 3259 1596 sufficit
3289 1539 3357 1594 ad
3383 1537 3671 1608 iniuriam,

2073 1634 2176 1690 nisi
2204 1645 2257 1691 et
2291 1644 2433 1690 terra
2480 1635 2653 1706 ipsius
2701 1635 2945 1691 funiculo
2972 1634 3042 1690 ab
3071 1634 3323 1689 hostibus
3371 1630 3671 1697 dividatur,

2073 1739 2128 1784 et
2153 1745 2328 1784 novos
2376 1731 2621 1785 cultores
2650 1731 2903 1799 recipiat.
2958 1729 3083 1800 Ipse
3135 1742 3355 1799 quoque
3395 1726 3669 1793 Amasias,

368 1830 513 1901 quod
556 1829 957 1900 interpretatur
982 1826 1201 1897 quidem
1228 1842 1384 1897 grex,
1436 1825 1526 1895 qui
1579 1826 1631 1879 in
1682 1823 1969 1878 altioribus
1997 1818 2045 1879 B
2073 1825 2162 1894 qui
2196 1838 2341 1877 nunc
2379 1822 2649 1893 gloriatur
2692 1823 2750 1877 in
2799 1822 3095 1878 sacerdotii
3139 1828 3432 1890 potestate,
3466 1833 3670 1889 nequa-

364 1933 727 1980 conversatur
763 1941 775 1977 :
804 1934 865 1979 ut
899 1922 1159 1978 ostendat
1192 1936 1389 1991 greges
1420 1933 1709 1989 caprarum
1750 1932 1967 1987 semper

366 2035 532 2086 rupes
561 2028 619 2074 et
642 2034 866 2091 asperas
896 2026 1085 2072 cautes
1117 2026 1169 2071 et
1202 2016 1391 2070 altiora
1425 2014 1815 2069 conscendere.
1859 2012 1966 2068 Sed

366 2114 625 2185 quoniam
668 2111 837 2168 infert
867 2130 877 2164 :
912 2111 978 2165 Et
1007 2112 1126 2164 tulit
1154 2125 1234 2163 me
1265 2108 1520 2162 Dominus
1563 2110 1615 2162 ἐκ
1642 2115 1742 2163 τῶν
1769 2108 1967 2183 προϐά-

364 2230 484 2273 των,
520 2205 572 2261 id
600 2214 708 2273 est,
741 2204 804 2260 de
832 2204 1128 2277 pecoribus,
1164 2202 1380 2258 videtur
1412 2217 1529 2255 oves
1557 2201 1729 2269 magis
1761 2199 1968 2268 signiﬁ-

364 2314 511 2365 care,
546 2314 711 2369 quam
738 2314 925 2370 capras
959 2314 976 2351 :
1009 2297 1133 2352 licet
1173 2296 1227 2349 in
1268 2295 1536 2366 principio
1566 2292 1797 2349 Levitici
1822 2292 1968 2363 lege-

364 2392 560 2456 rimus,
608 2402 662 2447 et
707 2406 836 2447 oves
862 2400 918 2446 et
945 2404 1160 2459 capras,
1191 2404 1455 2459 pecorum
1484 2388 1710 2442 nomine
1740 2386 1967 2441 demon-

363 2483 549 2539 strari.
582 2484 659 2539 Ita
690 2484 837 2539 enim
866 2484 1130 2538 Dominus
1175 2481 1434 2550 loquitur.
1484 2480 1545 2535 Si
1594 2477 1834 2533 obtulerit
1863 2480 1966 2534 ἀπὸ

364 2583 464 2630 τῶν
502 2576 796 2651 προϐάτων,
838 2574 892 2629 id
938 2583 1044 2638 est,
1092 2573 1157 2627 de
1195 2574 1469 2643 pecoribus
1502 2571 1720 2625 Domino
1747 2587 1963 2643 agnum,

364 2668 443 2723 vel
474 2670 701 2733 luridum,
726 2680 772 2726 et
795 2686 961 2736 orem,
984 2669 1087 2723 sive
1112 2684 1326 2739 capram
1368 2666 1554 2739 (Lavit.
1584 2681 1626 2732 ι,
1653 2663 1762 2736 10).
1799 2666 1965 2721 Porro

367 2761 472 2816 hoc
497 2760 641 2832 quod
672 2763 768 2829 ait,
803 2761 1050 2816 vellicans
1079 2761 1373 2831 sycamina,
1402 2760 1545 2829 quod
1568 2758 1769 2831 Aquila
1796 2759 1961 2813 inter-

366 2866 615 2925 pretatus
660 2864 766 2921 est,
818 2864 1056 2911 scrutans
1099 2870 1424 2925 sycomoros,
1471 2862 1527 2908 et
1577 2851 1961 2924 Symmachus,

369 2948 559 3002 habens
584 2965 903 3019 sycomoros,
951 2948 1170 3017 quidam
1227 2953 1299 3003 ita
1344 2948 1674 3011 edisseruut,
1705 2956 1765 3000 ut
1806 2960 1964 3017 syca-

364 3043 512 3096 mina
542 3042 713 3096 velint
741 3042 1005 3112 appellari
1033 3056 1207 3112 genus
1246 3042 1530 3107 arborum,
1559 3057 1679 3111 quae
1713 3039 1959 3095 Palzesti-

369 3149 455 3189 nm
484 3143 782 3190 nascuntur
827 3136 879 3190 in
922 3134 1337 3204 campestribus.
1370 3145 1423 3188 et
1453 3142 1700 3204 agrestes
1726 3131 1963 3187 alierum

2071 1932 2231 1987 quam
2263 1917 2531 1971 morietur
2554 1916 2609 1970 in
2646 1927 2792 1971 terra
2821 1930 2951 1981 sua;
2983 1914 3078 1971 sed
3120 1914 3318 1969 ductus
3350 1913 3405 1967 in
3436 1912 3670 1982 captivi-

2068 2020 2239 2066 tatem
2272 2012 2534 2065 morietur
2580 2011 2632 2064 iu
2686 2018 2829 2065 terra
2873 2024 2993 2078 qua:
3045 2007 3251 2078 polluta
3283 2014 3368 2060 est
3398 2004 3580 2072 idolis,
3616 2013 3673 2059 et

2071 2123 2181 2161 non
2217 2113 2347 2162 ante
2374 2107 2661 2170 morietur,
2696 2103 2801 2158 nisi
2833 2103 3099 2175 pupulum
3152 2116 3315 2171 quem
3345 2099 3665 2169 deceperat,

2068 2198 2399 2255 servientem
2428 2198 2612 2253 videat
2635 2206 2796 2268 atque
2822 2198 3119 2269 captivum.
3139 2195 3453 2252 Secundum
3486 2205 3673 2263 tropo-

2067 2292 2288 2361 legium,
2317 2291 2573 2345 Amasias
2600 2290 2860 2345 sacerdos
2896 2290 3294 2358 interpretatur
3334 2287 3593 2342 robustus
3618 2295 3673 2341 et

2067 2383 2274 2453 rigidus
2310 2382 2419 2456 [Αι.
2445 2381 2721 2454 frigidus],
2749 2398 2818 2438 eo
2850 2382 3008 2453 quod
3054 2382 3285 2437 rebellis
3316 2391 3369 2436 et
3400 2380 3555 2436 ferox
3582 2396 3669 2434 ec-

2067 2478 2436 2532 clesiasticum
2485 2479 2663 2531 virum
2718 2485 2777 2531 et
2830 2491 2959 2530 vere
3017 2475 3339 2544 prephetam
3377 2481 3524 2531 vetet
3573 2474 3669 2530 Dei

2072 2584 2092 2612 ο
2126 2573 2291 2628 verba
2345 2574 2592 2642 proferre
2636 2582 2693 2627 et
2735 2571 3069 2639 doctrinam,
3102 2578 3158 2626 et
3193 2580 3473 2627 errantem
3500 2586 3673 2641 popu-

2069 2668 2179 2721 lum
2207 2667 2486 2737 corrigere
2515 2666 2825 2736 prohibeat.
2862 2666 3035 2736 llujus
3056 2682 3197 2721 uxor
3224 2664 3359 2720 falsa
3400 2666 3669 2731 Ecclesia,

2069 2761 2277 2830 patebit
2316 2759 2675 2831 fornicationi
2728 2758 2973 2814 omnium
3005 2777 3018 2813 :
3048 2766 3104 2813 et
3151 2758 3253 2812 lilii
3292 2758 3418 2828 ejus
3448 2773 3513 2813 ac
3544 2756 3669 2813 tilias

2068 2869 2203 2925 quas
2254 2853 2394 2908 male
2442 2854 2495 2907 in
2549 2866 2742 2908 errore
2792 2853 3101 2922 generavit,
3142 2852 3361 2906 Domini
3410 2866 3670 2906 mucrone

2066 2946 2337 3001 ferientur
2362 2963 2375 2998 :
2404 2945 2600 3001 humus
2623 2945 3013 3016 quoque’illius
3039 2956 3091 3000 et
3114 2945 3366 3000 universa
3393 2946 3669 3014 possessio

2066 3040 2170 3095 erit
2206 3054 2336 3111 pars
2365 3040 2694 3107 dmmonum,
2742 3049 2798 3093 et
2844 3039 2964 3109 ipse
2990 3039 3258 3094 morietur
3288 3038 3342 3093 in
3371 3047 3512 3094 terra
3545 3038 3660 3107 pol-

2067 3135 2201 3199 luta,
2231 3149 2351 3204 quae
2375 3150 2481 3188 non
2513 3133 2712 3188 habeat
2736 3133 3101 3189 habitatorem
3130 3133 3324 3199 Deum,
3362 3132 3456 3187 sed
3482 3132 3666 3189 multis

366 3230 520 3296 licus,
548 3244 670 3299 qua;
700 3231 745 3283 si
776 3245 885 3283 non
910 3229 1254 3289 vellicentur,
1285 3228 1660 3282 amarissimas
1690 3225 1960 3281 cariculas
1988 3208 2033 3272 (ἶ
2066 3242 2245 3297 pravae
2266 3227 2553 3297 religionis
2603 3226 3016 3281 contaminetur
3063 3225 3371 3292 erroribus,
3411 3232 3467 3280 et
3490 3227 3670 3279 omnis

366 3320 593 3387 iaciunt,
620 3331 675 3377 et
712 3338 743 3377 a
787 3322 1051 3377 culicibus
1096 3331 1544 3391 corrumpuntur.
1577 3320 1745 3376 Nobis
1771 3330 1954 3376 autem

366 3412 517 3484 (quia
540 3412 782 3468 solitudo
812 3415 864 3467 in
898 3429 1002 3483 qua
1051 3414 1366 3468 morabatur
1408 3415 1594 3477 Amos,
1625 3412 1828 3467 nullam
1861 3412 1963 3467 bu-

361 3505 663 3573 juscemodi
715 3506 890 3575 gignit
937 3506 1217 3575 arborem)
1250 3507 1422 3576 magis
1456 3506 1672 3561 videtur
1702 3506 1855 3559 rubos
1885 3506 1960 3560 di-

365 3610 513 3661 oere,
564 3598 655 3666 qui
707 3597 945 3653 aﬁ'erunt
986 3615 1155 3665 mora,
1212 3614 1277 3654 ac
1326 3610 1604 3668 pastorum
1663 3600 1861 3653 famem
1905 3608 1961 3655 et

367 3689 649 3757 penuriam
707 3691 1086 3746 consolantur.
1144 3690 1446 3762 Utcumque
1496 3692 1735 3747 voluerit
1788 3692 1960 3746 lector

364 3782 634 3851 accipere,
664 3782 766 3838 hoc
797 3783 1089 3838 dicendum
1119 3794 1227 3849 est,
1263 3792 1289 3821 ει
1317 3784 1459 3853 quod
1492 3785 1751 3843 humilem
1778 3794 1958 3853 paele-

366 3891 478 3931 rem
521 3885 576 3931 et
615 3878 876 3934 rusticunm
908 3880 1272 3949 assumpserit
1315 3880 1592 3946 Dominus,
1645 3888 1701 3935 et
1745 3880 1961 3935 miserit

366 3968 435 4023 ad
481 3970 735 4039 populum
766 3986 922 4026 suum
952 3972 1146 4041 Israel,
1174 3982 1229 4028 et
1261 3972 1585 4043 praeceperit
1610 3973 1684 4039 ci,
1713 3984 1771 4028 ut
1802 3989 1957 4045 egre-

368 4061 527 4117 diens
551 4062 617 4117 de
649 4071 790 4119 terra
818 4080 939 4131 sua,
972 4065 1276 4121 Samariam
1311 4074 1601 4135 pergeret:
1646 4075 1701 4123 et
1733 4067 1804 4122 ibi
1832 4083 1958 4138 qute

366 4166 589 4210 ventura
636 4166 765 4212 sunt
802 4158 1179 4229 prophetaret.
1210 4160 1344 4228 Quia
1384 4162 1549 4231 igitur
1587 4162 1842 4231 Domino,
1872 4164 1954 4217 in-

366 4249 502 4316 quit,
526 4250 759 4317 jubente
787 4260 845 4306 ut
872 4252 1084 4323 loquar,
1117 4263 1171 4308 tu
1202 4254 1421 4309 Amasia
1455 4256 1590 4311 dicis
1621 4257 1753 4311 mihi
1780 4274 1790 4309 :
1829 4256 1960 4311 Noli

365 4344 675 4414 prophetare
700 4364 853 4417 super
881 4347 1069 4415 Israel,
1096 4357 1145 4403 et
1175 4366 1279 4403 non
1304 4350 1529 4404 stillabis
1554 4368 1709 4423 super
1747 4352 1957 4406 domum

365 4437 495 4490 idoli
522 4456 539 4490 :
569 4437 694 4493 audi
720 4455 844 4509 qua!
864 4450 1051 4495 contra
1079 4452 1130 4496 te
1152 4441 1411 4497 Dominus
1441 4443 1821 4498 committetur.
1851 4443 1956 4499 Pro

364 4530 520 4582 domo
568 4528 720 4593 idoli,
774 4531 826 4584 in
872 4532 1139 4587 Hebraico
1186 4534 1450 4603 scriptum
1497 4544 1581 4589 est
1627 4550 1767 4591 ητα
1806 4553 1955 4592 ιεΑΑο

2065 3320 2300 3390 populus
2354 3319 2446 3389 qui
2506 3319 2702 3374 Salsum
2760 3319 2864 3373 sibi
2921 3334 3121 3373 nomen
3179 3318 3411 3373 assumit
3463 3317 3667 3382 Israel,

2062 3414 2313 3483 captivus
2372 3413 2627 3483 migrabit
2678 3408 2753 3467 de
2804 3423 2946 3467 terra
3001 3425 3131 3479 sua,
3186 3421 3246 3465 ut
3300 3426 3409 3466 non
3464 3410 3670 3466 serviat

2067 3506 2199 3571 Deo,
2230 3504 2328 3560 sed
2352 3504 2735 3559 haereticorum
2771 3518 2835 3559 ac
2860 3504 3172 3559 daemonum
3202 3501 3337 3573 jugo
3360 3502 3505 3558 colla
3536 3501 3667 3558 sub—

2064 3600 2268 3653 mittat.

2135 3692 2293 3761 (Cap.
2320 3689 2549 3745 VIII.—
2576 3690 2733 3745 Vers.
2784 3691 2811 3744 1
2861 3690 3043 3761 seqq.)
3093 3689 3218 3746 Haec
3263 3690 3490 3744 ostendit
3537 3688 3665 3743 mihi

2062 3783 2319 3838 Dominus
2359 3782 2503 3837 Deus
2534 3798 2553 3837 :
2586 3781 2653 3837 Et
2692 3798 2805 3837 ecce
2837 3783 3053 3837 uncinus
3082 3799 3373 3849 pomorum,
3401 3790 3449 3837 et
3479 3781 3619 3836 dixit
3640 3798 3659 3834 :

2065 3876 2204 3943 Quid
2244 3884 2299 3929 tu
2328 3875 2490 3938 vides,
2523 3878 2715 3929 Amos?
2765 3873 2831 3928 Et
2872 3875 2985 3928 dixi
3016 3891 3032 3928 :
3059 3874 3319 3930 Uncinum
3365 3890 3660 3945 pomorum.

2062 3970 2130 4024 Et
2160 3970 2293 4025 dixit
2322 3968 2579 4025 Dominus
2608 3970 2676 4024 ad
2705 3987 2782 4023 me
2811 3986 2827 4022 :
2864 3968 3014 4033 Venit
3064 3970 3188 4039 ﬁnis
3216 3986 3374 4041 super
3399 3970 3656 4040 populum

2060 4082 2230 4119 meum
2256 4065 2443 4134 Israel,
2477 4080 2581 4120 non
2608 4066 2859 4138 adjiciam
2888 4066 3027 4120 ultra
3058 4076 3113 4119 ut
3142 4074 3493 4135 pertranseam
3517 4082 3659 4129 eum,

2061 4169 2107 4213 et
2136 4160 2424 4213 stridebant
2452 4159 2690 4213 cardines
2721 4157 2901 4230 templi
2931 4159 2983 4213 in
3016 4159 3100 4213 die
3124 4158 3376 4227 illa,dicit
3404 4157 3664 4213 Dominus

2061 4250 2223 4305 Deus.
2255 4251 2411 4306 Multi
2434 4252 2747 4317 morientur,
2779 4253 2834 4305 in
2860 4252 2997 4305 omni
3026 4253 3136 4306 loco
3170 4254 3475 4325 projicietur
3506 4252 3662 4306 silen-

2060 4347 2207 4399 tium.
2232 4345 2378 4400 LXX
2404 4364 2414 4398 :
2439 4345 2530 4399 Sic
2557 4345 2780 4401 ostendit
2810 4344 2938 4399 mihi
2968 4344 3225 4399 Dominus
3251 4344 3390 4398 Deus
3417 4361 3435 4399 :
3460 4344 3528 4398 Et
3550 4361 3667 4399 ecce

2058 4455 2148 4493 vas
2177 4440 2415 4510 aucupis.
2454 4436 2524 4491 Et
2570 4438 2742 4492 dixit:
2773 4436 2914 4503 Quid
2941 4446 2997 4489 tu
3022 4436 3185 4501 vides,
3216 4435 3411 4490 Amos?
3432 4435 3500 4490 Et
3527 4437 3657 4500 dixi,

2073 4534 2172 4587 Vas
2199 4534 2433 4603 aucupis.
2465 4531 2531 4585 Et
2558 4532 2689 4585 dixit
2713 4529 2971 4584 Dominus
2995 4529 3063 4582 ad
3090 4546 3168 4583 me
3194 4544 3211 4581 :
3249 4529 3393 4583 Venit
3416 4528 3524 4602 [AL
3565 4530 3665 4583 Ve-

369 4622 533 4708 (Fnil?
570 4621 722 4691 mn),
773 4622 827 4677 id
865 4632 967 4689 est,
1002 4624 1186 4678 domus
1225 4627 1360 4679 risus
1396 4626 1571 4694 (Isaac
1615 4628 1762 4682 enim
1818 4628 1956 4682 risus
1985 4605 2037 4665 D
2064 4626 2188 4697 niet]
2223 4628 2342 4694 linis
2390 4641 2545 4695 super
2591 4625 2841 4695 populum
2870 4639 3041 4677 nteant
3074 4623 3243 4679 Israel
3274 4640 3290 4677 :
3316 4640 3422 4678 non
3467 4624 3659 4679 addam

366 4714 798 4787 interpretatur),
824 4718 968 4785 quod
993 4717 1134 4773 LXX
1160 4720 1578 4787 transtulerunt,
1612 4720 1821 4774 domum
1849 4719 1951 4773 Ja-

365 4808 478 4873 cob,
508 4823 707 4864 nomen
741 4826 838 4877 pro
866 4811 1042 4867 altero
1082 4811 1329 4879 nomine,
1377 4820 1433 4868 et
1465 4829 1573 4868 non
1608 4829 1722 4868 rem
1755 4812 1958 4868 intelli-

365 4914 579 4974 gentes.
615 4904 853 4960 Rursum
882 4905 971 4960 ubi
995 4921 1094 4962 nos
1119 4906 1427 4977 posuimus,
1459 4906 1527 4961 Et
1553 4924 1657 4962 non
1688 4907 1911 4962 stillabis
1937 4923 1955 4961 :

366 4996 727 5066 Symmachus
749 5000 1138 5069 interpretatus
1166 5010 1269 5063 est,
1287 5017 1389 5054 non
1404 5001 1719 5069 increpabis.
1736 5002 1885 5057 Stilla
1896 5017 1956 5058 re

366 5098 547 5144 autem
571 5091 889 5161 prephetas,
906 5092 1100 5148 idioma
1120 5094 1526 5163 Scripturarum
1550 5096 1821 5166 est:quod
1849 5111 1957 5151 non

368 5191 535 5237 totam
553 5184 647 5239 Dei
668 5184 828 5240 simul
851 5185 1089 5241 inferant
1114 5188 1383 5254 iram,'sed
1414 5204 1609 5259 parvas
1621 5190 1794 5246 stillas
1809 5206 1956 5246 com-

441 5332 466 5359 ει
496 5322 723 5395 Λῖροιιιε
758 5323 857 5377 fuit
880 5324 1046 5379 Amos
1090 5327 1348 5395 propheta
1376 5326 1528 5395 juxta
1563 5326 1729 5391 LXX,
1760 5345 1954 5385 conse-

368 5406 597 5460 quenter
626 5405 680 5449 et
705 5396 921 5449 inﬁmus
949 5398 1089 5451 inter
1120 5406 1367 5465 pastores
1401 5418 1411 5451 :
1459 5414 1581 5452 nam
1630 5401 1869 5456 Donatus
1899 5403 1949 5456 in

370 5467 486 5521 V'ta
522 5466 729 5536 Virgilii
752 5468 823 5520 ait
846 5469 1086 5531 αἰπόλους
1114 5468 1359 5523 inﬁrmos
1379 5485 1499 5525 esse
1524 5473 1662 5525 inter
1687 5484 1950 5539 pastores.

370 5540 666 5592 Estautent
699 5538 901 5609 αξπόλος
953 5554 1133 5605 pastor
1166 5544 1384 5609 proprie
1416 5538 1725 5609 Caprarum,
1765 5545 1814 5597 id
1843 5554 1949 5608 est,

368 5610 657 5680 cnprarius,
708 5608 822 5687 sive
867 5608 1188 5687 «oratus.»
1220 5615 1393 5685 αἰγῶν,
1439 5608 1495 5687 et
1535 5616 1818 5687 αἰγονόμος,
1852 5616 1953 5671 hoc

368 5692 456 5753 est
472 5697 743 5753 Cttpt‘aruttt
774 5681 977 5735 ductor.
1024 5682 1139 5737 Vidi
1200 5681 1301 5753 ego
1357 5686 1555 5752 smpius
1594 5681 1654 5739 in
1690 5681 1953 5742 Vasconia

371 5751 747 5828 hujuscemodi
790 5763 1031 5828 pastores
1076 5751 1336 5809 ruborum
1368 5774 1515 5811 utora
1546 5757 1953 5828 distringentes,

369 5827 493 5893 quia
538 5824 768 5879 tnaxinta
791 5833 897 5895 best
944 5824 999 5879 in
1035 5828 1347 5897 regionibus
1376 5830 1575 5887 nostris
1603 5824 1767 5901 cupiti
1784 5824 1951 5886 rubo?

2062 4722 2203 4775 ultra
2227 4720 2389 4791 336
2417 4728 2471 4773 ut
2499 4728 2851 4788 pertranseam
2882 4733 3033 4784 eum;
3060 4728 3109 4772 et
3137 4718 3414 4773 ululabunt
3441 4720 3656 4789 laquea-

2063 4817 2145 4869 ria
2177 4815 2351 4881 templi
2382 4815 2436 4867 in
2464 4813 2549 4867 die
2574 4812 2691 4878 illa,
2719 4813 2846 4866 dicit
2888 4810 3143 4867 Dominus
3200 4812 3356 4868 Deus.
3386 4812 3544 4867 Multi
3574 4830 3663 4867 ca-

2065 4909 2242 4962 dentes
2269 4918 2419 4961 erunt
2465 4924 2484 4961 :
2526 4908 2579 4962 in
2622 4908 2760 4961 omni
2788 4907 2902 4961 loco
2928 4907 3165 4977 injiciam
3194 4906 3477 4962 silentium.
3505 4908 3660 4974 Quod

2062 5002 2334 5059 Jercmias
2385 5002 2487 5056 sub
2532 5002 2681 5071 virga
2729 5001 2906 5057 cernit
2959 5000 3287 5072 vigiliarum,
3341 5001 3455 5056 sive
3510 5001 3664 5058 nucis

2056 5097 2272 5171 (larem.
2306 5099 2363 5169 I)
2400 5112 2466 5152 eo
2494 5096 2639 5167 quod
2671 5094 2981 5166 vigilavcrit
3004 5113 3171 5166 super
3200 5106 3430 5167 peccata
3464 5096 3652 5167 populi

2060 5195 2167 5259 sui,
2207 5208 2276 5247 ne
2300 5192 2456 5263 quasi
2500 5189 2701 5246 clausis
2734 5199 2789 5246 et
2818 5190 3242 5246 conniventibus
3266 5190 3441 5246 oculis
3469 5204 3658 5245 eorum

2066 5347 2184 5386 rum
2220 5345 2366 5385 mora
2410 5330 2562 5402 nigra
2610 5328 2972 5396 all'erentiutn,
3017 5347 3138 5399 qum
3191 5330 3383 5402 famem
3409 5339 3463 5384 et
3491 5344 3660 5402 penu-

2059 5404 2194 5457 riam
2251 5401 2545 5470 pauperum
2590 5403 2975 5465 censolantur;
3011 5403 3174 5471 quisi
3206 5401 3371 5455 multa
3406 5401 3661 5455 comede-

2058 5476 2202 5541 rint,
2264 5476 2445 5528 statim
2496 5474 2549 5527 in
2600 5476 2849 5529 morbum
2892 5475 3296 5545 dysentericum
3350 5474 3651 5527 incurrunt.

3168 5547 3345 5599 MART.

2132 5614 2157 5652 ι’
2190 5616 2368 5671 Nostri
2419 5632 2609 5672 omnes
2657 5633 2789 5671 mss.
2832 5616 3003 5684 habet,
3054 5631 3151 5685 pro
3196 5617 3339 5669 audit
3371 5632 3388 5669 :
3417 5622 3472 5669 et
3499 5615 3658 5683 paulo

2060 5687 2287 5741 inferius
2315 5690 2585 5749 moriatur,
2609 5698 2948 5753 constanter,
2980 5703 3078 5756 pro
3104 5690 3373 5742 morietur.
3410 5688 3652 5755 Deniqtrc

2061 5776 2197 5815 unus
2230 5760 2524 5824 Palatinus,
2556 5761 2852 5814 servientem
2881 5760 3039 5813 idolis
3066 5759 3257 5823 videat,
3289 5768 3395 5814 etc.

2138 5843 2157 5870 ε
2185 5832 2303 5887 Duo
2334 5833 2563 5889 Palatin.
2598 5841 2727 5887 vetet
2760 5832 2853 5888 Dei
2883 5835 3113 5904 proferre
3134 5830 3444 5897 doctrinam,
3469 5839 3572 5886 etc.
