4100 6336
498 291 639 352 1070
1728 288 1787 346 3.
1829 287 2103 347 EUSEBH

2218 286 2526 348 suorum
3647 298 3791 356 roso
3825 307 3858 382 κ,

494 409 694 466 delicta
749 423 861 466 non
921 406 1119 466 viderit
1151 425 1165 463 :
1199 406 1302 463 hoc
1329 419 1477 462 nunc
1503 406 1673 462 Amos
1703 405 1965 463 adversus
1991 405 2091 463 Ju-
2119 406 2172 470 Α
2195 423 2296 480 que
2331 407 2475 463 sitim
2493 412 2662 478 caute,
2693 408 2784 463 sed
2832 407 3024 479 famem
3069 409 3318 465 audiendi
3347 411 3560 466 verbum
3589 412 3799 471 Domini

494 505 617 561 dam
675 513 732 561 et
782 503 956 561 lsrael
1001 504 1214 576 pariter
1261 503 1504 558 intuetur
1533 503 1639 588 sub
1665 501 1849 574 specie
1878 503 2086 572 uncini,
2200 500 2406 573 (Infra,
2431 518 2481 555 υ.
2513 500 2604 572 Η)
2633 519 2646 556 :
2678 501 2749 558 de
2775 517 2883 572 quo
2915 503 2970 557 in
2999 503 3424 574 posterioribus,
3461 505 3506 560 si
3535 521 3798 578 pervene-

493 598 588 669 qui
618 599 890 654 Ilebraice.
943 598 1256 669 appellatur
1296 611 1506 653 cnawn
1537 577 1717 665 (115:)
1767 604 1824 652 et
1869 611 1896 649 a
1946 595 2092 651 LXX

496 692 551 748 in
579 710 664 746 ras
685 693 904 762 aucupis
936 693 1172 747 vertitur
1201 711 1214 744 :
1245 707 1368 746 cum
1419 705 1608 760 auceps
1653 691 1877 761 proprie
1920 704 2092 746 uocas

498 787 713 874 (mpm)
738 795 1096 855 nuncupetur,
1137 785 1278 840 sicut
1327 800 1487 854 supra
1519 785 1570 838 in
1605 784 1705 839 hoc
1741 783 1934 840 eodem
1969 801 2094 850 pro-

493 881 662 953 pheta
687 881 916 952 legimus
947 897 960 934 :
996 878 1058 934 Si
1095 879 1247 932 cadet
1297 878 1404 932 avis
1449 894 1603 950 super
1639 887 1830 932 terram
1855 878 1965 934 sine
1998 895 2095 933 au-

494 991 643 1044 cupo.
699 975 764 1029 Et
811 982 896 1028 est
943 988 1143 1029 sensus
1178 991 1190 1026 :
1221 971 1370 1028 Sicut
1399 971 1603 1028 uncino
1654 973 1790 1027 rami
1836 973 2093 1027 arborum

498 1066 866 1122 detrahuntur
906 1066 971 1120 ad
1007 1081 1164 1135 poma
1195 1064 1466 1134 carpenda
1495 1083 1507 1119 :
1540 1065 1614 1121 ita
1644 1080 1746 1135 ego
1786 1065 2094 1135 proximum

494 1161 830 1230 captivitatis
857 1168 1072 1230 tempus
1110 1159 1331 1214 attraxi.
1361 1158 1429 1214 Et
1458 1168 1516 1215 ut
1545 1159 1788 1214 sciamus
1817 1157 1920 1214 hoc
1949 1172 2093 1222 esse,

495 1253 641 1324 quod
674 1251 930 1317 dicimus,
965 1254 1082 1322 ipse
1135 1251 1528 1322 interpretatur
1557 1251 1731 1316 Deus,
1765 1251 1893 1322 quid
1925 1252 2096 1320 signi-

499 1345 628 1400 ticet
659 1345 818 1408 visio,
871 1360 1031 1414 quam
1089 1344 1370 1414 prophetae
1419 1345 1759 1399 ostenderat.
1795 1344 1946 1399 Venit
1977 1345 2097 1413 ﬁnis

500 1455 656 1510 super
681 1439 930 1510 populum
956 1454 1120 1491 meum
1151 1436 1338 1492 Israel.
1367 1437 1633 1508 Quodque
1654 1439 1901 1508 sequitur
1929 1453 1942 1490 :
1975 1437 2099 1492 Non

498 1530 749 1600 adjiciam
792 1533 930 1583 uitro
979 1540 1037 1584 ut
1082 1539 1436 1602 pertranseam
1475 1548 1613 1595 eum,
1649 1531 1752 1584 hoc
1802 1528 2094 1600 signiﬁcat,

497 1625 642 1694 quod
675 1624 992 1693 iniquitates
1033 1624 1217 1694 populi
1263 1625 1344 1678 sui
1389 1625 1530 1678 ultra
1561 1639 1668 1678 non
1699 1632 1963 1688 transeat,
1999 1636 2099 1678 nec

499 1718 761 1786 negligat,
791 1731 967 1787 neque
991 1715 1256 1785 impunita
1287 1714 1500 1770 scelera
1530 1715 1763 1770 transire
1794 1713 2097 1784 permittat.

2202 597 2373 653 rimus
2393 597 2461 653 ad
2483 597 2706 662 calcem,
2743 597 2957 665 plenius
2981 597 3366 655 disserendum
3397 610 3503 657 est.
3533 600 3640 657 Nos
3661 617 3794 674 ergo

2200 700 2514 752 cernentes,
2565 690 2690 759 quia
2743 689 2891 746 Deus
2941 692 3283 747 naturalibus
3327 693 3502 748 ramis
3551 708 3657 749 non
3709 710 3802 763 pe-

2201 782 2397 852 percit,
2434 783 2728 838 timeamus
2757 783 2947 839 eadem
2979 786 3213 855 perpeti,
3246 795 3299 842 et
3325 787 3554 857 aucupis
3581 788 3802 856 laqueos

2202 875 2567 943 declinemus,
2605 877 2959 948 dicamusque
3002 878 3068 934 ad
3117 879 3406 935 Dominum
3439 900 3451 934 :
3489 881 3572 935 Ne
3599 889 3803 951 taceas,

2203 985 2364 1039 neque
2395 971 2759 1035 compescaris,
2793 969 2962 1038 Deus,
2993 980 3040 1026 et
3069 989 3131 1027 ne
3157 973 3314 1029 sileas
3339 991 3371 1028 a
3392 989 3492 1043 me,
3524 985 3572 1028 et
3605 975 3806 1028 assimi-

2205 1060 2350 1116 labor
2375 1063 2801 1118 descendentibus
2829 1065 2881 1117 in
2914 1066 3083 1119 lacum
3107 1065 3279 1138 (Psal.
3313 1082 3482 1132 xxv“,
3509 1069 3532 1122 1
3547 1075 3586 1138 f.
3613 1067 3668 1122 In
3695 1077 3807 1124 toto

2206 1156 2340 1211 orbe
2366 1164 2634 1212 terrarum
2665 1157 2968 1228 projectum
3012 1170 3097 1214 est
3139 1159 3418 1216 silentium
3447 1159 3804 1218 Iudaeorum:
3861 1195 3878 1216 .

2205 1249 2534 1317 ubicumque.
2585 1249 2806 1316 fuerint,
2857 1251 3152 1306 mussitant
3191 1253 3535 1323 potiusquam
3577 1253 3807 1322 loquun-

2208 1351 2336 1406 tur.
2379 1352 2434 1399 et
2473 1359 2596 1399 cum
2647 1344 2980 1409 blasphemia
3030 1361 3220 1402 eorum
3276 1362 3466 1404 contra
3513 1349 3806 1406 Dominum

2207 1436 2550 1492 Salvatorem
2587 1437 2652 1490 ad
2686 1437 2885 1492 coelum
2916 1439 3087 1509 usque
3118 1441 3420 1511 perveniat,
3441 1445 3622 1497 omnis
3643 1441 3809 1498 inter-

2207 1530 2442 1598 pretatio
2489 1527 2894 1598 Scripturarum
2927 1543 3076 1586 muta
3115 1542 3201 1589 est
3239 1542 3293 1589 et
3343 1533 3535 1602 silens,
3568 1543 3624 1590 et
3651 1549 3809 1593 aures

2206 1638 2314 1678 non
2342 1632 2588 1691 penetrat
2616 1625 2979 1683 audientium.
3861 1607 3872 1682 ί·

2287 1717 2466 1790 (Vcrs.
2492 1719 2546 1784 4,
2571 1720 2751 1791 seqq.)
2774 1719 2966 1776 Audite
2993 1720 3090 1775 hoc
3111 1723 3200 1794 qui
3223 1725 3488 1780 conteritis
3509 1743 3806 1799 pauperem,
3867 1751 3874 1766 ι

499 1810 568 1865 Ει
599 1825 665 1866 ne
693 1811 874 1864 solum
931 1811 999 1864 de
1047 1812 1236 1864 decem
1271 1807 1522 1863 tribubus
1575 1807 1764 1863 dicere
1793 1806 2091 1874 videretur,
2126 1812 2174 1872 B
2201 1821 2250 1866 et
2277 1813 2493 1883 deﬁcere
2541 1815 2716 1886 facitis
2741 1825 2768 1853 ιι
2798 1832 3013 1888 egenum
3067 1828 3247 1884 terra},
3301 1821 3528 1876 dicentes
3561 1838 3578 1876 :
3608 1825 3812 1888 quando
3869 1843 3874 1850 ·

501 1905 688 1960 intulit
720 1925 732 1960 :
768 1903 1073 1959 Stridebunt
1105 1903 1345 1957 cardines
1367 1902 1566 1973 templi,
1599 1901 1714 1955 sive
1740 1899 2016 1970 laquearia
2047 1899 2103 1953 in

501 1998 582 2051 die
605 1998 722 2061 illa,
753 1999 878 2051 dicit
910 1996 1179 2052 Dominus.
1208 1996 1322 2051 lIoc
1367 2009 1550 2050 autem
1578 1995 1927 2072 ὑπερϐολικῶς
1957 1993 2102 2048 acci-

500 2091 758 2161 piendum
789 2099 896 2158 est,
939 2091 1084 2161 quod
1119 2101 1225 2144 tam
1266 2103 1433 2160 grave
1464 2089 1730 2142 malorum
1763 2087 1976 2158 pondus
2019 2087 2105 2142 in-

497 2187 757 2242 cumbat:
794 2195 851 2241 ut
882 2186 983 2256 ipsi
1021 2201 1239 2256 quoque
1271 2194 1554 2256 portarum
1599 2181 1853 2238 cardines
1905 2189 1964 2236 et
2010 2196 2106 2236 ex-

505 2285 648 2340 celsa
699 2281 977 2354 laquearia
1024 2280 1266 2345 ululent,
1323 2289 1376 2335 et
1429 2275 1804 2332 incredibilem
1863 2276 2107 2330 sentiant

505 2377 818 2432 vastitatem
849 2394 862 2429 :
895 2374 1112 2446 quando
1137 2373 1292 2428 multi
1316 2370 1646 2436 morientur,
1673 2379 1730 2425 et
1751 2370 1927 2440 captis
1954 2367 2108 2423 habi-

510 2472 780 2527 tatoribus
811 2470 896 2524 vel
935 2470 1154 2534 occisis,
1189 2468 1243 2521 in
1276 2466 1425 2520 omni
1457 2468 1577 2519 loco
1601 2461 1918 2534 projiciatur
1945 2461 2109 2516 silen-

511 2567 664 2620 tium.
695 2564 790 2619 Sin
820 2571 1001 2617 autem
1027 2561 1364 2616 voluerimus
1409 2560 1589 2628 legere
1637 2570 1734 2626 pro
1779 2555 1980 2610 uncino
2011 2568 2109 2623 po-

511 2674 727 2713 morum
772 2672 864 2710 vas
911 2655 1151 2727 aucupis,
1184 2653 1288 2706 hoc
1340 2650 1636 2705 dicendum
1659 2655 1765 2711 est,
1797 2646 1938 2717 quod
1975 2661 2109 2717 quo-

509 2751 675 2806 modo
721 2764 962 2818 aucupes
1012 2748 1164 2801 visco
1193 2745 1280 2800 vel
1315 2744 1519 2799 retibus
1563 2757 1692 2797 aves
1742 2741 1988 2795 volantes
2016 2755 2111 2810 per

507 2861 713 2905 aerem.
745 2856 795 2899 et
823 2842 1118 2897 sublimius
1145 2838 1521 2894 discurrentes
1563 2836 1629 2891 ad
1677 2844 1880 2890 terram
1931 2834 2113 2889 detra-

512 2940 613 3007 hit,
647 2942 726 2994 sic
750 2938 892 2993 Deus
917 2953 1013 3005 per
1033 2932 1410 2992 Sennacberib
1439 2932 1554 2987 sive
1583 2931 2110 2998 Nabuchodonosor,

514 3047 655 3104 quos
706 3045 848 3085 nunc
903 3043 1144 3097 aucupes
1196 3027 1571 3098 intelligimus,
1635 3025 1896 3096 populum
1956 3039 2112 3078 suum

511 3127 665 3198 prius
719 3123 993 3186 liberum,
1053 3130 1109 3175 et
1164 3118 1326 3188 Legis
1381 3117 1769 3173 observatione
1821 3115 2114 3170 sublimem

511 3217 1021 3290 comprehenderit,
1077 3217 1358 3280 vinxerit,
1416 3212 1798 3275 transtulerit,
1853 3207 2113 3265 enecarit.

512 3313 629 3368 Non
659 3313 803 3367 enim
839 3312 1042 3381 injuste
1095 3311 1397 3366 tenduntur
1442 3307 1582 3362 retia
1633 3305 1852 3361 avibus.
1907 3303 1971 3358 Et.
2013 3302 2119 3357 hoc

512 3421 620 3460 non
651 3405 829 3459 solum
881 3405 946 3458 ad
1001 3402 1326 3475 Babyloniae
1353 3399 1686 3470 captivitatis
1725 3406 1941 3465 tempus
1971 3393 2118 3450 refe-

513 3499 741 3554 rendum
773 3507 877 3564 est,
909 3497 1006 3552 sed
1030 3507 1086 3552 et
1114 3497 1169 3550 iu
1201 3495 1497 3550 adventum
1536 3493 1748 3548 Domini
1787 3490 2112 3558 Salvatoris,

509 3591 729 3662 quando
780 3591 1038 3646 dixerunt
1073 3606 1086 3643 :
1131 3589 1292 3659 Aufer
1345 3587 1411 3641 de
1460 3595 1598 3642 terra
1639 3585 1840 3639 talem:
1872 3583 2116 3653 cruciﬁge

514 3703 654 3752 eum,
687 3687 936 3758 cruciﬁge
983 3701 1102 3739 eum
1135 3681 1316 3755 (Joan.
1350 3697 1462 3740 tux.
1497 3678 1615 3749 l5),
1664 3689 1718 3734 et
1765 3677 2118 3749 perdiderunt

514 3781 633 3836 alas
689 3781 981 3837 columbae.
1047 3778 1114 3832 Et
1168 3777 1325 3832 venit
1397 3774 1556 3846 337
1610 3772 1735 3827 ﬁnis
1783 3785 1952 3842 super
1993 3783 2113 3836 eos,

513 3885 569 3930 et
611 3883 852 3929 extrema
905 3870 1216 3942 captivitas,
1267 3868 1517 3936 ultraque
1567 3882 1676 3920 non
1735 3863 1988 3935 pepercit
2036 3862 2116 3918 eis

516 3968 797 4022 Dominus.
851 3966 917 4020 Et
967 3966 1314 4019 ululaverunt
1365 3959 1618 4015 cardines
1665 3959 1877 4029 templi,
1913 3957 1998 4013 vel
2042 3957 2120 4012 la-

516 4060 737 4130 quearia
771 4057 981 4125 templi,
1015 4072 1182 4127 super
1209 4055 1449 4110 occisum
1483 4054 1744 4124 populum
1778 4049 2115 4107 corruentia.

516 4155 587 4210 Et
612 4155 666 4208 in
694 4153 840 4208 omni
871 4152 992 4207 loco
1023 4151 1324 4221 projectum
1352 4159 1438 4203 est
1462 4147 1763 4212 silentium,
1790 4143 2117 4199 habentibus

519 4246 723 4302 Judzeis
777 4246 999 4316 Moysen
1048 4251 1102 4297 et
1149 4240 1474 4311 PrOphetas,
1533 4248 1588 4294 et
1635 4253 1742 4292 non
1794 4237 2118 4292 habentibus

519 4339 760 4394 Verbum
812 4338 955 4393 Dei:
994 4335 1303 4407 legentibus
1351 4333 1610 4397 litteram,
1659 4341 1714 4388 et
1759 4332 2120 4402 perdentibus

519 4433 798 4501 Spiritum,
825 4430 1043 4498 quando
1068 4428 1210 4484 facta
1235 4437 1316 4484 est
1341 4441 1526 4481 mensa
1551 4441 1738 4482 eorum
1762 4425 1815 4480 in
1841 4426 2116 4497 laqueum,

518 4535 573 4584 et
623 4529 676 4583 in
728 4526 1166 4591 retributionem,
1221 4534 1274 4579 et
1324 4523 1561 4590 ruinam,
1595 4530 1651 4578 et
1699 4521 1961 4578 excaecati
1993 4529 2120 4576 sunt

2211 1906 2448 1960 transibit
2475 1908 2684 1971 mensis,
2717 1918 2762 1962 ct
2796 1910 3206 1967 venundabimus
3257 1929 3472 1980 merces,
3528 1925 3574 1968 et
3632 1918 3814 1972 sabba—

2210 2011 2340 2068 tum,
2374 2011 2419 2055 et.
2451 2003 2740 2073 aperiemus
2781 2005 3126 2075 frumentum,
3161 2018 3216 2061 ut
3253 2010 3624 2064 imminuamus
3668 2029 3814 2065 mcn-
3869 2033 3878 2068 ξ

2208 2110 2410 2162 suram,
2460 2105 2508 2150 et
2549 2113 2830 2169 augeamus
2861 2097 3046 2153 siclum
3081 2115 3098 2151 :
3128 2109 3174 2153 et
3202 2118 3562 2172 supponamus
3591 2114 3812 2157 stateras
3869 2101 3876 2173 ξ

2211 2189 2454 2256 dolosas,
2496 2199 2552 2244 ut
2582 2190 2941 2260 possideamus
2989 2194 3040 2245 in
3093 2203 3308 2267 argento
3343 2211 3565 2266 egenos,
3606 2207 3654 2250 et
3684 2210 3818 2268 pnu-
3871 2185 3881 2256 έ

2213 2297 2359 2351 peres
2380 2298 2474 2354 pro
2500 2283 2872 2351 calciamentis,
2908 2294 2955 2340 et
2993 2287 3304 2358 quisquilias
3351 2289 3595 2358 frumenti
3629 2292 3818 2344 venda—

2213 2391 2347 2429 mus.
2373 2373 2519 2429 LXX
2547 2393 2559 2429 :
2589 2375 2778 2430 Audite
2800 2377 2910 2432 hcce
2937 2381 3023 2446 qui
3057 2382 3323 2436 conteritis
3346 2399 3495 2436 mane
3517 2400 3814 2453 pauperem,

2213 2476 2260 2518 et
2291 2467 2584 2536 opprimitis
2605 2485 2793 2542 egenos
2823 2470 2887 2524 de
2906 2479 3070 2532 terra.
3096 2473 3186 2542 qui
3208 2474 3381 2528 dicitis
3403 2491 3424 2529 :
3453 2476 3675 2542 Quando
3707 2495 3820 2546 per-

2215 2559 2452 2614 transibit
2479 2563 2693 2630 mensis,
2725 2572 2772 2616 ct
2815 2564 3195 2635 negotiabimur
3225 2582 3246 2621 :
3281 2577 3328 2622 et
3357 2568 3592 2635 sabbata,
3624 2578 3668 2623 et
3702 2587 3820 2642 ape-

2213 2652 2402 2706 riemus
2429 2653 2591 2726 338
2635 2655 2897 2722 horreum,
2931 2668 2986 2710 ut
3017 2660 3274 2729 faciamus
3329 2663 3580 2717 minorem
3612 2680 3819 2720 mensu-

2213 2762 2326 2800 ram
2353 2750 2605 2820 etOmajus
2633 2749 2837 2819 pondus
2869 2765 2886 2803 :
2912 2760 2962 2804 et
2989 2751 3243 2821 faciamus
3270 2762 3518 2810 stateram
3565 2757 3816 2826 iniquam,

2217 2850 2271 2895 ut
2295 2841 2652 2911 possideamus
2701 2845 2758 2898 in
2813 2846 3032 2915 pecmtia
3083 2863 3364 2916 pauperes,
3402 2858 3449 2902 et
3480 2866 3696 2922 egenum
3731 2867 3820 2920 pro

2217 2935 2593 2998 calciamentis,
2647 2946 2693 2991 et
2743 2937 2806 2990 de
2857 2939 3000 2993 onmi
3046 2940 3341 2994 venditione
3373 2945 3716 3012 negotiemur.
3748 2943 3821 3000 Nc

2219 3027 2420 3081 frustra
2473 3026 2722 3083 videatur
2753 3031 2982 3084 uncinus
3011 3046 3319 3102 pomorum,
3373 3041 3428 3088 et
3469 3048 3565 3088 vas
3600 3037 3820 3107 aucupis
3875 3033 3883 3042 ’

2221 3134 2341 3175 esse
2369 3129 2748 3185 monstratum,
2780 3132 2836 3177 et
2864 3137 2962 3193 per
3009 3125 3126 3178 hate
3156 3125 3334 3180 vicina
3385 3126 3666 3183 imminere
3696 3144 3822 3198 cap-

2143 3212 2187 3274 C
2225 3215 2427 3282 tivitas,
2460 3229 2639 3270 causze
2669 3216 2893 3272 otl'ensze
2942 3217 3036 3274 Dei
3073 3219 3313 3276 breviter
3341 3219 3750 3278 describuntur.
3779 3225 3819 3278 υ

2222 3318 2302 3376 tu,
2334 3309 2495 3375 Juda,
2525 3325 2558 3364 ο
2587 3320 2662 3376 ιιι,
2699 3309 2886 3377 Israel,
2930 3311 3110 3368 audite
3154 3329 3275 3382 qua:
3315 3314 3522 3370 scelera
3558 3315 3818 3380 feceritis,

2220 3403 2288 3458 de
2335 3413 2496 3459 nocte
2554 3412 2864 3473 surgentes,
2925 3419 3028 3475 pro
3086 3407 3338 3463 oratione
3393 3417 3450 3463 et
3497 3409 3714 3482 hymnis
3771 3411 3820 3464 in

2223 3496 2393 3552 Deum
2433 3516 2443 3551 :
2491 3496 2735 3552 studium
2790 3497 3001 3554 habetis
3048 3499 3424 3570 opprimendi,
3472 3501 3587 3557 sive
3631 3511 3819 3559 conte-

2220 3590 2375 3644 rendi
2408 3605 2698 3660 pauperes,
2732 3600 2785 3646 ut
2821 3593 2963 3647 fame
3020 3601 3074 3648 et
3121 3603 3368 3663 egestate
3407 3595 3640 3651 confecti
3672 3598 3820 3654 aufe-

2220 3691 2416 3737 rantur
2442 3683 2511 3738 de
2547 3692 2711 3738 terra.
2744 3685 2850 3751 Qui
2893 3686 3225 3756 exschtaIis
3256 3685 3541 3754 kalendas,
3576 3697 3634 3744 ut
3661 3705 3822 3761 uego-

2224 3775 2454 3841 tiemini,
2484 3785 2536 3831 et
2567 3791 2764 3831 usuras
2793 3777 3040 3847 augeatis
3071 3778 3138 3833 de
3174 3782 3373 3845 usuris,
3401 3791 3455 3836 et
3484 3782 3734 3849 sabbata,
3767 3793 3820 3838 ut

2221 3869 2481 3940 aperiatis
2509 3869 2732 3935 horrea,
2761 3871 3014 3942 detisque
3057 3872 3328 3928 frumenta
3375 3875 3613 3945 amplius
3639 3892 3818 3946 recep-

2222 3962 2352 4028 turi,
2384 3971 2438 4017 et
2468 3962 2563 4018 Dei
2591 3962 2970 4018 solemnitates
2999 3965 3172 4034 turpis
3197 3965 3333 4019 lucri
3362 3967 3533 4037 gratia
3565 3967 3618 4022 in
3643 3979 3813 4024 vestra

2221 4057 2544 4128 compendia
2598 4059 2813 4113 vertitis
2871 4077 2884 4110 :
2943 4061 3034 4129 qui
3090 4059 3356 4116 minorem
3411 4061 3463 4115 in
3520 4062 3816 4118 vendendis

2222 4157 2503 4211 mercibus
2556 4171 2868 4211 mensuram
2921 4157 3118 4221 facitis,
3162 4167 3218 4212 et
3256 4158 3466 4227 majora
3498 4159 3736 4229 pondera
3766 4159 3813 4212 in

2221 4247 2575 4319 accipiendis,
2611 4257 2983 4320 stateramque
3039 4251 3308 4320 iniquam,
3336 4248 3364 4288 δ
3394 4260 3452 4305 ιιι
3495 4251 3814 4322 possidentis

2223 4340 2449 4411 pecunia
2478 4355 2772 4410 pauperes,
2803 4350 2856 4395 et
2881 4349 2988 4395 tam
3013 4340 3148 4396 viles
3179 4341 3428 4398 habeatis
3457 4341 3728 4405 homines,
3763 4353 3814 4396 ut

2224 4433 2496 4503 impleatis
2527 4433 2678 4500 illud,
2711 4433 2852 4504 quod
2898 4449 3061 4502 supra
3097 4433 3186 4504 de
3211 4434 3364 4490 vobis
3387 4434 3630 4490 dixeram
3662 4453 3673 4489 :
3709 4433 3814 4488 Pro

2222 4541 2282 4579 eo
2324 4525 2460 4598 quod
2507 4525 2811 4580 vendidistis
2841 4536 3059 4600 argento
3079 4530 3306 4600 just-um,
3339 4536 3384 4581 et
3412 4539 3690 4600 pauperem
3723 4545 3813 4596 pro

516 4621 662 4676 oculi
699 4636 918 4687 eorum,
965 4629 1024 4674 ut
1074 4633 1183 4672 non
1236 4616 1508 4683 viderent,
1562 4625 1620 4672 et
1667 4616 1937 4670 obturata:
1989 4625 2116 4670 sunt
2143 4618 2573 4681 Dcalciamentis
2603 4618 2826 4690 (Supra.
2866 4633 2925 4684 ιι,
2957 4617 3012 4690 6)
3047 4635 3060 4673 :
3093 4618 3146 4673 in
3199 4629 3405 4674 tantam
3450 4617 3810 4675 lucrirabiem

519 4728 680 4769 aures
729 4727 942 4779 eorum,
977 4718 1035 4766 ut
1065 4725 1172 4765 non
1223 4709 1478 4765 audirent
1509 4725 1525 4764 :
1559 4721 1612 4764 et
1642 4709 1985 4764 incurvatum
2032 4719 2116 4764 est

519 4811 742 4865 dorsum
771 4822 983 4873 eorum,
1038 4822 1106 4861 ne
1154 4805 1352 4860 caelum
1407 4803 1786 4874 suspicerent;
1841 4802 1938 4857 sed
1991 4817 2113 4857 cum

517 4905 839 4975 Evangelica
873 4903 959 4956 illa
985 4901 1238 4963 muliere,
1272 4914 1393 4969 qure
1418 4897 1654 4953 habebat
1685 4897 1934 4966 spiritum
1965 4897 2114 4951 inlir-

518 5001 727 5055 mitatis
753 4997 949 5060 (Μαι-ε.
981 4998 1101 5061 vn),
1135 5009 1354 5063 semper
1386 5003 1549 5047 terra:
1587 4991 1988 5046 incumberent.
2049 4991 2115 5044 Et

517 5093 685 5151 elI‘osa
717 5101 799 5147 cst
829 5106 994 5156 super
1023 5103 1118 5144 eos
1151 5091 1232 5142 ira
1257 5086 1375 5153 Dei,
1420 5095 1474 5140 et
1506 5084 1657 5139 furor
1688 5084 1784 5138 ira:
1817 5083 1934 5153 ejus
1963 5097 2112 5138 com-

510 5187 806 5260 prehendit
837 5186 981 5251 illos,
1003 5183 1078 5238 ita
1102 5191 1160 5237 ut
1181 5180 1334 5236 ﬁeret
1367 5179 1629 5233 habitatio
1660 5194 1847 5233 eorum
1873 5179 2109 5242 deserta,

517 5291 572 5338 et
587 5284 640 5337 in
663 5279 1032 5336 tabernaculis
1049 5291 1239 5333 eorum
1265 5290 1372 5330 non
1393 5283 1540 5328 esset
1565 5271 1869 5327 habitator:
1894 5271 2112 5343 quando

511 5376 847 5446 completum
873 5380 959 5428 est
987 5388 1002 5427 :
1028 5369 1162 5425 Ecce
1191 5371 1303 5423 dles
1342 5368 1572 5428 cernunt,
1603 5364 1729 5418 dicit
1751 5362 2030 5434 Dominus,
2063 5372 2112 5418 et

507 5473 741 5525 emittam
795 5471 990 5539 famem
1018 5480 1173 5537 super
1202 5473 1396 5518 terram
1426 5477 1443 5515 :
1470 5477 1577 5515 non
1601 5460 1788 5530 famem
1809 5459 1985 5528 panis,
2018 5473 2108 5510 ne-

579 5707 604 5734 e
626 5697 785 5750 Juxta
813 5694 1062 5750 llebraic.
1089 5700 1145 5748 et
1168 5690 1450 5760 Vulgatam
1484 5688 1748 5745 Victorius
1774 5703 1976 5761 egenos.

573 5768 599 5804 ιλ
633 5767 799 5822 Foedo
826 5781 1010 5822 errore
1031 5766 1254 5818 deerant
1275 5759 1461 5816 isthmc
1477 5763 1528 5815 in
1545 5759 2094 5816 Martianaiieditionc

493 5839 658 5892 verba
689 5855 702 5890 :
746 5847 799 5888 ut
849 5837 1160 5904 possidentis
1190 5834 1406 5902 pecunia
1444 5845 1715 5902 pauperes,
1745 5840 1794 5884 et
1823 5841 1928 5886 tam
1966 5832 2093 5887 viles

2223 4710 2536 4781 prosilistis,
2583 4720 2640 4764 ut
2668 4726 2776 4766 non
2811 4712 3098 4777 frumenta,
3131 4727 3365 4782 quorum
3402 4727 3498 4768 esu
3532 4712 3810 4768 hominum

2223 4822 2452 4876 corpora
2485 4814 2883 4872 sustentantur,
2915 4805 3010 4861 sed
3033 4806 3360 4878 quisquilias
3383 4817 3436 4862 et
3464 4817 3809 4879 purgamenta

2220 4899 2478 4955 frumenti
2525 4899 2774 4953 vendatis
2815 4899 3166 4968 pauperibus,
3201 4900 3486 4967 pulverem
3533 4912 3588 4955 et
3633 4900 3808 4970 paleas

2221 4994 2404 5048 tritico
2447 4992 2894 5048 commiscentes.
2941 4992 3094 5061 Quod
3153 4991 3372 5063 quidem
3421 5001 3478 5048 et
3529 5007 3806 5061 perversos

2218 5085 2466 5141 doctores
2499 5101 2562 5139 ac
2595 5085 2884 5156 principes,
2915 5086 3006 5156 qui
3039 5087 3245 5156 absque
3273 5087 3366 5142 Del
3402 5087 3604 5143 timore
3628 5086 3804 5142 domi-

2217 5188 2413 5234 nantur
2454 5179 2636 5244 cleris,
2690 5179 2757 5233 de
2806 5179 3004 5248 quibus
3052 5181 3319 5236 Jeremias
3361 5181 3641 5253 loquitur:
3673 5180 3805 5236 Cleri

2216 5289 2392 5326 eorum
2422 5289 2524 5326 non
2572 5271 2856 5340 proderunt
2904 5273 2975 5326 eis
3019 5271 3155 5340 (Jer.
3185 5289 3293 5340 xu,
3329 5274 3414 5338 l5,
3439 5275 3585 5346 jua't.
3618 5271 3799 5344 LXX),

2214 5378 2624 5434 nonnumquam
2657 5364 2835 5420 lacere
2872 5367 3168 5433 cernimus,
3199 5368 3289 5438 qui
3325 5377 3514 5436 putant
3541 5377 3798 5438 qumstum

2215 5471 2338 5512 esse
2380 5457 2658 5527 pietatem,
2691 5466 2745 5512 et
2771 5455 3027 5514 sedentes
3076 5458 3130 5514 in
3191 5459 3394 5531 templo
3452 5459 3798 5515 nummularii

2202 5689 2432 5743 habeatis
2463 5689 2719 5754 homines,
2750 5704 2870 5759 qua:
2900 5698 3086 5761 utpote
3131 5688 3196 5745 ad
3237 5691 3500 5747 orationis
3527 5691 3798 5760 integrita-

2203 5770 2308 5816 tem
2344 5763 2670 5833 necessaria,
2713 5776 2780 5816 ev
2828 5776 2960 5816 mss.
2989 5762 3190 5818 nostris
3217 5763 3496 5828 omnibus,
3539 5763 3794 5833 editisque

2203 5833 2324 5886 aliis
2354 5833 2507 5887 libris
2538 5832 2870 5887 suilecimus.
