4120 6342
369 303 502 360 1081

1176 293 1828 354 COMMENTARIORUM
1870 291 1936 350 tu
1979 243 2166 350 suos
2207 289 2336 348 LIB.
2379 291 2466 348 ut.
2513 291 2669 348 car.
2715 289 2853 348 vut.

3533 288 3672 346 1082

367 424 679 487 pr0ponunt
699 411 1002 479 columbas,
1033 426 1142 469 non
1170 412 1226 468 in
1251 411 1455 478 caveis,
1484 410 1577 466 sed
1610 412 1661 466 in
1685 408 1960 467 cathedris
1988 419 2045 480 Α
2067 409 2261 466 ﬂuvius
2291 407 2534 480 Egypti,
2577 418 2631 465 et
2659 409 2940 480 ingressus
2981 407 3546 479 marejabsorbeatur.
3591 411 3667 464 Ae

368 510 521 581 quasi
546 509 811 579 magistri,
843 508 1076 580 Spiritus
1112 505 1284 562 sancti
1321 505 1466 562 .dona
1501 506 1802 562 vendentes
1834 523 1845 560 :
1877 506 1969 575 qui

369 603 575 660 faciunt
611 619 923 660 mensuram
953 603 1221 659 minorem
1256 610 1418 673 atque
1440 601 1726 671 majorem,
1758 611 1815 656 ιιι
1841 617 1973 672 pau-

371 697 616 768 peribus,
650 695 732 752 vel
779 711 990 766 parum,
1038 695 1121 751 vel
1170 694 1305 749 nihil
1337 711 1349 747 :
1387 693 1647 749 divitibus
1698 702 1879 748 autem
1917 699 1973 747 et

369 789 478 855 his,
508 790 578 845 de
602 790 797 861 quibus
820 798 1104 845 sectantur
1135 789 1304 858 lucra,
1339 787 1391 842 iu
1426 787 1645 842 modum
1679 786 1971 843 conciona-

370 891 546 937 torqu
593 882 887 954 loquantur
929 897 1188 938 sermone
1232 880 1602 951 longissimo:
1649 889 1704 936 et
1747 891 1970 952 propter

369 978 656 1046 pecuniam
680 983 970 1031 conterunt
1007 975 1183 1046 capita
1219 990 1516 1046 pauperum
1545 983 1708 1046 atque
1753 972 1972 1028 concul-

369 1079 517 1136 cent,
571 1079 627 1123 ct
677 1082 782 1124 non
831 1068 1160 1124 frumentum
1206 1067 1445 1136 Domini,
1497 1067 1642 1138 quod
1688 1065 1972 1122 conﬁrmat

366 1175 463 1219 cor
492 1161 750 1227 hominis,
783 1162 878 1217 sed
908 1161 1232 1233 quisquilias
1254 1170 1308 1216 et
1331 1161 1656 1216 vilissimum
1687 1160 1968 1228 pulverem

369 1255 546 1309 avidis
574 1253 822 1310 faucibus
854 1253 1308 1326 ingerantzetiatn
1335 1251 1451 1308 htcc
1477 1268 1597 1324 qua:
1620 1252 1820 1307 nullius
1843 1257 1969 1303 sunt

370 1349 528 1419 pretii
544 1348 906 1418 venditantes,
927 1365 1050 1404 cum
1068 1349 1328 1403 Dominus
1341 1348 1600 1418 apostolis
1615 1350 1965 1418 prmeeperit:

369 1439 536 1514 339
564 1440 744 1496 Gratis
771 1443 1065 1513 accepistis,
1095 1443 1258 1513 gratis
1288 1442 1406 1496 date
1445 1439 1625 1513 (Matt.
1659 1457 1714 1505 Χ,
1749 1441 1822 1514 8).

441 1534 622 1606 (Vers.
655 1535 710 1599 7,
737 1533 818 1605 ὃ.)
847 1533 1056 1588 Iuravit
1088 1533 1343 1589 Dominus
1373 1536 1425 1588 in
1453 1535 1750 1601 superbiam
1775 1532 1963 1602 Iacob,

364 1627 408 1681 si
439 1626 628 1682 oblitus
661 1631 808 1698 fuero
837 1643 990 1699 usque
1013 1628 1065 1680 in
1088 1626 1270 1698 (Vulg.
1295 1627 1386 1699 ad)
1415 1627 1572 1697 ﬁnem
1602 1628 1777 1681 omnia
1813 1643 1966 1698 opera

364 1739 560 1778 eorum.
596 1721 871 1790 Numquid
906 1739 1058 1794 super
1087 1723 1184 1777 isto
1221 1739 1325 1777 non
1353 1723 1752 1777 connnovebitur
1779 1731 1918 1777 térra
1945 1739 1964 1775 :

363 1827 412 1871 et
442 1815 630 1888 lugebit
658 1817 823 1870 onmis
866 1816 1126 1870 habitator
1155 1820 1266 1890 ejus
1290 1833 1306 1870 :
1335 1826 1383 1870 et
1413 1817 1652 1872 ascendet
1681 1817 1830 1887 quasi
1859 1818 1963 1886 ﬂu-
1993 1826 2042 1886 Β

364 1911 472 1963 vius
499 1912 791 1973 universus,
814 1920 862 1964 et
883 1909 1144 1982 ejicietur,
1174 1921 1222 1964 et
1250 1912 1440 1980 deﬂuet
1464 1911 1613 1980 quasi
1637 1910 1776 1962 rivus
1800 1907 1966 1981 digg-

363 2004 459 2076 pti.
486 2002 630 2058 LXX
665 2022 676 2056 :
709 1999 917 2057 Iuravit
945 2003 1204 2058 Dominus
1246 2014 1429 2058 contra
1453 2003 1748 2076 superbiam
1775 2002 1961 2069 Iacob,

363 2099 408 2151 si
431 2096 760 2152 obliviscetur
811 2098 866 2151 in
911 2098 1066 2168 ﬁnem
1096 2100 1272 2154 omnia
1313 2116 1467 2171 Opera
1493 2109 1678 2154 vestra.
1715 2097 1785 2154 Et
1809 2115 1963 2170 super

360 2192 444 2248 his
469 2211 573 2250 non
597 2194 987 2250 cbnturbabitur
1012 2204 1077 2250 tet
1089 2213 1171 2259 ra,
1214 2205 1261 2248 et
1289 2195 1482 2267 lugebit
1511 2197 1678 2251 omnis
1707 2195 1964 2249 habitator

359 2291 496 2362 ejus,
530 2297 575 2344 et
603 2289 844 2346 ascendet
865 2291 1013 2362 quasi
1052 2292 1247 2361 ﬂumen
1279 2293 1651 2346 consummatio
1681 2293 1848 2360 ipsius
1871 2307 1889 2344 :
1916 2300 1962 2344 et

361 2382 631 2438 descendet
669 2387 815 2455 quasi
857 2385 1042 2454 ﬂuvius
1073 2383 1310 2456 Λίρωιιὲ.
1339 2383 1622 2440 Juratttent
1658 2385 1828 2440 Deum
1853 2400 1960 2441 sa:-

361 2476 482 2546 pius
508 2477 786 2547 Scriptura
815 2477 1092 2534 describit.
1130 2479 1371 2533 Primum
1400 2482 1451 2532 in
1473 2477 1676 2534 Genesi
1703 2495 1715 2530 :
1749 2478 1964 2533 vocavit

358 2568 604 2640 Angelus
628 2571 843 2626 Domini
873 2571 1144 2626 Abraham
1168 2572 1412 2628 secundo
1439 2571 1510 2628 de
1537 2573 1698 2638 coelo,
1731 2573 1958 2627 dicens:

360 2661 470 2718 Per
501 2667 852 2737 ntemetipsunt
884 2668 1087 2738 juravi,
1135 2667 1262 2721 dicit
1303 2665 1598 2721 Dominus:
1628 2667 1752 2738 quia
1792 2667 1962 2738 fecisti

362 2757 573 2811 verbum
603 2757 722 2824 hoc,
750 2769 797 2812 et
825 2775 927 2812 non
955 2761 1222 2832 pepercisti
1252 2761 1363 2830 ﬁlio
1393 2768 1480 2814 tuo
1508 2760 1833 2826 charissima,
1877 2759 1961 2813 be-

279 2859 286 2867 '
358 2850 603 2905 nedicens
643 2852 937 2906 benedicam
973 2852 1083 2918 tibi,
1117 2863 1162 2907 et
1207 2853 1561 2927 multiplicans
1608 2853 1959 2924 multiplicabo

357 2952 404 2998 te
431 2946 581 3016 quasi
609 2947 787 3001 stellas
816 2948 950 3013 caeli,
984 2957 1032 3002 et
1059 2949 1190 3002 sicut
1218 2965 1432 3004 arenam
1457 2967 1572 3020 qua:
1602 2959 1676 3004 est
1705 2950 1760 3002 in
1787 2950 1956 3003 littore

357 3038 518 3092 maris
566 3037 776 3109 (Genes,
807 3055 944 3103 xxn,
977 3041 1064 3106 16,
1100 3039 1205 3110 17).
1253 3040 1322 3095 Et
1366 3041 1418 3095 in
1461 3041 1764 3096 centesimo
1813 3055 1956 3094 nono

359 3131 568 3202 psalmo
601 3151 614 3186 :
644 3129 1167 3210 IuravitDominus,
1200 3142 1246 3188 et
1275 3150 1375 3188 non
1395 3134 1655 3206 pmnitebit
1713 3150 1827 3188 eum
1853 3148 1872 3187 :
1899 3142 1954 3187 tu

2083 521 2177 572 per
2199 506 2300 561 hoc
2320 503 2556 560 ostendit
2583 505 2891 574 superbiam
2916 503 3105 570 Jacob,
3126 512 3313 560 contra
3337 519 3495 577 quam
3522 505 3670 574 jurat

2077 600 2360 666 Dominus,
2392 599 2611 656 aeternis
2633 600 2911 670 suppliciis
2939 599 3325 656 devorandam.

2152 695 2332 765 (Vers.
2356 691 2543 764 9,·10.)
2567 693 2628 748 Et
2651 695 2747 748 erit
2763 696 2815 748 in
2839 695 2919 747 die
2940 696 3055 763 illa,
3071 694 3197 748 dicit
3221 695 3468 748 Dominus
3485 693 3666 766 [Vulg.

2075 787 2224 843 addit
2251 786 2410 860 Deus]
2437 807 2450 846 :
2479 787 2690 842 Occidet
2715 787 2794 841 sol
2814 789 2867 841 in
2897 788 3129 853 meridie,
3153 799 3200 842 et
3228 788 3564 842 tenebrescere
3591 790 3672 860 fa-

2067 881 2212 936 ciant
2243 892 2431 936 (errant
2471 882 2524 936 in
2566 881 2649 935 die
2679 881 2888 935 luminis
2918 895 2936 935 :
2967 889 3013 935 et
3053 891 3340 936 convertam
3378 882 3670 952 festivitates

2073 985 2266 1029 vestras
2291 977 2342 1028 in
2369 976 2582 1038 luctum,
2599 983 2645 1029 et
2668 975 2840 1029 omnia
2866 974 3068 1028 cantica
3095 983 3258 1028 vestra
3288 976 3340 1029 in
3367 976 3628 1044 planctum
3651 991 3671 1030 :

2073 1080 2121 1124 et
2167 1070 2412 1124 inducam
2445 1086 2600 1139 super
2638 1086 2785 1124 omne
2824 1069 3037 1124 dorsum
3080 1081 3300 1124 vestrum
3345 1087 3581 1140 saccum,
3625 1082 3672 1126 et

2074 1180 2228 1233 super
2257 1180 2404 1216 omne
2433 1171 2585 1234 caput
2616 1163 2876 1217 calvitium
2906 1180 2924 1218 :
2954 1175 2999 1217 et
3035 1179 3218 1234 ponam
3251 1181 3364 1218 eam
3392 1166 3536 1235 quasi
3560 1165 3668 1219 luc—

2074 1268 2180 1312 tum
2208 1258 2458 1330 uuigeuiti
2488 1275 2506 1312 :
2535 1267 2580 1312 et
2611 1259 2887 1312 novissima
2918 1261 3026 1331 ejus
3057 1259 3206 1325 quasi
3245 1259 3380 1312 diem
3411 1275 3665 1314 amarum.

2073 1351 2217 1407 LXX
2248 1369 2262 1406 :
2297 1351 2365 1405 Et
2390 1353 2487 1404 erit
2511 1352 2564 1404 in
2593 1351 2676 1404 die
2699 1351 2814 1418 illa,
2839 1352 2960 1404 dicit
2991 1347 3244 1404 Dominus
3276 1350 3412 1404 Deus
3434 1367 3452 1403 :
3476 1352 3668 1405 occidet

2071 1445 2150 1500 sol
2169 1444 2408 1510 meridie,
2439 1453 2486 1496 et
2509 1444 2908 1498 coutenebrescet
2941 1459 3096 1513 super
3137 1453 3323 1496 terram
3345 1444 3397 1497 in
3424 1443 3507 1496 die
3532 1443 3622 1497 lua:
3649 1459 3669 1498 .°

2071 1547 2117 1592 et
2145 1547 2434 1592 convertam
2469 1536 2819 1590 solemuitates
2855 1547 3046 1590 vestras
3085 1535 3141 1590 in
3178 1536 3390 1594 luctum.
3423 1545 3467 1589 et
3494 1536 3664 1590 omnia

2069 1632 2270 1684 cantica
2300 1640 2467 1686 vestra
2497 1631 2550 1684 in
2585 1630 2850 1702 planctum
2876 1644 2895 1683 .'
2919 1637 2966 1682 et
3005 1629 3246 1684 inducam
3284 1646 3438 1702 super
3467 1645 3662 1684 omnem

2072 1724 2300 1778 lumbum
2335 1741 2576 1790 saccum,
2611 1735 2659 1778 et
2705 1739 2862 1794 super
2896 1739 3045 1778 omne
3073 1735 3230 1794 caput
3280 1725 3540 1779 calvitium
3572 1740 3589 1778 :
3619 1735 3667 1780 et

2069 1834 2261 1889 ponam
2299 1835 2412 1873 eam
2438 1821 2586 1886 quasi
2623 1818 2818 1874 luctum
2842 1817 3016 1876 dilecti
3045 1834 3064 1874 :
3089 1828 3134 1873 et
3159 1819 3245 1891 qui
3280 1837 3391 1874 cum
3423 1835 3480 1875 eo
3510 1831 3662 1890 sunt,

2069 1911 2217 1980 quasi
2244 1912 2378 1965 diem
2406 1911 2622 1966 doloris.

2143 2004 2266 2058 Dies
2293 2004 2380 2058 illa
2407 2003 2513 2076 [ΑΙ.
2544 2004 2687 2060 diem
2716 2003 2924 2076 illam],
2965 2004 3113 2060 diem
3137 2004 3473 2076 captivitatis
3495 2004 3663 2072 signi-

2068 2095 2225 2162 ﬂeat,
2266 2097 2484 2166 quando
2516 2107 2750 2168 uterque
2792 2099 3022 2169 populus
3061 2098 3293 2154 ducetur
3323 2098 3374 2153 iu
3406 2097 3663 2171 Assyrios

2067 2201 2230 2261 atque
2260 2190 2552 2246 Chaldaeos
2574 2232 2587 2257 ,
2628 2193 2828 2264 quibus
2866 2207 2976 2263 prae
3019 2193 3255 2248 tristitia:
3285 2192 3660 2265 magnitudine

2063 2284 2279 2341 occidet
2300 2287 2384 2342 Sol
2407 2287 2671 2343 meridie:
2704 2295 2761 2344 et
2785 2288 2930 2343 clara
2962 2289 3216 2344 omnibus
3246 2289 3388 2357 luce,
3417 2289 3659 2344 tenebra:

2064 2386 2262 2432 cuncta
2305 2379 2661 2448 complebunt
2694 2396 2707 2432 :
2739 2380 2956 2454 quando
2996 2379 3322 2437 festivitates
3368 2395 3555 2436 eorum
3605 2388 3660 2436 et

2061 2472 2244 2527 omnia
2269 2473 2482 2526 cantica
2507 2474 2559 2528 in
2594 2473 2794 2529 luctum
2818 2475 3206 2546 planctumque
3225 2490 3490 2531 conversa
3510 2483 3656 2531 sunt.

2065 2563 2130 2618 Et.
2159 2577 2322 2633 super
2345 2579 2509 2620 omne
2540 2565 2799 2627 dorsum.
2833 2567 2948 2622 sive
2996 2567 3236 2634 lumbos,
3265 2567 3493 2622 accincti
3535 2576 3661 2624 sunt

2061 2661 2264 2729 cilicio,
2293 2672 2346 2718 et
2371 2662 2525 2731 juxta
2557 2662 3012 2718 consuetudinem
3037 2671 3285 2719 veterum
3317 2663 3656 2734 lugentium,

2060 2771 2226 2826 super
2249 2757 2428 2827 capita
2451 2757 2692 2813 habuere
2713 2756 2997 2812 calvitium
3021 2775 3034 2812 :
3068 2756 3213 2829 quod
3235 2767 3288 2812 et
3309 2757 3416 2814 Job
3438 2758 3489 2812 in
3513 2774 3659 2814 mor-

2063 2851 2208 2906 tibus
2255 2851 2491 2907 l‘tliorum
2525 2852 2721 2908 fecisse
2751 2853 2984 2924 legimus
3020 2852 3140 2925 (Iob
3173 2854 3238 2922 ι).
3277 2853 3343 2908 Et
3373 2861 3519 2908 tanta
3552 2854 3661 2909 erit

2059 2943 2378 3014 magnitudo
2423 2945 2604 3000 luctus
2649 2953 2811 3016 atquc
2845 2945 3119 3012 tristitiae,
3151 2956 3211 3000 ut
3241 2946 3384 3000 unici
3415 2945 3507 2999 lilii
3542 2959 3657 2997 ino-

2061 3036 2251 3092 rientis
2269 3037 2536 3108 matrique
2552 3036 2864 3093 charissimi
2891 3038 3071 3093 vincat
3096 3037 3374 3094 dolorem:
3393 3047 3449 3093 et
3473 3038 3652 3093 omnia

2057 3132 2281 3204 planctu
2333 3142 2390 3188 et
2455 3133 2823 3188 amaritudine
2891 3134 3296 3204 compleantur.
3356 3133 3654 3189 Possumus

354 3241 406 3280 es
458 3227 695 3281 sacerdos
736 3228 790 3282 in
844 3238 1092 3283 veternum
1118 3230 1398 3284 secundum
1425 3230 1658 3284 ordinem
1684 3229 1956 3285 Mclcltise—
1985 3214 2030 3278 C
2062 3225 2408 3282 bunclocum
2429 3238 2482 3282 et
2505 3227 2556 3282 in
2575 3227 2790 3282 Domini
2817 3227 3121 3298 intelligere
3140 3229 3416 3299 passione,
3439 3228 3656 3298 quando

355 3316 483 3372 dech
515 3317 686 3390 (Psal.
718 3335 835 3386 etx,
869 3322 944 3392 5).
980 3321 1159 3390 Quod,
1191 3324 1519 3394 quicumque
1543 3332 1626 3378 est
1652 3323 1742 3378 ille
1772 3322 1861 3394 qui
1887 3323 1954 3378 ad

354 3410 614 3467 Hebraeos
644 3413 862 3484 scripsit
894 3415 1200 3486 epistolam,
1230 3417 1512 3473 disserens
1541 3419 1616 3472 ait
1641 3438 1651 3472 :
1692 3419 1954 3487 Quoniam

352 3505 610 3558 nemiuem
635 3503 820 3560 habuit
845 3524 935 3577 per
961 3525 1112 3580 quem
1126 3513 1338 3582 juraret
1370 3511 1852 3581 majorem,juravit
1866 3528 1956 3583 per

351 3597 679 3666 semetipsum
701 3597 927 3671 (Supra,
961 3616 1034 3666 tv,
1057 3600 1135 3672 2).
1161 3601 1231 3656 Et
1257 3603 1308 3657 in
1337 3603 1437 3658 hoc
1463 3603 1655 3658 eodem
1686 3603 1952 3675 propheta

350 3709 511 3766 supra
541 3697 768 3769 legimus
798 3716 809 3752 :
842 3696 1046 3750 Iuravit
1085 3697 1334 3752 Dominus
1376 3699 1434 3752 in
1473 3709 1654 3754 sancto
1682 3715 1796 3764 suo,
1836 3700 1953 3756 sive

351 3804 442 3857 per
482 3797 689 3844 sanctos
719 3805 838 3844 suos
865 3805 880 3842 :
909 3790 1031 3861 quia
1059 3805 1172 3843 ecce
1199 3790 1309 3844 dies
1339 3791 1538 3844 venient
1567 3808 1720 3864 super
1755 3809 1862 3860 vos,
1907 3803 1953 3844 et

351 3881 533 3936 tollent
557 3898 644 3937 vos
671 3883 724 3936 in
765 3885 945 3943 armis.
991 3883 1110 3938 sive
1145 3884 1200 3937 in
1251 3885 1438 3950 rantis,
1481 3893 1537 3939 et
1585 3886 1816 3955 reliqua.
1849 3885 1953 3953 Qui

352 3990 488 4046 ergo
519 3978 666 4046 prius
693 3978 747 4032 in
774 3989 965 4034 sancto
987 3991 1108 4048 suo,
1138 3978 1251 4033 sive
1282 3995 1378 4048 per
1401 3987 1622 4034 sanctos
1653 3995 1781 4036 suos
1801 3982 1949 4049 jura-

349 4080 522 4137 verat,
581 4086 723 4127 nunc
765 4074 912 4142 jurat
951 4083 1141 4129 contra
1187 4073 1501 4144 superbiam
1535 4075 1704 4131 Jacob
1745 4095 1757 4130 :
1801 4085 1861 4132 ut
1904 4077 1950 4132 si

350 4179 458 4218 non
501 4165 732 4221 credunt
783 4167 1160 4233 con'nuiuanli,
1192 4168 1418 4224 credant
1445 4171 1648 4238 juranti
1683 4171 1734 4224 in
1761 4171 1948 4228 buma-

349 4271 472 4312 nam
505 4258 920 4314 similitudinem
949 4277 960 4312 :
986 4259 1464 4330 quijuramentum
1492 4273 1617 4318 tunc
1638 4273 1944 4328 assumunt,

346 4351 562 4423 quando
593 4352 931 4422 simplicibus
975 4369 1166 4409 eorum
1197 4357 1376 4412 verbis
1409 4373 1512 4412 non
1541 4359 1802 4414 creditur.
1836 4358 1946 4415 Nec

343 4444 540 4498 mirum
573 4443 724 4498 estsi
753 4445 894 4500 Deus
920 4446 1111 4513 jurare
1137 4447 1369 4515 dicatur,
1395 4465 1518 4505 cum
1542 4450 1944 4506 dormientibus

341 4536 602 4600 dormiat,
633 4545 688 4592 et
717 4537 1069 4608 vigilantibus
1099 4543 1286 4613 vigilet
1312 4563 1324 4596 :
1351 4543 1544 4606 hisque
1569 4546 1658 4615 qui
1692 4547 1792 4600 sibi
1826 4546 1946 4601 the-

2061 3321 2144 3376 sol
2169 3321 2302 3376 hora
2335 3331 2490 3376 sexta
2520 3323 2751 3378 retraxit
2775 3322 2957 3376 radios
2987 3337 3136 3390 suos,
3163 3331 3220 3378 et
3243 3323 3569 3392 pendentem
3601 3325 3656 3377 in

2059 3430 2222 3472 cruce
2252 3415 2539 3471 Dominqu
2575 3432 2732 3471 suum
2773 3425 3024 3487 spectare
3054 3431 3162 3472 non
3194 3431 3360 3472 ausus
3391 3428 3474 3472 est
3498 3416 3650 3487 (Luc.

2057 3509 2212 3579 χχιιι)
2242 3527 2254 3563 :
2283 3509 2504 3578 quando
2540 3511 2781 3565 tenebris
2806 3519 3006 3566 cuncta
3033 3511 3464 3581 compleutibus,
3500 3509 3652 3565 l‘cSti-

2058 3604 2254 3659 vitates
2285 3619 2479 3660 eorum
2511 3614 2566 3660 et
2596 3607 2832 3669 cantica,
2866 3605 3200 3676 Vespasiano
3230 3606 3465 3676 Titoque
3490 3620 3654 3675 supc-

2059 3700 2336 3766 rantibus,
2381 3699 2436 3755 in
2497 3701 2774 3770 planctum
2833 3700 3150 3770 luctumque
3205 3711 3412 3755 mutata
3470 3711 3591 3755 sunt
3640 3718 3653 3756 :

2056 3795 2275 3863 quando
2296 3794 2659 3866 lacrymarum
2690 3804 2744 3848 et
2769 3793 3121 3862 paenitudinis
3149 3804 3204 3850 ct
3230 3795 3537 3850 ciliciorum
3572 3810 3656 3850 tc-

2058 3890 2200 3959 pleta
2235 3897 2362 3944 sunt
2393 3890 2601 3956 omnia,
2632 3900 2688 3944 et.
2715 3890 2893 3959 capita
2927 3888 3166 3945 habuere
3197 3889 3502 3955 calvitium,
3535 3905 3656 3959 qum

2056 3983 2205 4052 prius
2225 3983 2617 4038 Nazarazorum
2643 3983 2900 4040 decorata
2925 3984 3170 4050 cwsarie,
3197 3999 3406 4039 comam
3426 3985 3657 4038 Domino

2057 4077 2393 4131 nutriebant.
2423 4075 2575 4131 Tunc
2617 4077 3017 4147 prituOgenitus
3065 4077 3205 4131 lilius
3247 4077 3375 4144 Dei,
3427 4077 3657 4147 populus

2052 4170 2258 4235 Israel,
2301 4171 2389 4241 qui
2436 4170 2488 4224 in
2530 4169 2877 4241 Unigeuitum
2919 4180 2972 4226 et
3017 4186 3146 4226 vere
3187 4171 3386 4226 Filium
3421 4171 3511 4226 Dei
3552 4172 3655 4224 mi—

2052 4273 2196 4317 serat
2229 4279 2478 4327 mauum,
2510 4273 2718 4318 teter-no
2750 4264 2920 4318 luctui
2949 4263 3184 4318 traditus
3223 4273 3306 4318 est
3345 4282 3360 4320 :
3389 4272 3443 4318 et
3476 4265 3655 4318 novis-

2051 4356 2188 4410 sima
2211 4356 2354 4426 ejus,
2388 4357 2500 4411 sive
2532 4356 2621 4426 qui
2647 4355 2807 4429 34],
2839 4373 2962 4411 cum
2987 4371 3052 4411 eo
3077 4367 3258 4424 erant,
3290 4357 3598 4411 amaritudo
3623 4373 3652 4411 c

2051 4455 2178 4500 sunt
2211 4448 2436 4516 repleta.
2484 4445 2639 4500 Nunc
2670 4461 2798 4516 ergo
2849 4447 2954 4500 illis
2987 4445 3313 4501 habentibus
3363 4447 3650 4509 tenebras.

2051 4538 2141 4607 qui
2174 4539 2494 4606 repulerunt
2516 4539 2686 4592 solem
2708 4537 2938 4606 juslitim
2965 4555 2978 4592 :
3009 4553 3106 4592 nos
3129 4539 3219 4607 qui
3248 4538 3573 4595 sedebamus
3597 4542 3648 4596 in

340 4630 756 4687 saurizaveruut
781 4633 914 4687 iram
945 4635 995 4688 iu
1023 4633 1111 4690 die
1156 4636 1272 4701 irae,
1303 4637 1514 4690 dicatur
1559 4638 1718 4693 irasci
1763 4639 1938 4711 (Rom.
1971 4615 2022 4674 Ϊ)
2051 4629 2292 4685 tenditis
2321 4639 2375 4685 el
2407 4630 2460 4684 in
2481 4630 2669 4684 "mitra
2697 4631 2908 4696 mortis.
2933 4630 3172 4685 Vidimus
3201 4632 3374 4687 lucem
3399 4649 3646 4705 magnam

340 4723 613 4795 tt)..lurat
655 4733 860 4791 autem,
913 4726 1058 4795 quod
1111 4743 1216 4782 non
1267 4729 1622 4784 obliviscatur
1667 4745 1838 4800 usque
1890 4731 1941 4784 in

340 4815 502 4870 linem
535 4832 760 4886 operum
795 4833 1021 4884 eorum;
1073 4819 1323 4888 superbis
1353 4820 1495 4873 enim
1527 4820 1670 4875 Deus
1711 4820 1938 4888 resistit,

337 4908 637 4965 humilibus
667 4919 848 4966 autem
878 4911 970 4967 dat
999 4913 1226 4982 gratiam
1261 4912 1469 4983 (Iacob.
1496 4913 1604 4986 tv);
1638 4915 1731 4970 sed
1759 4916 1939 4970 omnia

336 5005 652 5059 memoriter
679 5015 863 5061 teneat
909 5020 1264 5076 quascumque
1294 5010 1657 5076 peccaverint,
1691 5017 1746 5062 et
1769 5025 1940 5076 usque

335 5094 402 5149 ad
434 5095 596 5151 linem
625 5097 885 5166 etjudicii
911 5107 1126 5168 tempus
1149 5097 1400 5153 adducat.
1435 5099 1586 5154 Unde
1609 5100 1937 5169 pmuitcntes

333 5184 443 5260 [AL
471 5187 760 5261 patientes]
786 5199 981 5260 rogant
1011 5207 1025 5244 :
1061 5189 1143 5243 Ne
1168 5191 1463 5245 memineris
1484 5193 1812 5262 iniquitatum
1835 5209 1931 5247 no-

331 5292 558 5336 strarum
588 5284 1356 5355 antiquarum(Psal.Lxxvttt,
1377 5285 1464 5356 8):
1483 5289 1784 5358 przesertim
1806 5303 1926 5344 cum

331 5373 592 5429 adversus
623 5375 890 5446 superbos
941 5378 1056 5448 ipsa
1086 5387 1226 5432 terra
1260 5388 1562 5445 moveatur,
1593 5380 1708 5436 sive
1754 5383 1932 5437 turbe-

333 5474 419 5520 tur
449 5474 504 5520 et
535 5467 734 5537 lugeat,
770 5483 879 5524 non
910 5468 1137 5524 colonus
1179 5475 1235 5525 et
1264 5469 1491 5536 advena,
1524 5471 1620 5527 sed
1657 5472 1932 5530 habitator

328 5558 495 5628 ejus:
537 5570 593 5615 ct
649 5562 912 5617 ascendat
959 5561 1101 5618 sicut
1154 5561 1352 5618 lluvius
1397 5567 1817 5632 consummatio,
1872 5578 1924 5624 et

327 5653 618 5709 descendat
651 5656 789 5710 sicut
815 5654 980 5727 3&0
1008 5654 1209 5712 ﬂumen
1247 5655 1469 5731 Egypti
1503 5677 1517 5714 :
1548 5667 1607 5714 ut
1632 5660 1723 5731 qui
1753 5664 1923 5730 egerit

328 5745 726 5816 paenitentiam,
761 5749 1021 5804 ascendat
1067 5765 1191 5806 cum
1233 5750 1397 5807 ﬂuvio
1449 5752 1746 5809 scandente
1787 5758 1920 5826 :qui

327 5849 509 5896 autem
551 5841 986 5910 perseveraverit
1035 5843 1088 5898 in
1135 5843 1375 5916 delictis,
1436 5846 1735 5904 descendat
1784 5851 1924 5906 sicut

2047 4722 2203 4795 (lsai.
2243 4722 2343 4795 tv),
2374 4731 2427 4776 et
2450 4722 2669 4776 illorum
2704 4723 2956 4779 universa
2987 4723 3257 4779 festivitas
3287 4725 3354 4779 ad
3389 4727 3648 4782 Ecclesia:

2048 4816 2313 4872 translata
2343 4825 2430 4872 est
2453 4818 2732 4888 mysteria,
2767 4829 2844 4883 ut,
2875 4818 2984 4872 illis
3018 4817 3296 4885 ﬂentibus,
3329 4835 3428 4875 nos
3461 4823 3647 4876 laudes

2048 4909 2278 4964 Domino
2301 4913 2680 4966 concinamus.
2714 4910 2795 4965 Illi
2831 4927 2927 4982 pro
2953 4927 3088 4966 zona
3119 4913 3477 4983 accinguntur
3506 4915 3644 4969 l‘uui-

2046 5006 2144 5060 bus
2167 5016 2223 5061 et
2243 5005 2466 5062 ciliciis:
2491 5007 2781 5062 uobiscum
2797 5008 3060 5078 apostolis
3083 5008 3282 5063 dicitur
3303 5026 3317 5063 :
3344 5011 3463 5064 Sint
3485 5011 3644 5066 lumbi

2044 5103 2197 5156 vestri
2227 5104 2493 5174 prtccincti
2523 5100 2636 5174 [ΑΙ.
2677 5103 2942 5175 accincti],
2975 5114 3024 5157 et
3069 5103 3293 5159 lucet-nat
3321 5103 3560 5159 ardentes
3591 5106 3641 5158 in

2045 5194 2281 5247 manibus
2327 5194 2506 5248 vestris
2536 5194 2690 5266 (Luc.
2723 5209 2828 5259 χιι,
2861 5194 2977 5264 55).
3028 5193 3137 5250 Nos
3172 5195 3405 5250 accincti
3452 5209 3641 5250 sumus

2038 5286 2240 5341 Christi
2265 5286 2520 5356 veritate,
2552 5287 2845 5358 implentes
2875 5287 3004 5342 illud
3030 5287 3173 5358 quod
3204 5289 3470 5356 scriptum
3505 5303 3583 5344 εει
3623 5309 3635 5346 :

2039 5380 2188 5436 State
2218 5382 2438 5435 accincti
2477 5381 2676 5435 lumbos
2704 5391 2900 5435 vestros
2944 5382 2995 5435 in
3040 5383 3256 5436 veritate
3295 5383 3514 5455 (Ep-hes.
3548 5401 3636 5452 \‘l,

2037 5476 2150 5546 H).
2183 5476 2264 5530 llli
2294 5485 2476 5530 autem
2524 5491 2623 5544 pro
2669 5476 2898 5532 veritate
2928 5476 3254 5532 circumdati
3281 5490 3405 5532 sunt
3433 5479 3636 5535 diaboli

2037 5570 2342 5626 mendacio.
2369 5570 2632 5625 Nostrum
2658 5579 2843 5638 caput,
2869 5569 2937 5624 de
2954 5585 3062 5638 quo
3083 5569 3339 5625 Salvator
3363 5571 3635 5642 loquitur:

2041 5662 2210 5717 Vestri
2238 5673 2412 5717 autem
2441 5674 2485 5717 et
2514 5662 2694 5734 capilli
2723 5662 2916 5729 capitis
2944 5664 3204 5718 numerati
3229 5674 3347 5718 sunt
3371 5663 3548 5738 (Matt.
3580 5683 3629 5733 Χ,

2033 5757 2148 5830 50),
2183 5757 2349 5812 habet
2393 5771 2604 5813 comam
2640 5765 2997 5826 perpetuam,
3032 5765 3086 5811 et
3126 5757 3178 5812 itt
3213 5759 3389 5828 capite
3422 5771 3634 5829 nosu'o,

2033 5853 2126 5923 qui
2155 5850 2410 5907 Christus
2441 5859 2547 5918 est,
2581 5849 2960 5906 fortitudinem
2995 5849 3356 5922 possidemus,
3388 5863 3442 5910 ul
3472 5853 3637 5910 inter:-
