4084 6340
498 267 638 326 1085

1719 273 1778 332 Β.
1823 271 2103 332 EUSEBI‘I
2135 271 2522 332 HIEME?!"

3649 274 3784 333 1084

495 378 740 433 licianms
763 378 1000 436 leonem.
1027 381 1111 436 illi
1135 392 1314 438 autem
1340 383 1686 442 dormierunt
1712 387 1763 441 in
1792 386 2095 442 meretricis
2123 390 2177 452 Α
2201 387 2256 443 in
2287 399 2392 459 qus
2424 387 2678 443 Christus
2703 386 2974 454 cernitur,
3016 386 3199 456 passio
3243 387 3461 446 Domini
3501 397 3560 445 et
3605 405 3786 446 resur-

493 486 782 544 synagogre
811 475 1041 544 genibus
1083 475 1284 546 (Judic.
1325 479 1458 550 xw),
1499 489 1556 536 et
1584 480 1807 536 diabolo
1837 481 2098 537 tondente

495 564 699 628 derasi,
720 567 974 622 virtutem
1003 569 1196 637 capitis
1222 571 1600 639 perdiderunt,
1629 576 1949 629 amittentes
1973 589 2094 628 cum

497 661 692 714 robore
715 663 930 727 oculos,
951 664 1022 719 de
1041 667 1308 734 quibusin
1334 668 1668 725 Ecclesiaste
1689 672 1952 742 scriptum
1979 679 2092 726 est:

497 751 764 822 Sapientis
795 755 932 810 oculi
962 761 1015 811 in
1057 761 1227 826 capite
1256 764 1374 832 ejus
1403 778 1422 816 :
1454 765 1543 834 qui
1571 772 1744 818 autem
1771 766 1958 818 stultus
1985 773 2094 831 est,

493 849 548 901 in
579 849 798 902 tenebris
829 850 1062 906 ambulat
1092 850 1287 922 (Eccli.
1322 871 1380 922 Il,
1410 854 1520 924 Mi.
1555 856 1776 912 Illorum
1809 858 1946 914 socii
1976 872 2097 912 ver-

496 954 690 996 santur
710 945 764 998 in
792 945 962 1011 luctu,
986 947 1160 1002 nostri
1187 949 1414 1004 comites
1435 951 1739 1007 induuntur
1769 952 1973 1008 laetitiae
1999 967 2096 1008 ve-

498 1043 775 1090 sttntettto.

569 1129 747 1198 (Vers.
781 1132 862 1193 ll.
893 1131 1006 1203 l2.)
1033 1132 1168 1188 Ecce
1190 1136 1298 1190 dies
1321 1138 1550 1199 veniunt,
1582 1139 1707 1191 dicit
1726 1135 2015 1204 Dominus,
2049 1148 2097 1192 et

502 1223 733 1275 emittam
773 1222 955 1296 [ναις.
1009 1228 1256 1300 mittam].
1291 1229 1482 1298 famem
1512 1248 1666 1302 super
1715 1241 1904 1284 terram
1929 1247 1948 1285 :
1989 1248 2094 1286 non

497 1318 688 1385 famem
715 1320 886 1390 panis,
921 1337 1083 1392 neque
1105 1323 1244 1376 sitim
1272 1340 1440 1394 aquar,
1489 1326 1579 1379 sed
1611 1326 1859 1379 audiendi
1887 1326 2094 1378 verbum

501 1407 733 1462 Domini.
778 1408 846 1463 Et
871 1413 1326 1469 commovcbuutur
1355 1432 1384 1466 α
1413 1417 1548 1468 mari
1587 1432 1743 1487 usque
1792 1416 1860 1470 ad
1907 1433 2050 1470 mare
2075 1431 2096 1472 :

499 1510 548 1554 et
573 1503 634 1554 ab
665 1501 920 1570 Aquilone
947 1522 1112 1576 usque
1142 1507 1212 1559 ad
1250 1506 1514 1562 Orientem
1539 1509 1825 1563 cirt'uibunt
1855 1526 2092 1580 quaeren-

501 1603 576 1648 tes
605 1595 810 1649 verbum
839 1596 1074 1666 Domini,
1109 1591 1156 1652 et
1186 1617 1286 1653 non
1310 1601 1585 1656 inuenient.
1619 1600 1684 1655 In
1709 1603 1795 1657 die
1830 1601 1924 1656 illa
1965 1601 2097 1672 tle/i-

472 1681 479 1692 ’
504 1687 636 1740 cient
659 1689 880 1761 uirgines
910 1689 1170 1760 pulchris,
1203 1702 1250 1745 et
1279 1693 1628 1749 adolescentes
1653 1695 1706 1749 in
1733 1697 1820 1749 siti
1844 1711 1864 1750 :
1893 1696 1980 1767 qui
2003 1698 2096 1766 ju-

2200 481 2370 536 rectio
2425 481 2723 548 reperitur.
2781 480 3138 536 Circumeunt
3174 480 3386 544 orbem,
3436 491 3493 536 et
3539 492 3790 553 quaerunt

2202 573 2426 627 verbum
2462 571 2702 636 Domini,
2754 581 2807 625 et
2859 587 2968 625 non
3007 572 3332 626 inveniunt:
3379 573 3514 644 quia
3555 573 3786 630 Verbum

2200 666 2414 721 Domini
2469 674 2828 736 negaverunt,
2886 666 3030 735 quod
3063 666 3262 720 factum
3293 677 3378 721 est
3430 668 3482 721 in
3536 670 3786 724 manibus

2198 763 2442 816 omnium
2469 760 2884 832 prophetarum,
2918 761 3064 830 quod
3099 761 3150 816 in
3185 762 3458 832 principio
3501 762 3646 830 apud
3697 763 3790 816 Pa-

2200 863 2338 910 trem
2384 865 2519 918 erat,
2576 853 2722 925 quod
2750 868 2882 908 caro
2911 853 3114 909 factum
3163 864 3268 921 est,
3318 865 3374 908 et
3419 854 3688 910 habitavit
3735 858 3790 911 in

2198 951 2354 1006 nobis
2385 949 2564 1021 (Joan.
2590 951 2657 1018 t).
2697 949 2753 1001 In
2780 949 2874 1002 illo
2907 959 3154 1016 tempore
3201 948 3519 1004 defecerunt
3547 951 3789 1019 virgines

2198 1042 2470 1115 pulchrae,
2496 1051 2551 1098 et
2579 1041 2974 1105 adolescentes,
2998 1041 3113 1098 sive
3139 1041 3324 1108 eleCIi,
3352 1051 3517 1113 atque
3539 1042 3793 1099 doctores

2197 1138 2326 1211 (hoc
2348 1138 2493 1192 enim
2542 1137 2818 1207 signiﬁcat
2843 1151 3043 1192 suum
3070 1137 3301 1207 (nt-1.1:)
3332 1136 3350 1205 )
3378 1137 3700 1193 defecerunt
3738 1138 3792 1194 in

2197 1231 2310 1285 siti.
2349 1230 2599 1299 Virgines
2633 1239 2660 1267 ι
2684 1230 2935 1299 pulchras
2962 1244 3268 1301 synagogas
3317 1232 3790 1300 interpretantur,

2197 1333 2252 1378 et
2300 1323 2528 1385 electos,
2557 1322 2850 1392 magistros
2898 1321 3104 1391 populi.
3135 1322 3234 1388 Liui
3281 1337 3408 1377 eum
3462 1321 3790 1389 defecerint,

2199 1415 2606 1471 maledictiones
2645 1415 3060 1470 Deuteronmnii
3093 1415 3145 1469 in
3197 1415 3395 1484 popqu
3423 1415 3654 1474 Iudaico
3690 1417 3790 1473 do-

2198 1517 2323 1561 cent
2379 1523 2502 1563 esse
2553 1508 2856 1577 completas
2887 1506 3071 1579 (Deut.
3117 1523 3297 1574 xxvn,
3348 1525 3554 1576 xxvut,
3613 1511 3788 1582 xm).

2199 1604 2262 1658 lli
2283 1602 2444 1658 electi
2469 1612 2630 1672 atque
2655 1602 2908 1657 doctores
2927 1602 3246 1672 iuraverunt
3271 1603 3322 1657 in
3346 1603 3491 1659 idolo
3509 1604 3793 1669 Samaria,

2199 1698 2250 1749 in
2295 1695 2478 1750 vito-lis
2522 1695 2732 1750 scilicet
2754 1693 2957 1760 aureis,
3012 1703 3068 1749 et
3123 1693 3427 1750 dixerunt:
3473 1695 3608 1750 Vivit
3659 1698 3787 1751 deus

501 1789 621 1832 rant
649 1782 701 1835 in
752 1781 943 1838 delicto
974 1782 1251 1850 Samaria,
1283 1796 1330 1839 et
1357 1786 1555 1840 dicunt.
1597 1786 1734 1840 Vivit
1776 1789 1904 1843 deus
1947 1798 2089 1857 tuus,
2126 1780 2171 1840 Β
2201 1797 2340 1854 tuus,
2399 1786 2535 1854 Dan,
2588 1789 2641 1843 in
2669 1787 2920 1842 terminis
2967 1786 3130 1860 353
3182 1800 3347 1844 terra:
3398 1787 3666 1857 Iudaica),
3693 1790 3786 1844 ubi

501 1871 642 1940 Dan,
687 1884 734 1928 et
761 1877 880 1929 vivit
932 1880 1013 1931 via
1044 1878 1339 1934 Bersabee:
1371 1892 1418 1934 et
1448 1880 1651 1944 cadent,
1686 1891 1736 1937 et
1774 1901 1876 1938 non
1924 1901 2096 1939 resur-

503 1979 621 2039 gent
651 1970 810 2023 ultra.
859 1970 1004 2026 LXX
1035 1991 1047 2026 :
1082 1973 1214 2027 Ecce
1242 1976 1350 2028 dies
1392 1977 1628 2042 veniunt,
1678 1977 1802 2030 dicit
1848 1977 2099 2034 Dominus

503 2061 667 2129 Deus,
691 2074 737 2119 et
765 2067 1197 2135 emittantfamem
1219 2086 1376 2138 super
1408 2080 1596 2124 terram
1625 2088 1642 2125 :
1669 2087 1772 2126 non
1793 2076 1984 2142 [amem
1999 2090 2095 2144 pa-

505 2158 610 2222 nis,
636 2175 800 2227 neque
819 2160 962 2214 sitim
993 2177 1162 2231 aqua,
1222 2162 1312 2216 sed
1363 2166 1552 2234 famem
1580 2165 1826 2219 audiendi
1882 2168 2097 2220 verbum

509 2249 736 2306 Domini.
773 2252 840 2306 Et
879 2256 1328 2311 commovebuntur
1351 2273 1500 2328 aqme
1541 2259 1606 2312 de
1645 2261 1780 2314 mari
1821 2277 1984 2331 usque
2030 2260 2100 2314 ad

504 2362 645 2399 mare
676 2363 692 2399 :
719 2358 764 2401 et
785 2349 848 2402 ab
892 2349 1148 2418 Aquilone
1193 2369 1355 2423 usque
1384 2355 1452 2407 ad
1480 2355 1758 2412 LOrientem
1808 2358 2100 2410 circuibunt

505 2451 792 2510 quarentes
824 2444 1032 2497 verbum
1079 2444 1312 2514 Domini,
1365 2460 1412 2502 et
1436 2466 1538 2503 non
1589 2452 1869 2522 invenient.
1899 2450 1964 2506 In
2018 2452 2104 2507 die

507 2531 604 2585 illa
629 2532 866 2603 deficient
896 2536 1120 2608 virgines
1150 2539 1401 2609 pulchris,
1428 2551 1478 2594 et
1510 2542 1724 2610 juvenes
1749 2544 1802 2595 in
1840 2545 1927 2597 siti
1950 2559 1968 2598 :
2013 2544 2100 2615 qui

497 2619 683 2698 jurant
719 2645 812 2701 per
868 2632 1289 2700 propitiationem
1352 2635 1607 2690 Samaria:
1653 2652 1672 2690 :
1721 2638 1810 2707 qui
1871 2637 2050 2691 dicunt
2083 2652 2103 2692 :

517 2716 651 2773 Vivit
677 2720 804 2774 deus
826 2730 966 2789 tuus,
999 2724 1138 2785 Dan.
1165 2734 1214 2779 et
1243 2726 1364 2780 vivit
1397 2728 1522 2782 deus
1546 2737 1684 2796 tuus,
1718 2727 1972 2783 Bersabee
1996 2745 2015 2784 :
2053 2740 2100 2784 et

509 2811 718 2877 cadent,
749 2824 794 2867 et
822 2831 925 2869 non
949 2815 1112 2888 342
1139 2830 1404 2888 resurgent
1445 2821 1690 2888 amplius.
1723 2823 1888 2895 Aqua:
1917 2824 1968 2878 in
1995 2824 2103 2880 He-

511 2901 698 2958 braico
733 2921 839 2961 non
878 2905 1168 2972 habentur,
1211 2920 1258 2964 et
1303 2912 1631 2983 propitiatio,
1675 2929 1840 2984 quam
1893 2931 1992 2969 nos
2047 2916 2100 2970 in

511 2995 752 3051 delictum
784 3001 1068 3064 vertimus;
1122 3004 1264 3059 etab
1313 3005 1564 3061 llebrazis
1587 3016 1814 3064 vocatur
1851 3024 2102 3065 nsunt!

511 3089 778 3161 (nmen),
818 3092 1020 3148 idolum
1049 3095 1322 3165 signiﬁcat
1354 3113 1368 3150 :
1401 3099 1546 3168 quod
1604 3100 1932 3170 principium
1970 3118 2101 3172 pee-

2205 1899 2345 1937 nunc
2369 1883 2576 1937 Paneas
2606 1890 2712 1948 est,
2742 1892 2796 1936 et
2827 1897 2890 1935 eo
2922 1891 3167 1951 tempore
3196 1881 3396 1937 vitulus
3418 1899 3625 1939 aureus
3646 1884 3799 1940 cole-

2207 1979 2366 2032 batur
2399 1995 2412 2030 :
2445 1988 2492 2031 et
2523 1978 2642 2030 rieit
2674 1977 2756 2030 via
2781 1974 3055 2041 Bersabee,
3088 1975 3213 2044 quia
3247 1975 3411 2046 longo
3439 1977 3566 2031 illuc
3593 1986 3652 2031 et
3675 1991 3802 2032 raro

2203 2071 2399 2124 itinere
2426 2067 2830 2130 commeabant,
2858 2075 3079 2135 prepter
3101 2080 3259 2136 reges
3292 2066 3452 2122 ludat
3473 2067 3655 2137 iustos
3706 2083 3802 2139 pa-

2203 2163 2337 2216 riter
2368 2171 2422 2214 ct
2451 2161 2708 2228 iniustos.
2760 2159 2822 2213 Et
2856 2160 2980 2226 quia
3008 2157 3112 2214 hoc
3144 2159 3416 2227 fecerunt,
3451 2159 3656 2216 idcirco
3677 2175 3802 2215 cor-

2203 2265 2383 2324 ruent,
2429 2263 2484 2310 et
2516 2270 2622 2308 non
2656 2262 2946 2321 resurgent
2986 2252 3244 2322 amplius,
3276 2253 3330 2308 id
3361 2263 3478 2323 est,
3517 2269 3623 2310 non
3661 2254 3803 2310 reci-

2203 2349 2353 2418 pient
2405 2358 2775 2409 enmstattnn,
2829 2360 2990 2412 quem
3047 2346 3198 2416 prius
3247 2345 3556 2402 habuerant
3592 2366 3605 2401 :
3640 2347 3803 2404 Mittit

2203 2450 2382 2496 autem
2417 2440 2674 2495 Dominus
2705 2440 2902 2493 famem
2926 2439 2979 2492 in
3002 2446 3204 2494 terram
3231 2454 3399 2510 super
3419 2456 3537 2506 eos,
3569 2441 3658 2511 qui
3693 2450 3801 2496 tero

2207 2552 2336 2591 rena
2366 2538 2620 2607 sapiunt:
2670 2545 2726 2590 et
2776 2537 2969 2589 famem
2995 2550 3102 2589 non
3145 2537 3322 2606 panis,
3373 2524 3632 2608 sitimque
3687 2553 3794 2593 non

2204 2646 2382 2699 aquai,
2438 2631 2530 2684 sed
2584 2627 2842 2684 audiendi
2873 2627 3102 2682 verbum
3136 2629 3377 2698 Domini,
3419 2631 3639 2700 quando
3678 2647 3801 2700 pro-

2209 2736 2330 2795 pter
2364 2736 2586 2794 peecata
2613 2724 2795 2796 populi
2821 2721 3072 2777 doctrina
3102 2722 3287 2778 deﬁcit
3338 2724 3444 2797 [Αι.
3473 2723 3698 2797 defecit]
3747 2727 3801 2780 in

2210 2818 2470 2872 Ecclesiis
2505 2836 2516 2871 :
2551 2829 2605 2871 et
2659 2833 2688 2872 a
2741 2815 2877 2872 mari
2915 2830 3086 2885 usque
3138 2819 3204 2872 ad
3237 2835 3440 2888 ;mare,
3480 2819 3532 2874 id
3579 2828 3682 2882 est,
3714 2817 3740 2856 δ
3765 2835 3798 2874 a

2205 2911 2366 2967 salsis
2395 2923 2450 2967 et
2481 2914 2850 2970 atnarissimis
2878 2917 3136 2972 ﬂuctibus
3174 2928 3347 2984 usque
3379 2913 3444 2967 ad
3478 2928 3632 2968 mare
3675 2927 3800 2982 per-

2207 3008 2436 3062 veniunt
2471 3026 2482 3059 :
2519 3023 2624 3063 non
2656 3021 3002 3066 occurrentes
3027 3009 3362 3074 ﬂuminibus,
3392 3024 3498 3061 non
3527 3006 3779 3061 dulcissi-

2208 3102 2308 3155 mis
2339 3111 2392 3157 et
2436 3104 2602 3158 variis
2633 3103 2896 3170 fontibus,
2930 3105 3026 3162 sed
3049 3119 3243 3160 rursus
3271 3103 3338 3158 ad
3363 3118 3544 3157 amara
3574 3117 3802 3157 curren-

510 3196 758 3238 catorum
819 3197 924 3242 est.
996 3189 1162 3245 Vetus
1215 3204 1400 3247 narrat
1457 3195 1708 3260 historia,
1759 3205 1868 3250 tam
1909 3196 2102 3252 Latina
2131 3179 2179 3246 Β
2212 3204 2290 3250 tes
2323 3214 2335 3249 :
2372 3205 2424 3250 et
2475 3196 2546 3250 ab
2572 3198 2837 3268 Aquilone
2869 3215 3038 3268 usque
3067 3197 3136 3254 ad
3164 3196 3470 3258 Orientem,
3520 3195 3800 3262 Cupientes

508 3292 668 3340 quam
693 3277 904 3346 Grutca,
936 3291 989 3336 et
1016 3284 1264 3338 omnium
1296 3287 1544 3356 gentium
1565 3288 2102 3358 barbararum,nlltil

511 3365 656 3424 fame
689 3370 901 3439 durius,
933 3390 1053 3443 quae
1085 3390 1232 3447 szepe
1259 3381 1542 3449 compellit
1571 3382 1828 3437 obsessos
1855 3383 2104 3439 immanis

515 3465 663 3518 vesci
694 3468 976 3534 carnibus,
1001 3481 1056 3524 et
1107 3478 1158 3524 in
1184 3486 1340 3527 suam
1371 3476 1567 3528 savire
1601 3487 1848 3532 naturam
1876 3493 1889 3531 :
1929 3479 2002 3532 ita
2049 3488 2106 3534 ut

513 3575 614 3616 nec
646 3573 904 3631 parentes
951 3566 1196 3634 parvulis
1223 3580 1442 3636 parcant
1489 3571 1695 3636 liberis,
1740 3582 1796 3626 et
1842 3574 2104 3628 maritaiis

510 3651 737 3708 allectus
759 3655 963 3710 dudum
998 3670 1192 3713 amatae
1221 3661 1407 3715 uxoris
1434 3663 1679 3718 membra
1721 3665 2006 3721 dilaceret.
2043 3665 2102 3721 Si

512 3747 614 3800 hoc
645 3749 776 3802 facit
799 3746 974 3803 fames
1018 3765 1334 3820 corporum,
1364 3754 1494 3824 quid
1539 3755 1607 3811 de
1640 3757 1780 3811 fame
1809 3759 2100 3814 dicendum

508 3849 593 3895 est
647 3841 997 3898 animarum?
1049 3861 1171 3915 qum
1205 3848 1258 3901 in
1288 3847 1378 3902 die
1409 3852 1841 3907 resurrectionis
1884 3854 2104 3910 Domini

510 3933 783 4002 oppressit
815 3937 1069 4005 populum
1093 3937 1428 4009 Judtcornm,
1453 3944 1712 4007 etjuneta
1745 3945 1872 4000 l‘ami
1903 3946 2104 3999 arden-

510 4027 716 4079 tissimtt
746 4026 889 4093 sitis,
923 4044 1028 4082 non
1062 4029 1374 4086 habentium
1422 4050 1642 4102 panem,
1695 4038 1788 4106 qui
1839 4037 1912 4093 de
1960 4040 2104 4095 caelo

511 4120 821 4185 descendit,
853 4132 908 4176 et
939 4137 1032 4176 eas
1065 4139 1254 4194 aquas.
1287 4142 1408 4196 qua:
1429 4128 1496 4182 de
1531 4127 1659 4186 Jesu
1692 4141 1882 4188 ventre
1912 4148 2102 4187 mana-

507 4226 658 4270 runt.
714 4215 908 4270 Ablata
963 4226 1049 4270 est
1079 4216 1147 4270 ab
1169 4221 1250 4273 eis
1283 4219 1414 4284 Lex.
1459 4231 1518 4277 et
1554 4222 1842 4294 Propheta:
1897 4234 2105 4283 aeterno

505 4307 816 4362 conticuere
840 4309 1063 4394 silentio
1095 4329 1108 4364 :
1141 4326 1429 4368 moventur
1467 4329 1496 4368 a
1523 4317 1662 4369 mari
1716 4317 1782 4371 ad
1832 4333 2002 4384 mare,
2050 4329 2108 4375 et

509 4399 576 4452 ab
605 4415 812 4456 oceano
840 4401 1180 4471 Britannico,
1233 4421 1406 4472 usque
1441 4407 1506 4462 ad
1558 4424 1822 4466 oceanum
1867 4414 2107 4470 Atlanti-

505 4505 649 4556 cum,
683 4493 734 4546 id
767 4505 874 4562 est,
908 4496 975 4549 ab
1001 4493 1300 4552 Occidente
1328 4498 1395 4554 ad
1423 4499 1726 4568 Meridiem,
1759 4514 1810 4558 et
1839 4506 1907 4559 ah
1929 4506 2102 4576 Aqui-

2209 3287 2532 3358 Aqnilonem
2561 3291 2818 3346 deserere
2841 3293 2954 3363 (qui
2981 3301 3065 3346 est
3108 3302 3310 3346 ventus
3358 3287 3709 3355 durissimus,
3748 3295 3802 3341 et

2205 3386 2276 3439 ab
2332 3386 2708 3455 ignorantibus
2754 3385 2956 3440 dester
2985 3382 3232 3457 vocatur)
3291 3394 3346 3439 et
3399 3383 3692 3452 pervenire
3735 3379 3800 3436 ad

2206 3482 2505 3542 Orientem,
2536 3493 2698 3547 quem
2732 3478 2979 3546 reperire
3030 3493 3136 3530 non
3191 3483 3449 3543 poterunt
3477 3491 3489 3526 :
3535 3476 3662 3542 quia
3695 3490 3799 3529 non

2208 3582 2356 3628 recto
2387 3583 2618 3642 pergunt
2673 3571 2890 3635 itinere,
2921 3570 3015 3625 sed
3043 3569 3216 3624 deviis
3263 3570 3614 3624 circumeunt
3652 3569 3802 3624 Calli-

2207 3669 2308 3722 bus
2339 3688 2350 3722 :
2382 3667 2634 3735 viamque
2663 3666 2863 3736 regiam
2897 3680 3004 3720 non
3047 3672 3326 3728 tenentes,
3368 3663 3556 3719 curvis
3596 3663 3802 3719 ducun-

2207 3771 2294 3816 tur
2320 3759 2677 3815 anfractibus.
2730 3758 2788 3812 lu
2852 3758 2950 3812 illo
3005 3769 3253 3826 tempore
3297 3756 3554 3812 deﬁcient
3606 3757 3802 3811 animae

2206 3853 2524 3924 virginales,
2555 3868 2691 3924 quas
2724 3853 3069 3921 incorruptae
3093 3851 3388 3923 Apostolus
3419 3851 3667 3908 nominat
3701 3869 3714 3905 :
3747 3859 3802 3906 et

2205 3949 2353 4016 cupit
2382 3960 2644 4002 aeternam
2680 3947 2994 4016 pudicitiam
3016 3945 3321 4015 possidere,
3344 3947 3595 4000 scribens
3616 3946 3681 4001 ad
3700 3946 3801 4000 Co-

2209 4039 2440 4094 rinthios
2474 4057 2485 4092 :
2521 4037 2787 4108 Despondi
2816 4039 2956 4090 enim
2989 4055 3076 4090 ros
3104 4039 3195 4090 uni
3237 4038 3348 4091 viro
3403 4038 3656 4108 virginem
3683 4055 3798 4092 cas-

2208 4142 2314 4186 tam
2368 4130 2606 4187 exltibere
2636 4131 2861 4186 Christo.
2893 4129 3074 4185 Timeo
3095 4141 3268 4184 autem
3312 4147 3374 4184 ne
3413 4132 3548 4185 sicut
3595 4148 3800 4200 serpens

2209 4224 2368 4279 Eram
2391 4225 2594 4279 seduxit
2619 4225 2813 4278 astutia
2837 4240 2954 4289 sua,
2981 4225 3058 4278 ita
3078 4234 3485 4291 corrumpantur
3504 4241 3686 4279 sensus
3697 4240 3802 4278 ves—-

2206 4322 2295 4388 tri,
2331 4330 2377 4373 et
2408 4319 2652 4373 excidant
2679 4338 2711 4373 a
2740 4317 3096 4387 simplicitate,
3122 4336 3236 4389 qua:
3272 4327 3347 4374 est
3377 4320 3430 4373 in
3461 4318 3672 4374 Clu-isto
3716 4321 3732 4388 (
3759 4318 3800 4374 ll

2207 4411 2326 4467 Cor.
2366 4429 2396 4466 ι
2428 4455 2442 4478 ,
2469 4412 2523 4480 ἓ,
2559 4411 2640 4482 5).
2676 4412 2744 4466 Et
2772 4413 2816 4466 si
2846 4419 3242 4467 essentomnes
3293 4412 3538 4482 virgines
3565 4413 3802 4482 pulchrae

2207 4507 2288 4562 vel
2306 4507 2785 4576 bon:e,numquam
2813 4504 3070 4574 dixisset,
3105 4505 3348 4574 deﬁcient
3365 4507 3590 4576 virgines
3615 4507 3756 4560 bona!
3779 4521 3799 4561 :

507 4584 816 4656 loneuSque
847 4589 914 4642 ad
946 4588 1524 4658 0rientem,totoorbe
1545 4571 2095 4666 peregrini,verbum
2131 4571 2180 4632 θ
2205 4599 2299 4654 sed
2332 4599 2395 4654 ad
2417 4571 2824 4654 distinctionem
2858 4571 3120 4652 malarum
3155 4571 3654 4667 virgiuutn'bonas
3700 4613 3793 4666 po-

515 4678 610 4733 Dei
645 4696 748 4734 non
781 4682 970 4738 valent
1033 4685 1304 4742 invenire.
1358 4687 1416 4742 ln
1469 4704 1580 4759 quo
1629 4691 1748 4746 loco
1789 4693 2096 4764 interroga-

508 4773 688 4829 himus
717 4775 962 4848 Judzeos,
997 4795 1157 4851 quam
1193 4781 1341 4836 illam
1375 4783 1522 4838 diem
1554 4784 1852 4856 signiﬁcari
1879 4797 2095 4859 putent,

505 4864 683 4935 inqua
708 4870 1012 4925 sustineant
1035 4871 1228 4928 famem
1258 4875 1510 4930 audiendi
1537 4879 1765 4934 verbum
1793 4880 1882 4935 Dei
1918 4899 1930 4935 :
1966 4897 2103 4949 νηη-

519 4963 712 5017 sertim
765 4980 886 5020 eum
944 4967 1138 5036 legant
1205 4968 1541 5038 Scripturas,
1613 4983 1666 5026 et
1737 4972 2099 5030 humilitatem

520 5070 827 5130 sequantur
860 5061 1104 5118 litterae?
1132 5062 1342 5130 Quibus
1403 5064 1702 5135 ingerimus
1735 5068 1842 5140 [ΑΙ.
1889 5070 2105 5142 ingere-

507 5155 863 5228 nnts]lamem
886 5171 1008 5213 esse
1040 5158 1354 5226 prtedietam
1384 5159 1758 5228 intelligentiae
1779 5163 2100 5234 spiritualis,

580 5326 605 5353 ι
647 5316 726 5371 Ad
761 5324 1068 5370 nostrorum
1126 5315 1371 5371 codicum
1408 5316 1592 5382 tidem,
1638 5325 1694 5371 et
1739 5313 2091 5374 Florentino-

505 5405 622 5442 rum
647 5405 782 5460 quos
815 5389 1084 5460 Victorius
1113 5389 1391 5443 consuluit
1420 5390 1596 5443 locum
1627 5387 2085 5444 huncitaemacu-

506 5459 767 5515 lavimus:
793 5475 955 5531 quem
983 5459 1327 5513 Martiarnnns
1356 5471 1697 5530 corruptum,
1733 5461 2085 5525 itnperl'et-t-t.

505 5542 600 5587 aut
631 5533 778 5586 nullo
807 5548 995 5599 sensu,
1029 5532 1190 5586 etiam
1227 5543 1347 5595 pnst
1395 5532 1615 5585 Victorii
1667 5536 1929 5586 monitum
1964 5533 2084 5586 reti-

506 5603 619 5658 nuit
647 5603 711 5656 ad
745 5604 886 5659 hunc
915 5605 1131 5659 modum
1164 5619 1176 5654 :
1224 5599 1458 5674 Virgines
1490 5601 1743 5673 pulchrw,
1771 5619 1897 5674 quas
1937 5620 2094 5673 syna-

499 5692 658 5746 gogas
691 5675 1108 5746 interpretamur,
1134 5681 1238 5727 etc.
1272 5673 1393 5730 Mox
1421 5688 1632 5743 quoque
1659 5689 1728 5726 ex
1751 5673 1938 5746 iisdem
1965 5688 2092 5729 mss.

503 5755 558 5798 et
596 5745 864 5800 Brixianis
899 5747 1036 5811 apud
1071 5745 1372 5800 Victorium
1404 5747 1588 5798 docent
1627 5745 1969 5814 reposuimus
2000 5762 2100 5815 pro

504 5815 719 5868 dicent:
745 5819 962 5872 scilicet
998 5817 1315 5884 ostendunt,
1362 5817 1778 5873 maledictiones
1835 5818 2098 5876 Deutet‘o-

2207 4694 2336 4754 suit.
2386 4711 2506 4764 qua:
2554 4702 2682 4746 sttnt
2731 4699 2936 4746 sanctre
2988 4705 3220 4760 corpore
3271 4699 3324 4745 et
3372 4690 3591 4759 spiritu.
3647 4688 3798 4744 Malas

2209 4789 2450 4859 virgines
2536 4788 2776 4856 quinque
2843 4793 2973 4839 sunt
3030 4785 3250 4850 stultae,
3298 4799 3421 4854 qua:
3465 4782 3800 4852 lampadibus

2207 4883 2322 4936 suis
2353 4881 2662 4934 oleumnon
2707 4887 3034 4947 paraverunt
3083 4874 3243 4948 (Mat.
3302 4874 3483 4942 mn).
3531 4875 3694 4929 Bome
3746 4881 3800 4928 et

2207 4974 2469 5046 speciosa:
2509 4973 2747 5042 virgines
2775 4971 2880 5026 illa:
2911 4983 3060 5036 sunt,
3099 4986 3223 5042 qua:
3269 4972 3448 5025 lumen
3499 4969 3799 5023 habuerunt

2206 5073 2486 5130 virtutum,
2517 5075 2574 5121 et
2598 5069 2780 5136 sponsi
2814 5067 3182 5136 |Al.spons:e)
3212 5064 3507 5118 thalamum
3539 5063 3794 5132 ingressa:

2207 5173 2354 5221 sunt.
2391 5161 2656 5216 Deticient
2679 5167 2860 5214 autem
2892 5155 3154 5227 virgines,
3191 5155 3318 5226 quia
3344 5155 3570 5210 verbum
3618 5153 3794 5209 Domi-

2199 5316 2367 5373 nomii
2397 5317 2510 5386 jam
2547 5330 2671 5370 esse
2699 5313 3024 5382 completas,
3061 5317 3344 5386 postquam
3376 5311 3523 5386 venit
3555 5320 3792 5386 tempus,

2191 5406 2298 5459 qun
2351 5381 2669 5444 defecerunt
2701 5381 2858 5439 electi
2912 5385 3097 5451 populi
3151 5383 3391 5459 tttagistrj
3429 5399 3442 5434 :
3476 5389 3601 5459 puta
3649 5381 3784 5451 quo-l

2198 5452 2229 5514 li
2252 5462 2448 5526 thetur,
2486 5476 2604 5527 cap.
2637 5460 2728 5518 28.
2762 5459 3048 5512 .lttdaicum
3083 5456 3344 5524 populum
3368 5452 3422 5508 in
3447 5454 3675 5527 caudam
3705 5469 3792 5522 po-

2199 5533 2460 5597 nendum,
2516 5526 2847 5588 serviturum
2905 5527 3140 5583 inimicis
3189 5528 3326 5594 suis,
3371 5534 3428 5582 et
3480 5526 3546 5579 ad
3594 5537 3790 5595 paucos

2201 5620 2429 5658 numero
2455 5605 2838 5674 redigendum.

2273 5675 2298 5713 δ
2336 5668 2607 5743 Οοι-ιτιινιὶέ
2630 5673 2995 5738 Murtianmus,
3031 5679 3085 5727 et
3115 5680 3307 5726 contra
3339 5683 3472 5726 mss.
3497 5668 3789 5724 editoruns-

2200 5763 2305 5818 que
2331 5747 2597 5802 librorum
2630 5745 2810 5810 tidem,
2841 5745 3010 5813 falsis.
