4120 6342
361 301 382 354 i
395 299 500 356 685

358 421 412 474 ni
440 429 548 474 non
571 419 870 476 invenient.
906 420 982 474 Ex
1013 433 1123 490 quo
1147 420 1524 489 intelligimus,
1561 419 1780 490 quando
1823 417 1952 474 doc-
1978 421 2026 481 Α

359 514 496 567 trina
526 525 635 568 non
661 512 823 567 fuerit
851 512 904 566 in
937 512 1218 579 Ecclesiis,
1257 514 1439 582 perire
1463 511 1803 580 pudicitiam,
1836 524 1957 565 cas-

357 608 568 662 titatem
603 607 766 673 mori,
798 621 988 661 omnes
1021 605 1184 678 3M
1207 606 1362 661 abire
1384 606 1652 661 virtutes:
1693 606 1816 674 quia
1846 619 1954 660 non

357 700 718 754 comederunt
766 699 995 753 verbum
1039 699 1279 764 Domini,
1321 698 1464 768 quod
1515 698 1604 767 qui
1653 696 1958 751 comederit

358 797 637 866 saginatus
663 793 780 864 ejus
809 795 956 860 cibo,
983 794 1166 848 audiet
1198 807 1293 863 per
1343 791 1694 847 Salomonem
1730 808 1743 845 :
1775 789 1958 847 Justus

361 889 628 943 comedens
678 897 879 943 saturat
931 890 1158 943 animam
1186 904 1336 942 suam
1365 905 1382 942 :
1411 887 1600 941 anima:
1642 896 1815 940 autem
1859 887 1956 939 im-

361 982 568 1052 piorum
596 983 819 1035 esuriem
858 981 967 1054 [AL
1002 979 1458 1054 esuriunt](Pron.
1510 995 1624 1046 xm,
1680 979 1765 1051 2).
1808 989 1829 1013 "
1893 980 1955 1033 Et

363 1072 530 1128 David
563 1074 651 1144 qui
682 1073 748 1128 ad
789 1083 1124 1130 senectutem
1167 1083 1522 1144 pervenerat,
1553 1072 1720 1127 libere
1749 1072 1952 1126 decan-

363 1167 512 1221 tabat
537 1185 550 1219 :
578 1165 793 1221 Iuvenis
817 1168 918 1238 fui,
946 1177 994 1222 et
1024 1169 1189 1233 senui,
1225 1176 1269 1221 et
1297 1183 1399 1220 non
1432 1167 1538 1220 vidi
1568 1169 1774 1238 justum
1803 1165 1955 1218 dere-

361 1260 561 1326 lictum,
615 1276 708 1313 nec
738 1275 908 1314 semen
940 1263 1053 1330 ejus
1092 1275 1327 1329 quiet-eus
1375 1273 1560 1330 partem
1599 1255 1716 1328 (Ps.
1749 1272 1951 1325 xxxvt,

356 1352 478 1424 ‘26.)
509 1354 704 1420 Quanti
733 1367 1004 1426 martyres
1032 1355 1084 1408 in
1146 1352 1620 1420 persecutionibus
1674 1354 1956 1422 perierunt

358 1445 518 1512 fame,
577 1455 632 1500 et
682 1447 1028 1518 indiguerunt
1074 1446 1354 1501 frumento
1403 1445 1788 1515 alimentisque
1834 1445 1954 1500 istis

354 1553 668 1608 corporum.
698 1541 838 1609 Ergo
869 1541 936 1595 de
959 1556 1026 1596 eo
1055 1541 1190 1596 dicit
1241 1555 1407 1610 pane,
1443 1541 1532 1610 qui
1563 1541 1634 1594 de
1665 1539 1804 1594 ctelo
1851 1539 1949 1593 de-

353 1633 585 1698 scendit,
613 1649 774 1705 quem
799 1636 888 1702 qui
912 1633 1238 1702 comederit,
1257 1649 1357 1688 nec
1380 1633 1594 1686 esurire
1620 1635 1952 1701 poterit,uec

352 1728 526 1781 sitire.
559 1728 947 1784 Deﬁcientibus
979 1737 1161 1784 autem
1194 1728 1518 1798 virginibus,
1546 1738 1601 1782 et
1630 1727 1950 1782 adulescen-

1198 293 1860 355 COMMENTARIORU!
1895 293 1974 354 IN.
2002 295 2188 355 AMOS
2226 292 2352 357 LIB.
2394 293 2481 354 111.
2522 295 2677 354 CAP.
2722 295 2815 354 IX.

3520 295 3654 350 ιοειι

2127 416 2283 488 (Cap.
2324 415 2418 471 IX.
2449 443 2520 457 --
2552 416 2709 472 Vere.
2743 417 2822 487 ἑ.)
2849 416 2975 472 Vidi
3002 415 3284 472 Dominum
3312 423 3532 471 statim
3568 433 3661 470 su-

2059 524 2152 579 per
2182 507 2367 578 altare,
2400 517 2448 562 et
2467 508 2599 562 dixit
2623 524 2641 562 :
2670 507 2890 563 Percute
2917 510 3202 577 cardinem,
3233 517 3282 563 et
3302 521 3660 563 commovean-

2057 611 2144 656 tur
2170 601 2594 674 superliminaria
2630 618 2646 655 :
2679 604 2900 656 avaritia
2940 605 3074 656 enim
3104 604 3158 658 in
3203 604 3374 673 capite
3401 603 3657 672 muniunt,

2056 709 2104 752 et
2137 699 2470 753 novissimum
2501 713 2674 752 eorum
2709 699 2764 752 in
2798 698 2980 771 gladio
3017 699 3348 770 interﬁciant.
3391 697 3515 754 Non
3563 700 3661 754 erit

2058 793 2182 864 fuga
2214 793 2287 846 eis
2318 808 2337 846 :
2368 793 2539 864 fugiet.
2558 791 2740 864 [Vulg.
2770 793 2863 859 eis,
2892 793 2980 862 qui
3003 793 3244 866 fugient],
3279 804 3331 848 ει·
3360 809 3464 848 non
3489 795 3661 848 salua-

2056 885 2192 938 bitur
2219 901 2284 939 ea:
2303 886 2382 939 Itis
2401 889 2488 957 qui
2513 885 2722 957 fugerit.
2749 885 2895 940 LXX
2927 904 2939 940 :
2983 884 3100 939 Vidi
3127 886 3408 941 Dominum
3437 895 3658 942 stantem

2053 993 2214 1048 super
2253 979 2442 1042 altare,
2473 986 2523 1031 et
2552 978 2686 1032 dixit
2711 994 2732 1032 :
2757 976 2980 1032 Percute
3019 996 3174 1048 super
3209 980 3657 1049 propitiatorium,

2055 1079 2104 1126 et
2127 1072 2583 1124 commovebuntur
2622 1070 2872 1125 vestibula
2908 1088 2928 1126 :
2963 1084 3012 1126 et
3051 1073 3233 1145 disjice
3259 1075 3313 1125 in
3344 1074 3514 1145 capita
3548 1090 3661 1128 ont-

2057 1165 2221 1228 nium,
2253 1173 2300 1218 et
2321 1164 2553 1234 reliquos
2577 1181 2752 1218 eorum
2775 1164 2956 1237 gladio
2981 1165 3316 1235 interﬁciant.
3342 1164 3465 1220 Non
3497 1167 3660 1238 fugiet

2054 1273 2117 1310 ex
2140 1257 2233 1322 eis,
2263 1259 2351 1326 qui
2380 1257 2568 1328 fugerit
2605 1273 2622 1312 :
2658 1265 2705 1311 et
2737 1273 2843 1310 non
2872 1256 3154 1310 saivabitur
3179 1273 3244 1312 ea;
3271 1255 3400 1323 illis,
3433 1260 3521 1329 qui
3544 1260 3657 1326 fue-

2054 1351 2120 1404 rit
2145 1349 2446 1404 resaivatus.
2471 1350 2572 1419 Qui
2611 1365 2732 1405 cum
2769 1350 3054 1405 Ezechiele
3081 1359 3134 1404 et
3159 1351 3374 1405 Joanne
3413 1350 3656 1418 Baptista

2054 1453 2270 1511 apertus
2314 1442 2510 1496 viderit
2555 1442 2726 1498 caelos
2761 1440 2978 1510 (Eucti.
3015 1457 3064 1506 t;
3106 1440 3238 1496 Mat.
3267 1441 3372 1512 ιιι),
3411 1450 3468 1496 et
3511 1443 3658 1497 vela-

2055 1551 2201 1600 men,
2239 1534 2382 1605 quod
2428 1536 2665 1603 positum
2698 1543 2816 1590 erat
2855 1545 2980 1588 ante
3020 1533 3212 1588 faciem
3245 1533 3415 1604 Moysi
3450 1532 3654 1606 (Exod.

2054 1631 2259 1697 xxxiv),
2288 1630 2355 1685 ab
2380 1630 2556 1684 oculis
2585 1630 2705 1700 ejus
2724 1629 2887 1685 fuerit
2913 1627 3175 1694 ablatum,
3199 1639 3254 1682 ut
3283 1627 3578 1698 impleatur
3599 1629 3654 1684 in

2052 1739 2119 1778 eo
2147 1724 2288 1794 quod
2321 1725 2586 1794 scriptum
2617 1731 2701 1779 est
2728 1741 2739 1777 :
2776 1721 3090 1777 Mandatum
3119 1721 3218 1777 Dei
3255 1723 3492 1777 lucidum
3527 1723 3654 1777 illu-

352 1827 435 1873 tes
452 1818 740 1885 deﬁcient,
770 1821 860 1890 qui
887 1821 1037 1891 prius
1068 1821 1314 1876 vicerant
1342 1820 1639 1882 mundum;
1666 1829 1722 1874 et
1745 1820 1950 1875 idcirco
1979 1828 2027 1890 Β
2053 1818 2260 1871 minans
2299 1816 2472 1871 oculos
2506 1816 2622 1888 (Ps.
2666 1832 2819 1881 xvtn,
2865 1815 2923 1889 9)
2947 1833 2962 1881 ;
2989 1817 3115 1880 iste
3156 1815 3367 1871 videbit
3410 1825 3651 1870 Stantem

350 1914 625 1981 deﬁcient,
678 1916 804 1987 quia
826 1917 1014 1986 jurant
1055 1916 1110 1971 in
1159 1916 1306 1970 idolo
1356 1916 1640 1982 Sumat-ite,
1697 1931 1858 1986 quam
1893 1917 1948 1971 in

351 2005 732 2063 haereticorum
800 2023 1031 2079 persona
1090 2023 1306 2077 semper
1352 2009 1669 2079 accipimus,
1733 2010 1950 2065 dicente

349 2100 454 2155 hoc
482 2101 673 2157 eodem
701 2102 963 2172 propheta
994 2121 1004 2155 :
1045 2103 1138 2156 ναξ
1157 2105 1243 2173 qui
1264 2103 1553 2173 despiciunt
1578 2103 1730 2168 Sion,
1756 2111 1804 2156 et
1825 2119 1950 2156 con-

344 2193 513 2262 fidunt
562 2195 617 2248 in
644 2204 814 2249 monte
844 2195 1102 2249 Samaria?
1125 2195 1329 2265 (Supra
1359 2211 1433 2262 γι,
1490 2196 1572 2263 1).
1625 2194 1950 2265 Despiciunt

345 2285 489 2340 enim
519 2282 1092 2342 hieretici‘Ecclesiam
1142 2287 1259 2353 Dei,
1303 2297 1360 2342 et
1380 2287 1742 2342 conﬁduntin
1795 2286 1948 2341 falsi-

347 2384 456 2432 tate
477 2378 793 2448 dogmtum
833 2393 1083 2444 suorum,
1122 2383 1398 2448 erigentes
1425 2395 1484 2434 se
1523 2390 1712 2434 contra
1767 2381 1947 2434 scien-

345 2473 476 2526 tiam
504 2474 618 2537 Dei,
645 2474 820 2528 scisso
846 2474 1048 2542 populo
1075 2473 1216 2543 ejus,
1251 2475 1496 2529 dicentes
1525 2491 1537 2526 :
1572 2473 1692 2527 Non
1719 2483 1790 2528 est
1823 2491 1944 2545 pars

343 2565 490 2618 nobis
517 2566 571 2618 in
598 2564 788 2631 Dauid,
812 2582 973 2636 neque
994 2566 1270 2623 Iucreditas
1289 2567 1341 2618 in
1363 2565 1474 2634 ﬁlio
1499 2563 1647 2619 Iesse
1677 2565 1696 2636 (
1715 2565 1775 2619 Ill
1812 2565 1944 2636 Reg.

342 2673 437 2722 xu,
467 2657 576 2730 to.)
595 2659 651 2712 Si
678 2659 802 2730 quis
825 2674 956 2730 ergo
971 2659 1124 2728 jurat
1141 2660 1192 2712 in
1207 2659 1407 2714 delicto
1422 2659 1944 2723 Samariw,etdicit:

354 2750 492 2805 Vivit
520 2751 646 2805 deus
671 2750 697 2790 ι’
724 2761 862 2814 tuus,
895 2750 1040 2817 Dan,
1064 2753 1184 2806 vivit
1210 2754 1292 2806 uia
1319 2751 1573 2806 Bersabee
1601 2771 1617 2817 ;
1663 2753 1765 2807 iste
1785 2753 1945 2807 cadet

347 2852 404 2898 ct
436 2859 721 2912 resurgere
748 2845 888 2898 ultra
914 2860 1020 2898 non
1046 2844 1262 2914 poterit.
1295 2844 1406 2898 Dan
1460 2844 1629 2898 tribtts
1662 2845 1713 2897 in
1740 2843 1945 2898 ultimis

345 2935 656 2991 inda-orum
692 2937 942 2993 terminis
974 2936 1377 3008 possessionem
1423 2938 1670 2991 invenire
1699 2952 1804 2990 non
1851 2953 1945 3006 po-

346 3033 468 3098 tuit,
501 3032 706 3088 sicutin
740 3031 1145 3088 IibroJudicum
1168 3029 1320 3103 (Cap.
1347 3034 1520 3100 xvni),
1545 3031 1805 3100 scriptum
1831 3041 1936 3098 ρει,

345 3127 844 3197 iuterpretaturque
864 3127 1151 3199 judicium.
1181 3126 1456 3181 Bersabee
1481 3135 1660 3181 autem
1708 3140 1806 3195 pro
1847 3141 1943 3178 va-

2050 1911 2342 1966 Dcminum
2383 1926 2551 1982 super
2579 1912 2774 1980 altare,
2822 1921 2878 1964 et
2911 1910 3316 1980 pra'cipientem
3349 1910 3650 1981 prophetat,

2049 2005 2190 2070 sive,
2223 2012 2282 2059 ut
2311 2005 2460 2058 multi
2499 2012 2710 2073 putant,
2750 2005 2964 2074 angelo,
3005 2005 3098 2075 qui
3139 2004 3434 2060 reddendis
3464 2019 3656 2074 pecca-

2051 2106 2228 2152 torum
2257 2098 2540 2169 suppliciis
2572 2099 2924 2166 mancipatus
2943 2109 3049 2165 est,
3079 2107 3140 2153 ut
3168 2101 3439 2168 percutiat
3468 2100 3647 2155 cardi-

2050 2204 2148 2246 nes
2182 2192 2407 2259 templi,
2453 2192 2568 2248 sive
2607 2191 3066 2261 propitiatorium,
3106 2201 3166 2246 et
3202 2202 3653 2248 commoveantur

2047 2284 2482 2353 superliminaria
2532 2284 2673 2352 ejus,
2721 2285 2838 2339 sive
2878 2284 3178 2340 vestibula.
3216 2282 3501 2355 Cumque,
3549 2287 3650 2352 ait,

2049 2377 2306 2446 templum
2337 2386 2558 2446 pr0pter
2590 2377 2850 2432 malitiam
2876 2377 3154 2431 hominum
3190 2377 3520 2447 dissipatum
3539 2380 3654 2434 iue-

2047 2470 2118 2524 rit
2147 2481 2198 2525 et
2225 2471 2588 2534 destructum,
2622 2479 2676 2524 et
2712 2472 2786 2524 ira
2817 2484 2940 2524 mea
2976 2485 3008 2524 a
3039 2471 3355 2525 sanctuario
3391 2486 3514 2526 meo
3541 2485 3656 2527 cat-

2047 2565 2210 2632 perit,
2245 2564 2615 2634 unusquisque
2645 2573 2936 2631 cognoscat
2974 2577 3035 2618 se
3064 2577 3171 2617 non
3200 2577 3362 2631 posse
3391 2563 3653 2634 evadere,

2046 2657 2270 2711 avaritia
2322 2657 2504 2710 omnia
2547 2655 2884 2725 possidente,
2927 2663 2985 2709 et
3033 2655 3326 2710 novissima
3371 2670 3468 2710 Sua
3528 2671 3652 2714 esse

2049 2759 2303 2811 mortem,
2349 2747 2610 2817 nullaque
2641 2747 2892 2817 praesidia
2939 2747 3006 2801 ad
3050 2747 3388 2803 evadendam
3432 2757 3655 2803 senten-

2049 2847 2176 2899 tiam
2211 2844 2302 2897 Dei
2335 2857 2496 2913 posse
2527 2857 2850 2897 succurrere
2881 2857 2894 2894 :
2925 2842 3185 2912 quodque
3211 2841 3362 2910 juxta
3395 2840 3540 2895 LXX
3571 2842 3652 2896 le-

2045 2939 2220 3007 gituus
2257 2957 2268 2994 :
2307 2947 2326 2974 ε
2359 2945 2411 2990 ιιι
2441 2936 2700 3004 disjiceret
2731 2935 2984 3005 inyapita
3013 2936 3265 3001 omnium,
3302 2934 3528 3005 pulchre
3555 2951 3655 2986 ee-

2047 3051 2166 3088 ruin
2211 3033 2386 3101 capita
2435 3031 2772 3097 dividuntur,
2825 3032 2916 3099 qui
2963 3031 3033 3084 ab
3079 3045 3168 3099 eo,
3216 3031 3308 3100 qui
3359 3040 3442 3086 est
3487 3039 3653 3099 caput

2047 3129 2312 3193 omnium,
2337 3142 2432 3180 sua
2463 3135 2656 3195 sponte
2678 3124 2838 3179 divisi
2863 3132 2990 3178 sunt
3011 3133 3173 3196 atque
3197 3124 3453 3179 dixerunt
3479 3142 3490 3177 :
3529 3123 3652 3179 Non

345 3221 542 3276 rietate
570 3228 891 3275 accentuum
917 3221 1152 3275 vertitur
1185 3223 1234 3273 in
1278 3221 1518 3290 linguam
1552 3230 1814 3289 nostram,
1843 3239 1942 3292 pu-
1967 3221 2012 3280 C
2045 3222 2290 3277 habemus
2311 3239 2479 3293 regem
2500 3223 2599 3276 nisi
2621 3220 2876 3276 Caesarem
2899 3219 3084 3293 (Joan.
3110 3236 3230 3286 XIX,
3269 3221 3377 3289 l5),
3407 3220 3496 3291 qui
3518 3235 3652 3275 voce

347 3324 457 3367 teus
486 3316 795 3385 jurumenti,
850 3325 961 3378 aut,
1017 3324 1201 3382 puteus
1255 3314 1533 3376 satietatis,
1595 3328 1658 3367 ac
1710 3315 1932 3383 septimi.

347 3405 533 3475 Itaque
562 3420 612 3461 et
648 3406 886 3462 haeretici
924 3409 976 3462 in
1001 3409 1262 3462 extremis
1293 3407 1700 3477 Scripturarum
1725 3419 1942 3464 sancta-

348 3514 462 3552 runt
499 3497 699 3554 ﬁnibus
732 3501 938 3566 sitient,
971 3501 1065 3554 Dei
1111 3501 1377 3570 judicium
1411 3513 1850 3568 contemnentes,
1885 3513 1942 3556 et

343 3590 724 3646 desiderantes
752 3591 891 3646 viam
913 3593 1208 3660 Bersabee,
1240 3609 1362 3662 qua:
1385 3593 1492 3647 fuit
1521 3595 1574 3648 in
1604 3595 1744 3647 tribu
1764 3593 1900 3648 .luda
1925 3612 1938 3647 :

345 3684 624 3754 multaque
677 3685 932 3740 Ecclesiae
993 3686 1192 3740 imitari
1251 3699 1592 3742 sacramenta
1635 3688 1936 3756 cupientes,

344 3784 616 3832 saturatos
641 3787 699 3832 et
728 3779 968 3846 repletus
992 3794 1116 3834 esse
1142 3795 1204 3835 se
1233 3780 1445 3835 dicunt.
1479 3780 1684 3848 Quibus
1718 3789 1939 3850 aposto-

345 3869 428 3923 lus
457 3872 753 3940 exprobrat
779 3871 977 3927 Paulus
1008 3889 1021 3926 :
1051 3873 1174 3926 Jam
1201 3874 1424 3926 saturati
1450 3873 1592 3938 estis,
1609 3874 1726 3942 jam
1755 3873 1938 3928 divites

347 3964 472 4032 [acti
500 3964 654 4034 estis(
681 3965 698 4018 ι
727 3962 850 4018 Cor.
883 3980 958 4031 tv,
990 3966 1072 4035 8),
1101 3973 1158 4020 et
1200 3966 1389 4035 jurant
1418 3965 1473 4020 itt
1507 3968 1727 4021 nomine
1757 3967 1940 4022 Domi-

346 4057 424 4125 ni,
460 4059 548 4127 qui
578 4058 746 4113 setnel
794 4060 1079 4128 cadentes,
1111 4061 1232 4130 quia
1274 4061 1408 4116 deos
1437 4061 1728 4126 idolorum,
1774 4061 1939 4116 deum

346 4151 1120 4225 arbitrantursuum,amplius
1152 4171 1257 4210 non
1287 4166 1598 4226 resurgent.
1621 4157 1722 4224 Qui
1747 4168 1938 4212 autem

345 4242 616 4299 voluerint
645 4260 810 4315 agere
838 4248 1239 4316 pmnitentiam,
1264 4247 1426 4322 355
1457 4261 1509 4304 et
1540 4266 1648 4305 non
1677 4250 1890 4307 dixerit
1921 4266 1937 4305 :

353 4332 490 4388 Vivit
520 4337 647 4390 deus
695 4347 835 4407 tuus,
869 4336 1010 4404 Dan,
1033 4352 1081 4394 et
1104 4342 1224 4395 vivit
1273 4345 1356 4395 via
1379 4343 1658 4412 Bersabee,
1711 4344 1938 4400 audient

347 4442 443 4497 per
486 4428 780 4484 Jeremiam
810 4448 822 4483 :
858 4431 1129 4504 Numquid
1151 4436 1240 4504 qui
1280 4437 1427 4490 cadet
1459 4437 1567 4506 (Al.
1599 4438 1787 4506 cadit),
1834 4454 1938 4492 non

343 4529 576 4592 resurget
611 4538 630 4575 :
657 4533 747 4577 aut
770 4525 857 4593 qui
881 4541 1089 4582 aversus
1114 4537 1212 4594 est,
1236 4545 1340 4585 non
1373 4541 1652 4586 revertetur
1700 4531 1936 4603 (Jerem.

343 4629 460 4680 vin,
488 4611 567 4684 ι).

429 4773 453 4800 ει
495 4763 717 4845 Addunt
747 4768 988 4845 ltieedjti
1023 4771 1148 4845 libri
1179 4787 1242 4828 ac
1274 4789 1412 4845 mss.
1458 4777 1815 4845 quamplures
1848 4793 1944 4832 no-

363 4852 486 4918 men
513 4837 772 4918 ᾼΙιιδιιιιςυ,
807 4838 876 4918 Et
904 4841 1070 4918 David
1096 4846 1184 4914 qui
1213 4844 1284 4898 ad
1312 4837 1947 4918 senectutem'pervenerat

363 4907 602 4990 libra/ue,
641 4910 796 4990 libere
821 4907 1148 4990 decantabat,
1180 4926 1312 4982 etc.,
1346 4919 1490 4988 quod
1523 4907 1806 4990 perspicue
1835 4921 1939 4975 ial-

349 4994 468 5033 sum
519 4989 630 5045 est,
683 4987 809 5051 quia
860 4985 1136 5041 Abraham
1171 4985 1426 5057 pervenit
1475 4985 1546 5044 ad
1607 4985 1942 5047 senectuti-tn

354 5066 621 5132 annorum
653 5062 1236 5132 centttm_septuaginta
1260 5063 1497 5131 quinque
1522 5061 1674 5129 (Gen.
1693 5080 1817 5129 xxv,
1845 5066 1899 5130 7)
1925 5082 1938 5118 :

351 5121 521 5204 David
553 5141 684 5178 vero
718 5127 826 5204 [ato
872 5121 1207 5204 iunctttsvcst
1237 5121 1360 5185 cum
1387 5121 1451 5186 a'd
1491 5121 1663 5188 annos
1708 5121 1929 5204 septua-

349 5199 497 5271 giuta
526 5199 879 5265 pervenisset,
909 5202 987 5254 uti
1013 5203 1355 5271 exploratum
1383 5206 1538 5259 nobis
1562 5218 1647 5261 est
1684 5222 1714 5261 e
1763 5199 1856 5261 lib.
1891 5223 1931 5262 ιι

350 5264 483 5348 iteg.
515 5283 633 5348 cap.
658 5283 712 5332 v,
740 5264 880 5324 vers.
911 5273 966 5327 4.
997 5264 1142 5348 Ergo
1166 5290 1364 5348 nomen
1391 5277 1621 5331 Abrahae
1648 5280 1716 5332 ab
1760 5279 1932 5348 impe-

351 5345 472 5418 ri'tis
495 5345 862 5422 positumcst,
888 5345 1029 5422 quod
1058 5347 1360 5422 ms._ctidex
1395 5351 1704 5404 monasterii
1737 5353 1791 5404 S.
1825 5345 1931 5422 (ly-

355 5411 566 5492 giranni
599 5425 704 5492 non
731 5411 882 5482 legit.
904 5411 1504 5492 ;l\_'iART._-f-ltllerSCTUIll
1531 5435 1663 5474 mss.
1691 5411 1930 5492 editiqt'ie

353 5486 480 5534 ante
507 5481 876 5562 Martianzeum
904 5485 1029 5562 libri
1059 5488 1342 5555 Abraham,
1375 5501 1470 5544 aut
1498 5493 1736 5561 Abralue,
1781 5481 1927 5562 qtiod

352 5565 548 5634 nomen
593 5553 994 5634 .tlisterciensis
1035 5553 1518 5634 prosubsequenti
1570 5553 1736 5618 verbo
1775 5553 1934 5620 libere

353 5622 650 5706 substituit.
681 5627 858 5706 Atque
888 5639 971 5683 est
1019 5622 1237 5701 quidem
1269 5622 1389 5702 ejus
1415 5705 1420 5706 γ
1443 5635 1692 5690 lectionis
1740 5653 1933 5692 sensus

351 5695 511 5777 paulo
567 5695 898 5777 impeditior,
935 5695 1277 5777 nequeenim
1297 5695 1369 5758 ad
1395 5705 1630 5760 Abrahae
1682 5719 1931 5764 senectu-

351 5776 481 5851 tem,
515 5775 604 5851 qui
635 5778 853 5851 centum
881 5775 1222 5851 septuaginta
1252 5779 1492 5851 quinque
1519 5791 1714 5851 annos,
1733 5780 1926 5848 David,

298 5883 308 5894 .
348 5844 438 5905 qui
478 5844 622 5894 solos
653 5844 785 5897 vixit
809 5848 1199 5918 _septuagiuta,
1239 5844 1507 5919 pervenit.
1559 5844 1925 5912 Niltilosecius

2044 3317 2206 3382 impia
2249 3316 2626 3369 clatnavcrttnt
2657 3332 2670 3369 :
2710 3311 2968 3384 Cruciﬁge
2993 3355 3007 3378 ,
3041 3312 3286 3384 cruciﬁge
3317 3312 3490 3366 talem.
3539 3314 3602 3365 Iit
3635 3329 3650 3368 :

2043 3409 2274 3480 Sanguis
2317 3410 2430 3478 ejus
2469 3425 2627 3480 super
2662 3426 2755 3462 nos
2781 3450 2795 3472 ,
2827 3418 2876 3462 et
2915 3424 3068 3479 super
3094 3407 3231 3477 ﬁlios
3261 3417 3483 3461 nostros.
3519 3405 3652 3474 Quae

2040 3501 2220 3555 omnia
2262 3511 2318 3556 et
2355 3501 2422 3556 ad
2470 3501 2760 3555 Ita-retices
2804 3499 3012 3556 referre
3058 3513 3370 3569 possumus,
3418 3514 3651 3567 quorum

2039 3596 2208 3650 altare
2271 3597 2608 3664 percutitur,
2645 3605 2700 3650 et
2744 3609 2935 3649 omnes
2981 3593 3322 3650 initiationes
3373 3602 3430 3648 et
3465 3608 3651 3648 sacra-

2042 3697 2221 3744 menta
2252 3690 2518 3759 sacrilega
2551 3697 2993 3752 commoventur,
3017 3689 3108 3758 qui
3133 3687 3417 3742 avaritiam
3442 3687 3650 3741 habue-

2041 3795 2168 3838 runt
2198 3785 2250 3838 in
2281 3781 2551 3854 capitibus
2581 3783 2720 3846 suis,
2755 3781 3027 3837 clamante
3060 3794 3154 3850 per
3185 3793 3279 3834 eos
3308 3779 3556 3849 perdice,
3593 3788 3651 3836 et

2039 3886 2409 3949 congregante
2446 3889 2581 3942 quos
2623 3890 2730 3930 non
2763 3874 3017 3944 peperit,
3057 3884 3110 3930 et
3151 3872 3387 3928 faciente
3431 3873 3650 3929 divitias

2040 3973 2248 4042 absque
2282 3970 2490 4039 judicio
2523 3966 2656 4038 (Jer.
2705 3965 2869 4038 xvii).
2902 3965 3057 4022 Unde
3095 3974 3151 4021 et
3188 3965 3482 4020 novissima
3530 3965 3651 4036 ejus

2040 4065 2157 4120 sive
2179 4064 2439 4134 reliquias
2463 4061 2730 4117 Dominus
2759 4061 3070 4125 iuteriiciet,
3095 4069 3155 4114 ut
3178 4068 3413 4126 imptum
3440 4059 3652 4130 capitu-

2041 4159 2153 4214 lum
2179 4157 2542 4229 compleatur,
2569 4164 2623 4211 et
2653 4155 3015 4210 novissimum
3045 4153 3166 4224 ejus
3196 4154 3301 4208 erit
3325 4151 3490 4225 3&6
3519 4152 3654 4208 insi-

2040 4253 2219 4324 piens.
2251 4251 2386 4307 Cum
2409 4259 2592 4305 autem
2626 4249 2892 4304 Dominus
2924 4247 3256 4318 percusserit
3285 4247 3564 4314 cat-dines,
3595 4257 3653 4302 et

2041 4343 2317 4398 induxerit
2348 4357 2516 4412 super
2547 4357 2644 4397 eos
2669 4340 2936 4411 gladium,
2980 4339 3164 4395 nullus
3195 4340 3304 4393 erit
3350 4339 3440 4409 qui
3481 4339 3654 4406 possit

2039 4438 2294 4500 evadere,
2321 4445 2376 4490 et
2398 4436 2805 4505 impendentem
2830 4432 3048 4488 Domini
3074 4430 3317 4501 gladium
3347 4429 3644 4486 declinare.

2041 4529 2325 4599 Simulque
2364 4537 2418 4582 et
2454 4527 2557 4584 hoc
2587 4527 2691 4581 erit
2722 4525 3043 4588 notandum,
3075 4523 3247 4592 quod,
3276 4532 3457 4578 stante
3484 4539 3651 4594 super

1963 4618 2018 4679 D
2043 4623 2217 4677 altare
2248 4621 2504 4686 Domino,
2549 4620 2786 4689 primum
2824 4614 3125 4686 percutitur
3164 4612 3605 4686 propitiatorium
3626 4659 3643 4685 ,

2051 4772 2533 4846 prteferendailla
2568 4775 2638 4828 sit
2682 4781 2862 4840 vetus,
2916 4787 3038 4842 quae
3088 4771 3646 4846 librorum_omnium

2049 4844 2156 4914 est,
2192 4847 2374 4908 lectio,
2411 4845 2536 4900 buic
2567 4861 2729 4915 quam
2753 4861 2816 4917 ex
2847 4861 2956 4917 uno
2986 4859 3092 4898 ms.
3123 4846 3299 4899 sancti
3355 4844 3646 4917 Cygiranni

2050 4919 2402 4992 Martianmus
2433 4918 2723 4992 expreSsit.
2754 4916 3016 4992 Etl'acile
3030 4923 3287 4992 τροπικῶς
3316 4916 3518 4972 animae
3552 4933 3646 4973 se-

2048 5002 2262 5056 necws,
2323 4990 2373 5043 id
2404 4986 2750 5058 est,justitia
2772 4988 2840 5042 ad
2871 4988 2927 5044 S.
2985 4986 3239 5043 Du'ctoris
3287 4999 3525 5044 mentem
3575 5006 3644 5044 ex

2049 5069 2160 5116 toto
2187 5062 2455 5130 superiori
2489 5068 2770 5121 contextu,
2804 5058 3034 5130 ipsoque
3064 5060 3267 5115 laudati
3318 5061 3506 5130 psalmi
3552 5077 3642 5115 ar-

2046 5145 2308 5200 gumento
2357 5133 2669 5202 accipienda
2724 5142 2828 5198 est,
2858 5148 2968 5186 non
3009 5147 3306 5198 annorum,
3341 5142 3396 5185 ut
3449 5147 3642 5187 sensus

2042 5206 2132 5272 sit,
2172 5204 2428 5259 Dat-idem
2461 5220 2582 5259 cuni
2613 5203 2677 5256 ad
2707 5203 2974 5273 justitiam
3007 5204 3352 5272 pervenisset
3381 5203 3637 5268 Miratur,

2040 5276 2210 5331 libere
2237 5277 2579 5338 decantasse,
2608 5273 2820 5329 Iuvenis
2848 5275 2948 5344 lui,
2979 5287 3024 5328 et
3065 5275 3252 5340 senui;
3302 5285 3347 5327 et
3393 5292 3495 5328 nou
3534 5275 3640 5330 vidi

2028 5351 2229 5419 justum
2246 5349 2546 5402 derelictum
2565 5363 2655 5400 nec
2682 5365 2846 5400 semen
2869 5349 2981 5418 ejus
3006 5362 3238 5418 quaerens
3265 5362 3470 5416 panem.
3490 5348 3635 5400 (Son-

2037 5423 2179 5485 gruit
2209 5429 2262 5473 et
2297 5420 2456 5474 modo
2486 5419 2818 5488 pr0positutu
2851 5437 2880 5470 e
2911 5419 3220 5472 Proverbiis
3243 5419 3634 5485 testimonium,

2037 5489 2218 5546 Justus
2269 5491 2536 5546 comedens
2581 5500 2781 5544 saturat
2801 5491 3026 5543 animant
3050 5506 3220 5557 suout,
3241 5501 3346 5544 etc.

2114 5561 2141 5624 υ
2181 5564 2352 5618 Antea
2384 5563 2572 5618 deerat
2602 5571 2742 5615 tuus.
2781 5562 2856 5615 De
2885 5561 3176 5626 Bersabee,
3213 5577 3334 5630 quae
3378 5578 3504 5615 mox
3537 5577 3630 5616 va-

2039 5636 2120 5690 rie
2147 5638 2556 5704 interpretatur,
2590 5635 2700 5689 vid.
2733 5635 2938 5699 Qutest.
2967 5635 3022 5686 in
3063 5633 3202 5687 Gen.
3236 5632 3342 5688 col.
3403 5634 3530 5699 557,
3576 5641 3632 5688 et

2037 5723 2156 5776 qua:
2189 5708 2256 5760 tbi
2281 5716 2622 5761 attnntatntts.

2111 5790 2134 5818 ο
2168 5777 2517 5834 Cistersiens.
2546 5779 2766 5845 duoque
2796 5775 3028 5832 Palatini
3061 5790 3220 5846 mss.,
3265 5786 3320 5832 ut
3352 5775 3631 5834 dissereret

2032 5851 2088 5906 in
2113 5852 2366 5923 capitibus
2379 5851 2630 5920 omnium,
2655 5860 2762 5906 etc.
