4120 6342
505 317 510 320 -
577 275 718 332 1087

1797 271 1854 330 S.
1897 269 2170 332 EUSEBII
2209 269 2587 332 IIIERONYMI

3721 274 3834 336 1088

573 405 688 462 sive
711 401 964 460 cardines
989 399 1204 472 templi,
1227 399 1424 456 deinde
1445 407 1864 456 commoventur
1879 397 2172 464 vestibula,
2201 401 2258 462 Α
2279 397 2390 452 nali
2423 397 2602 468 plaga,
2643 395 2732 452 vel
2763 396 2832 452 ad
2867 395 3148 452 meridiem
3186 401 3418 468 propter
3451 395 3620 452 eremi
3651 403 3838 458 vastita-

573 493 742 553 tertio
763 493 940 568 capita
969 495 1212 549 omnium
1253 493 1597 562 dividuntur,
1637 505 1833 566 quarto
1857 493 1948 565 qui
1977 489 2174 562 reliqui

574 601 724 656 sunt,
755 589 1164 646 interficiuntur
1189 587 1390 660 gladio.
1423 588 1538 646 Nisi
1560 589 1706 646 enim
1727 587 2036 658 superbiam
2063 585 2175 640 ha:-

575 684 874 742 reticorum
915 697 1014 738 suo
1047 682 1311 738 Dominus
1349 683 1646 738 calcaverit
1679 681 1836 752 pede.
1869 691 1926 737 et
1955 693 2174 750 perver-

575 793 688 834 sam
748 777 1181 847 seeleratamque
1235 775 1538 832 doctrinam
1595 771 1862 844 spirituali
1909 785 2174 828 mucrone

575 869 938 942 percusserit,
967 879 1024 924 et
1055 869 1342 938 magistros
1373 883 1590 934 eorum,
1623 868 1714 940 qui
1753 865 2092 936 accipiuntur
2119 864 2170 919 in

576 963 868 1034 capitibus,
899 963 1040 1018 inter
1069 977 1132 1017 se
1155 959 1424 1030 diviserit,
1457 971 1620 1030 atque
1651 961 1702 1016 in
1731 959 1930 1016 bonam
1965 967 2172 1028 partem

577 1057 866 1125 occiderit,
897 1073 1002 1112 non
1033 1054 1526 1126 possuntdiscipuli
1557 1055 1842 1120 vivificari,
1875 1051 2172 1108 secundum

577 1151 708 1206 illud
741 1149 880 1220 quod
913 1149 1176 1220 scriptum
1207 1159 1290 1205 est
1321 1165 1336 1202 :
1363 1147 1477 1220 Ego
1503 1147 1760 1214 occidam,
1791 1155 1840 1200 et
1869 1145 2132 1214 riniﬁcabe
2154 1163 2174 1200 .-

577 1259 670 1316 ege
697 1245 1006 1316 percutiam,
1031 1253 1080 1298 et
1105 1243 1298 1298 sanabo
1329 1241 1512 1314 (Deut.
1549 1255 1730 1306 χχχιι,
1763 1241 1878 1311 59).
1897 1239 2176 1294 Occidun-

577 1345 666 1392 tur
685 1347 737 1394 et
763 1338 1140 1408 percutiuntur
1158 1335 1422 1412 magistri,
1447 1345 1503 1390 ut
1525 1335 1866 1390 vivilicentur
1885 1331 2170 1404 discipuli:

579 1431 758 1500 capita
789 1429 1127 1496 dividuntur,
1157 1439 1216 1484 ut
1242 1437 1437 1484 caetera
1467 1427 1712 1482 membra
1741 1437 2024 1483 sanentur.

651 1523 832 1597 (Vers.
861 1523 896 1578 2
923 1521 1102 1596 seqq.)
1133 1523 1192 1578 Si
1216 1522 1574 1576 descenderint
1605 1537 1768 1586 usque
1793 1520 1862 1574 ad
1885 1519 2170 1590 infernum,

573 1615 694 1670 inde
717 1633 902 1670 atauus
925 1631 1040 1670 mea
1071 1615 1250 1669 educet
1271 1629 1358 1668 eos
1381 1629 1398 1668 :
1421 1621 1470 1668 et
1499 1614 1542 1666 si
1573 1611 1900 1666 ascenderint
1927 1627 2088 1682 usque
2119 1611 2172 1664 in

576 1709 782 1774 cretum,
807 1708 924 1763 inde
955 1705 1228 1762 detraham
1259 1723 1344 1761 eos
1377 1721 1395 1760 :
1425 1715 1472 1760 et
1501 1705 1544 1759 si
1571 1705 1860 1760 abscenditi
1887 1705 2078 1777 fuerint
2115 1705 2168 1758 in

576 1807 760 1861 net-tice
788 1803 1032 1866 Carmeli,
1063 1803 1184 1856 inde
1205 1809 1444 1858 scrutans
1477 1805 1718 1872 auferam
1740 1815 1826 1854 eos
1848 1815 1866 1855 :
1891 1809 1938 1852 et
1961 1799 2008 1852 si
2035 1799 2172 1852 cela-
2201 1807 2248 1870 Β

575 1901 738 1954 vet-int
775 1915 830 1954 se
860 1898 922 1954 ab
953 1897 1118 1953 oculis
1155 1897 1276 1952 meis
1305 1897 1362 1951 in
1392 1897 1554 1968 funde
1587 1897 1766 1964 maris,
1811 1895 1884 1949 ibi
1911 1893 2170 1948 mandabo

569 1995 822 2062 serpenti,
853 2003 900 2049 et
921 1993 1170 2048 mordebit
1199 2008 1286 2047 eos
1315 2008 1334 2046 :
1361 1993 1474 2046 etsi
1503 1989 1720 2044 abierint
1745 1989 1799 2043 in
1825 1989 2170 2058 captivitatem

573 2091 746 2140 ceram
769 2087 992 2142 inimicis
1019 2087 1149 2150 suis,
1171 2083 1238 2138 ibi
1261 2082 1522 2138 mandabo
1549 2083 1748 2154 gladio,
1777 2091 1828 2136 et
1849 2080 2042 2136 occidet
2061 2097 2170 2148 eos,

573 2189 620 2234 et
641 2197 830 2252 penam
853 2179 1030 2233 oculos
1055 2193 1196 2232 meos
1215 2194 1372 2248 super
1389 2193 1477 2232 eos
1501 2177 1554 2230 in
1571 2175 1788 2242 malum,
1811 2185 1860 2229 et
1882 2191 1982 2230 non
2007 2175 2060 2228 in
2083 2173 2170 2230 bo-

577 2291 718 2329 num.
749 2273 816 2328 Et
843 2272 1098 2328 Dominus
1123 2271 1264 2328 Deus
1285 2273 1625 2342 exercituum,
1651 2273 1738 2340 qui
1768 2273 1930 2344 tangit
1957 2281 2168 2338 terram,

578 2377 626 2424 et
647 2367 854 2422 tabescit
885 2367 1069 2440 [Vulg.
1097 2365 1359 2439 tabescet],
1393 2376 1438 2422 et
1461 2365 1710 2438 lugebant
1736 2382 1912 2422 omnes
1941 2363 2172 2420 habitan-

579 2469 652 2516 tes
678 2461 734 2516 in
759 2477 838 2527 ea,
867 2469 914 2514 et
943 2461 1184 2514 ascendet
1209 2465 1340 2516 sicut
1367 2463 1506 2516 rivus
1537 2461 1726 2528 omnis,
1761 2471 1806 2514 et
1829 2461 2016 2531 defluat
2043 2459 2170 2514 sicut

575 2555 764 2624 fluvius
805 2551 1048 2626 {Egyptt
1089 2553 1274 2608 LXX:
1308 2553 1370 2610 Si
1403 2553 1598 2626 defessi
1628 2555 1818 2622 fuerint
1857 2553 1912 2608 in
1943 2553 2166 2624 inferno,

575 2649 696 2702 inde
721 2665 910 2702 manus
949 2665 1060 2702 mea
1089 2649 1264 2702 evellet
1295 2665 1376 2704 eos
1403 2664 1422 2704 :
1453 2659 1500 2702 et
1542 2650 1587 2702 si
1621 2649 1946 2702 ascenderint
1979 2649 2034 2702 in
2067 2663 2168 2702 τω-

575 2743 704 2808 lum,
733 2741 854 2796 inde
879 2741 1148 2796 detraham
1175 2741 1294 2796 illos
1321 2759 1340 2796 :
1365 2744 1408 2796 si
1433 2741 1721 2796 abscenditi
1755 2743 1944 2814 fuerint
1971 2743 2023 2796 in
2053 2759 2162 2796 rcr-

575 2835 672 2890 tirc
691 2833 936 2904 Carmeli,
961 2837 1080 2890 inde
1113 2833 1220 2906 [Αἰ.
1253 2835 1344 2908 ibi]
1369 2847 1606 2890 scrutans
1633 2839 1868 2906 auferam
1901 2851 1986 2890 eos
2011 2851 2030 2890 :
2049 2845 2098 2892 et
2125 2836 2170 2890 si

571 2929 908 2984 'drmerserint
931 2945 984 2983 se
1008 2929 1071 2983 ab
1095 2929 1258 2984 oculis
1287 2931 1412 2984 meis
1439 2931 1492 2984 in
1521 2929 1844 3002 profundum
1869 2931 2026 2984 maris
2049 2972 2064 2995 ,
2099 2929 2172 2984 ibi

577 3023 831 3078 mandabo
869 3023 1104 3090 draconi,
1153 3033 1200 3078 et
1233 3023 1480 3078 mordebit
1517 3039 1604 3078 eos
1637 3040 1655 3078 :
1685 3033 1732 3078 et
1773 3025 1818 3078 si
1859 3023 2076 3078 abierint
2115 3025 2164 3078 in

563 3121 917 3190 captivitatem
951 3129 1068 3174 ante
1109 3121 1294 3190 faciem
1325 3121 1648 3175 inimicorum
1671 3137 1902 3186 suorum,
1931 3121 2004 3174 ibi
2033 3137 2168 3192 prte-

573 3213 762 3285 cipiam
795 3211 994 3284 gladio,
1027 3221 1072 3266 et
1113 3213 1386 3284 interficiet
1425 3231 1528 3282 eos,
1583 3223 1630 3266 et
1669 3213 1951 3284 eb/irmabe
1995 3215 2168 3268 oculos
2197 3213 2244 3278 C

577 3323 714 3362 meos
736 3325 890 3377 super
911 3309 1030 3362 illos
1055 3309 1106 3362 in
1135 3309 1294 3372 mala,
1337 3319 1382 3364 et
1405 3325 1509 3364 non.
1538 3311 1592 3362 in
1633 3309 1786 3362 bona.
1820 3307 1886 3362 Et
1913 3307 2170 3363 Dominus

579 3401 716 3458 Deus
744 3405 1064 3476 enmipetens
1089 3405 1179 3476 qui
1210 3405 1374 3477 tangit
1405 3415 1610 3474 terram,
1643 3415 1690 3460 et
1727 3415 2006 3460 commovet
2035 3421 2166 3472 eam,

577 3507 623 3552 et
663 3498 910 3570 lugebant
952 3513 1127 3554 omnes
1161 3499 1474 3554 habitatores
1515 3503 1650 3572 ejus,
1683 3511 1734 3554 et
1761 3499 1999 3556 ascendet
2037 3503 2170 3556 sicut

573 3593 762 3664 fluvius
789 3593 1166 3648 consummatio
1205 3611 1404 3659 eorum,
1437 3605 1484 3650 et
1515 3595 1786 3650 descendet
1821 3597 1954 3650 sicut
1981 3599 2170 3664 ﬂumen

579 3685 818 3760 .“Egypti.
845 3687 946 3754 Qui
977 3703 1138 3757 supra
1169 3687 1407 3756 dixerat,
1433 3705 1535 3743 non
1559 3691 1654 3744 erit
1687 3689 1812 3762 fuga
1841 3689 1912 3744 eis
1943 3703 1962 3744 :
1987 3689 2164 3760 fugiet,

573 3791 622 3836 et
653 3799 752 3836 non
777 3781 1060 3837 salrabitnr
1079 3783 1164 3851 qui
1187 3783 1395 3854 fugerit,
1419 3799 1562 3840 nunc
1581 3784 1752 3855 ipsam
1775 3784 1955 3855 fugam
1981 3785 2032 3838 in
2049 3801 2170 3854 par-

577 3883 658 3930 tes
681 3887 850 3942 secat,
875 3885 926 3932 et
947 3877 1298 3950 hyperbolice
1313 3877 1471 3950 3&7
1495 3879 1704 3933 etiamsi
1721 3877 1890 3935 hocet
1907 3879 2007 3932 hoc
2031 3877 2172 3934 fece-

575 3969 704 4034 rint,
753 3969 986 4024 evadere
1027 3985 1123 4026 eos
1161 3987 1268 4025 non
1309 3985 1474 4040 posse
1505 3979 1760 4026 testatur.
1795 3971 1856 4028 Si
1895 3971 2172 4026 descende-

575 4061 698 4128 rint,
733 4061 830 4128 ait,
855 4079 1014 4134 usque
1041 4063 1110 4116 ad
1143 4065 1425 4134 infernum,
1457 4063 1582 4118 inde
1619 4081 1806 4118 manus
1835 4081 1948 4118 mea
1989 4065 2171 4118 educet

575 4171 660 4208 eos
693 4153 766 4210 εδ
795 4169 902 4210 non
933 4155 1076 4225 quod
1115 4155 1254 4209 ulltts
1301 4165 1432 4210 ante
1471 4155 1892 4212 resurrectionis
1927 4157 2068 4211 diem
2103 4157 2170 4212 ab

577 4247 768 4304 inferis
803 4245 1147 4312 retrahatur;
1187 4247 1286 4304 sed
1321 4249 1464 4318 quod
1491 4257 1546 4304 et
1577 4249 1630 4304 in
1659 4249 1872 4304 inferno
1905 4249 2083 4318 positi,
2117 4247 2168 4304 in

577 4341 720 4394 illius
749 4349 1020 4412 potestate
1047 4339 1176 4395 sint.
1210 4339 1364 4408 Quod
1413 4355 1580 4412 super
1627 4341 1832 4398 Dathan
1866 4351 1918 4398 et
1965 4343 2168 4398 Abiron

577 4431 857 4502 impletum
913 4445 1034 4487 esse
1073 4431 1474 4500 cognoscimus,
1529 4449 1666 4504 quos
1711 4433 1961 4489 viventes
2009 4443 2170 4490 terrm

575 4523 756 4580 hiatus
777 4525 1058 4581 absorbuit
1089 4525 1284 4592 (Nam.
1317 4525 1456 4598 xvr).
1489 4525 1558 4582 Et
1599 4529 1642 4583 si
1685 4529 2056 4596 ascendet-int,
2089 4529 2170 4584 itt-

571 4617 708 4688 quit,
741 4633 910 4689 usque
939 4619 1002 4673 ad
1035 4619 1232 4676 caelum
1257 4661 1274 4686 ,
1305 4619 1432 4675 inde
1467 4620 1752 4676 detraham
1791 4637 1884 4676 eos
1911 4639 1924 4676 :
1957 4624 2082 4693 quia
2115 4631 2164 4676 et
2197 4603 2248 4663 D

571 4709 754 4764 Enoch
785 4721 838 4766 et
863 4711 1010 4766 Elias
1037 4714 1174 4782 rapti
1201 4728 1324 4768 cum
1349 4713 1668 4784 corporibus
1697 4715 1752 4770 in
1775 4715 1976 4770 caelum
2007 4714 2164 4786 (Gen.

573 4817 638 4868 v;
669 4803 734 4856 IV
763 4805 890 4877 Reg.
925 4805 1008 4878 tt).
1047 4805 1138 4862 Dei
1171 4817 1434 4877 reguntur
1461 4807 1714 4864 arbitrio.
1751 4809 1816 4864 Et
1847 4824 2012 4866 cerne
2042 4825 2168 4882 pro-

571 4895 834 4964 prietates
867 4913 879 4950 :
909 4897 976 4952 ad
1009 4897 1278 4954 infernum
1311 4899 1684 4968 descenditur,
1717 4901 1782 4956 ad
1811 4903 2008 4958 caelum
2031 4917 2162 4957 con-

569 4989 850 5046 scenditur
887 5009 900 5046 :
939 4991 1008 5048 de
1037 4993 1250 5049 inferno
1291 4995 1598 5064 educimur,
1633 4995 1702 5051 de
1741 4997 1892 5050 caelis
1929 4997 2168 5052 detrahi-

575 5101 714 5140 tnur.
746 5085 806 5140 In
829 5087 1005 5142 altero
1037 5097 1282 5144 extrema
1314 5089 1626 5158 chperatio
1657 5099 1762 5162 est,
1799 5091 1850 5146 in
1881 5091 2054 5146 altero
2085 5106 2174 5146 sn-

573 5181 774 5248 perbia:
817 5181 1162 5252 magnitudo.
1205 5182 1264 5238 Si
1293 5183 1598 5240 absconditi
1631 5185 1830 5240 fuerint
1871 5185 1924 5240 in
1973 5185 2174 5242 vertice

570 5273 828 5342 Carmeli,
869 5275 954 5332 vel
975 5275 1128 5344 juxta
1159 5275 1436 5332 Phtenicis
1469 5277 1733 5332 terminos
1763 5277 1816 5332 in
1843 5279 2172 5350 septentrio-

643 5487 668 5516 α
695 5479 770 5536 lta
801 5480 932 5550 legit
953 5495 1057 5536 ms.
1083 5481 1258 5538 codex
1279 5479 1678 5548 Cluniacensis,
1703 5489 1758 5536 et
1781 5481 1852 5535 ita
1878 5477 2166 5549 legendum

569 5553 734 5606 docet
773 5553 1044 5608 Marianas
1089 5553 1380 5608 Victorius.
1421 5555 1678 5608 Erasmus
1707 5561 1890 5607 atttem
1937 5561 1988 5605 et
2033 5565 2164 5604 mss.

573 5623 791 5680 codices
821 5641 926 5680 non
959 5625 1116 5694 pauci
1147 5626 1254 5679 alio
1285 5641 1448 5680 sensu
1481 5626 1684 5696 legunt,
1717 5641 1822 5679 non
1867 5621 2002 5696 quod
2029 5619 2170 5696 ultus

575 5705 698 5751 ante
719 5693 1104 5754 resurrectionis
1125 5697 1258 5754 diem
1285 5697 1349 5750 ab
1373 5693 1554 5762 inferis
1583 5699 1896 5750 retrahatur.
1921 5693 2072 5762 Quod
2099 5693 2170 5750 de

573 5771 980 5826 resurrectione
991 5785 1286 5838 corporum
1303 5769 1680 5840 intelligimus.
1699 5765 2048 5824 ΜΑιιτ.-8ἰρ
2071 5763 2170 5820 ha-

577 5841 708 5894 bent
735 5841 906 5896 nostri
931 5857 1122 5898 omnes
1145 5855 1276 5896 mss.
1309 5842 1496 5912 sicque
1517 5843 1596 5898 rei
1615 5842 1846 5898 veritate
1873 5841 2166 5906 clamante,

2281 499 2412 558 tem,
2441 489 2534 544 ubi
2563 489 2822 546 habitavit
2847 489 3122 560 quondam
3153 487 3326 544 Nabal
3353 487 3650 546 Carmelius
3673 491 3713 562 (1
3731 493 3836 568 Reg.

2279 585 2440 652 xxv),
2465 584 2602 650 inde,
2632 584 2828 654 inquit,
2853 591 3090 640 scrutans
3115 585 3356 656 auferam
3379 599 3465 638 eos
3491 599 3508 636 :
3539 594 3592 640 et
3613 585 3656 640 si
3677 587 3722 642 in
3739 603 3842 656 pro.

2275 677 2444 730 fando
2485 676 2654 732 maris
2681 675 2856 746 (J0me
2887 673 2950 748 ι).
2995 687 3158 747 atque
3189 683 3248 730 ut
3271 674 3342 730 de
3375 675 3637 746 propheta
3661 675 3839 750 loquar,

2275 767 2330 824 in
2359 769 2605 834 Tharsis,
2639 769 2732 824 Dei
2761 771 2954 825 oculos
2977 771 3156 824 vitare
3185 781 3480 836 conentur,
3511 767 3584 824 ibi
3609 773 3840 830 mandabo

2275 863 2540 932 serpenti,
2569 879 2730 932 quem
2761 860 2868 934 [AL
2893 860 3006 934 qui]
3039 863 3090 916 in
3118 863 3220 916 hoc
3249 863 3374 916 loco
3395 859 3708 932 Leviathan,
3749 866 3840 924 sive

2275 967 2394 1014 cete
2420 957 2722 1028 significat,
2765 965 2826 1012 ut
2870 965 3052 1014 servet
3091 957 3498 1029 metaphoram,
3543 967 3598 1014 et
3629 973 3716 1028 per
3749 976 3841 1018 ser.

2279 1063 2492 1121 peluem
2525 1061 2688 1116 atque
2715 1059 2894 1106 cetum
2933 1049 3042 1122 [Αἰ.
3075 1049 3216 1122 cete]
3247 1049 3318 1104 ad
3353 1049 3548 1106 hostes
3575 1051 3764 1108 veniat.
3791 1055 3842 1112 Et

2277 1143 2552 1200 mordebit
2575 1159 2690 1212 eos,
2725 1143 2778 1200 id
2809 1153 2916 1214 est,
2947 1143 3062 1198 suis
3105 1143 3354 1200 faucibus
3381 1142 3682 1200 devorabil.
3709 1147 3764 1202 Et
3789 1165 3842 1208 ne

2279 1237 2508 1294 forsitan
2561 1253 2658 1308 per
2693 1237 2975 1306 superiora
3013 1251 3134 1308 qum
3165 1236 3328 1300 dixit,
3379 1236 3526 1292 aliud
3583 1237 3840 1308 quidquam

2276 1331 2650 1402 captivitatem
2691 1333 2758 1388 ab
2805 1331 3054 1386 hostibus
3087 1331 3454 1396 sentiremus,
3492 1330 3640 1400 juxta
3669 1347 3840 1390 morem

2275 1443 2430 1482 suum
2463 1425 2634 1496 aperit
2667 1425 2774 1498 [AL
2811 1423 3052 1498 aperuit]
3085 1423 3376 1494 Scriptura
3407 1423 3552 1494 quod
3591 1425 3728 1494 prius
3763 1427 3842 1484 sub

2276 1521 2662 1592 aenigmatibus
2691 1519 2930 1574 dixerat.
2961 1519 3030 1574 Et
3069 1517 3116 1572 si
3151 1516 3396 1574 abierint
3427 1517 3478 1570 in
3509 1518 3840 1588 captivitatem

2275 1631 2460 1672 coram
2495 1614 2732 1670 inimicis
2763 1614 2898 1679 suis,
2929 1613 3000 1668 ibi
3031 1611 3306 1666 mandabo
3337 1609 3542 1682 gladio,
3583 1619 3636 1668 et
3669 1613 3844 1670 occidet

2277 1725 2394 1774 eos,
2423 1725 2492 1766 ne
2519 1709 2728 1765 scilicet
2757 1713 3004 1762 extrema
3045 1705 3316 1762 malorum
3349 1719 3574 1760 suorum
3610 1705 3844 1762 :rstiment

2277 1805 2596 1862 servitutem
2621 1821 2640 1870 ;
2665 1802 2764 1858 sed
2793 1801 2956 1858 etiam
2987 1809 3178 1870 captos
3215 1797 3442 1854 hostilis
3473 1811 3658 1852 mucro
3685 1798 3842 1852 confo-

2275 1901 2392 1954 diat
2419 1917 2430 1952 :
2458 1907 2514 1954 et
2537 1879 2626 1970 qui
2657 1909 2946 1967 superesse
2971 1893 3252 1964 potuerint
3279 1901 3340 1948 et
3361 1899 3592 1946 mortem
3623 1889 3840 1960 evadere,

2277 1993 2368 2048 Dei
2411 2001 2688 2062 aspectum
2735 2003 2842 2044 non
2883 1985 3174 2058 ell‘ugianl;
3217 1985 3318 2042 sed
3365 1995 3536 2055 ponat
3583 1999 3736 2054 super
3767 2001 3842 2040 eos

2275 2087 2464 2142 oculos
2496 2101 2628 2142 suos
2659 2085 2714 2140 in
2741 2083 2970 2150 malum,
3003 2090 3058 2136 et
3085 2095 3194 2136 non
3231 2079 3288 2134 in
3323 2078 3552 2144 bonum,
3583 2086 3640 2132 ut
3663 2091 3841 2148 semper

2275 2199 2370 2240 eos
2397 2183 2605 2249 visitet,
2651 2189 2708 2236 et
2744 2179 2810 2234 ad
2859 2175 3236 2248 pmnitentiam
3267 2187 3370 2246 per
3410 2181 3670 2230 tormenta
3707 2187 3834 2228 com-

2275 2277 2466 2348 pellat.
2503 2275 2570 2330 Et
2613 2275 2730 2329 htec
2769 2271 3041 2327 facturum
3087 2285 3210 2324 esse
3259 2283 3321 2322 se
3363 2265 3496 2322 dicit
3533 2265 3838 2337 omnipotens

2277 2373 2442 2436 Deus,
2473 2369 2540 2424 ad
2582 2369 2736 2437 cujus
2765 2375 2966 2422 tactum
2994 2375 3048 2420 et
3079 2371 3276 2418 nutum
3329 2371 3490 2418 terra:
3529 2359 3838 2416 fundamenta

2273 2465 2615 2538 quatiuntur,
2658 2463 2772 2518 sive
2801 2460 3110 2524 tabescunt,
3149 2467 3204 2514 et
3235 2459 3420 2512 omnis
3447 2455 3564 2526 ejus
3607 2453 3838 2508 habitator

2273 2559 2492 2632 planctu
2525 2565 2580 2612 et
2609 2556 2842 2611 luctibus
2881 2563 3198 2624 occupatur.
3235 2551 3375 2618 Quae
3407 2549 3666 2618 loquitur,
3694 2557 3744 2602 ut
3767 2563 3838 2602 os-

2275 2653 2460 2710 tendat
2493 2649 2924 2720 magnitudinem
2955 2646 3156 2702 divinte
3187 2645 3486 2716 potentiae,
3539 2657 3606 2698 ne
3645 2639 3832 2696 forsitan

2273 2747 2406 2802 velit
2425 2745 2643 2816 quidem
2673 2743 2852 2799 facere
2876 2739 3020 2812 quod
3051 2741 3329 2803 minatur;
3353 2735 3448 2792 sed
3475 2735 3618 2790 vires
3639 2749 3734 2788 non
3755 2733 3834 2788 im-

2273 2841 2458 2912 pleant
2501 2839 2856 2894 voluntatem.
2899 2835 2994 2892 Sin
3041 2841 3224 2890 autem
3277 2839 3426 2888 terra
3467 2827 3702 2892 tabescit,
3743 2826 3834 2882 sive

2273 2933 2602 2996 concutitur,
2651 2929 2816 3002 θῇς
2855 2937 2908 2982 et
2957 2927 3279 3000 Creatorem
3339 2939 3496 2980 suum
3543 2919 3836 2977 insensibilis

2271 3043 2489 3100 quoque
2514 3037 2700 3082 natura
2729 3025 3014 3096 praesentit
3041 3021 3148 3096 [AL
3179 3018 3476 3093 persentit]
3501 3035 3516 3074 :
3541 3023 3726 3088 quanto
3745 3031 3837 3070 ma-

2273 3121 2356 3190 gis
2395 3119 2580 3188 homo,
2615 3118 2806 3190 fragile
2833 3117 3056 3182 animal,
3083 3116 3240 3186 cujus
3269 3115 3474 3170 animae
3502 3111 3764 3168 thesaurus
3793 3109 3834 3162 in

2275 3217 2418 3270 vasis
2461 3213 2718 3270 fictilibus
2764 3221 2932 3282 atque
2971 3209 3258 3280 corporeis
3283 3205 3597 3262 clauditur?
3637 3203 3694 3258 Et
3729 3215 3836 3270 qun-

2275 3307 2436 3364 modo
2461 3305 2680 3378 [Egypti
2707 3305 2904 3360 ﬂuvius
2931 3301 3178 3358 decurrit
3215 3299 3268 3356 in
3307 3313 3464 3354 mare
3491 3305 3650 3366 atque
3675 3293 3832 3350 sorbe-

2275 3411 2364 3458 tur
2393 3419 2406 3456 :
2445 3403 2518 3456 ita
2553 3410 2608 3456 et
2629 3407 2776 3454 terra
2805 3395 3000 3462 Israel,
3045 3394 3112 3450 de
3147 3409 3254 3464 qua
3281 3407 3452 3464 supra
3481 3389 3682 3446 dixerat
3711 3405 3722 3442 ε
3753 3383 3834 3450 Qui

2275 3497 2437 3570 tangit
2467 3505 2676 3562 terram,
2710 3503 2758 3547 et
2789 3491 3005 3547 tabescit
3025 3537 3040 3556 ,
3073 3489 3172 3544 ibit
3203 3489 3258 3544 in
3289 3487 3678 3560 captivitatem,
3709 3491 3756 3536 ct
3779 3479 3832 3532 ab

2275 3590 2528 3646 hostibus
2555 3585 2916 3642 devorabilur
2941 3601 2956 3639 :
2981 3589 3372 3658 μετωνυμικῶς,
3403 3581 3472 3634 ah
3497 3595 3566 3636 eo
3593 3573 3722 3644 quod
3759 3573 3834 3628 ha-

2275 3683 2388 3752 bet,
2421 3683 2470 3738 id
2507 3681 2652 3754 quod
2693 3679 2950 3746 habetur,
2985 3679 3171 3732 divino
3209 3675 3556 3746 significante
3588 3681 3826 3725 sermone.

2277 3777 2342 3832 Et
2369 3779 2484 3832 haec
2511 3773 2728 3846 quidem
2759 3781 3052 3846 sequentes
3081 3771 3328 3826 historia:
3363 3769 3628 3832 ordinem,
3651 3775 3828 3817 utcum-

2273 3885 2378 3940 que
2411 3869 2688 3938 potuimus
2713 3865 3060 3937 interpretati
3101 3877 3294 3920 sumus
3323 3881 3336 3916 :
3377 3862 3424 3918 si
3463 3871 3634 3916 tamen
3665 3857 3710 3910 in
3739 3851 3830 3922 qui-

2275 3962 2498 4018 busdam
2531 3977 2632 4016 nos
2663 3959 3022 4028 intelligentia
3053 3973 3160 4012 non
3199 3955 3424 4010 defecit.
3455 3953 3710 4008 Caeterum
3735 3961 3829 3998 om-

2275 4071 2396 4110 nem
2443 4055 2547 4110 loci
2599 4053 2758 4108 istius
2807 4055 3058 4128 περιοχὴν
3109 4049 3282 4104 David
3335 4045 3594 4118 explicat,
3637 4041 3826 4128 (licens:

2275 4147 2512 4213 Domine,
2539 4145 2768 4218 probasti
2785 4127 2882 4212 me,
2907 4155 2954 4196 et
2975 4141 3254 4212 cognovisti
3269 4157 3348 4196 me
3367 4141 3386 4214 (
3397 4139 3486 4194 Ps.
3511 4147 3744 4194 cxxxvtu,
3765 4131 3782 4184 -Ι
3795 4127 3826 4198 ).

2273 4243 2576 4310 Statimque
2617 4239 2780 4294 infert
2813 4257 2826 4294 :
2863 4239 2975 4306 Quo
3005 4237 3090 4292 ibe
3129 4254 3160 4290 a
3189 4237 3380 4308 spiritu
3429 4245 3512 4289 tuo
3537 4277 3550 4298 ,
3583 4239 3626 4284 et
3667 4245 3694 4280 a
3719 4223 3828 4296 facie

2273 4347 2360 4392 tua
2387 4351 2487 4407 quo
2513 4335 2748 4404 fugiam?
2777 4332 2836 4388 Si
2863 4329 3144 4386 ascendere
3167 4329 3222 4384 in
3251 4325 3458 4394 coelum,
3479 4335 3531 4380 tu
3557 4321 3658 4378 illic
3683 4335 3728 4372 es
3755 4313 3826 4370 :si

2275 4431 2584 4486 descendere
2625 4429 2680 4482 in
2735 4427 2995 4498 infernum
3043 4423 3112 4478 ibi
3151 4439 3224 4478 es.
3277 4421 3340 4478 Si
3387 4433 3640 4492 sumpsere
3665 4423 3824 4485 pennas

2275 4539 2410 4578 meas
2439 4520 2694 4586 diluculo,
2721 4531 2768 4576 et
2795 4519 3088 4574 habitarem
3111 4519 3164 4570 in
3191 4515 3434 4570 extremis
3463 4509 3612 4566 maris
3637 4523 3654 4561 .'
3675 4501 3826 4558 etenittl

2273 4619 2398 4672 illuc
2421 4633 2602 4670 atauus
2629 4623 2718 4668 tua
2743 4613 2960 4666 deducet
2991 4625 3088 4677 me,
3123 4619 3174 4662 et
3203 4607 3386 4664 tenebit
3419 4621 3497 4660 me
3523 4603 3717 4658 dextera
3751 4603 3824 4644 tua

2275 4707 2440 4784 (Ibid.
2469 4749 2483 4774 ,
2525 4705 2664 4776 7-9).
2713 4705 2768 4759 In
2811 4701 3237 4759 Deuteronomio
3269 4712 3482 4770 quoque
3525 4691 3692 4784 simile
3710 4679 3824 4784 quid

2273 4777 2502 4874 legimus
2533 4819 2546 4856 :
2582 4799 2892 4854 Mandatum
2925 4797 3020 4850 hoc
3041 4841 3055 4864 ,
3088 4795 3224 4866 quod
3253 4810 3346 4864 ego
3377 4789 3611 4864 principio
3637 4781 3720 4836 tibi
3746 4777 3822 4830 lto-

2275 4873 2390 4964 die,
2431 4913 2531 4950 non
2573 4911 2732 4966 supra
2763 4903 2812 4948 te
2847 4901 2920 4946 est
2955 4909 2972 4946 :
3001 4907 3164 4960 neque
3189 4889 3373 4962 procul
3406 4885 3638 4960 positum,
3679 4889 3756 4966 nec
3781 4873 3820 4924 in

2273 4993 2398 5047 caele
2421 4992 2576 5044 situm
2601 5031 2614 5052 ,
2639 4965 2701 5044 ut.
2731 4989 2894 5062 pessis
2921 4986 3090 5039 dicere
3121 5001 3138 5038 :
3175 4983 3304 5048 Quis
3335 4991 3562 5036 nostrum
3589 4971 3652 5026 ad
3673 4965 3822 5022 mlum

2271 5089 2406 5144 ralet
2435 5085 2798 5154 conscendere,
2837 5093 2888 5138 ut
2931 5083 3132 5152 deferat
3161 5079 3296 5134 illud
3333 5079 3402 5132 ad
3445 5091 3554 5138 nos,
3591 5079 3632 5124 et
3671 5061 3824 5158 audia-

2271 5199 2386 5236 mus
2415 5191 2568 5252 atque
2595 5195 2746 5252 opere
2772 5177 3120 5248 cempleamus
3145 5175 3168 5228 ?
3193 5171 3374 5244 Neque
3397 5181 3534 5224 trans
3563 5173 3688 5252 mare
3711 5165 3822 5224 P03"

2255 5289 2412 5343 .tnm,
2454 5250 2510 5329 ut
2555 5250 2782 5328 causeris
2817 5279 2864 5326 et
2893 5271 3036 5324 dicas
3075 5286 3092 5323 :
3135 5267 3264 5336 Quis
3293 5283 3320 5322 e
3357 5263 3500 5320 nobis
3535 5250 3821 5320 transfretare

2274 5475 2548 5530 Victorius
2589 5473 2830 5530 restituit
2855 5513 2870 5536 ,
2915 5485 3042 5526 cum
3073 5479 3216 5526 esset
3255 5475 3412 5522 antea
3441 5473 3596 5538 sensu
3629 5454 3818 5538 Ρτίῖἷξίῗ

2275 5527 2554 5634 contrario
2583 5527 2939 5634 nullus."an
2978 5541 3195 5634 interim

2275 5599 2674 5676 etintendosam
2705 5615 2998 5670 lectionem
3023 5611 3198 5668 nullus
3227 5611 3278 5666 in
3305 5599 3796 5676 testuretinnissctf

2275 5667 3028 5746 verat—ri-cedi-Cluniacens.
3057 5695 3113 5742 et
3153 5683 3380 5742 Victorii
3427 5667 3814 5736 emendationem

2277 5763 2544 5836 probasse
2571 5763 2626 5818 in
2651 5757 2830 5817 Notis.
