4084 6340
543 290 679 352 1091

1758 283 1819 346 Β.
1858 282 2132 343 EUSEBII
2175 278 2564 344 HIEBONYMI

3708 279 3833 343 i091

532 422 623 461 etn
653 407 795 492 (-ap
821 403 864 473 ),
888 402 1239 473 Septuaginta
1273 401 1495 471 foveam,
1530 398 1709 464 idest,
1742 402 1946 478 βόθρον,
1971 399 2150 455 Theo-
2176 410 2223 468 Α
2252 419 2321 457 na
2349 402 2644 471 Ethiopia:
2673 400 2796 455 inde
2817 397 3109 455 detulerint
3134 396 3395 452 victimas
3417 395 3672 462 Domino,
3700 396 3838 453 dice-

534 499 687 555 dotio
733 500 998 571 parietem,
1046 495 1401 569 Symmachus
1434 494 1678 567 Cyrencm
1703 512 1721 549 :
1752 511 1911 565 quem
1952 504 2009 550 et
2041 509 2140 549 nos

534 592 590 648 in
620 593 725 647 hoc
772 591 895 646 loco
944 591 1115 646 secuti
1145 604 1355 645 sumus.
1408 589 1601 643 Totam
1642 590 1743 643 loci
1777 588 1938 657 hujus
1978 603 2138 658 quem

534 683 813 755 proposui,
846 692 901 738 et
928 682 1173 736 omnium
1203 696 1325 752 qua:
1366 681 1468 737 hoc
1491 682 1730 751 capitulo
1768 681 2139 744 continentur,

532 768 950 844 intelligentiam
1001 775 1154 829 brevi
1203 788 1464 829 Sermone
1493 773 1838 839 concludam,
1874 788 2043 843 usque
2075 771 2142 826 ad

532 884 660 923 enim
693 868 869 923 locum
894 868 946 922 itt
974 882 1081 940 quo
1110 870 1377 939 scriptum
1410 876 1498 922 est
1525 886 1536 922 :
1570 868 1669 934 Qui
1699 867 1899 931 dicunt,
1926 883 2027 921 non
2048 883 2143 934 ap—

532 960 919 1032 propinquabit,
949 968 996 1014 et
1023 976 1127 1013 non
1148 961 1311 1013 veniet
1338 976 1495 1030 super
1523 976 1615 1014 nos
1638 959 1859 1029 malum,
1888 972 1943 1013 ut
1971 959 2143 1028 possi-

535 1068 658 1108 mus
682 1067 847 1108 nosse
873 1053 1019 1123 quod
1048 1052 1289 1108 dicitur:
1341 1053 1457 1124 Ego
1502 1052 1765 1108 Dominus
1796 1053 1939 1108 Deus
1964 1052 2144 1107 omni.

536 1159 768 1216 petens,
812 1160 976 1215 quem
1021 1145 1189 1200 celari
1232 1145 1359 1217 (Al.
1391 1144 1615 1214 celare)
1647 1145 1779 1201 nihil
1812 1154 2025 1214 potest,
2054 1145 2145 1213 qui

538 1245 703 1308 tango
751 1247 977 1306 terram,
1024 1248 1080 1294 et
1127 1241 1474 1296 movebitur:
1508 1240 1600 1310 qui
1645 1240 1857 1295 aedifico
1906 1242 1956 1293 in
2006 1241 2149 1294 caelo

537 1329 918 1387 ascensionem
948 1348 1124 1387 meam
1154 1349 1167 1385 :
1191 1335 1433 1399 quivoco
1447 1348 1619 1402 aquas
1638 1333 1829 1397 maris,
1854 1342 1910 1385 et
1929 1329 2149 1387 effundo

536 1437 633 1479 eas
656 1438 821 1493 super
851 1424 1045 1480 faciem
1082 1432 1245 1480 terrae
1275 1444 1285 1479 :
1315 1427 1474 1495 cujus
1501 1437 1585 1480 est
1626 1439 1825 1479 nomen
1860 1424 2149 1487 Dominus,

540 1516 639 1586 qui
668 1530 886 1572 creator
914 1534 1033 1571 sum
1063 1519 1308 1573 omnium
1336 1535 1351 1570 :
1376 1529 1604 1589 cunctas
1633 1527 1827 1588 gentes
1858 1516 1926 1572 de
1957 1516 2148 1571 eodem

542 1609 673 1666 ﬁnxi
707 1613 842 1677 luto,
869 1623 924 1668 et
955 1613 1156 1683 aequali
1181 1624 1331 1668 sorte
1355 1613 1637 1683 generavi.
1670 1612 1916 1681 Denique
1940 1610 2156 1667 Ethio-

538 1717 660 1775 pes,
688 1704 1036 1769 Palaestinos,
1068 1706 1237 1776 Syros
1266 1715 1429 1773 atque
1453 1704 1693 1771 Judzeos,
1722 1705 1993 1760 distantes
2022 1704 2155 1757 locis

2244 512 2305 552 re
2328 506 2581 564 poterunt
2611 513 2623 547 :
2658 493 2829 565 Nigra
2855 510 2972 548 sum
2998 502 3046 546 et
3086 492 3346 561 speciosa,
3373 492 3619 562 quoniam
3647 490 3839 545 decolo-

2236 591 2372 641 rauit
2399 605 2477 641 nte
2502 590 2581 642 sol
2608 587 2629 659 (
2652 586 2806 641 Cant.
2841 603 2880 653 ι,
2914 585 3000 657 4).
3030 584 3271 655 Corpora
3297 585 3441 640 enim
3474 583 3681 638 umbris
3711 585 3842 638 etio-

2237 697 2351 751 quc
2378 682 2700 742 marcentia.
2731 681 3068 735 teutationes
3090 690 3147 734 et
3176 688 3343 735 aestus
3368 679 3549 735 saeculi
3570 677 3715 733 ferre
3743 693 3842 732 non

2241 787 2474 847 possunt
2502 795 2513 830 :
2545 794 2665 847 qua:
2692 786 2876 831 autem
2900 777 2968 831 ad
3001 776 3201 831 luctam
3230 785 3282 830 et
3305 774 3370 830 ad
3394 773 3695 831 certamina
3719 789 3845 844 prte-

2240 882 2532 941 parantur,
2564 872 2681 925 sole
2707 872 2911 925 siccata
2951 878 3218 940 superant
3268 868 3455 924 mundi
3504 866 3752 937 injurias,
3800 876 3848 921 et

2244 964 2687 1019 benedictionem
2720 964 2893 1017 sancti
2933 963 3168 1031 Spiritus
3194 968 3630 1032 consequuntur,
3666 958 3850 1012 dicen.

2246 1058 2320 1111 tis
2346 1058 2412 1110 ad
2441 1057 2683 1126 justum;
2722 1054 2826 1110 Per
2854 1055 2992 1109 diem
3032 1053 3110 1108 sol
3157 1071 3257 1107 non
3293 1064 3400 1107 uret
3432 1060 3500 1118 te,
3544 1068 3705 1122 neque
3733 1048 3851 1104 luna

2246 1166 2343 1221 per
2379 1154 2627 1219 noctem(
2660 1149 2814 1205 Psal.
2858 1164 2988 1212 cxx,
3016 1147 3113 1215 6).
3147 1146 3443 1216 Ethiopes
3474 1161 3607 1215 ergo
3636 1155 3850 1199 vertun-

2244 1253 2342 1299 tur
2371 1245 2423 1297 in
2455 1244 2600 1297 filios
2629 1243 2747 1309 Dei,
2783 1243 2828 1297 si
2860 1240 3071 1312 egerint
3102 1239 3508 1311 pmnitrntiam,
3538 1247 3595 1292 et
3634 1236 3733 1290 filii
3766 1234 3851 1291 Dei

2250 1350 2539 1395 transeunt
2589 1337 2638 1393 in
2691 1337 2999 1406 Aﬂtltiope:,
3031 1337 3076 1392 si
3133 1336 3185 1390 in
3232 1332 3562 1405 profundum
3614 1330 3853 1386 venerint

2257 1444 2634 1503 peccatorum.
2671 1433 2789 1501 Ipse
2821 1432 2968 1485 enim
2994 1430 3223 1485 Creator
3256 1425 3499 1481 oruuiuat
3536 1425 3684 1480 Deus
3720 1421 3851 1493 Cap-

2248 1526 2493 1596 padoces
2525 1523 2687 1579 vertit
2712 1524 2762 1577 itt
2794 1522 3141 1585 Palaestinos,
3172 1530 3226 1574 et
3252 1532 3348 1573 eos
3378 1518 3466 1588 qui
3498 1515 3853 1570 verstbantut'

2256 1618 2310 1672 in
2343 1617 2544 1687 frigore
2568 1616 2716 1681 ﬁdei,
2749 1624 2804 1669 ct.
2829 1613 3085 1682 Aquiloni
3115 1622 3275 1667 vento
3297 1609 3589 1665 durissimo
3613 1605 3855 1675 subjace-

2259 1712 2410 1776 bant,
2436 1710 2558 1764 fecit
2582 1710 2831 1763 bibentes
2858 1705 3077 1771 audere,
3102 1718 3153 1759 et
3181 1703 3425 1773 deposita
3453 1698 3733 1770 supetbia,
3758 1696 3856 1751 Dii-

537 1804 703 1867 atque
731 1799 1078 1868 corporibus,
1112 1799 1467 1854 mortalitatis
1500 1799 1618 1869 lege
1671 1799 1899 1865 sociavi,
1950 1806 2005 1852 et
2052 1812 2149 1867 pro

2258 1808 2386 1861 mini
2416 1806 2623 1862 sentire
2649 1804 2935 1874 judicium.
2982 1803 3152 1872 Syros
3181 1813 3420 1869 quoque,
3468 1795 3523 1850 id
3551 1804 3653 1859 est,
3689 1791 3860 1848 excel-

534 1892 766 1948 arbitrio
792 1907 918 1948 meo
942 1908 1131 1948 servos
1160 1907 1313 1948 meos
1342 1893 1453 1948 huc
1499 1892 1739 1962 illucque
1771 1900 2065 1956 commuto,
2099 1899 2154 1945 et

538 1985 596 2041 in
642 1987 931 2042 universas
976 1987 1291 2057 provincias
1336 1986 1635 2041 transfero.
1667 1985 1746 2040 Ne
1777 1985 2065 2054 erigamini
2098 1984 2149 2038 in

539 2080 879 2151 superbiam,
914 2080 1056 2149 quod
1090 2096 1186 2137 vos
1214 2082 1281 2135 de
1313 2080 1552 2151 Egypto
1578 2078 1886 2144 eduxerim,
1916 2087 1971 2133 et
1997 2078 2151 2149 quasi

538 2172 875 2245 peculiarem
927 2174 1189 2243 populum
1235 2189 1415 2228 meum
1465 2172 1737 2227 Pharaoni
1788 2170 1995 2225 servire
2042 2184 2153 2223 non

538 2282 734 2339 passus
764 2266 867 2320 sim
894 2285 907 2321 :
942 2268 1047 2321 hoc
1085 2268 1227 2322 idem
1272 2268 1375 2322 feci
1415 2278 1469 2323 et
1502 2266 1850 2329 Palaestinis,
1880 2279 2018 2335 quos
2046 2263 2153 2319 Se-

539 2362 817 2431 ptuaginta
850 2359 1170 2430 alienigenas
1198 2359 1635 2426 transtulerunt,
1672 2369 1694 2393 θ’
1748 2359 1839 2425 qui
1886 2357 2153 2412 llebraice

537 2458 884 2527 appellantur
930 2470 1275 2513 caruraontu
1307 2460 1631 2529 (mima)
1661 2499 1675 2524 ,
1707 2466 1765 2511 ut
1798 2455 2151 2509 transferrem

537 2562 638 2604 eos
664 2549 731 2603 de
752 2547 1121 2619 Cappadocia,
1151 2559 1207 2605 et
1232 2550 1283 2603 in
1316 2549 1625 2603 Palaestinae
1646 2547 1960 2616 regionibus
1981 2545 2153 2599 collo-

538 2654 724 2695 carem
751 2658 765 2695 :
794 2641 964 2712 Syros
996 2657 1236 2713 quoque,
1270 2642 1323 2696 id
1353 2651 1457 2704 est,
1491 2656 1638 2695 anu
1663 2642 1683 2713 (
1705 2638 1874 2710 D‘N)
1904 2632 2156 2693 transtuli

540 2732 611 2789 de
636 2734 850 2805 Cyrene
877 2751 889 2788 :
923 2751 990 2790 ex
1019 2751 1128 2805 quo
1155 2735 1249 2806 qui
1281 2735 1477 2805 aequali
1509 2734 1823 2789 conditione
1854 2743 1983 2788 sunt
2007 2732 2153 2800 facti,

540 2829 736 2899 aequali
781 2828 973 2897 judicii
1025 2829 1133 2883 mei
1182 2827 1453 2884 sententia
1500 2828 1819 2898 punientur,
1875 2836 1931 2880 et
1974 2825 2157 2879 omnia

542 2921 750 2993 absque
767 2921 1108 2979 discretione
1135 2937 1515 2992 personarum,
1545 2922 1711 2990 impia
1734 2934 1904 2989 regna
1934 2919 2158 2972 subver-

541 3023 675 3069 tam.
713 3014 817 3070 Vos
845 3024 1053 3083 autem,
1083 3032 1115 3071 ο
1138 3017 1233 3071 filii
1266 3016 1461 3083 Israel,
1496 3015 1565 3069 de
1604 3014 1803 3085 quibus
1830 3012 1941 3068 dixi
1970 3030 1982 3066 :
2032 3010 2157 3063 Pri-

542 3109 837 3176 mogenitus
868 3108 1010 3177 ﬁlius
1041 3126 1183 3162 meus
1204 3106 1375 3162 Israel
1406 3112 1422 3177 (
1452 3106 1623 3161 Exod.
1653 3122 1731 3174 tv,
1766 3104 1838 3158 22
1865 3104 1909 3174 ).
1943 3104 2047 3157 Et:
2078 3101 2161 3157 Ea:

2252 1916 2350 1956 sos
2373 1912 2535 1970 atque
2562 1898 2844 1965 sublimes,
2873 1899 2961 1965 qui
2986 1896 3241 1950 dicuntur
3265 1907 3407 1948 ABAI
3457 1900 3583 1948 ante
3634 1895 3860 1941 transtu-

2256 1996 2317 2051 lit
2342 1996 2410 2051 de
2440 1997 2675 2065 Cyrene,
2706 1992 2918 2047 infirmo
2949 1990 3178 2059 pariete,
3214 1987 3334 2041 sive
3376 2000 3499 2055 quae
3546 1981 3863 2037 imminebat

2250 2090 2605 2145 amarissimo
2648 2090 2810 2149 mari,
2858 2096 2911 2142 et
2953 2084 3128 2139 vicina
3172 2082 3424 2153 Syrtibus
3454 2087 3593 2140 erat,
3633 2085 3689 2132 et
3716 2075 3861 2145 juxta

2254 2183 2399 2240 LXX
2426 2187 2480 2237 in
2511 2182 2671 2236 fovea
2705 2182 3015 2242 tenebatur,
3049 2176 3284 2231 mutavit
3315 2174 3365 2227 itt
3394 2172 3598 2227 bonam
3632 2176 3865 2240 partem,

2254 2288 2317 2332 ut
2346 2274 2600 2331 excelsos
2625 2274 2847 2328 faceret.
2893 2269 3043 2326 Oculi
3073 2269 3218 2325 enim
3250 2266 3464 2321 Domini
3498 2278 3664 2333 super
3692 2260 3865 2316 omnia

2258 2378 2385 2423 sunt
2413 2383 2577 2438 regna
2622 2366 2784 2437 353
2832 2363 3133 2433 peccantia,
3177 2374 3300 2430 qua:
3342 2356 3581 2412 ostendit
3623 2354 3867 2409 diabolus

2259 2464 2488 2518 Domitio
2521 2459 2754 2531 (Matth.
2800 2473 2850 2511 tv
2878 2458 2917 2526 ),
2949 2464 3006 2509 et
3036 2454 3103 2508 de
3130 2452 3326 2523 quibus
3371 2448 3669 2519 Apostolus
3700 2443 3863 2501 dicit;

2260 2555 2385 2610 Non
2418 2564 2592 2627 regnet
2614 2560 2877 2625 peccatum
2900 2551 2950 2602 in
2983 2547 3189 2601 mortali
3218 2554 3385 2599 restro
3408 2557 3642 2611 corpore,
3667 2539 3734 2592 ad
3755 2539 3868 2590 obe—

2259 2652 2379 2707 dieu
2404 2653 2508 2704 .'unt
2533 2648 2799 2703 desideriis
2827 2649 2941 2717 ejus
2971 2644 3164 2715 (Rom.
3202 2655 3276 2707 vt,
3313 2638 3379 2692 η
3404 2639 3445 2707 η).
3476 2635 3867 2690 Verumtamen

2261 2762 2386 2799 cum
2436 2746 2487 2797 in
2520 2744 2668 2811 virga
2699 2741 2880 2794 vnsitvt
2914 2743 3257 2805 peccatores,
3287 2739 3343 2785 et.
3372 2736 3624 2783 conterat
3663 2738 3756 2779 eos
3789 2732 3866 2777 at-

2262 2854 2367 2907 que
2398 2835 2690 2905 percutiat,
2724 2833 2814 2902 qui
2842 2827 3248 2901 permanserint
3273 2825 3326 2879 in
3356 2832 3582 2893 peccato
3609 2839 3620 2872 :
3644 2833 3738 2874 eas
3759 2818 3869 2872 ani-

2261 2946 2401 2996 mas,
2434 2946 2554 2992 quae
2594 2927 2938 2997 appellantur
2968 2925 3162 2977 domus
3193 2919 3390 2982 Jacob,
3436 2925 3492 2972 et
3519 2915 3869 2986 supplantant

2263 3034 2584 3093 peccatum,
2634 3029 2689 3074 et
2740 3019 2794 3073 in
2849 3015 3149 3071 certamine
3194 3017 3485 3082 superant,
3531 3017 3588 3063 et
3635 3008 3867 3077 plantam

2264 3115 2475 3170 cruenti
2525 3111 2710 3166 fratris
2762 3108 3052 3173 invadunt,
3107 3105 3161 3160 in
3206 3112 3470 3159 aeternum
3530 3101 3713 3171 perire
3764 3112 3866 3152 non

544 3200 781 3272 Afgypto
819 3202 994 3256 vocavi
1034 3203 1208 3269 filium
1250 3210 1429 3256 meum
1468 3201 1647 3271 (Osee
1673 3215 1778 3263 xu,
1814 3200 1917 3268 l),
1966 3212 2158 3267 percu—
2185 3201 2229 3263 C
2267 3207 2483 3278 patitur.

540 3291 676 3347 Atiam
707 3295 759 3347 in
804 3294 979 3365 virga,
1026 3304 1083 3350 et
1124 3293 1363 3350 visitabo
1391 3305 1615 3365 peccata
1665 3300 1889 3354 vestra;
1924 3288 2021 3344 sed
2053 3304 2158 3342 non

543 3386 602 3443 in
646 3396 977 3457 perpetuum
1032 3398 1357 3455 conteram,
1412 3397 1465 3444 et
1512 3388 1675 3459 352
1730 3382 2157 3441 misericordiam

545 3499 724 3539 meam
757 3499 866 3538 non
899 3484 1143 3539 auferam
1177 3500 1205 3537 a
1249 3484 1404 3538 vobis
1450 3482 1585 3555 (Ps.
1611 3480 1897 3549 Lxxxvnt),
1922 3487 1977 3533 et
2007 3475 2161 3545 quasi

543 3573 602 3630 in
633 3574 819 3629 cribro
842 3576 1079 3645 agitatus
1108 3585 1269 3644 atque
1317 3588 1639 3638 concussos,
1673 3571 1947 3627 mundabo
1980 3578 2034 3623 et
2064 3567 2165 3623 eli-

541 3683 691 3738 gam,
728 3670 900 3739 utqui
937 3669 1151 3737 lapillus
1184 3670 1372 3731 fuerit,
1405 3677 1460 3723 et
1504 3684 1603 3738 per
1646 3666 2026 3737 paenitentiam
2076 3679 2165 3718 ro-

544 3761 794 3827 boratus,
825 3762 893 3816 de
922 3760 1106 3817 cribro
1134 3777 1259 3816 meo
1299 3777 1406 3816 non
1434 3762 1688 3817 excidat:
1718 3760 1813 3830 qui
1849 3768 2028 3813 autem
2086 3759 2169 3811 in-

478 3920 487 3927 ‘
541 3864 658 3908 star
688 3854 927 3922 pulveris
952 3854 1217 3909 ceciderit
1257 3853 1311 3909 in
1345 3864 1571 3920 terram,
1594 3854 1937 3923 percutiatur
1959 3849 2163 3920 gladio,

544 3957 605 4000 ut
643 3945 769 4015 (Al.
805 3945 900 4016 et)
950 3946 1252 4000 moriantur
1281 3958 1601 4015 peccatores
1634 3946 1816 4016 populi
1866 3944 1971 3998 mci
2004 3959 2017 3995 :
2054 3956 2165 3996 non

545 4038 674 4108 quia
706 4046 838 4092 ante
870 4038 1264 4105 peccaverint;
1315 4039 1411 4092 sed
1443 4039 1569 4108 quia
1605 4053 1775 4107 usque
1821 4036 1887 4090 ad
1933 4042 2165 4089 mortem

548 4128 1035 4199 perseveraverint
1079 4128 1130 4182 in
1176 4130 1436 4199 peccatis.
1481 4129 1673 4184 Omnis
1719 4138 1900 4182 autem
1954 4127 2044 4196 qui
2085 4133 2169 4180 est

549 4218 718 4274 Israel
751 4228 806 4274 et
841 4220 990 4287 prius
1044 4220 1209 4275 Deum
1244 4230 1425 4277 mente
1454 4222 1824 4290 conspiciens,
1854 4219 1881 4257 ι)
1915 4220 2167 4274 eductus-

554 4329 663 4383 que
689 4314 755 4369 dc
787 4312 1051 4384 Egypto,
1082 4316 1129 4369 si
1172 4314 1488 4370 desiderans
1522 4315 1650 4369 vitia
1694 4312 1947 4384 Egypti,
1977 4321 2032 4366 et
2062 4327 2166 4365 sce-

559 4408 668 4463 culi
692 4409 1019 4478 voluptates,
1052 4426 1158 4463 non
1187 4410 1367 4465 solum
1394 4412 1446 4464 in
1478 4408 1801 4480 Egyptum,
1837 4405 1931 4461 sed
1969 4406 2021 4459 in
2072 4404 2168 4460 1E-

551 4498 812 4569 thiOpiam
858 4509 1192 4567 revertatur,
1231 4504 1281 4555 in
1316 4517 1422 4573 qua
1450 4500 1544 4572 qui
1593 4500 1774 4565 fuerit,
1813 4498 1966 4569 juxta
2008 4497 2166 4553 Jere-

2337 3298 2521 3370 (Vers.
2550 3295 2605 3361 9,
2642 3291 2758 3362 10.)
2786 3290 2922 3345 Ecce
2972 3289 3107 3344 enim
3139 3304 3233 3359 ego
3274 3284 3565 3347 mandabo,
3600 3293 3645 3335 et
3682 3296 3865 3335 concu-

2265 3393 2390 3446 tiant
2432 3391 2483 3441 in
2515 3386 2753 3441 omnibus
2780 3383 3012 3455 gentibus
3040 3382 3248 3435 domum
3280 3379 3474 3443 Israel,
3514 3377 3647 3430 sicut
3678 3390 3863 3427 conru-

2266 3486 2391 3539 titur
2412 3481 2601 3553 [Addit
2622 3479 2776 3547 Vulg.
2805 3475 3057 3546 triticum]
3080 3476 3133 3527 in
3162 3474 3327 3526 cribro
3349 3512 3364 3537 ,
3391 3480 3437 3523 et
3465 3486 3567 3523 non
3620 3468 3764 3520 cadet
3797 3468 3867 3517 la-

2267 3579 2426 3649 pillus
2447 3592 2603 3643 super
2634 3585 2846 3627 terram.
2872 3569 2939 3624 In
2968 3568 3143 3641 gladio
3184 3567 3471 3622 morientur
3493 3578 3669 3617 omnes
3691 3576 3867 3633 pecca-

2271 3682 2407 3728 tores
2458 3668 2637 3742 pOpuli
2668 3667 2763 3720 mei
2789 3668 2878 3736 qui
2929 3665 3111 3719 dicunt
3139 3679 3157 3717 :
3187 3662 3309 3716 Non
3339 3657 3798 3731 appropinquabil,
3826 3661 3868 3705 et

2270 3784 2376 3820 non
2388 3766 2551 3820 reniet
2574 3780 2732 3831 super
2754 3778 2847 3817 nos
2876 3761 3090 3815 malum.
3116 3755 3295 3813 LXX:
3325 3755 3462 3821 Quia
3486 3769 3601 3807 ecce
3622 3766 3714 3821 ego
3739 3762 3864 3817 pra-

2269 3860 2405 3930 cipio
2431 3867 2475 3912 et
2500 3857 2754 3911 ventilabo
2774 3855 2827 3908 in
2854 3855 3051 3907 cunctis
3073 3851 3302 3923 gentibus
3320 3849 3529 3902 domum
3551 3841 3745 3903 Israel,
3773 3840 3867 3893 sir-

2267 3962 2320 4003 ut
2348 3950 2622 4003 ventilatur
2652 3948 2702 4000 in
2740 3944 3043 4009 ventilabro,
3089 3952 3135 3997 et
3174 3957 3277 3996 non
3315 3940 3463 3994 cadet
3506 3934 3749 3989 contritio
3779 3950 3862 3989 su-

2271 4059 2360 4113 per
2400 4050 2612 4095 terrmn.
2650 4037 2714 4091 In
2736 4036 2910 4108 gladio
2957 4034 3241 4088 morientur
3264 4046 3437 4084 omnes
3461 4034 3750 4099 peccatores
3778 4038 3866 4092 po-

2273 4136 2382 4205 puli
2411 4135 2539 4197 mei,
2569 4133 2655 4203 qui
2684 4131 2902 4184 dicunt:
2932 4128 3056 4182 Non
3084 4121 3537 4197 apprOpinquabit,
3588 4133 3747 4187 neque
3786 4130 3864 4167 re-

2269 4231 2410 4285 nient
2431 4244 2584 4298 super
2605 4242 2697 4279 nos
2721 4225 2879 4279 mala.
2932 4224 3075 4277 Deus
3097 4220 3186 4290 qui
3223 4231 3445 4272 mensus
3471 4223 3740 4283 estaquas
3758 4223 3867 4263 ma-

2271 4338 2364 4386 nu,
2410 4330 2464 4374 et
2514 4318 2711 4373 coelum
2760 4315 2963 4385 palmo,
3015 4322 3070 4367 et
3108 4324 3329 4365 omnem
3359 4298 3869 4363 terram‘concludit

2270 4414 2474 4486 pugillo
2514 4410 2671 4481 (Isai.
2701 4409 2815 4483 st),
2862 4409 2978 4478 ipse
3022 4420 3124 4477 pro
3153 4401 3529 4475 magnitudine
3566 4413 3687 4464 sua,
3721 4404 3867 4486 utra-

2270 4485 2379 4579 que
2402 4521 2565 4561 manu
2591 4513 2781 4559 tenens
2805 4500 3077 4571 margines
3098 4508 3280 4559 terrae,
3311 4495 3463 4563 quasi
3493 4491 3738 4547 cribrum
3766 4485 3866 4540 huc

547 4593 715 4650 mia!“
750 4590 918 4663 (Cap-
953 4608 1049 4647 Χιιι
1073 4594 1091 4663 )
1122 4636 1136 4660 ν
1169 4596 1369 4664 Pellem
1394 4611 1552 4651 suam
1577 4603 1788 4650 mutam
1819 4608 1929 4646 “00
1956 4601 2165 4663 Ροιεεί,
2194 4588 2246 4651 Ι)
2273 4600 2508 4669 illucque
2535 4594 2811 4652 concutiet
2838 4610 2852 4648 :
2883 4601 2943 4647 nt
2966 4591 3134 4661 paleis
3155 4604 3220 4643 ac
3240 4586 3862 4655 sordibuspeccatorum

550 4686 759 4743 Christi
791 4688 1035 4743 salvatur
1058 4687 1170 4760 (Al.
1203 4689 1373 4745 salvat
1399 4690 1415 4759 )
1440 4689 1784 4757 adventu,.et
1824 4689 2080 4758 impletur
2112 4687 2161 4740 in

548 4797 617 4839 eo
661 4784 804 4854 quod
833 4785 1097 4855 scriptum
1150 4793 1276 4838 est:
1328 4783 1608 4853 JEthiopia
1657 4784 1934 4857 praeveniet
1980 4797 2166 4836 manus

549 4881 663 4951 ejus
699 4877 807 4933 Deo
838 4881 869 4949 μ(
892 4880 986 4934 Ps.
1017 4893 1183 4943 uvtt,
1214 4878 1284 4933 52
1308 4876 1624 4950 ).~Cumque
1655 4896 1779 4935 eum
1826 4879 2162 4945 adoraverit,

549 4971 856 5029 diceturde
886 4974 981 5029 illo
1007 4990 1019 5028 :
1051 4971 1119 5026 1η
1146 4983 1420 5045 conspectu
1438 4975 1553 5045 ejus
1584 4974 1853 5043 president
1886 4974 2165 5046 J’Ethiopes

550 5067 684 5141 (Ps.
724 5083 872 5137 aut,
904 5069 981 5138 9).
1025 5067 1129 5136 Qui
1158 5083 1282 5123 cum
1310 5068 1677 5139 prociderint,
1706 5079 1763 5124 et
1805 5078 1954 5124 trans
1986 5068 2164 5123 flumi-

626 5262 653 5289 α
676 5250 935 5307 Luxatus
964 5249 1190 5304 omnino
1220 5247 1484 5302 cstloens
1516 5249 1641 5312 iste,
1669 5248 2036 5319 legendosque
2076 5249 2151 5303 in-

548 5337 710 5379 verso
745 5322 1047 5392 ordine,ut
1078 5320 1405 5392 transferrem
1431 5336 1514 5373 eos
1560 5320 1622 5392 tle
1669 5320 2020 5392 Cappadocia,
2068 5323 2157 5387 qui

552 5392 808 5449 Ht‘b'raice
827 5391 1153 5465 appellantur
1170 5391 1529 5463 Caphtltorim.
1561 5390 1917 5463 Etenimqtﬁs
1946 5394 2152 5448 nesciat

536 5486 873 5546 Palaestinos
926 5484 1192 5539 chraice
1220 5467 1475 5549 ωτι-τώς),
1514 5481 1838 5538 ‘Phclestltim
1867 5486 2150 5554 appellari,

553 5594 663 5636 non
686 5586 952 5646 ων-ππηει),
977 5576 1337 5644 Capiti/terim,
1364 5576 1505 5645 quod
1540 5585 1625 5631 est
1647 5576 2029 5646 Cappadocum
2054 5594 2154 5633 n0-

553 5654 722 5706 mcn?
744 5649 919 5705 'Altter
955 5647 1321 5704 Vtetoriustic
1353 5663 1451 5703 suo
1486 5647 1749 5718 corrigit:
1781 5650 1867 5718 qui
1898 5648 2153 5705 Hebraice

557 5728 885 5821 appellantur
928 5724 1161 5821 971'anD
1210 5750 1263 5793 ut
1287 5740 1759 5821 transfert-enimn:
1803 5749 2049 5804 -ππηεδῃ,
2100 5744 2153 5797 id

557 5808 719 5865 estde
742 5808 1077 5877 Cappadocia
1110 5825 1126 5863 :
1156 5811 1300 5879 quod
1330 5810 1812 5882 ntinuslprobatur,
1870 5829 1992 5869 cum
2026 5830 2148 5885 pos-

2271 4694 2324 4748 in
2351 4702 2549 4748 terram
2583 4687 2931 4751 cadentibus,
2965 4698 3159 4755 purum
3186 4680 3525 4736 frumentum
3565 4680 3860 4729 remaneat.

2271 4784 2415 4853 quod
2446 4782 2714 4838 condatur
2746 4780 2797 4833 in
2852 4779 3044 4832 horrea
3081 4794 3094 4829 :
3130 4775 3245 4829 sive
3299 4781 3356 4826 ut
3385 4767 3530 4825 LXX
3580 4764 3870 4822 transtule—

2273 4888 2397 4933 runt
2429 4919 2444 4943 ,
2501 4874 2870 4930 vcntilabrum
2922 4870 3131 4927 tenebit
3161 4870 3213 4924 in
3246 4880 3409 4922 manu
3434 4904 3449 4931 ,
3508 4870 3565 4917 et
3604 4857 3868 4933 purgabit

2274 4985 2455 5024 aream
2484 4984 2658 5033 suam,
2690 4976 2745 5020 et
2777 4966 3015 5020 triticum
3049 4960 3249 5017 condet
3297 4956 3351 5011 in
3394 4955 3640 5019 horreis,
3685 4950 3864 5022 paleas

2273 5072 2456 5119 autent
2488 5060 2771 5116 comburet
2799 5058 2908 5127 igni
2960 5050 3419 5125 inexstinguibili;
3451 5049 3521 5103 de
3567 5045 3759 5117 quibus
3787 5042 3865 5097 lo-

2259 5245 2332 5300 sit
2360 5244 2531 5310 locus,
2570 5242 2733 5296 nullis
2765 5240 3003 5296 inductis
3048 5255 3117 5296 ex
3149 5238 3365 5309 ingenio
3413 5233 3622 5299 verbis,
3674 5225 3861 5310 ordine

2262 5324 2492 5378 tantum,
2520 5307 2587 5368 ut
2632 5314 2931 5379 innuimus,
2986 5307 3281 5366 incisortitn
3336 5316 3570 5379 mutato,
3625 5307 3854 5379 restitut-

2257 5389 2364 5443 Sed
2398 5375 2603 5440 nullam
2637 5388 2787 5440 ineat
2814 5402 2841 5437 a
2888 5375 3184 5440 lectoribus
3210 5380 3446 5452 gratiam
3487 5375 3853 5452 Martianaiusi

2240 5441 2349 5529 :qui
2388 5474 2654 5522 errorem,
2699 5465 2759 5511 ut
2806 5457 2879 5510 ait
2936 5441 3242 5529 Victorius,"
3272 5446 3568 5529 complosis
3617 5441 3857 5529 maniqu

2258 5509 2657 5613 ἒὶριῥζιὲίιᾎῐιῐιῆ
2690 5509 3077 5592 dissimulavit,
3111 5509 3449 5595 attt'penitt'ts
3482 5532 3591 5571 non
3620 5509 3853 5568 animad.

2255 5612 2438 5657 νοιιιι.

2330 5652 2528 5729 ίίῖἰιιτε
2574 5672 2812 5729 omnium
2864 5672 3127 5727 librorum
3172 5678 3255 5725 est
3296 5665 3480 5732 lectio,
3515 5652 3855 5732 caquesatis

2260 5747 2582 5816 perspicua:
2620 5762 2720 5799 nec
2756 5744 2924 5816 video
2959 5758 3053 5798 cur
3085 5751 3255 5797 mutet
3294 5730 3508 5793 Victor.
3548 5733 3603 5787 In
3650 5730 3855 5783 eductus

2262 5814 2357 5884 est,
2388 5814 2662 5886 dicatque,
2698 5814 2853 5874 aliter
2881 5831 2989 5872 non
3019 5822 3272 5871 Constare
3303 5823 3549 5866 sensum.
