4120 6342
324 291 463 353 i093
1167 278 1819 350 COMMENTARIORUM
1860 284 1927 349 ιΝ

2040 287 2152 348 tos
2187 284 2318 348 Lm.
2358 288 2446 351 ut.
2490 288 2640 348 car.
2684 290 2777 350 tx.
3473 290 3618 351 um

320 412 504 482 quitur
542 422 641 480 per
667 407 965 463 let-entiam
999 422 1012 460 :
1050 407 1193 474 Quid
1225 408 1391 476 paleis
1443 408 1512 460 ad
1567 409 1881 477 frumentum
1902 449 1917 474 ,
1948 408 1998 471 Α
2024 424 2122 464 cur
2151 407 2400 464 homines
2420 422 2494 461 ex
2524 410 2808 479 gentibus,
2832 408 2995 482 355
3028 408 3223 465 Paulus
3257 416 3312 464 et
3344 410 3629 475 Barnabas

320 504 445 558 dicit
488 501 743 557 Dominus
772 500 922 573 (Jer.
974 514 1128 567 mu,
1160 500 1265 571 28)
1290 500 1313 553 ?
1343 501 1420 555 De
1468 501 1568 555 hoc
1595 502 1787 555 eodem
1817 501 1917 556 sub

321 592 491 664 ﬁgura
523 596 750 649 alterius
796 593 1073 664 parabolae
1098 633 1114 660 ,
1147 607 1349 662 sagena
1402 592 1492 647 illa
1534 592 1915 658 demonstrat,
1953 648 1960 656 ,

320 700 443 756 qum
492 687 725 740 mittitur
756 686 809 741 in
842 700 996 740 mare
1024 684 1188 753 hujus
1216 684 1425 750 surculi,
1487 696 1537 737 ct
1571 686 1803 739 extrahit
1839 685 1920 755 pi-

320 797 439 839 sces
471 783 715 836 omnium
744 796 1031 852 generum,
1059 779 1430 850 projectisque
1460 780 1619 834 malis
1644 781 1913 849 piscibus,

319 878 446 932 boni
474 877 854 932 tantummodo
876 885 1228 932 reservantur
1264 874 1491 947 (Matth.
1518 878 1689 946 xm):
1744 877 1817 929 ita
1866 885 1921 931 et

322 971 583 1027 Dominus
635 971 1003 1027 miserabilem
1034 970 1259 1024 domum
1295 970 1465 1024 Israel
1519 977 1633 1023 toto
1666 969 1802 1023 orbe
1840 970 1923 1023 di-

322 1066 545 1134 spersit,
573 1072 629 1119 et
654 1064 938 1120 concussit
964 1063 1016 1117 in
1046 1063 1230 1117 cribro
1253 1072 1306 1116 et
1339 1064 1622 1116 ventitavit
1647 1063 1764 1131 pata
1800 1081 1811 1116 :
1848 1064 1922 1116 la-

322 1159 576 1229 piltisque
629 1169 684 1215 et
712 1159 943 1214 calculis
984 1170 1149 1229 super
1178 1167 1379 1213 terram
1402 1172 1513 1213 non
1557 1157 1918 1222 cadentibus,

321 1253 627 1307 morientur
659 1254 709 1306 in
732 1252 938 1322 gladio,
962 1252 1057 1322 qui
1091 1262 1316 1322 propter
1334 1252 1527 1306 sordes
1554 1262 1610 1305 et
1640 1251 1919 1320 pulverem

323 1350 639 1415 peccatores
670 1344 855 1414 populi
878 1345 1249 1399 nominantur.
1275 1344 1342 1399 Et
1373 1345 1475 1400 hoc
1499 1345 1779 1414 patientur
1798 1344 1923 1411 quia

320 1451 430 1490 non
449 1437 683 1491 credunt
707 1438 960 1492 vaticinia
989 1437 1401 1507 prophetarum,
1425 1452 1527 1493 nec
1548 1435 1713 1508 35h.
1730 1445 1925 1506 putant

320 1544 444 1586 esse
498 1542 723 1585 ventura
764 1544 888 1600 quae
932 1544 1034 1600 per
1090 1545 1184 1585 eos
1232 1530 1496 1585 Dominus
1535 1531 1923 1586 cotttminatur.

320 1620 565 1692 Cumque
605 1624 709 1677 sibi
764 1636 1029 1694 proSpera
1081 1625 1500 1695 repromittant,
1539 1626 1678 1679 mala
1739 1635 1923 1693 postea

320 1717 715 1784 sustinebunt,
764 1732 795 1772 e
822 1718 1054 1788 regione
1099 1718 1304 1773 sanctis
1333 1717 1674 1782 timentibus,
1729 1726 1785 1771 et
1813 1732 1923 1771 non

2023 504 2231 574 absque
2261 503 2684 558 circumcisione
2727 515 2779 559 et
2805 503 3147 558 observantia
3178 504 3389 560 sabbati
3437 522 3619 561 susce-

2024 596 2253 666 pissent,
2308 597 2498 649 Petrus
2534 595 2841 661 respoadit,
2873 605 2934 649 ut
2964 595 3185 653 debuit:
3220 597 3376 663 cujus
3403 609 3624 653 senten-

2024 693 2150 746 tiam
2185 692 2417 758 probans
2432 692 2460 748 ι
2470 693 2697 758 actibus,
2729 692 2843 747 haec
2873 692 3087 747 locutus
3108 704 3188 748 eSt
3217 712 3229 748 :
3261 693 3375 747 Viri
3402 696 3621 763 fratres,

2025 787 2202 839 audite
2240 802 2321 839 me
2355 802 2373 840 :
2404 785 2587 840 Simon
2621 786 2898 852 enarravit,
2940 786 3371 857 quemadmodum
3400 789 3625 855 primum

2029 876 2170 931 Deus
2190 880 2410 933 visitur-it
2436 895 2639 933 sumere
2663 894 2725 933 ea
2748 879 2983 951 gentibus
3004 878 3256 951 populant
3284 884 3479 935 nomini
3509 897 3623 947 suo,

2024 981 2071 1024 et
2098 970 2222 1023 Ituic
2243 973 2555 1025 concordant
2596 972 2747 1025 verba
2777 970 3176 1042 preti/telarum,
3214 973 3346 1026 sicut
3371 976 3621 1045 scriptum

2024 1070 2097 1114 est
2128 1077 2145 1115 :
2174 1060 2298 1115 l’ost
2328 1061 2439 1116 haec
2464 1073 2712 1127 revertar,
2741 1072 2787 1114 et
2810 1061 3077 1129 wdiﬁcabo
3104 1062 3493 1117 tabernaculum
3520 1066 3625 1116 Da-

2023 1154 2109 1206 rid
2134 1154 2272 1223 quod
2299 1155 2503 1217 cecidit,
2539 1164 2587 1208 et
2621 1156 2799 1207 diruta
2817 1154 2927 1224 ejus
2952 1155 3306 1223 retrdiﬁcabo,
3338 1166 3389 1209 et
3436 1159 3629 1227 erigant

2023 1247 2200 1300 illud:
2231 1258 2288 1300 ut
2330 1250 2595 1316 requirant
2654 1250 2823 1303 ueteri
2884 1248 3153 1301 hominum
3203 1247 3521 1313 Dominum,
3581 1261 3626 1303 et

2026 1354 2203 1393 omnes
2232 1352 2408 1409 gentes
2440 1356 2597 1412 super
2614 1352 2743 1411 quas
2792 1343 3090 1395 invocatum
3120 1351 3198 1396 est
3224 1358 3410 1395 nomen
3440 1358 3626 1410 meum,

2027 1434 2154 1487 dicit
2187 1432 2440 1487 Dominus
2481 1438 2679 1506 faciens
2703 1437 2811 1490 ha'c
2848 1451 2865 1489 :
2900 1446 3074 1489 notum
3120 1452 3152 1489 a
3192 1437 3385 1490 swculo
3414 1446 3488 1490 est
3518 1434 3631 1490 Do-

2027 1526 2168 1577 mino
2201 1540 2333 1597 apus
2379 1542 2530 1579 suum
2562 1530 2712 1596 (Act.
2742 1542 2837 1585 xv.
2874 1529 2943 1582 15
2994 1537 3042 1581 et
3071 1542 3213 1597 seqq.
3238 1528 3276 1598 ).
3311 1528 3425 1584 Hoc
3472 1530 3631 1600 igitur

2031 1617 2444 1671 tabernaculum
2484 1618 2650 1673 David
2685 1619 2827 1688 quod
2872 1619 3149 1674 ceciderat
3180 1614 3496 1692 (ceciderat
3539 1637 3635 1675 att-

2030 1718 2138 1764 tem
2162 1712 2218 1764 in
2257 1710 2342 1764 his
2372 1711 2465 1780 qui
2488 1711 2705 1776 dicunt,
2734 1728 2834 1764 non
2861 1712 3322 1782 appropinquabit,
3353 1722 3398 1765 et
3420 1728 3524 1765 non
3556 1727 3639 1765 ve-

320 1810 700 1879 peccantibus,
724 1819 780 1864 et
814 1810 1018 1865 idcirco
1046 1824 1390 1879 nequaquam
1424 1811 1784 1864 morientibus
1811 1811 1926 1880 gla-
1954 1804 2003 1865 Β
2030 1806 2132 1860 niet
2162 1822 2316 1877 super
2338 1822 2428 1860 nos
2446 1807 2645 1859 malum
2672 1822 2689 1859 :
2714 1820 2850 1875 quos
2879 1806 3143 1860 Dominus
3166 1806 3347 1859 cribro
3375 1822 3477 1859 suo
3505 1823 3637 1861 (ςοιιε

319 1904 436 1970 dio,
458 1906 590 1974 quia
610 1905 873 1960 disertim
898 1923 910 1958 :
937 1906 1469 1975 Appropinquabunt
1492 1906 1652 1959 nobis
1680 1905 1842 1971 mata,
1874 1913 1930 1959 et

319 1999 542 2053 venient
563 2012 729 2067 super
753 2012 852 2051 nos
878 1999 1166 2068 supplicia,
1196 2015 1317 2067 qum
1340 2008 1564 2067 peccata
1598 2009 1787 2053 nostra
1817 2014 1931 2053 mc-

320 2103 570 2157 rueruut,
605 2092 671 2146 ile
702 2107 811 2162 quo
842 2093 1057 2163 plenius
1089 2094 1142 2147 in
1172 2093 1404 2149 Jeremia
1456 2095 1708 2164 loquitur
1744 2093 1884 2146 Deus
1911 2108 1926 2146 :

322 2188 617 2253 Assuntam,
654 2195 709 2253 rt
738 2187 923 2257 loquar
947 2203 1103 2254 super
1128 2198 1327 2257 gentem
1352 2196 1398 2240 et
1428 2202 1666 2257 regnum,
1700 2197 1753 2239 ut
1780 2190 1933 2255 aufe-

319 2294 433 2333 ram
463 2296 576 2332 eam
606 2288 651 2333 et
682 2280 1022 2348 disperdam;
1053 2282 1096 2333 si
1128 2296 1371 2335 conversa
1402 2282 1559 2351 fuerit
1596 2297 1721 2351 gens
1760 2281 1858 2333 illa
1900 2297 1931 2333 tt

320 2372 468 2425 ntalis
491 2372 622 2437 suis,
649 2382 695 2424 et
718 2387 813 2441 ego
843 2388 996 2440 agant
1023 2374 1378 2441 pwnitentiam
1403 2373 1468 2425 de
1491 2373 1571 2426 his
1593 2387 1707 2442 qua:
1732 2373 1931 2443 cogita-

319 2481 494 2518 veram
547 2469 720 2535 facem
766 2466 815 2520 ei
848 2465 995 2536 (Jer.
1022 2480 1177 2531 xvm,
1214 2468 1269 2531 7,
1331 2464 1425 2539 8).
1458 2467 1576 2522 Non
1627 2483 1758 2536 ergo
1788 2468 1933 2521 Deus

319 2568 580 2625 mutatur,
614 2558 706 2628 qui
733 2572 951 2623 semper
986 2569 1070 2614 est
1100 2561 1496 2623 immutabilis;
1535 2561 1628 2615 sed
1662 2574 1761 2614 nos
1807 2575 1930 2613 eum

322 2663 515 2707 noStra
536 2652 903 2709 conversione
929 2663 1223 2709 mutamus.
1252 2653 1450 2719 Saevit,
1474 2656 1751 2720 irascitur,
1783 2669 1937 2709 corn-

319 2746 582 2812 miuatur,
610 2754 666 2800 et
694 2744 828 2799 dicit
859 2760 919 2800 se
970 2744 1249 2801 illaturum
1284 2763 1407 2802 esse
1433 2747 1750 2818 supplicia:
1785 2748 1829 2801 si
1873 2764 1934 2801 a-

320 2851 512 2908 gamus
544 2837 941 2906 paenitentiam,
997 2839 1171 2907 ipsum
1223 2854 1445 2911 quoque
1489 2858 1602 2896 sua:
1648 2840 1937 2909 paenitebit

323 2933 630 2988 sentcntiae.
668 2931 904 2987 Rursum
935 2935 1085 3001 juxta
1126 2936 1383 2990 eumdem
1437 2936 1733 2991 Jeremiam
1774 2935 1933 3007 (Cap.

326 3026 464 3096 xvtl)
480 3036 505 3063 ³
526 3025 799 3095 promittit
811 3040 1103 3096 prospera:
1123 3028 1169 3083 si
1191 3028 1527 3099 negligentia
1544 3030 1932 3095 dissolvamur,

327 3128 377 3173 et
405 3117 558 3172 illum
590 3118 879 3187 pmnitebit
904 3120 1214 3187 sponsionis
1241 3134 1375 3185 suae,
1410 3121 1797 3191 promissaque
1821 3138 1937 3175 tnu-

2033 1909 2282 1953 eusserat
2312 1908 2368 1952 et
2401 1898 2753 1967 probaverat,
2792 1906 2848 1952 et
2874 1912 3100 1966 quorum
3116 1911 3309 1952 aream
3334 1898 3641 1966 majestatis

2033 2007 2146 2047 suae
2178 2005 2505 2063 purgaverat
2528 1993 2843 2048 ventilabro
2866 2033 2881 2057 ,
2914 2002 2969 2047 et
3015 1992 3348 2062 quicumque
3376 2002 3636 2062 peceato-

2034 2104 2127 2144 res
2160 2089 2385 2143 fuerant
2417 2088 2694 2143 interfecit
2723 2088 2943 2159 gladio)
2976 2102 3119 2141 nunc
3163 2089 3315 2156 juxta
3349 2097 3645 2141 consuetu-

2035 2184 2219 2239 dinem
2272 2184 2702 2253 Scrlpturarum,
2752 2192 2880 2252 post
2908 2191 3205 2247 tormenta,
3254 2191 3376 2250 post
3405 2196 3638 2250 putans,

2034 2294 2300 2348 prospera
2331 2288 2385 2332 et
2411 2279 2539 2333 laeta
2562 2276 2918 2347 promittens.
2976 2277 3376 2331 suscitaturum
3409 2289 3533 2329 esse
3583 2289 3644 2329 se

2032 2375 2191 2443 dicit,
2226 2386 2281 2430 et
2312 2375 2367 2428 in
2404 2375 2816 2428 resurrectione
2870 2373 3088 2428 Domini
3120 2372 3307 2426 omnia
3358 2374 3645 2427 restitutu-

2037 2482 2181 2536 rum,
2212 2476 2271 2521 ut
2302 2466 2448 2533 quod
2496 2466 2551 2519 in
2579 2464 2873 2536 synagogis
2902 2460 3201 2526 ceciderat,
3229 2472 3421 2534 surgat
3452 2465 3503 2517 in
3534 2464 3645 2517 Ec-

2037 2560 2223 2616 clesiis
2250 2602 2263 2626 ,
2293 2570 2350 2613 et
2380 2558 2702 2628 possideant
2734 2560 3025 2612 credentes
3054 2557 3324 2627 reliquias
3358 2555 3643 2620 Idnnunte,

2038 2665 2095 2712 et
2124 2669 2318 2710 omnes
2346 2657 2629 2720 nationes,
2665 2662 2725 2707 ut
2750 2652 3015 2723 quidquid
3051 2653 3320 2721 reliquum
3361 2650 3531 2705 luerit
3579 2649 3647 2703 tle

2040 2766 2217 2821 regno
2244 2750 2605 2820 sanguinario
2632 2758 2798 2818 atque
2826 2755 3073 2813 terreno,
3118 2747 3170 2800 in
3202 2746 3448 2801 coelestia
3482 2760 3648 2815 regna

2044 2854 2319 2909 mutetur,
2367 2853 2423 2897 et
2458 2855 2653 2897 omnes
2676 2852 2877 2911 gentes
2921 2855 3040 2909 «pta:
3073 2840 3255 2894 oblita:
3285 2848 3413 2894 sunt
3461 2838 3651 2891 Domi-

2042 2952 2195 3005 num,
2230 2951 2628 2995 convertantur
2676 2950 2728 2992 et
2758 2946 3107 2993 revertantur
3140 2936 3206 2990 ad
3234 2950 3381 2990 eum.
3416 2933 3509 2990 Sin
3555 2950 3655 2987 att-

2038 3040 2155 3087 tem
2180 3034 2337 3101 juxta
2367 3030 2511 3086 LXX
2540 3032 2729 3101 legere
2762 3031 3107 3085 voluerimus
3136 3073 3151 3096 ,
3180 3036 3235 3081 ut
3265 3038 3287 3065 ε
3312 3036 3551 3098 quierant
3574 3043 3653 3080 me

2040 3126 2228 3195 reliqui
2258 3125 2549 3190 hominum,
2590 3134 2639 3179 et
2673 3138 2851 3177 omnes
2874 3133 3048 3193 gentes
3078 3136 3231 3192 super
3267 3136 3392 3190 quas
3436 3120 3652 3171 invoca-

328 3209 482 3264 tabit.
534 3210 705 3279 Cujus
750 3212 827 3266 rei
867 3213 1183 3280 exemplum
1217 3212 1485 3269 Ninivitas
1528 3226 1583 3269 et
1628 3216 1933 3270 Jerusalem
1963 3197 2009 3261 (ἶ
2045 3231 2156 3274 tum
2203 3230 2278 3275 est
2307 3236 2495 3275 nomen
2520 3234 2712 3280 meum,
2760 3219 3001 3287 reliquos
3040 3216 3331 3270 hominum
3352 3226 3453 3267 eos
3484 3212 3658 3267 debe—

328 3299 533 3357 habere
590 3317 901 3371 possumus,
936 3320 1168 3373 quorum
1237 3306 1329 3361 alii
1395 3306 1465 3361 de
1518 3306 1938 3362 imminentibus

330 3394 612 3463 suppliciis
688 3395 899 3451 liberati
964 3408 1093 3452 sunt
1136 3414 1150 3450 :
1193 3398 1283 3451 alii
1343 3414 1467 3469 quae
1521 3400 1770 3470 patribus
1816 3418 1939 3471 prn-

332 3486 508 3541 missa
554 3486 802 3557 fuerant,
849 3489 1228 3558 perdiderunt.

400 3577 594 3649 (Vers.
632 3580 693 3633 tt
719 3595 872 3650 seqq.
900 3582 917 3650 )
948 3580 1011 3635 In
1041 3583 1239 3637 dieilla
1264 3585 1526 3639 suscitabo
1547 3587 1939 3643 tabernaculum

331 3671 506 3727 David
531 3674 668 3745 quod
694 3676 902 3741 cecidit,
936 3687 982 3730 et
1012 3677 1336 3746 rewdiﬁcabo
1366 3686 1642 3751 aperturas
1672 3697 1940 3735 murorum

329 3770 464 3838 ejus,
499 3777 545 3821 et
576 3784 633 3822 ea
662 3784 775 3838 qua:
803 3780 1111 3827 corruerant
1139 3773 1465 3833 instaurabo.
1508 3782 1558 3826 et
1615 3774 1940 3845 reredificabo

329 3858 466 3912 illud
521 3862 653 3913 sicut
686 3862 737 3915 in
770 3861 948 3917 diebus
969 3866 1221 3934 antiquis,
1276 3877 1329 3917 ut
1359 3868 1661 3941 possideant
1694 3870 1941 3941 reliquias

331 3950 591 4017 Illumetu,
649 3962 695 4005 et
744 3971 919 4010 omnes
947 3958 1187 4012 nationes
1214 4000 1230 4024 ,
1262 3975 1324 4012 eo
1379 3960 1517 4028 quod
1532 3938 1847 4015 .invocatum
1875 3964 1943 4015 sit

332 4062 519 4100 nomen
550 4062 717 4100 meum
754 4065 909 4120 super
953 4066 1039 4104 eos
1062 4092 1076 4119 ,
1119 4052 1246 4106 dicit
1278 4050 1537 4107 Dominus
1570 4057 1761 4123 faciens
1806 4053 1937 4111 lure.

332 4137 514 4193 LXX:
539 4137 605 4193 In
634 4142 716 4195 die
753 4143 850 4196 illa
891 4146 1152 4199 suscitabo
1181 4145 1576 4200 tabernaculum
1608 4146 1778 4201 David
1798 4153 1945 4219 quod

336 4232 609 4299 ceciderat,
641 4244 687 4287 et
715 4233 741 4272 δ
766 4237 1094 4305 νεωάὶβεαὸο
1126 4254 1186 4291 ea
1215 4254 1331 4301 qua:
1364 4250 1691 4305 corruerant,
1735 4254 1783 4297 et
1824 4260 1943 4313 qua:

340 4334 360 4360 ε
379 4325 489 4392 stt/1'
487 4343 602 4380 ossa
622 4337 746 4380 sunt
770 4330 1053 4397 suscitabo,
1078 4342 1123 4384 et
1142 4332 1446 4386 instaurabo
1468 4351 1527 4387 ea
1550 4337 1686 4389 sicut
1712 4336 1823 4389 dies
1845 4353 1946 4389 an-

338 4420 528 4488 tiquos,
564 4430 619 4473 ut
647 4430 882 4488 qttterant
914 4439 993 4475 me
1022 4424 1209 4494 reliqui
1230 4428 1519 4491 hominum,
1543 4438 1591 4482 et
1621 4446 1795 4484 omnes
1818 4448 1941 4501 gen-

334 4520 410 4565 tes
432 4527 589 4580 super
609 4524 738 4581 quas
762 4513 1056 4568 invocatum
1078 4524 1153 4570 est
1176 4534 1358 4573 nomen
1382 4534 1573 4583 meum,
1600 4521 1729 4574 dicit
1761 4520 1949 4576 Domi.-

2041 3329 2167 3369 mus
2196 3315 2471 3380 accipere,
2520 3314 2614 3383 qui
2644 3314 2714 3367 de
2744 3312 2977 3367 Judaico
3018 3310 3228 3381 populo
3272 3307 3651 3373 crediderunt,

2034 3408 2277 3477 ctqnasi
2311 3404 2327 3443 τ
2355 3406 2576 3475 lapillus
2598 3420 2705 3460 non
2730 3404 3055 3459 ceciderunt
3077 3403 3145 3458 de
3168 3402 3373 3470 cribro,
3409 3416 3652 3456 neccum

2038 3500 2275 3569 pulvere
2328 3499 2611 3568 puteisque
2642 3505 2699 3553 et
2726 3497 2983 3551 sordibus
3010 3505 3137 3551 sunt
3193 3495 3450 3565 projecti.
3503 3493 3655 3548 Reli-

2044 3594 2189 3663 quiae
2219 3592 2366 3649 enim
2418 3594 2475 3647 in
2523 3592 2793 3662 principio
2827 3591 2952 3646 ﬁdei
2987 3591 3155 3645 salvae
3187 3591 3340 3655 ﬁent,
3370 3597 3430 3645 et
3461 3590 3513 3642 in
3547 3588 3656 3643 line

2048 3686 2282 3753 mundi,
2329 3695 2385 3739 ιιι
2438 3700 2561 3741 cum
2607 3686 3003 3739 subintraverit
3049 3683 3333 3753 plenitttdo
3360 3684 3606 3751 gentium
3641 3722 3656 3748 ,

2050 3790 2181 3832 tunc
2212 3778 2402 3832 omnis
2448 3777 2615 3831 Israel
2673 3777 2859 3831 salvus
2888 3778 2982 3829 tiat
3005 3776 3111 3847 [AL
3168 3775 3281 3847 tle‘t]
3316 3768 3503 3846 (Rom.
3535 3790 3591 3828 χι
3615 3778 3654 3843 ).

2046 3871 2259 3928 Nomen
2284 3881 2469 3927 autem
2498 3872 2709 3926 Domini
2738 3871 2883 3941 quod
2914 3870 3197 3925 invocatur
3221 3882 3391 3939 super
3414 3869 3659 3936 reliquos

2044 3975 2108 4020 et
2135 3980 2301 4035 super
2327 3980 2524 4019 omnes
2577 3972 2793 4033 gentes,
2840 3963 2978 4017 illud
3033 3971 3117 4017 est
3148 3963 3214 4017 de
3255 3976 3361 4030 quo
3403 3961 3660 4017 Salvator

2050 4060 2189 4115 dicit
2215 4076 2227 4112 :
2252 4058 2443 4121 Pater,
2469 4058 2690 4111 revelari
2722 4072 2907 4110 nomen
2950 4065 3095 4110 tuum
3146 4055 3441 4109 hominibus
3474 4053 3656 4125 (Joan.

2053 4168 2187 4221 xvu,
2238 4154 2319 4221 6).
2383 4151 2450 4205 Et
2501 4165 2571 4206 ne
2605 4151 2770 4220 longo
2804 4164 3063 4205 sermone
3119 4149 3363 4219 regulam
3407 4147 3658 4203 differant

2054 4245 2436 4314 sponsionum,
2471 4253 2524 4297 et
2554 4244 2617 4297 in
2645 4242 2752 4297 hoc
2776 4242 3068 4312 propheta,
3103 4249 3158 4295 et
3184 4242 3236 4295 in
3266 4240 3483 4295 caeteris
3513 4250 3665 4309 quie-

2054 4350 2292 4407 cumque
2325 4336 2393 4391 de
2442 4335 2806 4390 aediﬁcatione
2835 4334 3141 4390 Jerusalem
3182 4332 3290 4404 [AL
3324 4333 3466 4386 muri
3500 4333 3662 4387 ‘Jeru—

2058 4429 2255 4502 salem]
2288 4440 2341 4484 et
2377 4430 2593 4499 templi,
2632 4437 2688 4484 et
2733 4444 2916 4483 rerum
2950 4428 3114 4498 356
3141 4428 3384 4480 omnium
3430 4427 3665 4481 beatitu-

2057 4520 2190 4576 dine
2245 4520 2635 4590 prtedicantur,
2688 4519 2862 4575 Judaei
2894 4518 2949 4573 in
3000 4518 3475 4586 ultimo-tempore
3524 4534 3662 4573 vana

335 4619 434 4656 nus
456 4603 653 4672 faciens
675 4605 784 4657 lucc
813 4608 1003 4659 omnia.
1037 4606 1135 4661 Ubi
1158 4611 1529 4678 apostolorum
1557 4612 1820 4683 prmcedit
1842 4630 1944 4668 att—
1973 4595 2023 4654 Ῑ)
2051 4614 2163 4670 sibi
2194 4612 2606 4682 exspectatione
2640 4612 2987 4680 promittunt,
3022 4618 3077 4664 et
3105 4610 3402 4666 carnaliter
3431 4611 3663 4679 implen-

336 4698 589 4763 ctoritas,
622 4694 648 4731 ἀ
683 4697 920 4752 maxime
953 4698 1098 4753 Petri
1131 4708 1187 4754 et
1237 4700 1459 4764 Jacobi,
1491 4719 1627 4772 quos
1655 4706 1945 4761 columnas

339 4786 598 4841 Ecclesia:
632 4785 738 4841 Vas
770 4789 1056 4845 electionis
1089 4802 1252 4847 vocat
1277 4794 1487 4866 (Galat.
1520 4798 1619 4867 ll),
1655 4796 1728 4851 ibi
1758 4802 1938 4854 omnis

338 4894 402 4931 va
416 4878 509 4933 τίω
539 4880 949 4948 explanationis
981 4885 1219 4941 tollenda
1244 4888 1483 4958 suspicio
1520 4900 1623 4955 est,
1657 4901 1706 4946 et
1733 4894 1878 4961 quod
1906 4912 1936 4949 a

342 4973 513 5025 tantis
568 4974 701 5029 viris
748 4977 1060 5045 exponitur,
1094 4978 1195 5035 hoc
1238 4982 1682 5052 sequendum.ln
1708 4986 1945 5040 Actibus-

340 5063 713 5132 apostolorum
772 5069 1075 5136 quaestione
1126 5070 1266 5127 inter
1309 5075 1593 5142 apostolos
1647 5076 1935 5144 suscitata,

417 5254 441 5281 ει
470 5245 525 5329 tu
558 5263 663 5329 unto
691 5248 1043 5329 Cistercienci
1074 5252 1358 5329 alteroque
1380 5253 1612 5311 Palatin.
1650 5273 1751 5310 ms.
1776 5261 1941 5329 juxta

341 5315 574 5396 eumdem
602 5316 881 5396 Jeremiam
909 5339 1175 5396 prospera,
1210 5326 1255 5377 si
1274 5315 1284 5323 ’
1303 5343 1518 5395 agamus
1551 5315 1939 5396 ptenitenliam;

341 5387 477 5461 quod
509 5389 552 5440 si
581 5391 893 5461 negligentia
923 5387 1289 5460 dissolvantur,
1322 5387 1430 5451 etc.

421 5456 792 5540 'bAntcaieEat
836 5465 1124 5540 tediﬁcabo,
1176 5456 1355 5540 minus
1388 5478 1536 5523 recte
1570 5485 1669 5537 pro
1716 5471 1942 5540 retuli/i-

342 5527 669 5608 caboLquod
721 5527 1018 5608 priet‘erunt
1064 5527 1198 5591 m'ss.
1235 5548 1287 5591 et
1318 5538 1493 5595 Grvrc.
1529 5527 1936 5608 ἀῦοικοδομήσῷ.

419 5610 441 5636 ο
473 5600 743 5680 βου-ιιιηό
772 5604 1019 5680 Martiali.
1052 5608 1294 5680 retinnit,
1327 5609 1529 5677 att/fusa
1562 5628 1657 5680 pro
1688 5600 1937 5678 stt/fossa,

342 5670 490 5755 quod
521 5682 592 5755 et.
614 5677 783 5755 nostri
810 5693 964 5755 “mss.
999 5688 1051 5730 et
1082 5670 1360 5735 Victorius
1390 5670 1595 5751 pridem
1627 5700 1692 5737 ex
1726 5670 1937 5752 septeni

343 5738 684 5827 Florentinis
706 5747 770 5800 ad
803 5747 1052 5827 Gnaeum
1073 5738 1461 5827 κατεσξκαμμένα
1483 5738 1941 5827 restituunthox

343 5822 445 5880 pro
476 5819 739 5887 antiquos,
794 5834 930 5874 unus
960 5820 1189 5878 Cisterc.
1224 5819 1388 5881 habet
1427 5826 1627 5897 antiqui
1660 5840 1677 5880 :
1711 5828 1954 5897 denique

2055 4707 2128 4763 da
2160 4715 2615 4762 commemorant.
2666 4704 2776 4759 Nos
2824 4714 3006 4758 autem
3039 4703 3132 4774 qui
3165 4720 3272 4758 non
3321 4704 3663 4759 occidentem

2057 4801 2317 4867 litteram;
2351 4800 2447 4855 sed
2472 4798 2721 4868 spiritum
2751 4800 3031 4869 sequimur
3061 4798 3447 4860 viviﬁcantem,
3470 4797 3580 4866 jam
3612 4799 3665 4852 in

2062 4896 2310 4951 Ecclesia
2341 4893 2711 4950 convincimus
2735 4896 2975 4965 expleta,
3010 4904 3067 4951 et
3092 4894 3333 4965 quotidie
3366 4892 3583 4962 impleri
3614 4895 3665 4947 in

2056 4989 2315 5059 singulis,
2372 4987 2464 5058 qui
2510 4996 2733 5044 ruentes
2765 5002 2862 5058 per
2907 4999 3217 5059 peccatum,
3254 4986 3661 5043 i-etcditicantur

2052 5078 2583 5151 Dervpmtiitentiam.
3432 5074 3437 5077 ς
3476 5074 3481 5075 κ
3504 5074 3507 5075 ν
3603 5069 3611 5077 ,

2065 5268 2400 5335 postremam
2432 5277 2644 5325 vocem,
2678 5266 2873 5327 omnia,
2907 5264 3298 5331 prtctcrmitli',
3334 5281 3495 5335 quam
3528 5264 3663 5322 etin

2058 5331 2259 5405 Crispo
2290 5333 2714 5405 Alexandrinum
2742 5344 2797 5390 et
2818 5336 3089 5402 Complut.
3125 5331 3404 5405 exemplar
3426 5337 3659 5405 ignorat.

2135 5400 2161 5439 ἀ
2189 5404 2467 5468 Martian.,
2499 5410 2783 5459 auctoritas
2832 5400 3081 5473 maxima,
3118 5400 3520 5474 Petra-Jacobi,
3554 5420 3661 5467 etc.

2060 5474 2244 5528 minus
2267 5486 2438 5541 recte,
2472 5487 2525 5529 et
2553 5485 2746 5530 contra
2778 5492 2907 5531 mss.
2946 5476 3130 5531 fidem.

2142 5556 2162 5581 θ
2191 5545 2326 5601 Tres
2359 5561 2491 5601 mss.
2526 5558 2581 5600 ut
2627 5550 2889 5613 requirant
2918 5548 3105 5618 reliqui
3152 5546 3345 5620 Israel,
3394 5560 3442 5605 et
3465 5569 3660 5620 omnes,

2060 5624 2173 5670 etc.

2142 5685 2162 5725 τ
2208 5687 2342 5744 Vide
2394 5688 2602 5765 pseudo
2626 5688 3215 5765 RuﬁnumCo‘ntmenl.
3272 5694 3323 5747 in
3368 5695 3509 5749 hunc
3542 5712 3668 5765 pro-

2066 5758 2289 5837 phetam
2316 5775 2437 5837 pag.
2466 5760 2571 5816 557
2600 5771 2655 5817 et
2675 5775 2821 5837 seip,
2850 5762 2939 5816 ubi
2964 5761 3033 5837 de
3064 5763 3268 5837 lapillis,
3293 5767 3343 5820 in
3367 5758 3557 5837 cribro
3575 5784 3667 5837 ρο·

2066 5828 2193 5887 Sitis
2224 5828 2289 5886 ad
2320 5828 2582 5901 impetum
2608 5828 2795 5889 cribro
2822 5828 3229 5891 conciliandum
3259 5835 3517 5911 loquitur.

1982 5999 2035 6027 diu
