4120 6342
497 331 639 386 1095

1745 321 1802 380 S.
1847 317 2120 380 EUSEBII
2160 314 2540 375 HIERONYMI

3647 307 3785 368 1096

567 444 584 514 (
609 442 761 497 Vers.
797 441 883 505 '14,
918 439 1004 496 15.
1033 438 1050 510 )
1085 437 1216 493 Ecce
1261 438 1367 494 dies
1393 438 1628 504 veniunt,
1657 437 1780 492 dicit
1815 437 2089 502 Dominus,
2117 435 2174 498 Α
2198 433 2400 488 buntur
2427 430 2736 502 paradisum
2769 430 2867 486 Dei
2896 447 2907 483 ε
2938 436 2996 484 ut
3021 427 3206 485 omnia
3237 427 3289 483 in
3323 426 3436 482 illis
3468 441 3626 496 poma
3656 443 3788 499 pen-

494 547 542 591 et
573 546 598 573 δ
641 533 1036 601 comprehendet
1095 542 1276 586 arator
1303 548 1594 597 messorem,
1645 541 1691 586 et
1728 531 1952 586 calcator
1981 545 2092 584 uva:

497 630 780 684 mittentem
820 644 1012 682 semen.
1045 624 1114 680 Et
1139 626 1408 680 stillabant
1439 635 1637 681 montes
1677 625 2002 680 dulcedinem
2042 633 2089 678 et

495 739 669 778 omnes
701 720 859 776 colles
903 720 1028 774 culti
1077 730 1250 774 erunt.
1302 719 1368 773 Et
1399 727 1692 774 convertam
1743 719 2088 790 captivitatem

493 815 674 888 populi
705 813 803 867 mei
833 811 1021 881 Israel,
1055 822 1102 867 et
1131 812 1463 882 wdi/icabunt
1503 811 1728 865 ciuitates
1759 810 2008 876 desertas,
2042 817 2090 862 et

495 908 822 971 Imbitabunt,
855 917 906 964 et
941 907 1248 975 plantabunt
1280 908 1484 975 vineas,
1516 917 1563 962 el
1594 907 1761 960 bibent
1798 907 1972 959 uinum
2001 921 2088 958 ea—

494 1017 632 1065 rum,
664 1010 709 1053 et
743 998 934 1070 facient
965 999 1160 1066 hortos,
1193 1007 1239 1053 et
1271 996 1535 1053 comedent
1558 1002 1760 1068 fructus
1788 1014 1987 1053 eorum.
2021 997 2086 1050 Et

490 1092 740 1164 plantabo
783 1109 871 1148 eos
903 1109 1057 1165 super
1105 1093 1320 1146 humum
1358 1108 1528 1156 suam,
1558 1100 1604 1145 et
1637 1108 1741 1146 non
1767 1091 1975 1146 evellam
2004 1106 2088 1145 eos

491 1187 630 1242 ultra
656 1186 720 1241 de
749 1196 883 1241 terra
911 1202 1004 1240 sua
1034 1201 1187 1257 quant
1217 1184 1336 1240 dedi
1369 1185 1462 1250 eis,
1507 1184 1632 1238 dicit
1661 1183 1916 1238 Dominus
1946 1181 2088 1238 Deus

493 1290 632 1335 tuus.
669 1279 812 1336 LXX
843 1295 857 1334 :
897 1280 1024 1334 Ecce
1056 1279 1163 1334 dies
1190 1279 1414 1344 veniunt,
1446 1279 1575 1332 dicit
1603 1276 1880 1342 Dominus,
1909 1285 1958 1331 et
1987 1293 2084 1346 ap-

493 1376 774 1447 prehendet
807 1376 996 1428 tritura
1044 1373 1376 1438 vindemiam,
1407 1381 1453 1426 et
1479 1371 1757 1424 rariabitur
1787 1387 1885 1424 uva
1925 1369 1980 1423 in
2007 1386 2088 1424 se—

490 1477 678 1522 mente.
704 1465 770 1520 Et
791 1466 1061 1522 stillabunt
1092 1475 1286 1520 montes
1317 1464 1662 1528 dulcedinem,
1699 1474 1744 1517 et
1772 1479 1945 1516 omnes
1975 1463 2081 1516 col-

510 1576 562 1614 es
591 1561 778 1614 comiti
799 1569 968 1615 erunt.
999 1560 1064 1614 Et
1091 1572 1383 1615 convertam
1415 1559 1758 1630 captivitatem
1781 1556 1961 1630 populi
1988 1558 2087 1612 mei

493 1650 703 1716 Israel,
732 1662 778 1708 et
807 1653 1139 1722 tediﬁcabunt
1173 1653 1399 1708 civitates
1439 1653 1738 1718 dissipatas,
1785 1662 1832 1705 et
1882 1650 2083 1705 habita-

489 1744 636 1810 bunt,
669 1753 716 1801 et
747 1746 1055 1818 plantabunt
1083 1747 1278 1814 rincas,
1308 1756 1356 1802 et
1387 1747 1555 1801 bibent
1583 1748 1756 1801 vinum
1793 1763 1994 1813 earum,
2036 1755 2085 1801 et

2193 529 2354 585 deant
2387 528 2785 583 doctrinarum.
2821 525 2972 582 Tunc
3001 524 3044 578 si
3082 523 3208 594 quis
3250 521 3572 577 inﬁdelitate
3614 521 3784 591 capti-

2194 639 2290 678 vus
2328 631 2429 688 est,
2466 630 2521 676 et
2552 620 2784 676 necdum
2816 616 3052 674 credidit
3078 614 3132 670 in
3178 613 3403 670 nomine
3451 613 3696 679 Domini,
3733 621 3788 670 et

2193 725 2278 770 est
2308 715 2374 770 de
2403 711 2656 784 reliquiis
2685 709 2869 782 populi
2903 707 3176 780 quandam
3208 705 3327 777 ejus
3351 703 3523 761 Israel
3549 746 3564 770 ,
3599 719 3783 760 rever-

2194 817 2335 864 tetur
2352 807 2417 860 ad
2440 805 2604 860 fidem
2623 804 2848 872 Christi,
2865 812 3096 874 utquem
3119 800 3172 855 in
3202 798 3493 871 Praphetis
3516 795 3785 863 audierat,

2191 903 2246 957 in
2276 901 2574 972 Evangelia
2603 908 2806 956 teneat.
2833 897 2899 953 Hi
2929 907 3112 952 autem
3143 904 3360 951 montes
3388 892 3481 964 qui
3509 892 3789 948 stillabunt

2191 994 2571 1062 dulcedinem,
2599 1004 2655 1050 et
2680 994 2852 1050 colles
2883 993 2976 1064 qui
3003 991 3200 1048 consiti
3234 990 3465 1056 fuerint,
3501 997 3785 1059 postquam

2191 1089 2526 1145 converterit
2563 1087 2826 1143 Dominus
2867 1086 3235 1157 captivitatem
3272 1084 3455 1155 papuli
3478 1083 3560 1138 sui
3594 1081 3784 1148 Israel,

2191 1185 2538 1242 mdillcabunt
2560 1184 2810 1240 civitates
2835 1192 2996 1238 antea
3020 1181 3290 1243 desertas,
3307 1189 3363 1235 et
3385 1177 3710 1234 habitabant
3728 1177 3788 1230 in

2190 1281 2270 1338 eis
2296 1299 2308 1337 :
2343 1293 2401 1337 ut
2425 1296 2763 1350 unaquaeque
2777 1279 2972 1336 civitas
2985 1285 3263 1334 exstructa
3275 1275 3420 1331 dicat
3436 1292 3450 1328 :
3464 1272 3578 1348 Ego
3590 1273 3788 1326 civitas

2191 1375 2362 1444 ﬁrma,
2392 1376 2571 1430 civitas
2615 1390 2730 1447 qua:
2769 1380 3101 1446 oppugnatur
3137 1369 3326 1443 (Prov.
3363 1385 3466 1424 sec.
3500 1365 3701 1435 LXX),
3730 1374 3789 1420 et

2189 1467 2257 1522 de
2299 1484 2402 1538 qua
2435 1468 2697 1522 Dominus
2726 1466 2780 1520 in
2810 1465 3112 1536 Evangelia
3134 1463 3379 1533 loquitur
3412 1478 3424 1514 :
3459 1458 3585 1514 Non
3617 1464 3788 1527 potest

2189 1560 2369 1614 civitas
2395 1560 2642 1615 abscondi
2668 1576 2823 1627 super
2849 1567 3072 1613 montem
3099 1556 3272 1627 posita
3299 1551 3460 1625 (Mat.
3485 1567 3540 1618 v,
3568 1549 3683 1622 14).
3718 1549 3789 1604 Et

2189 1652 2244 1708 in
2272 1654 2502 1710 Psalmis
2527 1655 2725 1710 dicitur
2757 1671 2770 1708 :
2797 1652 3060 1708 Fluminis
3082 1651 3306 1720 impetus
3338 1659 3361 1688 ε
3395 1647 3630 1718 ltetiﬁcat
3659 1645 3789 1700 ciui—

2190 1757 2348 1803 tatem
2378 1745 2476 1803 Dei
2508 1748 2638 1820 (Ps.
2683 1763 2806 1815 xcv,
2846 1747 2926 1818 4).
2975 1745 3306 1801 Plantabunt
3335 1758 3551 1814 quoque
3590 1741 3789 1796 vineas

488 1839 678 1909 facient
717 1837 916 1906 hortos,
947 1849 994 1895 et
1025 1841 1288 1895 concederat
1330 1845 1558 1912 fructum
1585 1857 1784 1895 eorum.
1823 1839 1890 1894 Et
1925 1840 2079 1910 plan-
2114 1837 2162 1898 B
2189 1857 2312 1896 cum
2343 1840 2459 1897 Nae
2486 1840 2640 1910 (Gen.
2671 1841 2772 1910 ιχ),
2807 1849 2862 1894 et
2893 1839 3081 1895 bibent
3108 1839 3296 1893 vinum
3332 1850 3553 1897 earum,
3579 1842 3634 1889 et
3665 1833 3789 1888 ine-

489 1933 732 1989 tabuntur
759 1950 913 2005 super
938 1943 1126 1989 terram
1149 1951 1320 2001 suam,
1347 1944 1393 1987 ct
1420 1951 1526 1989 non
1546 1934 1834 1989 avellantur
1857 1933 2082 2004 amplius

489 2027 553 2080 de
573 2037 706 2082 terra
728 2044 824 2082 sua
849 2045 1007 2099 quant
1049 2028 1170 2082 dedi
1196 2030 1290 2095 eis,
1316 2029 1442 2084 dicit
1472 2027 1730 2083 Dominus
1760 2028 1898 2083 Deus
1921 2030 2084 2083 omni-

487 2128 690 2190 potens.
724 2121 998 2178 Suscitato
1028 2121 1387 2178 tabernaculo
1420 2123 1591 2178 David
1614 2122 1755 2192 quod
1785 2121 2082 2188 ceciderat,

490 2222 546 2269 et
571 2214 920 2271 reacdilicatis
944 2215 1030 2272 his
1051 2232 1170 2287 quae
1193 2215 1407 2272 fuerant
1427 2216 1579 2286 lapsa
1606 2225 1770 2286 atque
1796 2217 2080 2284 subversa,

487 2307 823 2366 describitur
854 2326 1037 2368 rerum
1069 2311 1315 2368 omnium
1342 2311 1694 2373 abundantia,
1729 2310 2007 2382 quomodo
2030 2310 2084 2365 hi

489 2401 584 2470 qui
613 2401 765 2474 prius
786 2411 1002 2471 euntes,
1027 2402 1202 2474 ibant,
1235 2411 1292 2459 et
1315 2403 1540 2471 ﬂebant,
1569 2413 1850 2476 portantes
1880 2403 2087 2459 semina

492 2508 615 2561 sua,
644 2494 926 2551 venientes
956 2495 1185 2552 venient
1230 2510 1352 2550 cum
1385 2495 1770 2562 exsultatione,
1802 2502 2086 2564 portantes

493 2588 805 2658 ntanipulos
832 2603 962 2644 suos
1011 2587 1194 2661 (Psal.
1229 2587 1407 2660 cxxv)
1437 2607 1451 2644 :
1483 2598 1543 2644 ut
1565 2597 1940 2660 consequatur
1973 2603 2089 2642 ma-

492 2684 803 2754 nipulorum
851 2685 1044 2741 tritura
1087 2684 1443 2753 vindemiam,
1473 2684 1592 2742 sive
1640 2691 1828 2740 arator
1877 2698 2088 2738 messo-

493 2790 611 2832 rem
641 2784 697 2831 et
725 2792 823 2832 uva
853 2776 1116 2844 varietur,
1148 2793 1213 2834 ac
1244 2777 1406 2834 ducat
1453 2777 1693 2833 colorem
1739 2777 1792 2831 in
1840 2785 2089 2846 tempore

497 2869 728 2924 seminis
761 2888 773 2926 :
807 2869 957 2938 sive,
993 2879 1053 2926 ut
1083 2871 1266 2928 verius
1293 2880 1396 2937 est,
1429 2871 1668 2928 calcatar
1694 2886 1812 2926 uvas
1837 2885 2092 2942 compre-

494 2960 695 3018 hendat
724 2972 1051 3031 sementem,
1084 2973 1141 3020 et
1167 2967 1251 3020 sic
1279 2964 1382 3020 sibi
1413 2964 1643 3022 invicem
1676 2974 1869 3020 cuneta
1900 2979 2090 3020 succe-

493 3053 646 3120 dant,
682 3065 744 3110 ut
776 3057 927 3111 nulla
982 3055 1100 3112 dies
1143 3058 1214 3112 sit
1261 3056 1467 3128 absque
1497 3057 1814 3124 frumento,
1847 3057 1974 3113 vino
2034 3066 2092 3114 et

492 3147 712 3218 gaudia.
739 3149 795 3204 ln
820 3149 916 3206 illo
943 3157 1212 3223 tempore,
1241 3151 1421 3223 plenis
1451 3152 1824 3210 torcularibus
1855 3168 1955 3208 uva
1979 3153 2092 3210 cal-

2187 1934 2536 1997 briabuntur,
2569 1942 2626 1989 et
2654 1932 2883 1988 audient
2906 1947 2934 1984 a
2976 1930 3206 1987 Domino
3234 1928 3520 1986 Salvatore
3544 1943 3558 1982 :
3581 1923 3786 1991 Bibite,

2187 2027 2341 2080 amici
2367 2026 2533 2098 358
2561 2027 2690 2093 mei,
2731 2034 2778 2080 et
2817 2023 3144 2080 inebriamini
3173 2021 3352 2093 (Cant.
3385 2036 3438 2088 v,
3472 2016 3550 2088 1).
3585 2017 3792 2074 Bibent

2187 2128 2367 2174 autem
2393 2120 2600 2185 viuum,
2629 2117 2772 2189 quod
2803 2133 2864 2172 se
2887 2118 2940 2173 in
2967 2130 3136 2187 regno
3159 2116 3340 2171 Patris
3363 2128 3487 2170 cum
3516 2111 3790 2182 apostolis

2187 2213 2300 2268 suis
2323 2229 2521 2268 novum
2556 2212 2856 2270 bibiturum
2878 2227 3000 2270 esse
3017 2209 3295 2284 pollicitus
3320 2219 3407 2268 est
3431 2209 3626 2282 (Marc.
3647 2211 3785 2275 xlv).

2189 2306 2316 2361 llaec
2343 2315 2428 2363 est
2455 2306 2612 2363 vinea
2644 2306 2834 2373 Sorec,
2867 2307 3030 2376 cujus
3065 2305 3249 2361 viuum
3282 2301 3531 2376 quotidie
3553 2303 3608 2358 in
3641 2316 3792 2374 mys-

2190 2400 2342 2456 teriis
2371 2400 2633 2458 bibimus.
2661 2401 2771 2458 Nec
2797 2402 2986 2457 harum
3012 2416 3196 2458 rerum
3230 2398 3493 2456 felicitate
3521 2397 3789 2464 contenti,

2188 2507 2417 2568 propter
2450 2495 2676 2552 delicias
2707 2493 2911 2552 facient
2945 2495 3136 2552 hortos
3159 2540 3173 2564 ,
3198 2504 3274 2550 et-
3295 2475 3608 2564 irrigabunt
3635 2506 3737 2546 eos
3771 2508 3788 2545 :

2190 2604 2248 2649 ut
2277 2593 2422 2649 nulla
2453 2592 2637 2648 desint
2669 2593 2722 2648 in
2749 2592 2830 2648 eis
2857 2606 3062 2664 genera
3091 2590 3389 2658 virtutum,
3413 2598 3473 2645 et
3498 2586 3795 2644 comedent

2189 2686 2402 2743 fructus
2441 2701 2631 2742 eorum
2674 2704 2688 2741 :
2721 2686 2813 2757 qui
2851 2685 2998 2741 enim
3043 2684 3368 2756 plantaverit
3406 2691 3464 2740 et
3506 2682 3792 2754 rigaverit,

2192 2781 2307 2853 ipse
2353 2792 2408 2837 et
2465 2779 2737 2838 comedet.
2793 2778 3042 2851 Cumque
3091 2779 3208 2834 haec
3247 2778 3425 2833 omnia
3477 2785 3691 2832 montes
3737 2783 3796 2830 et

2191 2876 2361 2931 colles
2394 2875 2649 2939 fecerint,
2672 2873 2948 2930 stillantes
2974 2872 3345 2939 dulcedinem,
3375 2879 3429 2926 et
3456 2869 3794 2926 aedificantes

2192 2971 2479 3037 civitates,
2513 2979 2570 3024 et
2613 2969 2927 3024 habitantes
2959 2969 3011 3023 in
3056 2968 3170 3034 eis,
3205 2966 3516 3037 plantantes
3563 2963 3789 3027 vineas,

2193 3075 2248 3121 ct
2269 3066 2516 3121 bibentes
2544 3065 2728 3120 vinum
2751 3079 2963 3128 earum,
2997 3062 3261 3118 facientes
3292 3061 3503 3122 hortos.
3531 3069 3585 3116 et
3609 3074 3794 3114 come-

2194 3157 2386 3214 dentes
2421 3158 2634 3212 l’ructus
2671 3173 2862 3214 eorum
2888 3175 2902 3211 :
2929 3166 3056 3212 tunc
3091 3156 3240 3226 ipsas
3273 3155 3611 3226 plantatores
3638 3153 3792 3223 plan-

492 3241 725 3308 cabitur,
754 3250 810 3298 et
838 3242 907 3300 de
952 3243 1154 3300 Christi
1184 3260 1249 3301 ac
1299 3259 1600 3318 martyrum
1629 3245 1658 3284 δ
1686 3246 1949 3318 sanguine
1992 3262 2085 3302 ru-
2117 3231 2161 3293 (ἶ
2196 3251 2333 3308 tabit
2363 3252 2625 3307 Dominus
2655 3267 2820 3323 super
2847 3260 3050 3307 terram
3089 3266 3274 3315 suam,
3313 3249 3382 3305 de
3411 3265 3513 3318 qua
3544 3247 3746 3303 dicitur
3777 3265 3788 3300 :

495 3334 676 3392 bentia
707 3346 884 3392 musta
938 3337 1254 3406 fundentur,
1311 3347 1368 3396 et
1422 3339 1799 3411 hujuscemodi
1845 3341 2090 3398 calcatar

495 3445 612 3485 uva:
657 3431 760 3486 erit
793 3432 1149 3488 seminarium
1182 3434 1454 3488 sermonis
1485 3433 1602 3500 Dei,
1635 3443 1695 3489 ut
1743 3435 1966 3505 sanguis
1995 3450 2090 3490 eo-

495 3541 612 3580 rum
641 3526 810 3594 magis
839 3527 1040 3584 clamet
1062 3528 1116 3583 in
1145 3527 1371 3594 mundo,
1404 3544 1565 3598 quam
1587 3529 1838 3585 clamavit
1867 3531 2088 3600 sanguis

494 3617 631 3673 Abel
658 3617 820 3691 357
843 3620 997 3691 justi.
1027 3621 1369 3693 Quicumque
1390 3633 1574 3679 autem
1599 3623 1796 3680 merita
1829 3624 2083 3680 virtutum

491 3726 712 3768 suarum
763 3713 830 3768 ad
876 3727 1132 3772 montana
1175 3718 1577 3786 conscenderit,
1630 3719 1794 3774 melle
1841 3719 2081 3789 sudabit,

493 3803 664 3861 immo
707 3805 937 3863 stillabit
976 3808 1320 3866 dulcedinem
1372 3810 1644 3866 sermonis
1690 3811 1821 3878 Dei,
1865 3812 1932 3868 de
1981 3829 2086 3882 qua

490 3895 754 3967 scriptum
779 3908 863 3953 est
892 3915 905 3950 :
934 3897 1154 3956 Gustate
1178 3912 1226 3956 ct
1246 3902 1408 3956 videte
1428 3920 1580 3973 quam
1608 3905 1780 3958 suavis
1803 3913 1876 3958 est
1909 3904 2089 3959 Domi-

493 4003 589 4042 nus
619 3986 738 4060 (Ps.
765 4005 958 4059 xxxut,
985 3992 1043 4062 9)
1077 4011 1090 4048 :
1119 3993 1207 4060 Et,
1235 3993 1404 4061 Quam
1423 3995 1602 4050 dulcia
1633 3997 1838 4068 eloquia
1860 4007 1947 4051 tua
1969 4009 2086 4071 gut-

493 4080 598 4133 turi
629 4096 760 4150 meo,
784 4098 940 4151 super
961 4085 1062 4138 mel
1083 4093 1129 4139 et
1148 4087 1323 4157 favum
1346 4086 1423 4141 ori
1447 4105 1555 4142 meo
1579 4086 1697 4161 (Ps.
1728 4105 1913 4158 cxvut,
1935 4091 2082 4160 105).

493 4170 562 4224 Ει
583 4171 670 4240 qui
700 4171 846 4228 infra
872 4185 1109 4244 montes,
1142 4176 1311 4232 immo
1339 4179 1564 4234 secundi
1594 4195 1624 4232 a
1656 4181 1936 4237 montibus
1968 4183 2083 4239 lue-

493 4263 643 4330 rint,
676 4280 816 4336 quos
845 4283 1084 4337 sponsus
1111 4270 1352 4327 transilit
1382 4271 1452 4344 in:
1479 4271 1704 4330 Cantica
1734 4274 2082 4332 Canticorum

494 4355 672 4428 (Cant.
709 4357 790 4430 ll),
820 4369 875 4417 et
907 4361 1151 4434 appellat
1178 4363 1382 4432 calles,
1411 4364 1605 4421 consiti
1635 4377 1797 4424 erunt
1826 4377 1881 4424 et
1907 4368 2088 4424 itnitao

565 4523 590 4600 ξι
613 4515 820 4600 [terunt
841 4520 1036 4600 vitiose
1067 4520 1296 4600 retinuit
1323 4522 1572 4600 Martiali,
1595 4526 2002 4600 comprehendit.

565 4584 590 4625 δ
623 4586 756 4646 Vide
788 4590 847 4648 S.
875 4590 1114 4650 Zenonis
1143 4604 1434 4652 tractatum
1461 4595 1530 4651 27
1558 4584 1612 4654 et
1641 4584 1758 4671 seq.
1782 4642 1798 4670 ,
1829 4600 1925 4658 lib.
1955 4617 2014 4658 ιι.

2193 3342 2359 3398 Credo
2380 3344 2553 3399 videre
2573 3345 2707 3399 bona
2727 3343 2939 3399 Domini
2957 3345 3013 3400 in
3031 3353 3170 3398 terra
3187 3345 3470 3398 viventium
3493 3341 3612 3415 (Ps.
3637 3357 3791 3407 uri,

2196 3438 2309 3508 15).
2337 3439 2403 3494 Et
2429 3441 2481 3493 itt
2517 3439 2811 3512 Evangelia
2841 3457 2855 3494 :
2887 3437 3039 3494 Beati
3065 3439 3235 3506 mites,
3267 3439 3513 3510 quoniam
3535 3438 3638 3510 ipsi
3667 3453 3794 3508 pos—

2193 3530 2429 3584 sidebunt
2462 3541 2652 3585 terram
2680 3531 2839 3601 (Mat.
2865 3547 2920 3598 v,
2944 3530 3024 3603 4).
3053 3531 3346 3603 Postquam
3375 3540 3556 3587 autem
3586 3533 3797 3600 planta-

2192 3626 2332 3681 verit
2357 3641 2482 3690 eos,
2520 3635 2576 3681 et
2609 3628 2763 3682 lirma
2797 3625 2908 3699 [ΑΙ.
2940 3625 3230 3699 lirmas].in
3263 3628 3430 3682 altum
3467 3626 3649 3682 radice
3679 3625 3792 3699 [Αἰ.

2193 3717 2428 3792 radices]
2461 3718 2731 3788 solidarit,
2769 3734 2873 3776 non
2904 3720 3108 3776 evellet
3133 3720 3274 3775 ultra
3314 3719 3384 3775 de
3416 3729 3558 3776 terra
3583 3760 3596 3784 ,
3629 3733 3792 3790 quam

2193 3811 2420 3867 dederat
2447 3813 2528 3868 cis
2553 3811 2662 3885 [AL
2687 3812 2944 3886 dederit].
2979 3811 3058 3868 Ex
3084 3828 3192 3884 quo
3212 3812 3572 3883 intelligimus
3601 3811 3796 3868 Eccle-

2194 3906 2327 3960 siam
2360 3921 2532 3975 usque
2561 3906 2626 3960 ad
2657 3907 2816 3962 linem
2849 3906 3038 3962 mundi
3060 3948 3076 3973 ,
3105 3907 3323 3963 concuti
3359 3907 3576 3978 quidem
3606 3921 3769 3978 perse

2193 4000 2528 4070 cutianibus,
2559 4001 2657 4056 sed
2686 4018 3027 4073 nequaquam
3063 4017 3222 4070 posse
3254 4001 3529 4067 subverti;
3567 4001 3786 4066 tentari,

2195 4107 2302 4147 non
2325 4093 2597 4164 superari.
2629 4093 2698 4148 Et
2726 4094 2829 4150 hoc
2862 4095 2978 4163 ﬂet,
3002 4094 3129 4165 quia
3161 4095 3418 4151 Dominus
3443 4094 3583 4149 Deus
3613 4093 3794 4149 omni-

2197 4197 2390 4256 potens
2411 4233 2425 4257 ,
2459 4188 2575 4243 sive
2606 4189 2875 4244 Dominus
2903 4189 3048 4244 Deus
3077 4189 3193 4260 ejus
3213 4231 3228 4255 ,
3259 4190 3312 4245 id
3343 4197 3463 4255 est,
3494 4187 3754 4244 Ecclesiae
3773 4228 3788 4254 ,

2192 4294 2253 4334 se
2276 4279 2542 4335 iacturum
2568 4296 2692 4339 esse
2723 4281 3000 4353 pollicitus
3030 4290 3114 4338 est
3144 4297 3158 4336 :
3184 4281 3336 4353 cujus
3365 4282 3673 4354 promissio,
3703 4280 3790 4336 lex

2193 4380 2402 4426 natum
2427 4381 2530 4428 est.

2270 4544 2291 4570 ε
2315 4531 2520 4608 Mavult
2536 4532 2745 4591 Victor.
2779 4534 3017 4606 plurium
3039 4551 3289 4604 numero,
3321 4536 3610 4608 ltetiﬁcant,
3636 4537 3790 4607 juxta

2199 4604 2451 4663 Graecum
2478 4604 2826 4682 ιύφραίνουσὶ.

1915 5127 2346 5404 estigiis
