4120 6342
376 299 512 361 I097

372 411 3573 465 Μ

1397 302 2048 367 COMMENTARIOBUM
2084 304 2155 366 IN
2191 306 2453 367 ABDlAM
2492 305 2718 368 LIBER.

3528 314 3669 374 1098

976 580 1121 697 ε.
1195 586 1911 703 1:051:31:
1986 586 3111 737 nranomrm,

1440 779 2006 844 STRIDONENSIS
2050 781 2569 859 PRESBYTER],

1148 935 2913 1069 COMMENTARIORUM

533 1165 772 1323 IN
905 1161 1846 1343 ABDIAM
1976 1168 3506 1331 PROPHETAM

1643 1431 1984 1516 LIBER
2059 1431 2416 1517 UNUS.

1848 1583 2261 1602 ﬂ

1583 1683 2525 1825 PROLOGUSX

1829 1920 2249 1941 .—-—————

371 2038 375 2044 ·
443 2022 796 2097 359-360
823 2020 958 2080 Cum
986 2038 1165 2082 essem
1197 2026 1485 2097 parvulus,
1508 2037 1571 2084 ut
1600 2031 1862 2101 parvulus
1894 2031 1974 2087 lo-
2005 2030 2062 2094 Α
2085 2031 2257 2087 sticos
2288 2026 2601 2085 intellectus
2631 2026 2838 2085 ferebat
2884 2030 2950 2085 ad
2998 2030 3217 2103 omium,
3279 2048 3380 2105 ego
3429 2035 3675 2095 demisso

370 2116 596 2186 qnebar,
626 2125 686 2170 ut
731 2117 991 2186 parvulus
1020 2118 1305 2189 sapiebam
1326 2162 1340 2187 ,
1374 2129 1436 2176 ut
1461 2122 1726 2191 parvulus
1765 2124 1977 2195 cogita-

370 2206 494 2262 bam
523 2223 536 2261 :
562 2218 845 2278 postquam
880 2209 1060 2266 factus
1089 2226 1209 2267 sum
1244 2214 1349 2278 vir,
1383 2230 1503 2284 qua:
1544 2215 1755 2285 parvuli
1788 2225 1975 2283 erant,

371 2296 601 2370 deposui
636 2298 679 2373 (l
710 2297 834 2356 Cor.
865 2300 1008 2375 xut).
1044 2302 1100 2358 Si
1131 2304 1427 2373 Apostolus
1464 2306 1682 2375 proﬁcit
1712 2306 1821 2378 [AL
1850 2322 1980 2378 pro-

371 2389 543 2464 fecit],
569 2402 621 2448 et
642 2393 883 2464 quotidie
908 2395 1318 2464 praeteritorum
1342 2398 1696 2466 obliviscens,
1717 2399 1770 2454 in
1794 2401 1977 2471 priora

375 2498 434 2541 se
459 2486 727 2555 extendit,
759 2502 823 2543 ac
851 2489 1154 2545 secundum
1181 2502 1511 2562 praeceptum
1546 2493 1760 2546 Domini
1789 2492 1980 2548 Salva-

372 2582 530 2649 toris,
560 2583 754 2637 stivam
783 2591 998 2651 tenens,
1023 2594 1147 2655 post
1171 2594 1381 2655 tergum
1410 2600 1518 2642 non
1550 2586 1777 2658 respicit
1801 2585 1974 2657 (Phil.

372 2688 429 2730 ιιι
450 2690 466 2740 ;
490 2674 620 2730 Luc.
647 2676 727 2747 ις)
758 2693 772 2730 :
799 2687 1005 2746 quanto
1028 2677 1205 2749 magis
1229 2692 1355 2749 ego,
1379 2678 1474 2749 qui
1501 2677 1730 2735 necdum
1754 2677 1821 2733 ad
1849 2689 1980 2735 aeta-

374 2776 483 2824 tem
514 2769 743 2839 perfecti
765 2769 892 2838 viri,
918 2780 975 2827 et
997 2771 1051 2826 in
1082 2787 1394 2828 mensuram
1422 2771 1624 2827 Christi
1652 2770 1870 2844 (Ephes.
1894 2772 1979 2844 ιν)

372 2857 403 2899 b
432 2861 588 2928 veni,
623 2864 819 2919 mereri
852 2864 1027 2920 debeo
1052 2867 1270 2921 veniam
1301 2911 1316 2935 ,
1350 2866 1497 2938 quod
1524 2867 1578 2921 in
1610 2865 1976 2922 adolescentia

374 2968 496 3010 mea
526 2966 850 3025 provocatus
878 2956 1077 3014 ardore
1110 2968 1165 3014 et
1196 2959 1378 3015 studio
1425 2958 1831 3030 Scripturarum
1851 3001 1865 3025 ,
1896 2962 1979 3015 al-

374 3045 613 3117 legorice
646 3057 669 3087 ο
699 3046 1096 3119 interpretatus
1135 3067 1255 3107 sum
1284 3050 1395 3125 [Αι.
1429 3050 1559 3125 sim]
1590 3052 1817 3108 Abdiam
1848 3067 1979 3123 pro-

375 3138 633 3209 phetam,
666 3140 819 3212 cujus
864 3141 1156 3209 historiam
1204 3144 1540 3201 nesciebam.
1584 3144 1829 3202 Ardebat
1858 3145 1979 3201 ani-

376 3247 496 3289 mus
523 3234 834 3305 cognitione
858 3235 1121 3307 mystica,
1149 3243 1207 3292 et
1224 3237 1349 3308 quia
1376 3237 1615 3308 legeram
1640 3238 1821 3293 omnia
1853 3252 1979 3308 pos-

378 3327 555 3383 sibilia
594 3328 982 3397 credentibus,
1018 3330 1332 3401 ignorabam
1363 3330 1581 3386 diversa
1609 3346 1734 3387 esse
1764 3331 1976 3387 charis-

2081 2122 2260 2192 capite
2306 2120 2559 2177 conﬁteri
2606 2137 2785 2177 meum
2838 2122 3104 2193 pudorem
3146 2120 3497 2197 prohibebar.
3532 2130 3672 2199 Quid

2082 2215 2737 2287 igituricondemnamus
2769 2216 2820 2270 in
2850 2218 3047 2287 quibus
3079 2219 3231 2288 pueri
3264 2220 3497 2278 lusimus
3522 2224 3545 2277 ?
3572 2224 3679 2279 mi-

2079 2310 2249 2365 nime.
2280 2309 2493 2365 Scimus
2515 2308 2657 2363 enim
2690 2309 2743 2363 in
2773 2308 3184 2366 tabernaculum
3214 2313 3349 2381 Dei,
3383 2323 3441 2369 et
3462 2331 3675 2382 aurum,

2079 2411 2135 2457 et
2193 2401 2335 2472 pilos
2388 2416 2673 2471 caprarum
2721 2401 2975 2458 similiter
3025 2403 3262 2459 oblatos.
3322 2406 3580 2477 Legimus
3629 2411 3683 2463 in

2080 2492 2379 2563 Evangelio
2417 2492 2622 2566 (Marc.
2667 2492 2791 2564 ιιι),
2824 2492 3002 2549 vidua:
3048 2498 3299 2567 pauperis
3345 2498 3453 2553 duo
3495 2501 3681 2553 minu-

2080 2596 2134 2641 ta
2159 2629 2175 2654 ,
2208 2587 2380 2658 magis
2406 2602 2571 2657 quam
2606 2585 2834 2641 divitum
2858 2589 3195 2645 substantias
3223 2592 3524 2661 approbata
3559 2592 3685 2665 [Αι.

2080 2678 2462 2752 approbatas].
2495 2678 2564 2733 Et
2610 2687 2740 2734 tunc
2778 2679 3029 2735 dedimus
3077 2683 3223 2752 quod
3245 2683 3577 2753 Lhabuimus,
3626 2694 3683 2741 et

2081 2787 2249 2841 nunc,
2298 2774 2344 2828 si
2386 2780 2570 2827 tamen
2601 2772 2811 2844 aliquid
2848 2774 3203 2843 profecimus,
3237 2776 3475 2833 Domino
3521 2793 3679 2834 suum

2080 2865 2377 2922 reddimhs.
2410 2865 2598 2921 Gratia
2630 2866 2776 2922 enim
2806 2866 2929 2937 ejus
2958 2882 3077 2923 sum
3105 2870 3249 2939 quod
3286 2885 3405 2925 sum
3461 2869 3522 2943 (l
3557 2872 3675 2927 Cor.

2080 2959 2213 3027 xv).
2242 2956 2354 3029 Nec
2383 2957 2620 3013 dil'ﬁteor
2644 2973 2742 3028 per
2773 2959 2941 3015 hosce
2979 2961 3202 3031 triginta
3233 2976 3409 3017 annos
3435 2972 3458 2999 θ
3482 2961 3537 3017 in
3560 2963 3681 3032 ejus

2080 3063 2249 3119 Opere
2282 3065 2369 3105 me
2400 3065 2463 3105 ac
2506 3049 2692 3105 labore
2744 3051 2997 3107 sudasse.
3040 3052 3297 3109 Clemens
3337 3063 3421 3111 est
3475 3063 3631 3125 pater
3665 3074 3679 3110 :

2081 3143 2192 3200 cito
2215 3151 2581 3199 revertentem
2608 3143 2774 3198 ﬁlium
2808 3144 3082 3215 suscipit,
3134 3161 3235 3202 nec
3264 3154 3549 3217 exspectat
3578 3146 3680 3204 do-

2082 3250 2184 3292 nec
2223 3236 2346 3306 quis
2395 3236 2609 3306 aperiat
2663 3237 2861 3292 ostium
2895 3254 2907 3290 :
2940 3238 3059 3308 ipse
3108 3238 3388 3309 egreditur
3412 3240 3629 3296 obviam
3660 3284 3675 3309 ,

2082 3328 2342 3383 annulum
2362 3328 2634 3383 etstolam
2668 3338 2861 3398 parat;
2899 3327 3343 3401 licetgermanus
3387 3330 3673 3397 invideat,

378 3429 522 3476 mata
554 3436 565 3473 :
605 3417 635 3458 ἀ
670 3420 883 3477 litteras
909 3422 1091 3478 saeculi
1119 3437 1378 3479 noveram
1398 3464 1412 3489 ,
1439 3431 1497 3479 et
1536 3424 1606 3479 ob
1643 3422 1698 3478 id
1724 3423 1978 3493 putabam
2010 3416 2055 3478 B
2084 3428 2138 3475 et
2160 3427 2520 3475 scortatorem
2560 3434 2625 3474 ac
2669 3428 2921 3490 nepotem
2951 3431 3150 3489 vocet,
3210 3422 3280 3478 de
3319 3424 3496 3480 salute
3527 3423 3676 3479 illius

380 3528 469 3569 me
499 3512 691 3569 librum
732 3513 915 3584 legere
956 3529 1121 3585 posse
1165 3516 1461 3586 signatum.
1506 3515 1718 3572 Stultus
1743 3530 1865 3586 ego,
1898 3516 1977 3571 vi—

380 3606 511 3676 ginti
542 3615 774 3677 quatuor
788 3604 1038 3662 seniores
1058 3606 1322 3663 habentes
1346 3609 1398 3662 in
1423 3606 1673 3663 manibus
1684 3606 1899 3678 phialas
1922 3615 1979 3663 et

382 3701 642 3767 citharas,
673 3709 731 3757 et
766 3710 1003 3771 quatuor
1029 3700 1282 3756 animalia
1324 3701 1490 3773 plena
1532 3701 1707 3756 oculis
1750 3716 1979 3757 consur-

381 3805 517 3866 gunt
541 3795 611 3851 de
643 3795 841 3851 throno
865 3810 985 3862 suo,
1015 3795 1344 3864 imperitiam
1370 3796 1719 3859 conﬁtentur,
1748 3794 1974 3865 gloriam

381 3888 535 3961 Agno
562 3898 764 3946 canunt
791 3889 979 3961 (Apoc.
1005 3886 1086 3961 v),
1116 3896 1173 3945 et
1200 3890 1368 3961 virga:
1398 3889 1467 3945 de
1497 3889 1682 3943 radice
1710 3886 1865 3942 Jesse
1884 3928 1898 3952 ,
1925 3894 1981 3943 et

383 3983 635 4053 putabam
666 3996 830 4053 posse
857 3998 946 4037 me
970 4024 985 4047 ,
1010 3981 1153 4053 quod
1183 3982 1475 4039 credebam
1507 3996 1522 4035 :
1552 3980 1707 4051 cujus
1730 3978 1785 4034 in
1816 3994 1978 4033 manu

385 4089 492 4131 non
518 4075 682 4130 ﬁebat
704 4089 889 4130 sermo
912 4074 1031 4142 Dei,
1055 4089 1160 4130 nec
1178 4073 1363 4130 dicere
1388 4082 1635 4144 poteram
1663 4088 1675 4125 :
1703 4072 1747 4125 Λ
1766 4072 1981 4125 manda-

388 4168 451 4222 tis
479 4168 578 4223 tuis
603 4168 839 4223 intellexi
866 4166 985 4237 (Ps.
1012 4168 1199 4239 exvm)
1229 4185 1243 4223 :
1274 4182 1453 4237 neque
1480 4166 1628 4221 illius
1650 4166 1717 4221 de
1738 4163 1981 4235 Evange-

387 4259 460 4317 lio
506 4260 858 4317 beatitudinis
901 4261 1236 4317 recordabar
1288 4280 1300 4315 :
1360 4260 1512 4315 Beati
1556 4258 1750 4315 mundo
1790 4258 1978 4327 corde,

386 4354 627 4424 quoniam
679 4355 784 4423 ipsi
846 4353 1018 4409 Deum
1073 4355 1316 4409 videbunt
1346 4352 1581 4426 (Matth.
1616 4369 1668 4419 v,
1698 4353 1786 4425 8).
1846 4353 1981 4408 Nec-

387 4446 515 4502 dum
568 4448 634 4502 de
684 4447 844 4502 altari
888 4449 1060 4504 carbo
1102 4449 1390 4517 sublatus,
1438 4448 1581 4504 labia
1622 4462 1743 4504 mea
1788 4462 1984 4519 purga-

389 4548 542 4593 verat
583 4538 763 4607 (Isai.
806 4554 882 4607 vt,
936 4540 1034 4609 8).
1082 4540 1323 4595 Necdum
1380 4556 1537 4596 error
1589 4541 1791 4596 veteris
1842 4540 1987 4611 igno-

390 4630 585 4683 rantia:
654 4632 773 4698 igne
835 4630 1072 4700 Spiritus
1120 4632 1300 4687 sancti
1368 4630 1546 4686 fuerat
1593 4632 1981 4699 circumcisus,

390 4721 741 4793 361-362
799 4730 852 4775 et
907 4721 1165 4779 audacter
1219 4722 1485 4794 loquebar
1539 4723 1607 4778 ad
1657 4722 1982 4778 Dominum:

2078 3511 2404 3585 symphonia
2443 3512 2723 3583 Angelicae
2777 3512 2981 3569 laetitiae
3019 3524 3451 3586 cunctarumque
3504 3518 3677 3572 virtu-

2056 3613 2193 3661 ⁷ῑιιιιι
2252 3604 2307 3660 in
2355 3604 2672 3662 coelestibus
2718 3614 2983 3676 personat
3032 3605 3199 3678 (Luc.
3233 3609 3369 3678 xv).
3426 3608 3539 3664 Hoc
3594 3620 3678 3666 est

2079 3699 2213 3755 illud
2244 3707 2457 3770 tempus
2477 3740 2491 3764 ,
2520 3698 2595 3753 mi
2626 3698 2939 3754 Pammaehi
2958 3740 2975 3768 ,
3008 3700 3110 3757 hac
3138 3700 3260 3758 luce
3296 3702 3509 3759 dulcius
3529 3746 3542 3770 ,
3571 3721 3679 3776 quo

2081 3792 2286 3863 egressi
2310 3791 2554 3848 scholam
2580 3791 2883 3849 Rhetorum
2911 3835 2927 3860 ,
2974 3794 3196 3851 diverso
3225 3796 3412 3852 studio
3463 3798 3677 3855 fereba-

2082 3898 2205 3938 mur
2227 3924 2241 3948 ,
2292 3883 2514 3954 quando
2544 3898 2648 3954 ego
2676 3893 2733 3939 et
2769 3884 3101 3943 Heliodorus
3145 3887 3505 3945 charissimus
3538 3892 3681 3960 pari-

2085 3985 2168 4032 ter
2192 3976 2446 4033 habitare
2474 3976 2823 4034 solitudinem
2852 3979 3029 4051 Syrim
3058 3978 3338 4036 Chalcidis
3368 3982 3680 4040 nitebamur

2085 4068 2208 4141 [Αἰ.
2250 4068 2635 4143 volebamus];
2666 4071 2811 4142 quod
2852 4072 3113 4141 putabam
3153 4072 3354 4141 latere,
3399 4074 3674 4147 vulgatum

2085 4170 2191 4218 est.
2226 4161 2333 4219 Per
2363 4170 2550 4219 vetera
2600 4164 2835 4233 vestigia
2864 4180 3083 4220 rursum
3120 4163 3433 4236 ingrediar,
3488 4184 3675 4225 emeno

2085 4252 2242 4324 dans,
2264 4255 2309 4310 si
2333 4254 2452 4311 ﬁeri
2480 4263 2903 4326 potest,curvos
2917 4257 3099 4328 apices
3130 4257 3464 4315 litterarum.
3500 4261 3679 4317 Infans

2086 4359 2234 4400 eram
2258 4383 2274 4413 ,
2306 4346 2536 4403 necdum
2564 4349 2807 4403 scribere
2834 4363 3095 4405 noveram
3123 4365 3137 4403 :
3170 4350 3440 4405 titubabat
3461 4367 3677 4421 manus,

2087 4438 2395 4493 tremebant
2439 4440 2677 4493 articuli.
2731 4437 2885 4495 Nunc
2912 4480 2928 4507 ,
2976 4447 3037 4494 ut
3066 4440 3201 4494 nihil
3244 4441 3388 4497 aliud
3432 4444 3681 4513 profece-

2087 4527 2226 4593 rim,
2271 4528 2468 4583 saltem
2517 4527 2855 4583 Socraticum
2910 4528 3047 4583 illud
3093 4528 3303 4586 habeo:
3335 4531 3499 4602 Scio,
3535 4537 3680 4607 quod

2089 4623 2294 4678 nescio.
2326 4622 2465 4677 Dicit
2491 4632 2545 4679 et
2575 4622 2784 4677 Tullius
2815 4631 2942 4678 tuus
2966 4664 2982 4691 ,
3015 4623 3436 4682 adolescentulo
3462 4627 3567 4684 sibi
3597 4632 3680 4685 in-

2088 4714 2283 4769 choata
2314 4712 2565 4783 quadam
2597 4720 2654 4767 et
2691 4712 2848 4768 rudia
2876 4714 3170 4770 excidisse.
3205 4715 3264 4771 Si
3304 4718 3404 4773 hoc
3437 4718 3529 4775 ille
3573 4727 3684 4776 tam

393 4811 527 4867 Ecce
546 4829 657 4882 ego,
675 4814 812 4867 mitte
840 4829 939 4868 me.
967 4814 1269 4883 Sperabam
1292 4814 1348 4870 in
1372 4813 1647 4871 scriniolis
1677 4814 1848 4871 latere
1871 4815 1979 4887 (Al.
2012 4804 2058 4868 C
2089 4807 2157 4864 de
2188 4807 2345 4863 libris
2374 4806 2443 4861 ad
2472 4805 2811 4862 Herennium
2836 4849 2851 4875 ,
2879 4822 3039 4879 quam
3064 4807 3131 4863 de
3160 4807 3505 4880 Rhetoricis,
3546 4827 3684 4884 quos

388 4902 603 4975 jacere]
647 4903 790 4974 quod
823 4906 1152 4975 scripseram
1178 4947 1192 4971 ,
1233 4914 1293 4960 et
1326 4906 1589 4977 ingenioli
1621 4907 1728 4963 mei
1753 4906 1986 4977 primam

398 4995 762 5051 temeritatem
796 4996 1014 5067 ignibus
1041 5010 1296 5052 voveram
1320 5037 1336 5063 ,
1367 5012 1490 5052 cum
1528 4997 1714 5054 subito
1743 4999 1811 5052 de
1838 4998 1990 5054 Italia

397 5085 622 5142 aﬁ‘ertur
645 5087 929 5158 exemplar
958 5102 986 5141 a
1018 5086 1248 5158 quodam
1278 5088 1478 5158 juvene
1507 5097 1588 5144 tot
1623 5089 1784 5144 annis
1811 5130 1826 5156 ,
1862 5098 1995 5160 quot

398 5186 454 5235 et
495 5195 593 5252 ego
621 5181 899 5253 quondam
951 5182 1322 5253 scripseram,
1377 5184 1638 5241 laudante
1667 5184 1992 5255 apusculum

400 5287 603 5329 meum.
637 5273 836 5329 Fateor
866 5272 1098 5329 miratus
1126 5289 1247 5330 sum
1270 5316 1285 5339 ,
1325 5275 1468 5345 quod
1500 5278 1849 5348 quantumvis
1889 5278 1994 5334 ali-

403 5368 523 5439 quis
545 5367 688 5424 male
712 5368 1035 5438 scripserit,
1069 5368 1284 5425 invenit
1310 5369 1542 5426 similem
1586 5371 1851 5427 lectorem
1882 5372 1990 5428 sui.

404 5460 501 5518 Ille
528 5462 889 5533 praedicabat,
920 5478 1021 5535 ego
1065 5463 1455 5520 crubeseebam
1487 5483 1500 5520 :
1534 5465 1631 5522 ille
1676 5465 1832 5537 quasi
1870 5480 1989 5537 my-

478 5602 507 5675 f
529 5602 656 5675 llaec
687 5618 905 5673 quoque
926 5602 1277 5659 Pammachio
1298 5603 1616 5660 inscribitur
1638 5603 1992 5675 Explanatio.

476 5664 507 5704 δ
533 5674 642 5730 Pro
669 5664 925 5741 veneram,
959 5683 1019 5729 ut
1044 5675 1283 5732 videtur.

486 5751 508 5779 ο
536 5745 738 5819 Confer
756 5761 878 5819 qua:
899 5744 1262 5819 inAGeneralis
1282 5746 1620 5819 praelationis
1648 5757 1802 5819 parte
1827 5748 2000 5805 altera

410 5832 559 5875 num.
592 5817 684 5887 2t),
707 5817 776 5874 de
816 5817 919 5875 hoc
957 5817 1009 5872 in
1038 5817 1265 5873 Abdiam
1286 5817 1663 5878 'tentamento'
1690 5820 2002 5892 Hieronymi

928 5912 1204 5975 Ρλτιιοι..
1243 5912 1451 5975 XXV.

2092 4918 2192 4974 ego
2214 4902 2299 4959 vel
2329 4900 2757 4972 perfectissimae
2780 4911 2910 4972 puto
2935 4943 2951 4969 ,
3000 4901 3069 4957 ad
3100 4904 3572 4973 comparationem
3599 4920 3687 4962 se-

2098 4994 2223 5049 nilis
2250 4994 2470 5065 peritiae
2500 4993 2683 5048 dicere
2706 4994 2886 5064 potuit
2910 5011 2923 5047 :
2959 5003 3165 5064 quanto
3193 4998 3363 5067 magis
3387 5011 3489 5068 ego
3517 4997 3690 5056 libere

2096 5087 2393 5157 proﬁtebor
2420 5128 2435 5154 ,
2494 5094 2551 5141 et
2600 5085 2730 5140 illud
2759 5085 2928 5143 luisse
2955 5087 3183 5158 puerilis
3233 5087 3437 5158 ingenii
3462 5130 3477 5156 ,
3504 5098 3560 5145 et
3590 5091 3694 5148 hoc

2095 5191 2322 5239 maturae
2344 5181 2669 5239 senectutis!
2719 5180 2777 5237 ln
2808 5181 2965 5238 libris
2990 5197 3208 5253 quoque
3238 5194 3433 5238 contra
3460 5184 3691 5243 Marcio-

2099 5295 2225 5335 nem
2254 5277 2554 5349 Septimius
2583 5276 2956 5333 Tértullianus
3007 5276 3113 5332 hoc
3162 5276 3305 5332 idem
3338 5278 3534 5348 passus
3564 5279 3691 5353 [ΑΙ.

2097 5370 2313 5443 fassus]
2345 5380 2463 5436 est,
2494 5377 2549 5425 et
2578 5368 2841 5440 Origenes
2875 5373 2928 5423 in
2970 5367 3197 5425 Cantico
3219 5371 3560 5427 canticorum
3594 5389 3609 5427 :
3642 5380 3698 5429 et

2096 5466 2461 5535 Quintilianus
2485 5464 2540 5520 in
2562 5463 2846 5521 duodecim
2869 5462 3025 5521 libris
3045 5462 3696 5522 lnstitutionisoratoriae.

2107 5606 2456 5742 ὠξιιᾞὲῗῖιιε,
2484 5675 2702 5743 opinor,
2729 5673 2837 5730 duo
2865 5672 3100 5730 Palatini
3126 5689 3258 5730 mss.
3285 5673 3563 5734 litterulas.

2096 5759 2113 5767 ‘
2186 5760 2209 5787 θ
2237 5747 2493 5816 Voculas,
2523 5746 2579 5801 in
2608 5747 2717 5816 ejus
2743 5788 2759 5815 ,
2800 5746 2964 5803 iidem
2996 5760 3132 5803 mss.
3167 5745 3438 5818 ignorant.

3073 5910 3153 5972 35
