4120 6342
449 291 588 350 1099

1697 291 1756 349 Β.
1800 292 2073 350 EUSEBII
2113 291 2497 351 HIERONYMI

3608 297 3744 355 uno

449 405 530 460 Es
553 403 751 476 quibus
781 403 1067 474 perspicue
1093 402 1406 459 ostenditur
1436 417 1872 476 unamquamque
1901 415 2035 460 aeta-
2065 413 2121 472 Α
2143 406 2432 463 exordium
2455 405 2648 462 Abdiae
2669 449 2684 474 ,
2715 417 2768 462 et
2796 409 3108 464 orationum
3139 416 3352 464 tuarum
3381 411 3590 468 auxilio
3613 452 3626 477 ,
3657 417 3743 467 cui

445 508 554 553 tem
588 499 642 554 in
663 511 765 554 suo
789 511 910 554 esse
945 496 1240 568 perfectam
1267 542 1281 566 ,
1341 509 1397 554 et
1427 513 1497 554 ex
1529 513 1797 555 annorum
1826 499 2029 555 debere

444 607 675 648 numero
725 590 981 662 iudicari.
1035 589 1144 648 Sed
1180 590 1292 664 jam
1345 600 1558 664 tempus
1609 601 1694 650 est
1735 606 2044 666 proponere

2147 498 2404 554 volumen
2437 499 2539 554 hoc
2567 499 2863 566 scribitur,
2898 501 3284 573 confragosum
3313 519 3467 562 mare
3494 548 3508 571 ,
3560 515 3615 560 et
3643 519 3740 559 sae-

2149 591 2257 646 culi
2289 606 2550 648 recurvos
2587 594 2834 666 gurgites
2864 595 3243 654 transfretare.

1479 834 2131 949 INCIPIT
2196 835 2708 1012 LIBER.

518 1151 763 1224 Vers.l.)
791 1149 938 1208 Visio
967 1151 1167 1209 Abdita.
1189 1159 1216 1189 ει
1258 1151 1416 1210 Hunc
1441 1151 1595 1208 aiunt
1641 1165 1764 1210 esse
1789 1151 2038 1222 Hebraei,

442 1246 536 1319 qui
580 1245 683 1302 sub
715 1259 854 1316 rege
892 1244 1157 1304 Samaria:
1205 1243 1392 1302 Achab
1419 1286 1434 1311 ,
1491 1254 1544 1298 et
1592 1244 1917 1313 impiissima
1957 1243 2046 1300 Je-

449 1338 604 1394 zabel
636 1338 782 1408 pavit
814 1346 1029 1393 centum
1063 1337 1364 1407 prophetas
1386 1334 1438 1390 in
1473 1335 1766 1406 specubus,
1794 1336 1884 1406 qui
1930 1351 2040 1390 non

453 1438 824 1486 curvaverunt
883 1445 1025 1500 genu
1082 1429 1251 1496 Baal,
1309 1440 1363 1483 et
1411 1428 1480 1484 de
1536 1436 1744 1498 septem
1806 1427 2040 1485 millibus

445 1533 636 1590 erant,
693 1539 833 1594 quos
898 1523 1046 1577 Elias
1123 1521 1369 1593 arguitur
1423 1521 1708 1587 ignorasse
1759 1519 1862 1591 (ΙΙΙ
1903 1520 2034 1591 Reg.

441 1617 605 1688 xvnt)
631 1662 644 1686 ,
675 1616 1096 1686 sepulcrumque
1121 1616 1240 1686 ejus
1270 1630 1442 1686 usque
1475 1614 1637 1670 hodie
1668 1630 1791 1670 cum
1824 1615 2037 1669 Mauso-

437 1709 524 1764 leo
554 1692 733 1763 Elisaei
775 1707 1057 1778 prophetae
1087 1707 1248 1778 363
1298 1714 1356 1761 et
1404 1706 1661 1776 Baptista)
1706 1705 1934 1764 Joannis
1981 1707 2038 1762 in

442 1800 673 1854 Sebaste
700 1799 1043 1854 venerationi
1075 1799 1304 1854 habetur
1330 1840 1344 1864 ,
1375 1813 1499 1868 qua:
1520 1796 1651 1852 olim
1683 1797 1927 1852 Samaria
1957 1797 2038 1852 di-

438 1893 685 1949 cebatur.
717 1892 870 1947 lianc
903 1891 1146 1946 llerodes
1188 1906 1284 1946 rex
1312 1890 1515 1945 Iudaea:
1541 1887 1815 1960 Antipatri
1846 1889 1989 1943 filius
2019 1933 2032 1955 ,

438 1987 494 2043 in
525 1986 790 2044 honorem
806 1983 1038 2054 AuguSti
1058 1983 1292 2042 Caesaris
1316 1983 1508 2040 Graeco
1535 1997 1796 2042 sermone
1819 1983 2038 2038 vocavit

439 2078 755 2152 Augustam.
790 2077 1076 2150 ilioigitur
1100 2121 1116 2145 ,
1149 2077 1272 2152 quia
1303 2085 1518 2132 centum
1557 2077 1857 2148 prophetas
1885 2077 2036 2133 alue-

438 2181 553 2239 rat,
589 2172 796 2244 accepit
823 2171 1055 2242 gratiam
1089 2169 1467 2242 prephetalem
1493 2211 1510 2239 ,
1544 2176 1600 2227 et
1627 2168 1850 2226 deduce
1875 2184 2038 2225 exer—

436 2263 617 2330 citus,
664 2262 722 2318 tit
762 2262 872 2317 dux
923 2261 1208 2318 Ecclesiae.
1261 2261 1416 2317 Tunc
1447 2262 1498 2315 in
1525 2259 1772 2318 Samaria
1804 2276 2035 2330 parvum

436 2371 660 2426 gregem
695 2364 915 2425 paverat
950 2369 1134 2411 :nunc
1166 2355 1218 2409 in
1269 2361 1384 2411 toto
1429 2353 1562 2410 orbe
1607 2352 1812 2414 Christi
1863 2355 2037 2424 pascit

437 2450 744 2517 Ecclesias,
771 2457 824 2504 et
849 2450 1180 2524 φερωνύμως,
1214 2448 1357 2506 sicut
1384 2447 1436 2501 in
1466 2447 1620 2504 Actis
1649 2448 2039 2514 Apostolorum

435 2543 746 2614 Stephanus
772 2543 1040 2615 martyrio
1071 2548 1366 2598 coronatus
1390 2541 1408 2611 (
1431 2539 1547 2596 Act.
1580 2535 1734 2610 vn),
1770 2539 1842 2594 ita
1873 2547 1927 2594 et
1948 2538 2036 2596 hic

433 2654 628 2700 servus
656 2637 960 2710 appellatus
1011 2644 1098 2693 est
1140 2633 1382 2691 Domini.
1421 2633 1596 2692 Porro
1641 2632 1787 2703 quod
1844 2642 2035 2688 contra

435 2730 726 2786 ldummam
776 2743 1012 2786 cernens
1037 2768 1051 2791 ,
1101 2741 1212 2784 non
1244 2742 1372 2781 anus
1399 2767 1414 2791 ,
1476 2724 1530 2780 id
1563 2733 1646 2780 est
1670 2767 1686 2793 ,
1736 2725 1913 2798 λήμμα
1934 2765 1949 2790 ,
1982 2735 2037 2782 et

435 2823 639 2893 pondus
671 2822 920 2878 Idumaeas
956 2819 1105 2876 videt
1136 2819 1442 2876 secundum
1475 2817 1716 2888 regulam
1759 2825 1814 2871 et
1841 2816 2036 2872 disxin-

435 2917 694 2979 ctionem,
729 2930 889 2985 quam
922 2914 975 2968 in
998 2911 1210 2968 Nahum
1240 2909 1586 2980 scripsimus,
1627 2907 1758 2964 illud
1788 2911 1840 2962 in
1871 2923 2033 2962 causa

435 3019 518 3066 est
543 3050 557 3076 ,
613 3006 757 3078 quod
783 3006 868 3062 vel
911 3004 1080 3060 Edam
1107 3046 1120 3071 ,
1175 3001 1228 3058 id
1260 3009 1344 3058 est
1370 3042 1384 3067 ,
1433 2999 1575 3054 Esau
1606 2996 1780 3071 (Gen.
1820 2997 1978 3068 sxw)
2011 3041 2026 3066 ,

436 3118 542 3160 non
571 3101 639 3158 de
663 3100 946 3158 extraneis
981 3097 1236 3169 gentibus
1266 3103 1618 3166 computatur
1645 3135 1661 3163 ,
1711 3094 1853 3150 ﬁlius
1881 3094 2030 3149 Isaac

436 3205 490 3249 et
521 3193 693 3249 frater
721 3190 890 3248 Jacob
926 3205 938 3243 :
974 3189 1118 3244 unde
1147 3196 1202 3244 et
1247 3198 1387 3242 terra
1450 3185 1598 3240 illius
1645 3201 1753 3240 non
1786 3185 1946 3240 datur
1974 3185 2028 3240 in

435 3286 839 3357 possessionem
870 3281 1040 3340 Israel
1067 3325 1081 3349 ,
1145 3294 1242 3336 nec
1283 3278 1574 3334 dimittitur
1599 3276 1809 3333 bellare
1837 3286 2031 3334 contra

432 3378 460 3419 δ
507 3395 662 3450 eam,
735 3386 790 3435 et
844 3376 1110 3432 adversus
1168 3373 1392 3428 fratrem
1448 3370 1650 3426 armari
1711 3370 2033 3440 prohibetur

433 3474 636 3548 (Deut.
697 3471 772 3543 ιι)
808 3490 822 3524 :
852 3469 939 3526 vel
983 3478 1140 3526 certe
1195 3466 1336 3522 visio
1382 3472 1502 3530 est,
1563 3479 1674 3520 non
1726 3463 2028 3533 Idumzeae,

438 3569 582 3640 quod
607 3572 843 3638 poterat,
873 3564 919 3618 si
948 3564 1019 3618 ita
1051 3562 1310 3633 scriptum
1339 3567 1516 3627 esset,
1566 3557 1752 3616 facere
1776 3561 2034 3630 quaestio-

441 3678 597 3728 nem;
631 3659 728 3717 sed
753 3658 944 3716 Abdize
967 3700 982 3728 ,
1010 3657 1062 3714 id
1091 3668 1174 3712 εει.
1194 3696 1211 3723 ,
1243 3655 1373 3711 serui
1411 3653 1652 3720 Domini,
1695 3670 1854 3726 quam
1889 3655 2034 3710 videt

437 3756 725 3828 gentibus,
775 3752 842 3810 ad
876 3766 1012 3820 quas
1043 3751 1283 3822 legatum
1317 3748 1465 3803 misit
1491 3748 1778 3803 Dominus.
1817 3749 1881 3802 Et
1912 3751 2032 3818 qui-

437 3852 538 3905 bus
569 3847 768 3906 dicitur
802 3863 815 3898 :
849 3845 1062 3916 Surgite
1082 3888 1096 3912 ,
1138 3852 1187 3898 et
1219 3857 1591 3913 consurgantus
1620 3842 1867 3898 adversus
1919 3859 2033 3897 eam

435 3944 490 3996 in
534 3939 792 4013 praelium.
825 3937 1134 3992 Destruetio
1164 3935 1308 3992 enim
1353 3934 1640 4000 Idumam,
1699 3936 1836 3990 visio
1871 3946 1892 3974 ε
1928 3935 2034 3990 Na-

440 4036 568 4090 hum
625 4040 729 4088 est.
781 4029 876 4087 Sin
937 4038 1117 4086 autem
1157 4028 1423 4098 qumritur
1469 4045 1642 4100 quare
1702 4037 1932 4099 ponatur
1978 4031 2032 4084 in

435 4125 624 4191 titulo,
667 4121 810 4176 Visio
839 4120 1062 4185 Abdiee;
1111 4128 1164 4174 et
1195 4119 1329 4175 nihil
1357 4130 1544 4189 postea
1577 4119 1724 4189 quod
1751 4121 1924 4174 visum
1948 4131 2034 4176 est

435 4219 875 4279 demonstretur,
928 4211 1229 4268 secundum
1277 4211 1409 4268 illud
1455 4211 1652 4268 Isaiae:
1697 4211 1818 4265 Vidi
1851 4212 2033 4267 Domi-

2152 1167 2269 1206 rum
2300 1168 2314 1206 :
2347 1150 2482 1206 Ecce
2509 1153 2787 1226 parvulum
2809 1153 2997 1212 dedite
3021 1153 3376 1229 ingentibus,
3401 1155 3470 1214 de
3493 1156 3753 1216 Deutero-

2149 1245 2338 1302 nomio
2378 1262 2662 1304 sumemus
2687 1249 3000 1318 exemplum
3028 1290 3044 1316 ,
3091 1249 3144 1305 in
3173 1265 3282 1320 quo
3333 1265 3441 1306 non
3479 1266 3605 1318 res,
3647 1251 3750 1308 sed

2147 1338 2313 1393 verba
2340 1347 2643 1394 cernuntur
2673 1359 2683 1394 :
2718 1340 2972 1407 Attende,
3029 1341 3240 1411 inquit,
3273 1342 3391 1410 tibi,
3421 1353 3470 1397 et
3502 1359 3750 1398 conserva

2143 1429 2373 1486 animum
2395 1441 2535 1486 tuam
2562 1430 2879 1487 uehementer
2903 1475 2916 1497 ,
2946 1450 3010 1487 ne
3036 1435 3172 1503 forte
3198 1433 3527 1488 obliviscaris
3553 1453 3750 1489 sermo-

2146 1537 2271 1576 num
2297 1563 2311 1585 ,
2337 1539 2466 1593 quos
2493 1524 2730 1578 viderunt
2753 1526 2892 1578 oculi
2922 1525 2997 1578 tui
3029 1524 3221 1595 (Deut.
3254 1541 3326 1594 tv,
3356 1524 3388 1581 9
3414 1526 3456 1598 ).
3487 1527 3556 1581 Et
3583 1528 3750 1582 Joan-

2143 1629 2241 1670 nes
2318 1616 2373 1670 in
2435 1617 2675 1686 Epistula
2722 1636 2736 1672 :
2789 1617 2939 1683 Quod
2990 1619 3257 1684 vidimus,
3319 1620 3532 1690 inquit,
3584 1620 3750 1674 oculis

2141 1709 2329 1764 nostris
2355 1751 2371 1776 ,
2419 1709 2559 1779 quod
2606 1711 2962 1781 perspe-rimus
2987 1752 3002 1778 ,
3028 1722 3075 1765 et
3117 1727 3301 1766 manus
3355 1721 3545 1767 nostra:
3584 1711 3752 1784 365.

2142 1800 2491 1871 palpaverunt
2519 1803 2581 1856 de
2623 1801 2787 1857 Verbo
2815 1805 2931 1858 vita:
2957 1803 3002 1875 (Ι
3028 1802 3187 1858 Joan.
3219 1820 3271 1868 ι,
3314 1803 3388 1870 1).
3425 1805 3492 1860 Ει
3533 1805 3749 1875 Moyses

2144 1907 2334 1948 vocem
2370 1894 2586 1949 Domini
2610 1936 2626 1962 ,
2655 1911 2776 1966 quae
2799 1896 2865 1951 ad
2897 1912 3022 1952 eum
3053 1897 3380 1967 loquebatur
3403 1941 3417 1966 ,
3454 1897 3661 1954 vidisse
3689 1914 3750 1954 se

2140 1984 2274 2068 dicit
2303 1987 2322 2055 (
2348 1984 2526 2040 Exod.
2551 2002 2626 2042 xx
2652 1988 2693 2056 ).
2727 1989 2785 2044 Si
2816 2003 2949 2059 ergo
2973 1998 3100 2058 post
3126 1989 3402 2048 visionem
3435 1989 3751 2046 inferuntur

2140 2094 2261 2149 quae
2289 2078 2436 2136 dicta
2467 2090 2596 2135 sunt
2623 2120 2640 2148 ,
2673 2093 2730 2138 et
2760 2082 3018 2140 videntur
3050 2082 3248 2140 tuentis
3282 2083 3460 2140 oculis
3502 2099 3628 2153 quae
3651 2101 3753 2140 au-

2139 2172 2290 2228 ribus
2319 2173 2523 2243 percipi
2551 2175 2770 2242 solent,
2825 2186 2975 2232 recte
3005 2176 3198 2233 videns
3225 2220 3238 2244 ,
3289 2177 3415 2246 quia
3466 2177 3750 2247 prophetae

2139 2273 2298 2320 antea
2323 2265 2657 2322 vocabantur
2689 2268 2941 2334 uidentes,
2968 2269 3134 2324 titulo
3160 2277 3428 2338 pramotat
3451 2269 3746 2327 visionem.

2215 2358 2343 2414 Ηιεο
2390 2359 2518 2413 dicit
2548 2358 2807 2415 Dominus
2855 2360 2996 2416 Deus
3024 2363 3094 2416 ad
3141 2360 3314 2416 Edam
3341 2377 3360 2418 :
3386 2361 3593 2419 Parvus
3623 2379 3749 2432 pro-

2139 2451 2306 2522 pheta
2332 2495 2344 2516 ,
2376 2453 2636 2510 versuum
2666 2457 3057 2526 supputatione
3083 2495 3099 2522 ,
3133 2471 3246 2510 non
3273 2470 3556 2512 sensuum.
3594 2457 3748 2512 Alio-

2138 2544 2268 2615 quin
2302 2551 2360 2598 ut
2390 2545 2442 2599 in
2477 2544 2648 2600 tribus
2675 2546 3052 2602 voluminibus
3078 2547 3422 2613 Salomonis,
3451 2547 3748 2606 Canticum

2142 2635 2492 2692 Canticorum
2512 2648 2715 2706 quanto
2748 2639 2970 2695 brevius
2994 2649 3120 2705 est,
3160 2647 3314 2696 tanto
3345 2639 3644 2696 difﬁcilius.
3677 2642 3748 2698 Et

2139 2731 2386 2801 Epistula
2408 2731 2475 2788 ad
2500 2731 2876 2790 Philemonem
2907 2749 3068 2804 quem
3096 2749 3319 2790 sensum
3349 2733 3614 2800 haberet,
3649 2751 3745 2790 ex-

2139 2826 2459 2895 pressimus.
2521 2827 2882 2896 Evangelicus
2933 2841 3151 2896 quoque
3192 2842 3374 2882 sermo
3422 2827 3733 2892 breviatus,

2142 2915 2416 2971 laciniosis
2447 2915 2610 2988 Legis
2631 2917 2895 2988 operibus
2924 2919 3214 2988 angustior
3241 2928 3350 2973 est.
3384 2918 3462 2973 [ta
3493 2919 3584 2974 hic
3604 2933 3745 2990 quo—

2137 3022 2243 3078 que
2269 3007 2533 3078 propheta
2564 3009 2720 3079 quasi
2745 3024 2936 3066 servus
2970 3009 3186 3066 Domini
3225 3010 3380 3080 juxta
3412 3010 3690 3066 Abraham
3723 3063 3742 3088 ,

2134 3099 2319 3168 Isaac,
2353 3112 2406 3160 et
2435 3101 2633 3168 Jacob,
2671 3114 2730 3160 et
2758 3103 2977 3175 Moysen
3019 3105 3281 3160 famulum
3342 3105 3468 3171 Dei,
3513 3117 3567 3163 et
3609 3122 3746 3176 apo-

2135 3193 2342 3250 stolum
2369 3210 2548 3251 sermo
2578 3195 2779 3250 Christi
2808 3238 2822 3263 ,
2862 3212 2926 3254 ea
2955 3196 3140 3262 videt,
3175 3215 3240 3253 ea
3280 3197 3451 3264 audit,
3469 3214 3592 3269 qua:
3615 3215 3744 3271 pro-

2137 3289 2336 3358 phetali
2369 3289 2534 3360 digna
2567 3301 2694 3346 sunt
2717 3291 3014 3348 servitute?
3045 3291 3204 3346 Multi
3237 3300 3429 3361 putant
3470 3292 3622 3363 juxta
3649 3295 3736 3349 in-

2137 3382 2582 3451 terpretationem
2630 3385 2906 3449 nominis,
2952 3384 3097 3454 quod
3127 3401 3322 3440 servus
3351 3385 3453 3440 iste
3507 3387 3579 3441 sit
3633 3386 3747 3442 Do-

2143 3477 2273 3531 mini
2300 3519 2315 3544 ,
2342 3475 2430 3531 cui
2460 3475 2660 3531 dicitur
2690 3477 2745 3531 in
2777 3475 2914 3531 Isaia
2944 3494 2957 3531 :
2991 3476 3240 3549 Magnum
3277 3478 3372 3532 tibi
3393 3488 3468 3534 est
3496 3481 3668 3534 vocari
3693 3491 3746 3536 te

2136 3585 2353 3641 puerum
2408 3585 2576 3624 meum
2621 3568 2772 3640 (Isa.
2832 3586 2982 3637 xux,
3007 3572 3061 3636 6,
3101 3588 3204 3625 sec.
3256 3569 3439 3642 LXX)
3473 3613 3488 3639 ,
3537 3573 3629 3642 qui
3678 3587 3746 3628 se

2135 3660 2436 3717 esinanivit
2466 3659 2700 3716 formam
2739 3664 2884 3717 servi
2920 3663 3199 3731 accipiens
3228 3662 3248 3734 (
3273 3661 3475 3732 Philip.
3505 3679 3522 3717 ι
3549 3663 3593 3733 ).
3631 3663 3744 3719 Sed

2137 3753 2181 3807 si
2215 3755 2316 3808 hoc
2354 3754 2426 3808 ita
2468 3752 2910 3808 intellexerimus
2936 3798 2950 3821 ,
3003 3755 3145 3808 alius
3203 3753 3360 3810 nobis
3406 3755 3746 3824 quaerendus

2137 3848 2240 3902 erit
2271 3847 2492 3917 legatus
2515 3891 2532 3915 ,
2564 3847 2654 3918 qui
2684 3855 2769 3902 est
2792 3848 2992 3903 missus
3016 3848 3080 3903 ad
3110 3858 3328 3918 gentes.
3372 3846 3444 3902 Et
3469 3848 3596 3906 dum
3630 3860 3747 3904 tro-

2139 3939 2412 4010 pologiam
2484 3940 2810 4008 sequimur,
2871 3940 3152 4010 perdimus
3228 3939 3741 3997 manifestissimam

2139 4029 2500 4101 prophetiam.
2554 4031 2864 4097 Quaerimus
2913 4046 3046 4102 ergo
3095 4031 3218 4101 quis
3264 4032 3340 4086 sit
3385 4033 3492 4088 iste
3518 4031 3692 4087 Edom
3721 4073 3740 4100 ,

2137 4121 2224 4178 vel
2253 4120 2486 4176 Idumaaa
2511 4163 2528 4189 ,
2582 4123 2648 4178 ad
2698 4138 2860 4191 quam
2888 4139 3030 4179 nunc
3060 4139 3158 4193 per
3189 4121 3421 4179 Abdiam
3476 4124 3744 4189 Dominus

2138 4215 2401 4284 loquitur.
2431 4215 2489 4270 ln
2517 4214 2663 4270 libro
2685 4215 2970 4272 Geneseos
2993 4215 3138 4271 Esau
3165 4215 3342 4272 ﬁlium
3373 4215 3524 4272 Isaac
3551 4218 3747 4287 appel-

439 4325 565 4368 num
589 4304 803 4364 sabaoth
823 4305 1083 4360 sedentem
1111 4320 1267 4373 super
1292 4305 1541 4358 thronum
1566 4305 1822 4359 excelsum
1852 4316 1898 4359 et
1928 4307 2031 4361 ele-
2057 4347 2108 4408 Β
2134 4307 2303 4363 latum
2331 4309 2499 4366 fuisse
2523 4308 2698 4364 Edom
2723 4350 2736 4374 ,
2785 4309 2918 4378 quia
2962 4319 3185 4378 propter
3229 4307 3412 4366 rufum
3463 4309 3744 4366 lenticula:

435 4413 612 4460 vatum
644 4398 804 4473 (Isai.
839 4415 914 4466 vr,
942 4399 964 4452 l
988 4396 1026 4463 ).
1077 4398 1141 4454 Et
1169 4395 1418 4452 Ezechiel
1457 4397 1676 4466 :Aperti
1721 4407 1838 4452 sunt
1877 4399 2025 4466 (teli,

435 4505 480 4550 et
512 4494 617 4549 vidi
647 4493 869 4549 visiones
899 4489 1000 4544 Dei
1028 4506 1044 4543 :
1075 4490 1369 4559 statimque
1390 4487 1733 4559 subiungitur
1762 4508 1774 4545 :
1803 4489 1868 4544 Et
1901 4493 2024 4560 vidi,

437 4598 484 4650 et
515 4604 629 4642 ecce
675 4586 892 4657 spiritus
944 4583 1164 4638 turbinis
1195 4580 1325 4654 [ΑΙ.
1355 4581 1633 4652 aulerens]
1677 4584 1909 4638 ueniebat
1963 4585 2027 4642 ab

436 4680 690 4753 Aquilone
711 4724 724 4747 ,
751 4687 796 4731 et
822 4677 978 4730 nubes
1000 4690 1189 4748 magna
1210 4714 1224 4740 ,
1252 4681 1301 4726 et
1322 4671 1571 4741 splendor
1597 4674 1652 4728 in
1670 4677 1894 4729 circuitu
1914 4678 2028 4747 ejus

435 4769 659 4846 (Ezech.
688 4785 735 4836 ι,
764 4769 789 4822 1
822 4777 868 4821 et
890 4765 1096 4836 seqq.);
1129 4763 1226 4819 sed
1260 4771 1379 4832 post
1407 4765 2026 4838 visionemAbdiaepro-

430 4870 580 4926 tinus
606 4863 866 4920 inferatur
892 4878 904 4913 :
934 4857 1063 4914 Haec
1089 4858 1214 4912 dicit
1239 4854 1496 4913 Dominus
1517 4860 1586 4914 ad
1606 4859 1798 4917 Edam.
1826 4863 1892 4917 Et
1922 4865 2023 4920 ite-

501 5036 525 5062 α
557 5021 669 5079 Nec
701 5021 816 5092 ipse
841 5019 1047 5092 abludit
1080 5017 1446 5092 Hieronymus
1473 5060 1489 5086 ,
1520 5020 1634 5074 sive
1658 5021 1926 5079 Eusebius
1961 5025 2014 5080 in

426 5094 699 5152 Chronico
724 5089 739 5158 ζ
770 5090 993 5168 ubisub
1019 5089 1662 5168 Josaphat'ilebrmprnm
1686 5093 1840 5168 ,ιηαίυ
1868 5112 2016 5168 rege,

427 5185 538 5238 quo
567 5178 812 5234 tempore
843 5161 1214 5238 Hebraeorum
1224 5161 1394 5216 Israel
1425 5163 1610 5238 Achab
1635 5182 1730 5238 rex
1762 5167 1883 5231 fuit,
1918 5161 2021 5222 Ab-

429 5233 575 5298 diam
601 5233 1152 5304 docetpropltetasse.
1182 5233 1240 5288 S.
1266 5239 1448 5288 tamen
1475 5235 1814 5304 Augustinus
1842 5239 1876 5292 l.
1896 5254 2024 5294 xvm

427 5313 495 5368 de
521 5309 638 5364 Civ.
667 5308 760 5362 Dei
776 5301 904 5376 cap“.
933 5307 1039 5378 Si:
1066 5301 1194 5378 (Tres
1221 5347 1236 5370 ,
1271 5304 1442 5378 inquit
1470 5347 1482 5370 ,
1543 5301 1807 5378 prop/tene
1830 5310 1893 5362 de
1927 5315 2024 5363 nti-

429 5381 661 5448 noribus,
699 5374 893 5432 Abriias
919 5418 932 5440 ,
966 5374 1276 5448 Nahuntlet
1304 5374 1584 5448 Ambacum
1611 5374 1740 5438 {nec
1771 5397 1864 5433 sua
1898 5391 2024 5434 tein-

430 5471 559 5526 pora
573 5445 756 5506 dicunt
783 5451 880 5526 ipsi
907 5490 921 5514 ,
953 5464 1043 5526 nec
1081 5449 1134 5499 in
1165 5445 1437 5526 Chronica
1475 5447 1682 5526 Eusebii
1694 5461 1801 5526 [ιω
1829 5451 2023 5526 Hiero—

427 5519 569 5595 iiymi
614 5519 823 5595 quando
845 5519 1265 5595 pi'Opltetavcrinl
1295 5557 1310 5582 ,
1361 5519 1638 5595 invenitur.
1673 5521 1800 5595 (Qua
1846 5523 1912 5576 de
1964 5539 2020 5579 re

429 5589 575 5664 piura
611 5589 763 5647 nobis
793 5592 859 5645 ad
890 5605 1092 5644 annum
1117 5590 1365 5658 quintum
1392 5589 1719 5660 Josapltatin
1743 5591 2018 5649 Chronico

427 5665 654 5723 dicendo
681 5672 828 5717 sunt.

499 5737 524 5774 δ
553 5739 667 5789 Duo
692 5734 914 5805 palatini
942 5748 1096 5800 mss.,
1129 5741 1312 5787 contra
1340 5748 1457 5788 eum
1478 5774 1492 5799 ,
1540 5744 1590 5788 et
1629 5735 1876 5790 adversus
1907 5737 2015 5805 fra-

425 5820 550 5864 trem
567 5819 713 5863 arma
735 5802 1092 5875 prohibentur.

2133 4402 2312 4457 cibum
2342 4401 2709 4474 primogenita
2739 4401 3084 4465 vendiderit,
3133 4402 3576 4459 manifestissime
3604 4403 3745 4475 legi—

2138 4508 2257 4548 mus
2284 4493 2506 4566 (Genes.
2543 4511 2647 4550 xxv
2670 4495 2689 4565 )
2713 4513 2724 4550 :
2749 4493 2917 4548 Edam
2935 4494 3078 4550 enim
3105 4495 3495 4564 interpretatur
3512 4497 3740 4570 πυρῤὸς,

2134 4587 2188 4641 id
2240 4595 2356 4657 est,
2403 4587 2574 4652 rufus.
2608 4587 2668 4642 In
2699 4587 2892 4642 eodem
2946 4587 3224 4642 volumine
3275 4587 3536 4642 scribitur
3587 4588 3742 4643 hunc

2130 4680 2381 4751 eumdem
2408 4690 2659 4736 vocatum
2695 4695 2817 4737 esse
2848 4680 2994 4746 Seir,
3039 4680 3091 4734 id
3127 4689 3241 4745 est,
3299 4679 3559 4750 pilosum,
3603 4682 3739 4750 quia

2131 4772 2379 4842 hispidus
2406 4782 2550 4839 erat,
2577 4783 2626 4827 et
2657 4787 2762 4828 non
2795 4771 3030 4827 habebat
3055 4771 3335 4827 lenitatem
3363 4773 3552 4828 Jacob.
3581 4773 3740 4830 Unus

2133 4881 2263 4938 ergo
2289 4875 2454 4937 atque
2479 4865 2620 4922 idem
2647 4866 2820 4920 tribus
2841 4865 3156 4921 nominibus
3184 4864 3492 4936 appellatur
3513 4911 3528 4936 ,
3564 4865 3735 4934 Esau,

2199 5038 2219 5065 ε
2247 5027 2375 5094 Qure
2420 5027 2686 5082 hactenus
2730 5026 2970 5082 obtinuit
3004 5028 3054 5082 in
3103 5027 3256 5082 libris
3280 5028 3536 5084 omnibus
3568 5028 3736 5084 lectio

2127 5096 2449 5164 Nationum,
2487 5113 2582 5168 pro
2619 5097 2834 5152 Nahum
2861 5140 2874 5163 ,
2918 5101 3078 5168 plane
3110 5099 3222 5152 visa
3253 5107 3341 5153 est
3373 5101 3726 5155 manifestum

2125 5170 2380 5224 mendum
2404 5169 2624 5243 ,Acujns
2653 5184 2814 5224 causa
2859 5180 2916 5224 et
2942 5181 3234 5243 contextus
3266 5170 3681 5243 Hiemnymiani
3713 5212 3729 5237 ,

2125 5251 2181 5295 et
2211 5255 2384 5296 sacrae
2411 5241 2664 5296 Historiae
2687 5257 2882 5296 sensus
2913 5242 3092 5296 nullus
3121 5251 3404 5296 constaret
3423 5241 3486 5298 et
3503 5241 3730 5298 veritas.

2127 5313 2195 5366 Et
2219 5312 2593 5384 mirari-subiit
2617 5354 2631 5377 ,
2661 5327 2904 5384 errorem
2928 5313 3198 5384 insignem
3224 5313 3496 5370 editorum
3524 5316 3731 5369 nemini

2126 5383 2473 5455 suboluisse:
2506 5383 2747 5452 prociive
2778 5398 2961 5438 autem
2994 5383 3115 5438 erat
3160 5385 3372 5452 opinari
3403 5427 3417 5451 ,
3476 5386 3732 5455 antiqua—

2126 5453 2268 5509 rium
2297 5455 2582 5522 scripturte
2606 5495 2622 5521 ,
2671 5470 2834 5525 quam
2867 5455 3331 5520 compendiariam
3382 5453 3733 5525 facilmpnta-

2126 5527 2300 5590 verit,
2351 5526 2706 5581 similitudine
2751 5525 3063 5595 deceptum.
3111 5526 3278 5580 Nobis
3307 5529 3592 5596 prophetae
3624 5544 3731 5581 no-

2125 5612 2248 5650 men
2275 5598 2486 5652 restitui
2514 5638 2528 5663 ,
2554 5599 2663 5667 jam
2695 5601 3034 5666 propositum
3067 5607 3219 5664 erat,
3248 5612 3370 5652 cum
3401 5598 3456 5652 in
3485 5612 3595 5652 uno
3629 5598 3734 5652 Pa-

2125 5668 2295 5723 latino
2344 5684 2445 5740 ms.
2494 5669 2921 5740 secundamanu
2953 5683 2982 5722 a
3033 5668 3282 5723 studioso
3303 5669 3559 5740 quapiam
3581 5669 3730 5726 idem

2120 5738 2370 5795 annotari
2393 5782 2406 5804 ,
2440 5747 2710 5812 expuncto
2737 5738 3027 5795 Nationum
3052 5753 3189 5796 voce
3211 5738 3597 5798 observamus.
