4120 6342
435 298 569 360 ΗΜ

1416 308 2061 372 COMMENTARIORUM
2100 306 2167 370 IN
2205 304 2469 370 ABDIAM
2508 312 2734 374 LIBER.

3579 330 3715 387 Ηυξ

430 422 599 477 Edam
623 460 637 488 ,
674 421 820 489 δάν,
866 423 1357 497 possediumeeam
1381 428 1658 499 regionem
1682 470 1698 496 ,
1724 444 1846 501 qum
1871 444 2017 489 nunc
2042 426 2094 489 Α
2121 423 2201 477 ἀει
2243 422 2308 478 de
2364 422 2556 490 Edam,
2621 426 2821 497 {uivida
2855 438 2995 485 ueste
3024 431 3088 487 de
3109 432 3295 502 Basor,
3349 436 3422 491 sic
3455 438 3717 506 formosus

424 515 700 573 Gebalena
732 516 965 584 dicitur,
998 528 1054 575 et
1081 520 1136 575 in
1171 519 1366 577 llnibus
1414 530 1499 578 est
1538 524 1961 602 ἐλευθεροπόλεως
1995 569 2009 593 ,

423 608 515 663 ubi
555 617 685 664 ante
715 608 1088 667 habitaverunt
1123 610 1349 683 Hormi,
1365 615 1455 685 qui
1486 616 1919 687 interpretantur
1948 618 2013 674 li-

424 700 529 756 beri
557 717 576 756 :
607 701 751 757 unde
779 703 895 773 ipsa
926 705 1054 761 urbs
1082 715 1272 776 postea
1315 709 1508 764 sortita
1551 710 1874 769 vocabulum
1904 721 2010 768 est.

420 796 576 866 Quod
625 812 757 869 ergo
817 799 1081 858 Hebraice
1148 818 1291 860 soon
1346 804 1618 877 (nam),
1699 815 1754 861 et
1823 806 2014 864 Graece

420 892 623 948 dicitur
676 891 916 967 ἰδουμαία
955 938 970 963 ,
1025 911 1170 953 nunc
1218 898 1431 955 viculus
1500 898 1805 957 Palaesﬁnae
1857 912 1941 958 est
1996 919 2010 959 :

419 984 581 1058 365
612 999 640 1041 a
665 986 951 1043 conditore
967 990 1045 1045 sic
1075 990 1332 1058 imposito
1358 993 1581 1048 nomine
1608 993 1796 1064 :cnjus
1819 992 2010 1051 Latina

419 1095 635 1152 quoque
658 1093 711 1137 et
732 1068 924 1140 Grzcca
950 1085 1199 1142 meminit
1226 1085 1473 1143 historia.
1508 1085 1617 1144 lste
1656 1098 1739 1145 est
1770 1088 1857 1145 cui
1879 1088 2015 1147 dici-

420 1184 509 1232 tur
537 1190 635 1246 per
662 1176 835 1233 Amos
862 1194 876 1229 :
913 1177 1085 1251 Super
1111 1179 1273 1235 tribus
1313 1180 1591 1237 sceleribus
1629 1179 1817 1250 Edam,
1844 1193 1893 1238 ct
1926 1200 2014 1238 ηις

418 1285 510 1341 per
537 1277 761 1340 quatuor
785 1282 895 1325 non
913 1281 1209 1328 convertam
1243 1290 1359 1328 eum
1387 1290 1404 1328 :
1434 1291 1494 1330 eo
1533 1276 1673 1347 quod
1716 1288 2011 1348 persecutus

415 1358 483 1416 sit
512 1361 689 1435 gladio
729 1366 943 1437 fratrem
988 1380 1157 1434 suum,
1200 1373 1250 1420 et
1294 1364 1567 1422 violaverit
1604 1367 2011 1425 misericordiam

414 1459 549 1527 eius,
576 1467 625 1513 et
655 1460 879 1514 tenuerit
898 1457 1039 1515 ultra
1067 1463 1293 1531 furorem
1321 1476 1494 1530 suum,
1522 1468 1569 1515 et
1597 1460 2013 1535 indignationem

414 1564 561 1605 suam
594 1552 869 1607 seruaverit
892 1566 1055 1624 usque
1081 1552 1133 1607 in
1162 1552 1316 1623 linem
1343 1552 1544 1625 (Amos.
1572 1552 1748 1624 1,“).
1787 1552 1840 1609 ln
1875 1555 2011 1611 lsaia

413 1658 634 1717 quoque
677 1646 828 1718 juxta
879 1640 1204 1703 Hebraicum
1248 1646 1478 1718 legimus
1515 1646 1701 1705 :Onus
1743 1646 1918 1704 Duma
1944 1648 2014 1705 ad

414 1755 495 1793 me
523 1739 716 1793 clamat
748 1750 815 1794 ea:
854 1738 972 1795 Seir
998 1756 1015 1794 :
1038 1756 1128 1796 cus
1156 1756 1213 1795 os
1242 1741 1372 1812 quid
1397 1742 1461 1795 de
1487 1749 1656 1809 nocte,
1688 1744 1861 1797 custos
1886 1740 2015 1813 quid

2117 517 2173 570 in
2194 517 2327 573 stola
2347 519 2575 573 candida
2595 520 2733 592 (lsa.
2765 536 2915 591 um,
2949 526 2999 591 l,
3023 525 3081 593 2,
3112 527 3197 597 3)?
3228 528 3291 582 Et
3319 528 3387 584 ad
3412 530 3591 598 ipsum
3621 550 3713 587 co-

2119 608 2301 665 minus
2331 609 2694 681 loquebantur
2726 628 2741 668 :
2773 612 2947 681 Quare
2992 616 3209 672 rubrum
3238 627 3315 673 est
3351 619 3712 677 indumentum

2118 709 2267 757 tuum
2291 719 2310 758 :
2334 715 2380 759 et
2406 706 2703 763 vestimenta
2726 717 2817 763 tua
2842 710 2981 765 sicut
3003 713 3317 769 calcantium
3345 717 3397 770 in
3429 719 3717 775 torculari?

2118 792 2238 865 Ipso
2269 797 2507 869 loquitur
2537 800 2588 854 in
2622 802 2923 873 triumpho,
2954 818 3233 874 exponens
3285 810 3491 878 palmas
3534 815 3712 868 crucis

2116 904 2231 945 sum
2268 906 2281 945 :
2317 890 2573 948 Torcular
2599 892 2795 949 colcavi
2836 896 3001 964 solus,
3030 907 3078 953 et
3119 899 3185 954 de
3227 904 3464 973 gentibus
3510 922 3613 960 non
3639 920 3720 963 est

2115 982 2433 1038 trirmecum.
2467 985 2609 1041 Sunt
2630 987 2721 1056 qni
2758 986 3050 1045 ldumream
3087 992 3155 1045 ad
3194 1007 3414 1050 carnem
3450 997 3710 1064 referant,

2114 1082 2170 1130 et
2198 1074 2459 1133 adversus
2489 1078 2638 1134 illius
2680 1092 2917 1152 pugnam
2936 1084 3171 1139 animam
3202 1088 3482 1146 aestimant
3509 1107 3713 1161 provo-

2115 1167 2247 1234 cari,
2280 1176 2337 1223 ut
2365 1170 2762 1228 mortiﬁcantos
2800 1175 3043 1231 membra
3073 1185 3259 1233 tmstra
3289 1194 3454 1251 super
3481 1191 3709 1251 terram,

2116 1257 2552 1327 fornicationem,
2586 1264 3012 1336 Immunditiam,
3061 1270 3396 1340 passionem,
3442 1284 3702 1331 aeternam

2115 1350 2171 1405 in
2220 1351 2445 1408 Christo
2487 1354 2775 1410 victoriam
2823 1372 3249 1430 consequamur.
3288 1363 3462 1419 Judaei
3510 1365 3710 1422 frustra

2115 1446 2389 1500 somniant
2420 1457 2611 1504 contra
2640 1451 2833 1506 urbem
2866 1451 3116 1523 Romam,
3147 1466 3484 1529 regnumque
3516 1460 3714 1517 Roma-

2116 1550 2246 1592 num
2288 1537 2428 1595 hanc
2460 1541 2576 1597 ﬁeri
2611 1543 2986 1614 prophetiam;
3018 1556 3073 1602 et
3119 1548 3249 1605 illud
3281 1550 3429 1622 quod
3475 1554 3527 1609 in
3574 1553 3711 1610 Isaia

2113 1628 2383 1700 scriptum
2408 1642 2515 1701 est,
2551 1633 2701 1690 Onus
2747 1636 2923 1693 Dama
2952 1639 3164 1711 (nm),
3196 1645 3469 1713 paululum
3517 1647 3711 1705 litterae

2114 1723 2273 1792 apice
2299 1735 2643 1783 commutato
2666 1742 2764 1798 pro
2790 1742 3004 1787 natura
3049 1734 3149 1804 legi
3181 1748 3347 1805 posse
3376 1752 3495 1804 uss,
3532 1746 3588 1796 et
3625 1756 3713 1797 so-

413 1829 477 1884 de
498 1839 645 1885 nocte
669 1826 805 1901 (lsa.
838 1846 951 1899 χχι,
978 1829 1103 1902 ll)?
1133 1831 1491 1889 Etleremias
1524 1833 1577 1889 in
1611 1834 1861 1891 eamdem
1884 1850 2008 1905 pro-

2117 1829 2250 1871 nare
2277 1815 2497 1872 Romam
2526 1820 2766 1893 (nm-1):
2799 1834 2903 1879 uti
2956 1826 3156 1896 quippe
3207 1829 3385 1885 littera
3422 1842 3474 1887 et
3521 1847 3620 1903 pro
3649 1852 3710 1900 u,

413 1922 652 1993 pltctiam
684 1924 797 1992 pari
833 1938 968 1981 voce
1005 1926 1304 1994 consentit,
1334 1924 1521 1983 dicens
1555 1944 1566 1981 :
1610 1925 1881 2000 Numquid
1909 1942 2011 1984 non

410 2023 483 2071 est
512 2016 650 2071 ultra
674 2016 928 2089 sapientia
948 2018 1001 2072 in
1027 2017 1255 2073 Theman
1282 2015 1414 2087 Ner.
1458 2034 1566 2085 ιιι,
1600 2018 1656 2090 9)
1676 2018 1699 2074 ?
1721 2028 1776 2076 et
1802 2022 2007 2092 reliqua

411 2124 582 2180 usque
628 2110 693 2164 ad
732 2110 894 2166 linem
925 2111 1043 2179 ejus
1073 2111 1399 2182 prophetim,
1424 2112 1518 2167 ubi
1547 2112 1746 2169 dicitur
1779 2131 1791 2167 :
1824 2112 1890 2167 Et
1916 2108 2013 2169 erit

410 2219 499 2258 cor
529 2204 743 2273 fortium
787 2201 1040 2261 Idumam
1068 2207 1120 2261 in
1162 2207 1246 2262 die
1293 2206 1411 2272 illa,
1443 2209 1595 2279 quasi
1640 2224 1730 2263 cor
1775 2208 2010 2265 mulieris

409 2299 769 2368 parturientis.
798 2297 1148 2368 Excepmque
1196 2296 1387 2355 ordine
1412 2307 1773 2366 commutato,
1806 2308 1861 2357 et
1885 2301 2010 2357 aiiis

408 2404 527 2457 qua:
556 2389 815 2446 videntur
840 2390 1180 2462 discrepare,
1214 2406 1412 2463 magna
1444 2405 1570 2461 pars
1605 2390 1792 2448 Abdita
1822 2391 1876 2447 in
1919 2392 2010 2449 Je-

408 2482 596 2537 rcmize
646 2482 925 2538 volumine
975 2485 1309 2540 continetur.
1344 2482 1437 2540 Isti
1486 2494 1614 2540 sunt
1645 2494 1859 2541 montes
1886 2484 2009 2543 Seir

408 2572 699 2629 adversum
728 2590 864 2645 quos
895 2574 1203 2631 Ezechielis
1238 2576 1403 2631 iacies
1432 2576 1749 2646 roboratur,
1783 2585 1838 2632 et
1867 2577 2006 2633 dici-

410 2672 497 2722 tur
526 2684 541 2721 :
570 2664 718 2721 Dabo
750 2676 971 2724 montem
1006 2668 1127 2724 Seir
1172 2668 1483 2735 desolatam,
1512 2678 1558 2724 et
1606 2670 1887 2725 desertum.
1938 2668 2009 2725 Et

409 2769 532 2831 post
561 2760 840 2831 paululum
873 2780 885 2815 :
913 2760 1213 2833 Dissipatus
1239 2763 1361 2827 eris,
1390 2776 1536 2817 mons
1551 2760 2008 2830 Seir,etldumtea

409 2854 872 2929 omnis.Longum
915 2865 1002 2913 est
1047 2859 1091 2911 si
1142 2858 1372 2913 voluero
1419 2864 1646 2914 cunctas
1696 2856 2009 2928 Scripturas

406 2949 736 3019 eventilare,
768 2958 825 3005 et
873 2948 1122 3019 proferre
1176 2951 1228 3006 in
1282 2950 1519 3006 medium
1571 2964 1741 3021 super
1793 2962 2007 3007 montes

408 3038 551 3106 Seir,
586 3043 928 3114 maximeque
955 3042 1260 3111 Malachiae,
1293 3042 1381 3098 ubi
1423 3042 1613 3099 statim
1642 3045 1696 3098 in
1739 3043 2007 3113 principio

406 3140 669 3206 scriptum
720 3147 844 3195 est:
878 3138 1071 3195 Nonne
1120 3140 1281 3211 frater
1327 3148 1440 3193 erat
1471 3138 1616 3194 Esau
1660 3137 1848 3206 Jacob,
1884 3139 2008 3193 dicit

2116 1918 2171 1967 et
2193 1924 2293 1982 pro
2319 1928 2367 1978 ο,
2399 1926 2591 1969 eorum
2619 1916 2809 1987 lingua
2832 1919 3122 1990 accipitur.

2188 2002 2435 2059 Auditum
2464 2007 2759 2065 audiuimus
2777 2026 2813 2064 α
2834 2010 3083 2079 Domino,
3112 2022 3163 2070 et
3188 2014 3421 2086 legatum
3449 2021 3518 2074 ad
3542 2032 3714 2094 gentes

2114 2097 2259 2153 misit
2284 2114 2303 2153 :
2336 2098 2552 2171 Surgite
2573 2109 2621 2156 et
2654 2114 3034 2177 consurgamus
3062 2108 3319 2166 adversus
3351 2129 3466 2167 eum
3492 2116 3545 2168 in
3582 2131 3716 2185 prm-

2115 2189 2263 2244 iinm.
2294 2189 2438 2246 LXX
2468 2210 2481 2246 :
2514 2194 2768 2250 Auditum
2808 2198 2985 2253 audivi
3027 2216 3061 2253 a
3111 2199 3355 2271 Domino,
3384 2213 3430 2258 et
3460 2207 3709 2261 munitio-

2114 2300 2226 2339 nem
2250 2285 2302 2339 in
2325 2288 2565 2356 gentibus
2604 2289 2740 2344 misit
2770 2307 2789 2345 :
2814 2290 3022 2362 Surgite
3051 2303 3094 2347 et
3124 2306 3499 2369 consurgamus
3529 2299 3712 2355 adver-

2112 2388 2200 2430 sus
2229 2380 2420 2432 eumin
2444 2381 2701 2449 praelium.
2733 2382 2853 2439 Jam
2883 2393 2942 2439 ut
2971 2398 3139 2455 supra
3163 2387 3425 2456 diximus,
3459 2393 3713 2448 eumdem

2113 2470 2429 2526 esseEdonr
2451 2482 2617 2543 quam
2650 2480 2706 2530 et
2728 2475 3039 2543 ldummam,
3063 2478 3187 2548 quia
3215 2480 3269 2534 in
3305 2480 3572 2538 Hebraico
3596 2487 3713 2554 ipse

2112 2565 2205 2636 qui
2233 2567 2481 2623 condidit
2521 2587 2532 2623 :
2582 2571 2635 2625 in
2665 2570 2859 2628 Graec
2891 2574 3024 2629 urbs
3065 2591 3183 2644 qua:
3208 2578 3276 2631 sit
3302 2578 3372 2634 ab
3398 2592 3467 2634 eo
3493 2581 3710 2636 condita

2113 2661 2450 2717 nominatur.
2509 2662 2736 2719 Audivit
2766 2676 2896 2737 ergo
2945 2668 3030 2722 vel
3091 2670 3295 2725 Abdias
3324 2713 3338 2737 ,
3386 2676 3470 2728 vel
3521 2690 3711 2730 omnes

2115 2755 2401 2824 prophetae
2434 2757 2639 2826 pariter
2682 2759 2976 2816 audierunt
3011 2762 3235 2833 (omnes
3270 2766 3416 2820 enim
3464 2768 3713 2824 scribunt

2112 2858 2302 2905 contra
2344 2848 2542 2915 Edom)
2583 2852 2725 2921 quod
2765 2854 2831 2909 ad
2861 2862 3051 2925 gentes
3100 2857 3313 2928 legatus
3370 2862 3573 2916 missus
3619 2862 3710 2927 sit,

2112 2943 2383 3000 mediator
2413 2944 2508 3001 Dei
2538 2954 2593 3001 et
2624 2947 2929 3017 hominum,
2959 2949 3122 3006 homo
3152 2951 3403 3009 Christus
3426 2956 3608 3022 Jesus,
3641 2957 3709 3014 de

2111 3050 2220 3106 quo
2241 3042 2296 3091 et
2326 3032 2490 3091 Pater
2522 3036 2765 3108 loquitur
2803 3054 2901 3110 per
2939 3043 3196 3112 Ag‘gceum
3236 3060 3250 3097 :
3288 3040 3501 3100 Movebo
3532 3063 3709 3103 omnes

2110 3138 2306 3200 gentes,
2338 3136 2385 3182 et
2420 3130 2585 3183 veniet
2632 3130 2954 3187 desideratus
3001 3136 3200 3191 cunctis
3242 3139 3481 3207 gentibus
3512 3139 3715 3212 (Aggcei

407 3229 709 3287 Dominus:
738 3230 807 3285 Et
836 3231 999 3287 dilexi
1039 3208 1223 3299 Iacob,
1256 3230 1399 3287 Esau
1445 3240 1618 3287 autem
1656 3233 1778 3286 odio
1826 3231 1998 3287 habui.

2112 3230 2167 3284 n,
2199 3218 2276 3290 8).
2303 3217 2409 3276 Iste
2439 3220 2492 3274 in
2527 3220 2687 3291 isaia,
2723 3224 2907 3293 magni
2935 3226 3435 3297 consilii‘Angclus,
3466 3208 3706 3285 etPater

409 3318 481 3379 Et
504 3324 653 3394 posui
699 3334 900 3380 montes
945 3325 1059 3391 ejus
1098 3328 1151 3379 in
1199 3324 1553 3391 solitudinem,
1590 3332 1639 3379 et
1678 3324 2006 3379 hazreditates

409 3416 519 3491 [ΑΙ.
548 3416 1065 3490 ltarreditatem]ejus
1116 3419 1171 3473 in
1220 3418 1470 3474 dracones
1518 3418 1731 3474 deserti.
1767 3418 1918 3484 Quod
1962 3421 2006 3474 si

409 3510 600 3565 dixerit
631 3506 868 3564 Idumam
897 3524 914 3563 :
941 3510 1410 3577 destructi‘sumus,
1437 3511 1527 3564 sed
1558 3520 1860 3566 revertentes
1880 3511 2007 3565 (Βάί-

408 3602 679 3671 firabimus
709 3614 825 3672 qua:
864 3601 1067 3656 deserta
1094 3610 1236 3655 sunt.
1273 3598 1398 3656 Παῖς
1422 3600 1546 3655 dicit
1579 3598 1830 3656 Dominus
1860 3614 2006 3657 exer-

406 3694 601 3751 cituum
631 3692 774 3749 :Isti
801 3694 1156 3764 atdi/icabunt,
1186 3704 1231 3750 et
1253 3711 1345 3767 ego
1368 3696 1657 3763 destruam,
1683 3707 1732 3751 et
1756 3695 2006 3751 iocabun-

408 3792 493 3843 tur
519 3788 728 3842 termini
766 3789 1074 3859 impietatis,
1104 3796 1154 3843 et
1184 3789 1406 3861 papulus
1428 3788 1513 3843 cui
1540 3790 1708 3844 iratus
1737 3797 1811 3843 est
1832 3788 2007 3843 Domi—

409 3899 503 3938 nus
530 3896 688 3952 usque
715 3881 769 3936 in
804 3890 1054 3937 «sternunt
1083 3880 1307 3953 (Malae.
1334 3896 1406 3947 Iv,
1431 3882 1484 3948 2,
1520 3882 1575 3950 '5,
1603 3882 1683 3954 4).
1712 3882 1844 3951 Quia
1877 3897 2007 3953 ergo

409 3975 697 4031 didicimus
722 3982 927 4031 terram
954 3973 1317 4031 ldummorum
1346 3975 1720 4032 adversariam
1750 3991 1871 4033 esse
1896 3983 2008 4031 ter-

406 4082 483 4123 rm
515 4062 981 4137 repromissionis,
1008 4076 1064 4125 et
1088 4066 1231 4124 Esau
1262 4066 1541 4124 inimicum
1565 4069 1791 4139 legimus
1811 4066 2003 4134 Iacob,

407 4159 761 4230 etpopulum'
780 4174 907 4217 esse
946 4159 1034 4217 cui
1081 4161 1249 4216 iratus
1290 4170 1373 4217 est
1419 4160 1683 4217 Dominus
1724 4156 1776 4217 in
1806 4162 2007 4232 sempi-

409 4259 649 4321 ternum,
670 4267 832 4309 nosse
853 4252 1119 4309 debemus
1144 4253 1445 4310 secundum
1476 4254 1624 4323 leges
1657 4254 2003 4324 tropologim,

408 4351 502 4401 aut
532 4354 725 4400 contra
752 4342 970 4401 Judaeos
999 4345 1209 4401 factum
1237 4358 1362 4402 esse
1390 4358 1700 4401 sermonem
1734 4344 1849 4416 (qui
1881 4354 2009 4400 sunt

407 4438 589 4493 tumuli
638 4434 989 4505 Christianis,
1034 4444 1091 4495 et
1130 4449 1534 4510 persequuntur
1575 4438 1795 4494 fratrem
1845 4452 2003 4494 suum

408 4527 603 4594 Iacob,
635 4528 895 4599 populum
941 4531 1434 4602 supplantatorcm,
1466 4533 1559 4600 qui
1588 4528 1697 4587 illis
1728 4532 2001 4601 primoge-

408 4621 519 4676 nita
550 4614 878 4691 prmripuit),
896 4631 986 4676 aut
1010 4631 1159 4677 certe
1189 4620 1455 4678 adversus
1483 4637 1673 4679 omnes
1685 4622 1930 4679 haereses
1950 4633 2005 4678 et

409 4711 687 4768 contraria
729 4710 981 4783 dogmata
1020 4715 1259 4781 veritati,
1304 4724 1431 4785 quae
1482 4713 1741 4771 videntur
1784 4717 2003 4785 quidem

409 4806 566 4862 nobis
594 4814 723 4862 esse
747 4806 955 4871 vicina;
990 4802 1093 4863 sed
1121 4809 1292 4879 magis
1328 4808 1641 4864 adversaria
1679 4817 1826 4874 sunt,
1856 4814 1911 4864 et
1938 4804 2005 4864 de

412 4910 631 4972 paterna
682 4900 1005 4957 hrereditate
1047 4900 1379 4972 simplicem,
1409 4913 1463 4957 et
1512 4900 1873 4958 habitatorem
1907 4903 2005 4958 do-

411 5004 535 5050 mus
566 4990 734 5051 Iacob
772 4995 1021 5050 nituntur
1072 4994 1371 5065 expellere.
1405 4994 1576 5050 Porro
1607 4995 1731 5065 quia
1771 4990 2009 5050 Iduma’a

407 5094 461 5143 et
486 5097 687 5143 terrena
723 5089 1137 5157 interpretatur,
1171 5095 1226 5143 et
1254 5092 1475 5159 propter
1498 5087 1742 5143 colerem
1769 5075 2000 5142 rubrum

412 5187 635 5234 cruenta
675 5192 899 5250 quoque
924 5172 1091 5252 366
1133 5178 1357 5249 intelligi
1393 5186 1572 5248 potest
1604 5190 1623 5233 ε’
1650 5178 1855 5234 idcirco
1884 5177 2005 5234 Sal-

410 5278 569 5328 vator
613 5272 904 5342 reportans
953 5271 1023 5327 ad
1068 5270 1285 5328 Patrem
1333 5271 1409 5328 de
1444 5270 1649 5327 mundo
1692 5270 2004 5336 victoriam,

412 5360 627 5434 quando
664 5362 859 5435 Angeli
884 5363 1330 5418 conclamabant:
1357 5362 1562 5435 Aperite
1592 5372 1789 5435 portas,
1817 5362 2008 5433 princi-

413 5473 522 5527 pes,
552 5464 765 5523 vestt'as,
783 5467 835 5512 οι
850 5454 1091 5512 introibit
1102 5470 1193 5513 rea:
1218 5458 1396 5530 gloria:
1424 5454 1540 5529 (Ps.
1572 5472 1732 5523 unt,
1758 5456 1833 5528 7).
1859 5456 1922 5512 Et
1956 5459 2007 5512 in

411 5548 553 5608 Isaia
585 5560 869 5624 stupentes
893 5553 1335 5625 interrogabant:
1367 5552 1592 5620 Quisest
1602 5553 1697 5608 iste
1719 5555 1807 5625 qui
1832 5566 2011 5608 ascen-

484 5691 761 5761 “,Vocem,
795 5706 941 5761 mem,
990 5707 1056 5746 ex
1104 5691 1306 5748 nostris
1356 5706 1493 5746 mss.
1543 5703 1661 5761 post
1710 5692 2011 5746 Victorium

415 5759 750 5831 suffecimus,
782 5760 925 5831 quod
958 5777 1024 5815 ex
1069 5774 1309 5828 persona
1333 5759 1553 5819 Christi
1585 5762 1701 5817 lt‘a‘c
1734 5763 2003 5817 dicantur.

416 5830 562 5889 Idem
592 5834 753 5904 paulo
782 5830 925 5903 post,
949 5832 1197 5890 Auditum
1222 5836 1373 5907 legit,
1401 5850 1502 5906 pro
1530 5837 1739 5890 auditu.
1771 5835 2015 5906 Denique

2108 3310 2277 3367 futuri
2304 3313 2495 3369 saeculi
2520 3314 2776 3371 scribitur
2795 3316 2949 3390 (lsai.
2982 3320 3080 3390 rx).
3108 3318 3263 3387 Quod
3290 3330 3473 3377 autem
3506 3341 3602 3391 pro
3633 3326 3710 3380 le-

2107 3410 2252 3474 gato,
2284 3402 2335 3459 id
2362 3414 2448 3461 est
2486 3421 2571 3460 sm
2601 3406 2773 3480 (Ἴης),
2807 3409 3161 3482 Septuaginta
3205 3420 3484 3490 περιοχὴν,
3515 3416 3571 3469 id
3599 3429 3705 3481 esr,

2110 3497 2442 3551 munitionem
2468 3500 2815 3569 interpretati
2836 3512 2985 3569 sunt,
3016 3518 3305 3573 possumus
3331 3506 3539 3574 dicere,
3564 3510 3705 3579 quod

2109 3591 2225 3661 ipse
2255 3592 2465 3662 legatus
2501 3600 2686 3651 noster
2729 3594 2819 3664 sit,
2846 3607 2899 3652 et
2950 3600 3065 3667 ipse
3112 3600 3343 3656 munitio
3377 3620 3388 3654 :
3422 3601 3615 3657 dicens
3644 3618 3707 3659 ea

2109 3696 2231 3753 quae
2260 3683 2603 3754 prophetalis
2638 3698 2823 3742 sermo
2870 3692 3155 3745 con‘teXuit
3185 3710 3200 3747 ι
3236 3690 3473 3765 Surgite,
3509 3702 3555 3748 et
3584 3712 3707 3750 con—

2108 3788 2383 3846 surqamus
2406 3776 2656 3831 adversus
2675 3792 2813 3847 eum,
2838 3780 2923 3836 vel
2954 3792 3063 3835 eam
3096 3782 3150 3835 in
3183 3784 3441 3853 praelium.
3472 3784 3707 3856 Legatus

2108 3868 2199 3939 qui
2245 3868 2311 3923 ad
2342 3877 2530 3939 gentes
2562 3879 2643 3925 ρει
2682 3873 2902 3938 missus,
2937 3872 3054 3929 haec
3098 3872 3337 3946 loquitur
3370 3894 3383 3930 :
3422 3876 3592 3949 Surge
3622 3881 3707 3951 qui

2110 3959 2328 4028 dormis,
2354 3968 2401 4014 et
2423 3962 2621 4017 elevare
2650 3976 2687 4018 α
2705 3967 2945 4033 mortuis,
2977 3976 3023 4021 et
3047 3965 3367 4023 illumiaa'bit
3390 3978 3438 4025 te
3469 3970 3704 4028 Christus

2108 4050 2330 4123 (Ephes.
2358 4068 2413 4120 ν,
2442 4053 2553 4127 Η).
2580 4054 2659 4112 Ac
2712 4064 2780 4112 ne
2838 4058 3068 4116 forsitan
3123 4062 3304 4133 gravis
3346 4062 3506 4137 367
3552 4068 3707 4123 nobis

2110 4144 2219 4219 [ΑΙ.
2256 4147 2455 4220 vobis],
2484 4157 2539 4205 et
2566 4150 2787 4209 insolita
2833 4160 3010 4225 pugna
3062 4156 3331 4223 videatur,
3360 4174 3470 4228 me,
3504 4161 3705 4231 inquit,

2109 4240 2324 4297 habetis
2358 4246 2589 4313 primum
2621 4246 2673 4301 in
2704 4248 2840 4304 acie.
2870 4249 2985 4320 Ego
3007 4264 3105 4308 ero
3122 4252 3547 4330 ἀρχιστρατηγός
3570 4272 3708 4327 pra:-

2108 4332 2329 4403 liorum,
2362 4337 2537 4405 quiet
2564 4336 2692 4393 Jesu
2723 4338 2832 4395 lilio
2862 4339 3011 4397 Nave
3042 4343 3280 4413 gladium
3318 4355 3509 4401 tenens
3538 4362 3705 4419 appa-

2107 4430 2195 4485 rui
2226 4448 2240 4484 :
2272 4440 2328 4487 et
2358 4432 2587 4489 Amalec
2610 4433 2661 4487 in
2694 4435 2877 4490 crucis
2909 4448 3043 4490 meae
3078 4444 3107 4473 ω
3134 4430 3570 4511 vexillo,‘llfoyse
3606 4457 3705 4511 pu-

2108 4534 2328 4591 gnante,
2355 4525 2607 4591 superavi
2640 4524 2837 4596 (Exod.
2884 4528 3039 4595 xvu).
3081 4524 3345 4586 Jeremias
3388 4531 3445 4586 in’
3493 4534 3707 4593 visione

2106 4621 2298 4669 eontra
2356 4612 2646 4671 [dammam
2698 4631 2807 4672 non
2865 4619 3091 4674 multum
3143 4621 3211 4676 ab
3265 4622 3348 4677 his
3390 4623 3700 4697 discrepat:

2109 4702 2329 4773 Audita,
2363 4707 2558 4779 inquit,
2591 4708 2765 4765 audivi
2783 4726 2814 4765 a
2843 4710 3093 4781 Domino,
3118 4724 3169 4770 et
3189 4716 3388 4788 legatus
3416 4720 3485 4773 ad
3526 4731 3705 4791 gentes

2108 4803 2296 4856 missus
2346 4811 2422 4857 est
2465 4819 2484 4857 :
2514 4796 2917 4876 congregantim‘,
2950 4817 2999 4861 et
3047 4810 3215 4863 venite
3252 4818 3433 4866 contra
3479 4830 3614 4882 eam,
3656 4826 3703 4871 et

2105 4907 2477 4963 consurgamus
2503 4896 2555 4949 in
2587 4896 2826 4966 prtelium
2850 4895 2985 4968 (Jer.
3009 4914 3155 4967 thx,
3186 4900 3295 4968 14).
3330 4902 3588 4974 Sequitur
3616 4926 3627 4958 :

2180 4984 2375 5055 (Vers.
2404 4988 2439 5041 2
2466 5001 2581 5059 seq.
2606 4989 2623 5057 )
2652 4986 2784 5043 Ecce
2811 4993 3087 5062 parvulum
3122 4990 3243 5048 dedi
3267 5004 3313 5048 te
3339 4996 3393 5049 in
3422 4997 3654 5067 gentibus
3686 5017 3704 5054 :

2109 5078 2513 5150 contemptibilis
2544 5091 2598 5136 tu
2628 5090 2683 5137 es
2722 5080 2888 5138 valde.
2925 5084 3184 5157 Superbia
3217 5089 3387 5142 cordis
3424 5092 3499 5144 tui
3522 5092 3707 5147 extulit

2110 5182 2157 5228 te
2186 5173 2501 5230 habitantem
2524 5176 2581 5230 in
2606 5176 2851 5231 scissuris
2878 5185 3037 5246 petrw
3063 5174 3243 5251 [Vulg
3279 5183 3588 5256 petrarum]:
3612 5202 3701 5239 ea:-

2110 5268 2355 5322 altantem
2390 5269 2574 5323 solium
2597 5279 2743 5324 tuum
2772 5264 2951 5342 [ναις.
2986 5270 3179 5343 suum],
3210 5273 3301 5343 qui
3319 5274 3449 5328 dicis
3478 5278 3529 5329 in
3557 5282 3709 5332 corde

2113 5370 2201 5417 tuo
2233 5378 2253 5416 :
2282 5362 2408 5429 Quis
2448 5363 2683 5418 detrahet
2710 5376 2789 5419 m'e
2820 5360 2872 5419 in
2906 5365 3136 5420 terram?
3166 5365 3228 5423 Si
3254 5368 3514 5423 excitatus
3546 5364 3707 5440 fueris

2115 5463 2169 5508 ut
2200 5456 2394 5526 aquila,
2424 5464 2473 5510 et
2494 5457 2539 5510 si
2568 5456 2697 5510 inter
2722 5456 2894 5510 sidera
2914 5458 3150 5528 posueris
3173 5459 3355 5512 nidum
3375 5462 3519 5515 tuum
3541 5479 3559 5516 :
3589 5465 3711 5518 inde

2116 5558 2164 5604 te
2195 5548 2485 5614 detrahant,
2542 5550 2671 5604 dicit
2696 5542 2975 5604 Dominus.
3031 5546 3170 5604 LXX
3207 5568 3220 5606 :
3256 5551 3388 5606 Ecce
3439 5556 3709 5612 minimum

2121 5689 2263 5759 quod
2290 5698 2343 5744 et
2375 5703 2472 5742 nos
2521 5688 2845 5757 probamus,
2882 5691 2952 5745 ita
2995 5690 3295 5748 ferentibus
3335 5710 3465 5750 mss.
3506 5702 3710 5755 nostris

2124 5762 2309 5837 missus
2328 5770 2422 5825 est,
2444 5761 2599 5837 juxta
2619 5759 2862 5817 Graecum
2889 5764 3186 5820 ἀπέστειλεν
3206 5782 3215 5818 :
3236 5776 3335 5837 pro
3360 5781 3467 5837 quo
3486 5770 3716 5826 retinuit

2122 5828 2465 5888 Martianqu
2493 5835 2679 5889 missus
2708 5842 2839 5889 sunt.
