4084 6340
455 271 597 333 1105

1706 267 1765 326 S.
1808 262 2079 326 EUSEBII
2117 261 2380 329 IIIERON
2391 265 2509 327 YMI

3613 257 3740 321 “04

455 389 582 444 dedi
604 397 652 442 te
683 385 735 440 in
764 382 998 458 gentibus
1021 398 1039 438 :
1062 379 1396 438 inhonoralus
1426 378 1480 436 cs
1506 389 1560 437 tu
1592 381 1759 436 valde.
1797 381 2056 451 Superbia
2081 385 2137 448 Α
2163 392 2324 452 tram,
2350 386 2404 440 in
2436 399 2542 455 qua
2590 381 2830 454 prudens
2877 380 3178 440 :ediﬁcator
3206 379 3426 437 domum
3462 388 3615 434 suam
3644 391 3742 432 ex-

460 482 631 536 cordis
660 480 736 533 tui
756 479 972 533 elevavit
1001 487 1046 531 te
1071 477 1387 533 habitantem
1419 479 1472 531 in
1503 476 1849 547 foraminibus
1880 485 2058 544 petra-

459 592 597 641 rum,
624 574 940 628 exaltantem
964 571 1325 626 habitaculum
1369 581 1512 626 tuum
1547 580 1700 640 atque
1727 571 1981 624 dicentem
2004 571 2057 624 in

459 670 613 724 corde
640 677 728 723 tuo
759 683 778 720 :
827 666 955 733 Quis
987 682 1066 722 me
1109 666 1327 720 deducet
1359 667 1411 720 in
1449 667 1683 719 terram?
1710 664 1772 719 Si
1801 664 2060 718 exaltatus

463 765 623 836 fueris
656 773 713 817 ut
741 761 941 834 aquila,
967 771 1014 816 ct
1043 761 1088 814 si
1113 761 1245 815 inter
1273 761 1442 814 media
1481 758 1656 813 sidera
1693 774 1855 829 ponas
1882 756 2060 810 nidum

462 869 652 912 tuum:
689 857 809 911 inde
858 867 906 908 te
950 855 1253 921 detraham,
1285 856 1410 908 dicit
1458 853 1730 908 Dominus.
1769 849 2056 915 Jeremias,

462 958 617 1023 cujus
671 965 832 1023 supra
884 949 1112 1005 iecimus
1169 950 1526 1014 mentionem,
1556 961 1725 1017 prope
1781 946 1834 999 in
1864 944 2058 1000 eadem

462 1046 628 1102 verba
660 1042 956 1106 consentit,
991 1041 1219 1096 dicens:
1253 1039 1388 1095 Ecce
1429 1039 1706 1110 parvulum
1749 1037 1868 1092 dedi
1911 1045 1956 1090 te
2007 1035 2059 1086 in

463 1138 738 1211 gentibus;
780 1136 1218 1208 contemmibilem
1265 1137 1399 1190 inter
1444 1135 1679 1189 homines
1713 1148 1732 1187 :
1761 1131 2061 1204 arroqantia

465 1241 556 1284 tua
585 1229 785 1299 decepit
816 1237 884 1296 te,
910 1237 957 1281 et
981 1227 1222 1297 superbia
1241 1228 1412 1282 cordis
1437 1227 1534 1290 tui,
1553 1227 1640 1296 qui
1662 1225 1860 1280 habitas
1891 1226 1942 1277 in
1971 1239 2060 1277 ca-

464 1323 631 1376 vernis
661 1334 836 1389 petrw,
858 1330 903 1374 et
926 1320 1316 1390 apprehendere
1343 1321 1518 1374 niteris
1541 1319 1867 1374 altitudinem
1885 1316 2059 1371 collis:

463 1432 579 1470 cum
608 1414 916 1469 exaltaveris
942 1415 1095 1484 quasi
1121 1415 1295 1484 aquila
1317 1412 1498 1466 nidum
1531 1423 1672 1466 tuum
1706 1427 1723 1464 :
1755 1412 1872 1465 inde
1898 1420 1944 1464 te
1967 1410 2061 1464 de-

466 1508 696 1572 traham,
730 1507 856 1561 dicit
881 1504 1157 1562 Dominus.
1194 1506 1251 1561 In
1297 1506 1744 1576 interpretatione
1775 1499 2057 1575 propheti-

462 1617 524 1656 ca
557 1601 818 1655 debemus
851 1613 1057 1653 morem
1092 1610 1339 1652 nostrum
1371 1598 1550 1666 sequi.
1577 1605 1636 1651 ut
1686 1596 1918 1667 primum
1950 1594 2058 1650 his-

465 1696 622 1749 toriae
674 1693 1023 1748 fundamenta
1069 1691 1357 1760 jaciamus,
1400 1691 1596 1746 deinde
1653 1691 1697 1746 si
1742 1704 2053 1760 possumus,

2163 477 2354 542 struit;
2385 477 2479 532 sed
2515 477 2566 531 in
2611 475 2868 532 scissuris
2898 484 3089 546 petrm,
3125 483 3181 529 ut
3214 473 3493 528 Intereseon
3536 483 3566 523 a
3593 477 3741 540 petra

2162 569 2382 624 Christo
2411 567 2519 642 [AL
2550 565 2777 642 Christi]
2807 577 2862 625 et
2909 570 2975 624 ab
3025 567 3268 624 Ecclesia
3300 563 3570 636 signiticet
3613 561 3743 616 scis-

2163 662 2364 720 siones.
2415 664 2587 719 Porro
2633 665 2776 734 quod
2840 663 3135 733 sequitur:
3172 659 3510 716 Exaltanlem
3567 655 3746 711 solium

2164 763 2311 809 tuum
2341 771 2359 808 :
2380 755 2470 821 Et,
2505 757 2596 826 qui
2621 756 2744 809 dicit
2771 756 2824 810 in
2872 757 3026 809 corde
3068 771 3164 809 suo
3187 771 3205 808 :
3233 753 3361 819 Quis
3402 747 3635 804 detrahet
3673 761 3749 799 me

2164 848 2216 901 in
2248 849 2470 902 terram?
2509 861 2778 905 tumorem
2812 849 3083 904 hrereticaa
3112 848 3307 904 mentis
3335 843 3600 908 ostendit,
3624 857 3749 896 con-

2164 940 2444 996 lidentium
2485 943 2592 998 sibi
2644 943 2696 997 in
2750 942 3027 1015 mysteriis
3075 948 3132 997 et
3182 940 3235 996 in
3284 937 3514 994 secretis
3545 933 3678 1000 suis,
3701 943 3754 989 et

2162 1043 2426 1107 quantum
2466 1037 2521 1091 in
2566 1036 2698 1107 ipsis
2728 1045 2815 1092 est
2846 1033 3224 1107 (hyperbolice
3251 1041 3436 1088 autem
3475 1031 3581 1084 hoc
3612 1027 3752 1082 acci-

2163 1145 2294 1200 pere
2321 1131 3123 1201 debemus),repromittentium
3147 1128 3251 1183 sibi
3281 1140 3447 1199 regna
3466 1125 3748 1181 contorum.

2162 1219 2322 1276 Unde
2351 1221 2420 1275 ad
2468 1220 2847 1289 hujuscemodi
2879 1219 3132 1275 homines
3184 1217 3350 1291 369
3388 1217 3579 1273 scribit
3609 1217 3750 1285 Apo-

2163 1313 2374 1368 stolus:
2407 1311 2528 1366 Jam
2559 1315 2669 1367 sine
2681 1313 2825 1368 nobis
2842 1315 3096 1384 regnatis,
3115 1320 3270 1382 atque
3293 1311 3492 1364 utinam
3513 1323 3755 1380 regnare-

2162 1407 2247 1475 tis,
2277 1417 2329 1461 ut
2358 1419 2404 1462 et
2432 1424 2523 1462 nos
2555 1408 2814 1460 vobiscum
2843 1421 3173 1477 regnaremus
3195 1403 3242 1475 (l
3272 1402 3396 1459 Cor.
3421 1418 3498 1467 tv,
3519 1401 3600 1471 8).
3625 1399 3754 1455 Tale

2162 1501 2292 1572 quid
2339 1511 2393 1557 et
2433 1501 2603 1556 David
2650 1501 2889 1573 loquitur
2923 1518 2937 1556 :
2971 1499 3267 1555 Posuerunt
3295 1496 3408 1571 [AL
3452 1493 3753 1567 Posuerint]

2161 1595 2212 1648 in
2244 1595 2427 1649 caelum
2458 1609 2514 1648 os
2538 1610 2709 1660 suum,
2737 1604 2786 1648 et
2815 1593 2994 1665 lingua
3023 1609 3203 1648 eorum
3231 1590 3464 1646 transiuit
3495 1589 3548 1643 in
3572 1599 3757 1643 terram

2161 1684 2339 1759 (Psol.
2372 1702 2537 1752 um,
2566 1687 2643 1757 9).
2677 1687 2732 1743 Si
2781 1687 3001 1742 exaltati
3047 1700 3178 1756 ergo
3221 1684 3443 1749 iuerint,
3481 1691 3543 1737 ut
3577 1679 3755 1751 aquila

465 1785 713 1842 excelsas
763 1794 940 1840 turres
989 1793 1045 1840 et
1094 1793 1366 1841 tectorum
1405 1784 1642 1840 culmina
1689 1783 2053 1854 subrigamus.
2088 1784 2136 1844 B
2164 1778 2313 1849 (nam
2345 1788 2398 1834 et
2431 1779 2532 1849 ipsi
2564 1779 2867 1849 aquilarum
2911 1778 3018 1832 sibi
3049 1775 3472 1832 similitudinem
3497 1773 3760 1844 pollicen-

461 1878 538 1942 Ο,
572 1877 1084 1946 inquit,l-Ldom,qui
1115 1892 1237 1933 cum
1268 1875 1526 1932 minimus
1555 1876 1653 1943 sis,
1687 1875 1832 1929 inter
1863 1888 2055 1929 omnes

453 1971 509 2026 in
537 1970 775 2025 circuitu
805 1969 1078 2034 nationes,
1110 1978 1164 2023 et
1202 1969 1269 2024 ad
1306 1967 1774 2037 comparationem
1813 1965 2055 2037 gentium

454 2070 778 2116 creterarum
816 2073 1016 2129 parvus
1060 2059 1113 2114 in
1166 2073 1417 2126 numero,
1449 2058 1592 2113 ultra
1639 2059 1788 2112 vires
1828 2055 2057 2128 erigeris

458 2152 735 2224 superbia.
780 2152 1028 2222 Cumque
1078 2150 1292 2206 habites
1349 2151 1402 2205 in
1452 2149 1753 2222 speluncis,
1789 2149 1957 2204 immo
2003 2149 2055 2202 in

457 2247 710 2304 cavernis
766 2254 1069 2316 petrarum,
1100 2245 1322 2299 humilis
1362 2254 1524 2314 atque
1576 2243 1969 2314 pauperculus,
2003 2251 2059 2296 et

457 2342 681 2397 excelsa
708 2339 1064 2396 aediﬁciorum
1090 2347 1234 2395 tecta
1258 2354 1365 2393 non
1391 2337 1703 2408 possidens,
1731 2336 1883 2408 quasi
1908 2335 2062 2405 aqui-

457 2434 507 2490 la
541 2435 594 2488 in
613 2433 849 2489 sublime
873 2431 1202 2498 sustolleris,
1229 2440 1284 2486 et
1319 2439 1528 2486 tantum
1558 2429 1893 2499 cogitatione
1915 2427 2062 2482 intu-

455 2525 674 2588 mescis.
706 2534 767 2580 ut
804 2525 947 2580 inter
979 2523 1162 2579 sidera
1187 2523 1442 2579 habitare
1470 2532 1522 2578 te
1552 2521 1748 2577 credas
1783 2539 1795 2574 :
1824 2523 1988 2576 etiam
2016 2520 2059 2574 si

457 2619 597 2673 ultra
647 2627 896 2672 naturam
945 2630 1136 2686 posses
1179 2615 1302 2671 caeli
1341 2614 1449 2669 alta
1498 2623 1815 2685 penetrare,
1848 2611 1979 2666 inde
2013 2621 2064 2666 te

460 2709 832 2775 detraherem,
863 2708 1029 2780 368
1080 2718 1134 2764 et
1184 2707 1250 2762 ad
1306 2717 1507 2762 terram
1559 2704 2065 2770 deducerem,dicit

467 2801 733 2859 Dominus
764 2801 927 2856 Deus.
959 2800 1094 2856 Illud
1145 2809 1331 2856 autem
1377 2800 1522 2871 quod
1555 2800 1607 2854 in
1650 2799 1886 2855 Ieremia
1917 2797 2066 2852 addi-

463 2907 577 2953 tum
626 2905 732 2962 est,
759 2906 805 2950 et
848 2895 1235 2967 apprehendere
1289 2895 1469 2948 niteris
1518 2894 1841 2948 altitudinem
1894 2889 2064 2958 callis,

466 2991 690 3060 aperuit
715 2987 968 3058 aenigma,
1001 2987 1186 3041 collem
1221 2985 1534 3058 signiﬁcans
1563 2993 1787 3040 montem
1818 2984 1971 3049 Sion,
2004 2998 2068 3038 ac

465 3097 566 3152 per
605 3082 709 3137 hoc
746 3083 829 3137 vel
878 3081 1049 3150 ipsam
1096 3080 1286 3136 urbem
1326 3079 1656 3146 Jerusalem,
1688 3078 1771 3133 vel
1806 3077 2066 3146 templum

2161 1881 2270 1939 tur,
2301 1888 2421 1944 qua:
2459 1873 2639 1929 solent
2668 1873 2734 1927 ad
2765 1873 2999 1928 cadaver
3026 1869 3363 1926 Dominicum
3387 1866 3756 1938 congregari),

2161 1974 2215 2021 et
2245 1965 2290 2019 si
2317 1965 2458 2020 inter
2480 1965 2658 2021 media
2690 1964 2868 2021 sidera
2897 1965 3184 2034 posuerint
3216 1963 3400 2019 nidum
3423 1976 3607 2028 suum,
3634 1959 3760 2014 inde

2163 2057 2449 2113 detraham
2474 2074 2589 2122 eos,
2617 2057 2748 2114 dicit
2779 2059 3061 2115 Dominus.
3098 2059 3250 2114 Sicut
3276 2058 3419 2114 enim
3452 2056 3758 2111 dormiente

2164 2153 2577 2223 patrel'amilias,
2607 2153 2748 2209 inter
2775 2154 2973 2208 bonam
2997 2161 3296 2208 sementem
3320 2151 3574 2206 inimicus
3596 2149 3760 2205 homo

2165 2246 2372 2302 zizania
2405 2248 2810 2318 superseminat
2838 2245 3056 2317 (Matth.
3081 2246 3201 2316 xm)
3233 2264 3246 2302 :
3281 2247 3354 2300 ita
3397 2244 3544 2300 solet
3580 2242 3760 2314 aquila

2164 2341 2259 2398 illa
2301 2342 2527 2413 grandis
2577 2341 2797 2412 (Ezech.
2854 2357 2986 2408 xvu,
3044 2342 3123 2412 5),
3159 2355 3474 2412 magnarum
3524 2339 3759 2403 alarum,

2166 2435 2329 2506 longo
2365 2435 2733 2490 membrorum
2767 2434 3130 2505 ductu,plena
3163 2434 3364 2504 plumis
3392 2440 3448 2488 et
3471 2431 3756 2496 varietate,

2167 2543 2290 2600 qua:
2315 2527 2481 2584 habet
2508 2529 2729 2584 ductum
2763 2528 3001 2583 intrandi
3034 2529 3088 2583 in
3118 2527 3416 2594 Libanum,
3446 2534 3504 2581 et
3529 2524 3670 2579 tollit
3692 2523 3759 2579 de

2168 2619 2451 2676 cacumine
2481 2620 2656 2684 cedri,
2683 2629 2738 2675 et
2781 2621 2992 2691 plantat
3041 2635 3207 2690 super
3258 2633 3424 2690 aquas
3454 2617 3674 2680 multas,
3703 2625 3762 2670 ut

2170 2715 2222 2769 in
2257 2715 2472 2769 vineam
2498 2713 2760 2784 plantaria
2787 2713 3073 2783 pullulent,
3100 2713 3244 2768 inter
3265 2711 3444 2767 sidera
3476 2709 3757 2774 Ecclesiae,

2171 2805 2237 2861 de
2264 2806 2461 2876 quibus
2493 2814 2548 2860 et
2577 2805 2630 2858 in
2660 2804 2773 2860 alio
2821 2805 2942 2859 loco
2973 2803 3175 2860 dicitur
3204 2823 3216 2856 :
3245 2801 3386 2857 Iusti
3427 2810 3600 2855 autem
3630 2799 3758 2854 sicut

2170 2896 2337 2952 stella:
2363 2897 2629 2968 fulgebunt
2653 2894 2816 2966 (Mat.
2838 2910 2954 2961 xm,
2986 2894 3103 2965 ιδ),
3134 2908 3338 2964 ponere
3367 2892 3550 2947 nidum
3579 2905 3756 2946 suum.

2173 2989 2292 3044 Dixi
2324 3002 2510 3058 supra,
2542 2987 2646 3043 hoc
2679 2988 2854 3057 ipsum
2884 2996 2943 3041 et
2991 2985 3285 3042 adversum
3331 2999 3552 3040 carnem
3606 2996 3764 3053 posse

2173 3082 2404 3154 intelligi
2433 3081 2577 3153 quod
2616 3081 2917 3136 imminuta:
2949 3081 3060 3135 sint
3107 3080 3259 3136 vires
3297 3079 3418 3148 ejus
3448 3079 3501 3133 in
3531 3076 3762 3132 adventu

466 3177 612 3248 quod
644 3177 698 3231 in
726 3191 789 3230 ea
823 3175 1105 3230 conditum
1136 3186 1244 3241 εει,
1277 3171 1655 3242 vultintelligi.
1686 3170 1938 3241 Aquilam
1965 3185 2062 3224 au-
2094 3174 2140 3239 C
2169 3171 2394 3236 Christi,
2423 3182 2477 3228 et
2503 3171 2934 3239 contemptibilis
2952 3171 3042 3236 sit,
3069 3172 3376 3241 animaeque
3395 3168 3637 3239 subjecta
3667 3167 3763 3223 im-

469 3281 579 3326 tem
627 3269 838 3326 cunctis
893 3267 1082 3322 avibus
1109 3266 1274 3321 altius
1309 3265 1566 3331 volitare,
1599 3264 1762 3320 etiam
1793 3262 1849 3316 hi
1880 3262 1971 3330 qui
2000 3261 2069 3317 de

467 3373 660 3418 natura
723 3360 905 3416 avium
947 3359 1264 3430 disputant,
1319 3357 1596 3414 memoria:
1667 3355 2066 3426 prodiderunt:

465 3456 709 3526 tantique
733 3452 1016 3509 contuitus
1045 3467 1170 3508 esse
1195 3451 1424 3516 dicitur,
1448 3459 1508 3504 ut
1550 3464 1674 3505 cum
1708 3462 1874 3518 super
1899 3446 2069 3502 maria

469 3545 735 3602 immobili
763 3559 940 3615 penna
969 3543 1205 3612 feratur,
1241 3558 1342 3598 nec
1369 3541 1622 3597 humanis
1647 3548 1831 3611 pateat
1861 3537 2069 3596 obtuti-

471 3641 594 3704 bus,
618 3638 689 3694 de
717 3647 866 3693 tanta
911 3637 1249 3694 sublimitate
1291 3637 1582 3709 pisciculos
1625 3644 1812 3691 natare
1861 3634 2066 3700 videat,

472 3742 530 3788 et
560 3747 683 3788 cum
711 3731 868 3802 juxta
898 3730 1053 3786 littus
1084 3729 1313 3798 fuerint,
1338 3730 1592 3785 tormenti
1643 3728 1818 3783 instar
1845 3725 2072 3782 descen-

2170 3267 2344 3338 perio,
2378 3276 2433 3322 et
2484 3265 2682 3320 frustra
2713 3263 2977 3336 erigatur,
3007 3280 3131 3320 cum
3165 3264 3374 3319 habitet
3415 3262 3469 3317 in
3508 3260 3764 3317 cavernis

2173 3368 2367 3429 petrte,
2404 3358 2488 3413 vel
2520 3358 2794 3423 sensibus,
2820 3358 2904 3414 vel
2937 3357 3380 3429 cogitationibus,
3409 3364 3466 3413 et
3504 3355 3638 3412 velit
3671 3354 3766 3411 do-

2173 3449 2370 3506 minari
2413 3451 2629 3516 animae,
2672 3450 2928 3506 exaltans
2978 3450 3179 3506 solium
3228 3464 3421 3515 suum,
3453 3462 3556 3505 nec
3604 3463 3766 3519 opera

2171 3559 2269 3600 sua
2295 3543 2524 3600 credens
2548 3557 2710 3613 posse
2731 3543 2999 3614 superari.
3024 3543 3120 3598 Cui
3151 3543 3377 3608 dicitur,
3405 3542 3555 3614 quod
3581 3557 3767 3614 quam-

2171 3640 2253 3695 vis
2277 3654 2337 3694 se
2366 3639 2562 3708 erigat,
2594 3646 2650 3693 et
2678 3639 2874 3708 aquilm
2911 3637 3151 3692 imitetur
3194 3636 3437 3702 excelsa,
3462 3635 3766 3707 multosque

2172 3743 2488 3790 sanctorum
2512 3731 2798 3804 deceperit
2833 3749 2846 3786 :
2882 3741 3061 3787 tamen
3089 3747 3118 3785 a
3144 3732 3379 3788 Domino
3407 3740 3666 3802 superata
3697 3730 3766 3785 sit

474 3828 631 3893 dere,
658 3837 979 3896 raptamque
1009 3823 1257 3895 praedam
1290 3822 1483 3893 pennis
1513 3821 1580 3876 ad
1614 3821 1765 3875 littus
1787 3818 2065 3890 pertrahe-

2174 3839 2336 3898 atque
2362 3827 2598 3897 dejecta.
2626 3825 2783 3892 Quod
2815 3826 2869 3881 in
2903 3825 3178 3882 hzereticis
3209 3835 3265 3882 et
3307 3826 3361 3881 in
3393 3839 3560 3881 carne
3610 3823 3763 3880 intel-

474 3939 556 3978 re.
585 3922 642 3978 Si
671 3919 961 3976 didicimus
983 3917 1297 3984 historiam,
1331 3930 1628 3986 sequamur
1657 3912 2070 3983 intelligentiam

474 4012 837 4086 spiritualem.
869 4011 1023 4067 Licet
1049 4010 1167 4078 tibi,
1196 4025 1230 4065 ο
1269 4008 1548 4072 haaretice,
1575 4021 1807 4077 magnus
1835 4019 1958 4061 esse
1987 4005 2058 4059 vi-

475 4107 681 4168 dearis,
716 4112 773 4159 et
815 4112 1137 4158 contemnas
1167 4099 1434 4156 Ecclesia;
1476 4099 1806 4169 paucitatem
1847 4104 2070 4152 :tamen

475 4214 679 4271 parvus
723 4211 784 4253 es
820 4196 876 4250 in
902 4194 1176 4264 gentibus,
1200 4202 1256 4247 et
1284 4191 1738 4262 contemptibilis,
1766 4198 1821 4245 et
1848 4203 1956 4245 non
1987 4205 2075 4246 so-

2177 3921 2428 3987 leximus,
2459 3929 2650 3976 contra
2680 3918 2900 3974 Judaeos
2930 3934 3150 3990 quoque
3180 3917 3407 3989 intelligi
3434 3927 3637 3989 potest.

2246 4012 2431 4085 (Vers.
2446 4013 2481 4068 4
2501 4012 2717 4082 seq.)Si
2731 4015 2872 4082 fures
2884 4012 3266 4066 introissentad
3287 4021 3366 4066 te:
3381 4011 3427 4065 si
3441 4009 3670 4065 latrones
3683 4025 3765 4080 per

2177 4113 2398 4168 noctem,
2411 4104 2668 4175 quomodo
2679 4106 3036 4158 conticuisses?
3054 4103 3243 4158 Nonne
3266 4103 3428 4174 furati
3449 4113 3615 4160 essent
3634 4103 3767 4173 ευθε-

2179 4199 2367 4251 cientia
2383 4196 2512 4250 sibi?
2526 4197 2588 4252 Si
2607 4197 3006 4251 vindemiatores
3029 4197 3328 4251 introissent
3344 4199 3412 4250 ad
3435 4206 3504 4264 te,
3520 4196 3766 4267 numquid

475 4293 588 4348 lum
620 4285 1083 4357 contemptibilis,
1115 4285 1213 4340 sed
1253 4294 1308 4340 et
1350 4300 1475 4340 cum
1502 4285 1736 4340 ἐπιτάσει
1759 4283 1915 4338 valde
1942 4297 2078 4338 con-
2179 4305 2280 4344 non
2297 4288 2477 4361 [Vulg.
2502 4297 2644 4344 tacet
2670 4288 2797 4361 non]
2822 4289 3004 4343 saltem
3021 4305 3282 4345 racemum
3297 4288 3625 4358 reliquissent
3643 4288 3768 4342 tibi?

484 4381 820 4453 temptibilis.
857 4379 1118 4448 Superbia
1145 4378 1321 4432 cordis
1352 4377 1426 4431 tui
1458 4375 1648 4431 extulit
1680 4387 1746 4430 te.
1771 4376 1902 4444 Quis
1929 4375 2073 4431 enim

481 4476 865 4532 haereticorum
897 4488 1003 4528 non
1049 4470 1102 4526 in
1149 4470 1461 4543 superbiam
1491 4470 1793 4536 extollitur,
1815 4469 2076 4525 Ecclesia:

2183 4381 2453 4447 Quomodo
2484 4382 2697 4435 scrutati
2721 4388 2842 4435 sunt
2866 4381 3011 4436 Esau
3030 4422 3046 4446 ,
3080 4382 3518 4452 investigaverunt
3557 4383 3766 4436 abscon—

2181 4475 2292 4529 dita
2312 4475 2462 4545 ejus?
2483 4475 2646 4530 LXX.
2675 4475 2737 4531 Si
2759 4479 2902 4545 [ures
2934 4476 3234 4530 introissent
3257 4476 3327 4529 ad
3347 4483 3416 4538 te,
3445 4475 3527 4529 vel
3547 4473 3767 4529 latrones

482 4568 885 4639 simplicitatem
939 4564 1364 4634 parvipendens,
1420 4573 1478 4618 et
1542 4561 1702 4617 ﬁdem
1751 4563 2076 4632 imperitiam
2104 4553 2156 4614 D
2182 4585 2272 4640 per
2301 4578 2498 4622 noctem
2519 4610 2533 4632 ,
2581 4568 2666 4620 ubi
2699 4571 2959 4641 projects“
2990 4570 3168 4624 esses?
3195 4567 3384 4622 Nonne
3414 4569 3577 4639 furati
3605 4574 3766 4622 essent

486 4659 784 4731 reputans?
833 4656 1173 4712 Habitantem
1199 4657 1252 4709 in
1283 4656 1525 4710 scissuris
1555 4665 1732 4727 petris,
1764 4665 1812 4708 et
1841 4654 2080 4710 exaltan-

485 4766 585 4807 tem
615 4751 799 4806 solium
829 4766 999 4804 suum.
1021 4748 1182 4804 Petra
1212 4763 1540 4818 quamquam
1566 4747 1884 4818 frequenter
1910 4747 1997 4802 vel
2025 4746 2077 4802 in

487 4859 720 4918 persona
753 4842 993 4908 Domini,
1020 4842 1103 4896 vel
1133 4841 1188 4896 in
1229 4839 1508 4895 soliditate
1550 4850 1786 4909 ponatur
1815 4838 1996 4910 (unde
2027 4848 2081 4895 et

485 4937 752 5011 pr0p|teta
782 4934 938 4998 dicit,
963 4933 1162 4988 Statuit
1193 4949 1351 5004 supra
1381 4941 1576 5003 petram
1611 4932 1764 5002 pedes
1793 4946 1930 4985 meos
1957 4930 2074 5002 (Ps.

482 5047 672 5096 xxxrx,
704 5030 760 5098 5)
794 5046 808 5083 :
840 5037 895 5083 et
920 5025 986 5081 ad
1016 5026 1236 5080 Petrum
1251 5023 1566 5092 dicitur,Tu
1598 5038 1651 5078 es
1680 5021 1889 5088 Petrus,
1920 5031 1967 5077 et
1991 5041 2079 5076 sa-

481 5144 572 5198 per
589 5128 719 5179 hanc
743 5135 940 5194 petram
959 5121 1229 5192 aediﬁcabo
1252 5121 1541 5176 Ecclesiam
1562 5137 1724 5176 meam
1745 5121 1901 5191 (Mat.
1926 5137 1964 5190 ι,
1984 5121 2074 5192 8);

480 5232 663 5286 tamen
693 5228 748 5276 et
776 5220 830 5273 in
874 5218 1211 5273 contrariam
1263 5223 1473 5286 partem
1526 5215 1844 5286 frequenter
1873 5214 2076 5286 accipi-

480 5327 567 5370 tur
597 5331 610 5368 :
637 5313 906 5384 Auferam,
929 5311 1125 5381 inquit,
1144 5326 1232 5364 cor
1261 5308 1551 5381 lapideum,
1569 5309 1800 5363 "etdabo
1825 5309 1965 5363 vobis
1987 5325 2077 5363 cor

480 5423 724 5461 corneum
749 5402 970 5475 (Ezech.
997 5418 1183 5468 xxxvi,
1213 5401 1330 5472 26).
1365 5401 1470 5455 Et:
1515 5400 1709 5456 Potens
1740 5412 1815 5455 est
1844 5401 1982 5455 Deus
2013 5401 2078 5455 de

485 5500 744 5573 lapidibus
772 5500 886 5553 istis
914 5497 1164 5552 suscitare
1212 5495 1352 5565 ﬁlios
1395 5495 1620 5550 Abrahm
1653 5495 1832 5566 (Matt.
1862 5511 1941 5564 ιιι,
1976 5496 2031 5565 9)
2060 5511 2074 5551 :

487 5592 829 5660 maximeque
859 5589 972 5656 hic,
994 5588 1089 5644 ubi
1117 5602 1224 5642 non
1247 5587 1406 5652 dixit,
1429 5585 1770 5642 habitantem
1800 5602 1965 5658 super
1986 5603 2081 5660 pe-

558 5718 583 5744 ⁴¹
612 5707 830 5763 Addunt
855 5703 1085 5760 Palatini
1117 5719 1250 5760 mss.
1279 5705 1343 5759 de
1372 5720 1526 5759 carne
1553 5712 1740 5758 vestra.

558 5778 584 5817 ι’
614 5777 742 5834 Mss.
762 5791 968 5841 omnes,
998 5778 1220 5844 poterit:
1243 5775 1467 5846 quidam
1489 5777 1654 5833 etiam
1678 5775 1872 5833 celari:
1894 5777 2083 5836 Graec

2184 4661 2484 4731 suﬁieientia
2512 4659 2620 4732 [AL
2643 4659 3022 4731 sufﬁcientiam]
3048 4660 3186 4714 sibi?
3215 4657 3284 4714 Et
3309 4661 3352 4713 si
3376 4659 3768 4714 vindemiatores

2182 4753 2486 4807 introissent
2523 4753 2591 4805 ad
2629 4761 2676 4804 te
2698 4793 2713 4818 ,
2743 4767 2913 4805 nonne
2933 4751 3271 4821 reliquissent
3298 4765 3560 4805 racemum
3579 4751 3604 4803 ι
3634 4749 3770 4816 Quo-

2183 4846 2336 4900 modo
2357 4852 2709 4914 perscrutatas
2732 4852 2804 4898 est
2824 4841 2992 4910 Esau,
3021 4854 3069 4898 et
3091 4843 3409 4912 deprehensa
3427 4851 3547 4897 sunt
3567 4842 3767 4897 abscon-

2181 4937 2290 4991 dita
2314 4938 2456 5010 ejus?
2471 4937 2737 4991 Jeremias
2756 4935 3034 5004 similiter,
3055 4936 3182 4992 licet
3203 4935 3398 4993 ordine
3416 4942 3762 4991 commutato:

2186 5031 2248 5086 Si
2285 5030 2680 5086 rindemiatores
2704 5031 2960 5084 venissent
2991 5046 3149 5100 super
3180 5040 3227 5083 te
3250 5071 3266 5096 ,
3299 5046 3402 5084 non
3431 5029 3543 5103 [AL
3574 5024 3765 5100 nonne]

2184 5124 2508 5193 reliquissent
2530 5125 2829 5177 racemum?
2852 5125 2896 5178 si
2916 5124 3057 5193 fures
3081 5125 3136 5176 in
3159 5133 3325 5193 nocte,
3357 5125 3650 5194 rapuissent
3671 5121 3767 5176 uti—

2188 5232 2283 5286 que
2319 5216 2455 5286 quod
2483 5217 2734 5286 sufﬁceret
2764 5217 2880 5272 sibi.
2918 5216 3033 5288 Ego
3066 5233 3184 5272 vero
3227 5217 3556 5289 disc00perui
3592 5215 3760 5283 Esau,

2182 5310 2400 5364 revelari
2430 5309 2732 5363 abscondita
2759 5312 2896 5381 ejus,
2929 5318 2975 5363 et
3006 5309 3175 5363 celare
3205 5324 3306 5363 non
3334 5306 3360 5347 δ
3390 5315 3606 5378 possunt
3635 5307 3762 5379 (Jer.

2185 5417 2307 5455 χιιι
2335 5443 2348 5466 ,
2394 5401 2426 5456 9
2453 5443 2465 5464 ,
2494 5400 2622 5471 10).
2655 5402 2810 5468 Quod
2840 5401 3011 5468 dicit,
3048 5401 3151 5458 hoc
3176 5412 3263 5457 est
3294 5418 3307 5456 :
3340 5401 3506 5474 37o
3533 5399 3590 5457 Si
3623 5400 3762 5456 iures

2185 5507 2242 5553 et
2275 5497 2514 5552 latrones
2543 5496 2636 5568 qui
2667 5497 2734 5552 de
2766 5505 2925 5553 nocte
2952 5497 3144 5552 domos
3171 5495 3447 5554 suﬂ‘odere
3475 5507 3764 5552 consueve-

2189 5598 2334 5656 runt,
2367 5599 2422 5645 et
2449 5604 2646 5662 rapere
2675 5604 2796 5661 quae
2827 5587 2879 5645 in
2908 5589 3155 5646 domibus
3181 5598 3329 5657 sunt,
3360 5587 3680 5647 introissent
3701 5583 3762 5643 ad

2177 5714 2260 5764 est
2285 5707 2535 5783 κρυϐῆναι
2555 5706 2618 5765 οὗ
2640 5711 2714 5782 μὴ
2736 5705 2990 5766 δύνανται.
