4120 6342
400 310 536 368 “05

1363 309 2016 370 COMMENTARIORUM
2055 309 2121 370 ΙΝ
2159 311 2422 371 ABDIAM
2461 314 2683 372 LIBER.

3544 319 3680 377 “06

395 438 470 495 te,
501 437 558 486 et
578 427 880 484 absconditi
905 429 1162 495 tenebris,
1192 428 1518 486 circuissent
1542 429 1735 487 domus
1761 439 1866 486 tua:
1890 444 1986 484 an-
2011 433 2063 490 A
2091 430 2166 484 tui
2205 446 2224 484 :
2253 441 2530 502 posuerant
2575 432 2796 489 insidias
2822 437 2998 492 subter
3044 448 3092 492 te
3121 455 3139 494 :
3172 455 3274 493 non
3316 449 3392 494 est
3424 440 3680 511 sapientia

391 521 571 594 gulos,
597 522 788 593 utique
812 519 916 576 hoc
946 521 1198 579 tulissent
1225 522 1371 594 quod
1399 523 1501 579 sibi
1531 523 1796 595 putabant
1825 536 1985 594 posse

392 614 668 682 sufﬁcere,
687 624 743 671 et
759 615 964 686 aliquid
987 616 1040 670 in
1065 615 1272 672 aedibus
1291 616 1416 687 tuis,
1434 617 1516 672 vel
1542 632 1636 688 per
1653 618 1980 686 satietatem,

390 708 480 765 vel
514 723 612 780 per
651 709 1017 780 ignorantiam
1051 710 1423 782 reliquissent.
1459 709 1515 768 Si
1557 710 1987 766 vindemiatores

393 802 721 860 introissent
751 803 964 859 vineam
1000 813 1146 858 tuam
1171 846 1186 871 ,
1232 812 1288 860 et
1330 818 1449 859 eam
1473 803 1557 858 vel
1589 803 1865 860 hostiliter
1893 817 1986 858 va-

393 905 560 963 stare,
593 897 676 952 vel
704 912 734 953 a
759 904 813 953 te
837 897 1097 955 conducti
1115 898 1395 956 demetere
1421 908 1705 971 cuperent,
1731 901 1984 970 quamvis

394 990 629 1062 diligens
658 1006 848 1047 eorum
876 990 1070 1048 fuisset
1098 991 1388 1060 vindemia,
1423 1001 1602 1048 tamen
1635 1006 1882 1048 racemos
1908 991 1984 1044 vi-

395 1081 539 1138 tibus
571 1082 827 1155 foliisque
856 1086 1064 1141 celatos
1088 1130 1102 1153 ,
1149 1086 1290 1142 inter
1319 1087 1568 1156 palmites
1612 1085 1978 1156 reliquissent.

393 1173 501 1230 Sed
523 1175 705 1231 omnia
735 1175 944 1246 hostes,
974 1176 1066 1248 qui
1089 1177 1156 1232 ad
1179 1186 1252 1243 te,
1289 1177 1518 1234 Domino
1543 1178 1786 1248 iubente,
1816 1192 1983 1233 vene-

393 1275 519 1323 runt
548 1267 844 1340 (signiﬁcat
873 1278 1052 1326 autem
1077 1269 1428 1342 Babylonios,
1463 1281 1518 1327 et
1542 1272 1844 1328 exercitum
1875 1271 1984 1327 Na-

390 1359 876 1437 buchodonosor),
906 1366 1366 1438 investigaverunt
1394 1368 1576 1423 omnia
1605 1378 1818 1423 secreta
1851 1379 1940 1422 tua
1964 1408 1981 1435 ,

390 1460 447 1508 et
487 1468 776 1525 cavernas,
823 1471 886 1512 ac
938 1457 1201 1513 foramina
1233 1459 1637 1528 speluncarum,
1687 1460 1742 1515 in
1783 1460 1981 1529 quibus

392 1545 628 1617 habitas,
654 1548 1046 1606 lustraverunt.
1080 1551 1144 1606 Et
1171 1566 1389 1618 revera,
1416 1561 1476 1608 ut
1499 1552 1746 1608 dicamus
1771 1551 1979 1622 aliquid

390 1652 448 1700 et
476 1641 545 1698 de
572 1652 765 1697 natura
796 1642 930 1710 loci,
962 1644 1141 1699 omnis
1163 1644 1417 1699 australis
1441 1645 1590 1715 regio
1617 1644 1978 1701 ldumaeorum

391 1735 460 1792 de
491 1733 901 1806 Eleutheropoli
937 1751 1107 1802 usque
1138 1736 1356 1793 Petram
1379 1781 1394 1805 ,
1427 1747 1482 1793 et
1507 1737 1680 1794 Ailam
1712 1738 1865 1809 (haec
1895 1747 1979 1795 est

2089 521 2144 576 in
2176 539 2254 578 eo.
2284 522 2515 594 Quidam
2549 524 2603 582 id
2633 525 2779 596 quod
2806 540 2974 599 supra
2999 531 3376 599 exposuimus,
3411 530 3685 600 Quomodo

2090 625 2438 688 perscrutatus
2467 627 2542 673 est
2565 618 2734 688 Esau,
2761 629 2808 676 et
2829 623 3204 696 comprehensa
3229 635 3350 681 sunt
3374 625 3683 680 abscondita

2089 713 2227 781 ejus,
2259 710 2328 766 ad
2361 712 2628 766 terminos
2662 728 2834 784 usque
2856 713 3200 787 distinguunt
3235 735 3246 772 :
3279 726 3340 773 ut
3360 716 3432 773 sit
3459 732 3682 785 sensus,

2089 803 2404 860 abscondita
2437 815 2526 862 tua
2557 817 2720 878 atque
2745 821 2958 864 secreta
2988 824 3165 880 usque
3194 811 3262 867 ad
3291 813 3553 868 terminos
3590 827 3681 869 re-

2089 897 2264 951 velata
2302 907 2448 953 sunt.
2493 898 2661 954 Nobis
2695 908 2878 956 autem
2921 901 3119 958 melius
3157 903 3375 960 videtur
3402 947 3417 972 ,
3459 914 3518 960 ut
3557 919 3681 960 cum

2089 992 2486 1062 posterioribus
2515 994 2820 1065 copuletur.
2864 994 3128 1052 Veniente
3163 1011 3297 1068 ergo
3322 996 3682 1054 Nabuchodo-

2089 1098 2255 1140 nosor
2282 1084 2380 1156 (de
2410 1100 2518 1156 quo
2547 1088 2601 1140 in
2630 1085 2866 1143 Jeremia
2896 1097 3089 1142 contra
3122 1089 3414 1146 ldumream
3443 1090 3677 1146 dicitur:

2090 1175 2221 1231 Ecce
2245 1179 2398 1249 quasi
2424 1177 2502 1232 leo
2527 1177 2555 1216 δ
2587 1180 2823 1234 ascendet
2848 1180 2912 1234 de
2934 1181 3172 1252 superbia
3191 1179 3445 1236 Jordanis
3466 1183 3537 1235 ad
3553 1184 3680 1252 pul-

2087 1270 2433 1325 chritudinem
2458 1272 2745 1341 robustam,
2775 1275 2899 1345 quia
2924 1274 3092 1329 subito
3118 1290 3328 1329 currere
3349 1291 3464 1330 eum
3491 1277 3682 1346 faciam

2085 1363 2156 1415 ad
2195 1363 2341 1418 illam
2370 1362 2505 1435 (Jer.
2536 1380 2701 1433 χιιι,
2745 1365 2844 1437 l9)
2881 1385 2892 1420 :
2940 1369 3016 1422 Ac
3067 1367 3268 1422 deinde
3311 1385 3324 1421 :
3364 1365 3500 1421 Ecce
3533 1368 3685 1439 quasi

2085 1459 2262 1529 aquila
2291 1462 2528 1516 ascendet
2553 1472 2598 1516 et
2629 1461 2840 1531 volabit,
2875 1473 2923 1518 et
2951 1464 3212 1535 expandet
3234 1462 3347 1517 alas
3378 1478 3502 1517 suas
3524 1478 3681 1535 super

2086 1549 2323 1618 Bosram,
2357 1563 2404 1607 et
2435 1555 2528 1608 erit
2557 1570 2645 1608 cor
2671 1557 2885 1626 fortium
2906 1555 3163 1610 Idumam:
3187 1558 3244 1610 in
3274 1555 3359 1608 die
3386 1554 3503 1621 illa,
3537 1556 3688 1624 quasi

2088 1657 2175 1695 cor
2203 1644 2435 1697 mulieris
2464 1647 2800 1715 parturientis
2834 1645 2999 1717 (lbid.
3031 1645 3179 1718 22),)
3208 1661 3404 1702 omnes
3433 1647 3523 1718 qui
3555 1655 3683 1702 ante

2086 1743 2246 1789 erant
2267 1735 2516 1792 foederati
2548 1737 2744 1805 Edom,
2777 1748 2831 1793 et
2855 1737 2913 1794 in
2944 1738 3205 1809 praesidio
3227 1739 3379 1794 urbis
3400 1738 3681 1809 superbis-

392 1827 535 1883 enim
567 1827 842 1896 possessio
886 1827 1077 1897 Esau),
1117 1829 1170 1883 in
1213 1829 1486 1899 specubus
1524 1830 1981 1886 habitatiunculas
2013 1828 2062 1892 B
2087 1827 2238 1883 simae
2267 1828 2516 1896 fuerant,
2551 1831 2892 1901 reliquerunt
2920 1846 3078 1900 eum,
3125 1839 3179 1887 et
3212 1830 3386 1900 juncti
3435 1829 3684 1886 hostibus

390 1916 575 1975 habet.
591 1919 658 1974 Et
681 1930 903 1991 propter
921 1919 1116 1975 nimios
1138 1920 1349 1978 calores
1367 1922 1516 1989 solis,
1537 1925 1660 1994 quia
1681 1924 1980 1980 meridiana

391 2011 672 2082 provincia
699 2020 802 2077 est,
830 2011 1202 2070 subterraneis
1231 2014 1456 2084 tuguriis
1485 2015 1675 2071 utitur.
1702 2013 1980 2088 Disc00pe-

391 2107 509 2172 rui,
538 2106 734 2176 inquit,
764 2105 943 2175 Esau,
978 2108 1028 2163 id
1056 2117 1161 2176 est,
1197 2110 1342 2180 quod
1374 2120 1515 2166 terra
1548 2111 1898 2182 premebatur
1928 2112 1981 2166 in

388 2200 629 2255 medium
653 2201 875 2271 protuli,
901 2210 955 2258 et
977 2211 1162 2272 aperta
1183 2212 1311 2258 sunt
1327 2204 1509 2260 omnia
1531 2218 1654 2274 qua}
1670 2203 1980 2272 claudebas,

388 2291 864 2364 substantiamque
890 2303 1037 2348 tuam
1069 2310 1156 2351 me
1188 2295 1394 2366 pariter
1416 2311 1538 2352 cum
1577 2297 1830 2354 hostibus
1856 2313 1985 2369 per-

387 2383 639 2456 quirente
667 2427 681 2450 ,
735 2385 882 2441 nulla
925 2395 1218 2456 potuerunt
1255 2398 1469 2445 secreta
1511 2389 1714 2446 celare.
1763 2390 1979 2455 Aliter,

388 2474 560 2532 Fures
596 2486 651 2533 et
682 2476 946 2546 latrones,
976 2480 1067 2549 qui
1101 2479 1476 2552 ingrediuntur
1503 2490 1684 2549 nocte,
1729 2482 1857 2551 quia
1887 2482 1982 2538 ﬁlii

389 2588 515 2633 sunt
537 2580 714 2634 noctis
735 2588 790 2635 et
813 2579 1184 2649 tenebrarum,
1215 2580 1506 2637 haereticos
1529 2589 1682 2651 puto,
1706 2580 1980 2636 contraria

390 2670 604 2726 veritati
627 2671 882 2742 dogmata
904 2672 1284 2742 prmdicantes,
1319 2674 1410 2744 qui
1433 2673 1685 2729 furantur
1707 2673 1981 2729 sufficien-

389 2762 457 2817 tia
491 2763 616 2830 sibi,
646 2774 701 2820 et
726 2764 969 2836 quotidie
997 2765 1064 2821 de
1114 2765 1374 2821 Ecclesia:
1397 2767 1651 2837 gregibus
1680 2781 1876 2836 rapere
1903 2766 1984 2822 fe-

388 2859 610 2915 stinant.
629 2858 1106 2930 lstiingredientes
1122 2861 1335 2918 vineam
1362 2861 1575 2916 Domini
1601 2861 1774 2916 nostri
1800 2860 1976 2933 (Psal.

388 2952 600 3019 Lxxtx),
631 2967 797 3022 quam
829 2952 896 3008 de
923 2953 1161 3025 Egypto
1183 2954 1347 3023 hujus
1376 2953 1555 3009 smculi
1588 2953 1893 3019 transtulit,
1924 2964 1980 3010 et

385 3041 455 3096 de
481 3043 635 3112 cujus
665 3044 940 3114 genimine
971 3046 1153 3099 vinum
1185 3062 1245 3100 se
1267 3060 1392 3102 esse
1414 3046 1707 3102 bibiturum
1731 3047 1783 3101 in
1808 3062 1977 3117 regno

385 3132 563 3190 Patris
590 3137 913 3207 pollicetur,
949 3137 1021 3192 ita
1049 3138 1276 3208 cupiunt
1307 3137 1560 3194 universa
1592 3139 1842 3210 p0pulari
1867 3183 1880 3206 ,
1918 3150 1977 3196 ut

383 3228 471 3283 vix
495 3244 771 3285 racemum
805 3232 1113 3302 relinquant
1141 3232 1194 3287 in
1217 3247 1302 3286 ea.
1328 3231 1435 3289 Sed
1464 3235 1772 3288 econtrario
1793 3231 1977 3288 Domi-
2004 3211 2050 3275 (εἶ

385 3337 489 3378 nus
534 3325 644 3393 agit
695 3342 708 3378 :
762 3325 947 3381 omnia
978 3327 1123 3380 enim
1156 3335 1367 3382 secreta
1413 3342 1599 3382 eorum
1628 3371 1642 3395 ,
1687 3336 1742 3382 et
1768 3327 1978 3382 occulta

385 3417 647 3487 mysteria
670 3458 684 3481 ,
717 3428 772 3474 et
803 3419 1240 3488 patriarcharum
1274 3419 1415 3474 Esau
1464 3419 1608 3490 (hos
1652 3420 1853 3490 quippe
1897 3419 1979 3475 in-

384 3509 572 3578 telligo
601 3511 691 3581 qui
721 3511 878 3579 primi
910 3511 1151 3566 haereses
1177 3510 1602 3582 adinvenerunt)
1631 3526 1726 3582 per
1756 3521 1978 3568 sanctos

385 3614 513 3658 suos
554 3611 610 3657 et
653 3602 1068 3659 Ecclesiasticos
1093 3603 1242 3657 viros
1271 3611 1436 3674 atque
1477 3602 1734 3659 doctores
1775 3603 1980 3674 profert

384 3694 438 3749 in
472 3694 733 3762 medium,
765 3705 821 3751 et
847 3697 1015 3765 prima
1046 3696 1192 3751 illius
1220 3697 1453 3751 victoria
1482 3705 1564 3751 est
1588 3738 1602 3760 ,
1638 3705 1826 3767 patere
1853 3713 1977 3766 quae

384 3787 706 3858 tegebantur
731 3788 968 3843 occulta.
1008 3786 1168 3843 Unde
1205 3797 1261 3842 et
1298 3803 1420 3843 cum
1452 3787 1816 3843 admiratione
1843 3788 1977 3844 dici-

382 3887 490 3946 tur,
527 3880 801 3947 Quomodo
825 3889 1177 3950 perscrutatus
1203 3890 1279 3935 est
1311 3879 1473 3950 Esau,
1510 3879 1831 3951 deprehensa
1859 3892 1979 3935 sunt

383 3976 585 4030 occulta
629 3978 782 4047 ejus?
823 3976 960 4033 Vide
1004 3977 1334 4032 Marcionern
1381 3988 1438 4032 et
1479 3976 1827 4032 Valentinum
1855 4021 1867 4043 ,
1921 3987 1977 4033 et

383 4083 574 4124 omnes
607 4070 925 4135 haereticos,
963 4071 1123 4142 371
1155 4071 1429 4141 quomodo
1470 4071 1524 4125 in
1567 4070 1832 4125 doctrinis
1861 4070 1972 4124 dae-

385 4164 713 4230 moniorum,
749 4165 1103 4220 cauteriatam
1138 4165 1402 4219 habentes
1432 4165 1848 4229 conscientiam,
1881 4181 1973 4232 ap-

383 4257 638 4327 plandant
667 4259 808 4325 sibi,
839 4268 893 4313 et
922 4259 1201 4327 simplices
1228 4257 1436 4311 animas
1465 4257 1621 4326 quasi
1649 4255 1972 4326 quibusdam

381 4348 577 4403 divinis
610 4346 889 4417 mysteriis
917 4347 1224 4409 initiantcs,
1255 4344 1562 4413 composito
1596 4358 1851 4398 sermone
1882 4342 1974 4398 de-

380 4441 605 4510 cipiant.
637 4440 742 4495 Sed
765 4454 889 4493 cum
914 4439 1133 4508 triginta
1164 4451 1382 4502 :eonas,
1416 4445 1472 4491 et
1501 4445 1524 4472 ³
1556 4436 1887 4506 quadradas,
1921 4445 1976 4492 et

381 4531 638 4588 octoadas
670 4542 725 4585 et
754 4530 1102 4585 duodecadas
1125 4569 1139 4593 ,
1172 4538 1227 4583 et
1253 4527 1527 4596 duplicem
1553 4527 1736 4593 deum,
1770 4537 1825 4582 et
1850 4541 1975 4596 por-

2086 1930 2274 1976 contra
2320 1937 2444 1978 eum
2475 1921 2699 1980 insidias
2734 1925 3082 1981 tetenderunt
3113 1941 3126 1978 :
3160 1923 3676 1994 praevalueruntque

2085 2016 2345 2073 adversus
2375 2034 2496 2074 eum
2520 2059 2535 2086 ,
2570 2028 2625 2074 et
2654 2028 2779 2076 tunc
2805 2020 3103 2075 indicatum
3135 2027 3250 2087 est,
3285 2018 3414 2090 quia
3443 2018 3593 2075 nulla
3624 2017 3676 2072 in

2087 2109 2260 2166 Edoni
2293 2120 2440 2167 esset
2469 2111 2735 2182 sapientia
2765 2129 2779 2166 :
2812 2112 2940 2168 dum
2970 2123 3155 2184 sperat
3185 2113 3238 2167 in
3265 2110 3465 2182 bisqui
3489 2109 3684 2166 adver-

2086 2203 2215 2258 sarii
2237 2203 2591 2260 demonstrati
2617 2216 2766 2261 sunt.
2790 2205 2963 2262 Aliter
2983 2224 2998 2260 :
3018 2206 3152 2262 Cum
3173 2203 3496 2260 abscondita
3513 2203 3679 2268 Esau,

2087 2307 2142 2350 et
2170 2296 2325 2366 quasi
2344 2310 2685 2354 sacramenta
2716 2299 3004 2370 magniﬁca
3025 2339 3042 2366 ,
3084 2298 3278 2369 quibus
3311 2297 3463 2370 prius
3491 2295 3677 2367 populi

2087 2389 2306 2446 fuerant
2333 2390 2526 2447 irretiti
2549 2439 2562 2462 ,
2597 2392 2809 2464 prolata
2841 2393 3046 2450 fuerint
3090 2393 3145 2448 in
3189 2391 3436 2448 medium
3467 2435 3482 2460 ,
3515 2391 3588 2445 ita
3619 2400 3678 2445 ut

2086 2485 2170 2540 vir
2212 2485 2626 2542 Ecclesiasticus
2671 2487 2844 2558 possit
2879 2487 3061 2543 dicere
3093 2505 3104 2540 :
3139 2485 3264 2540 Non
3295 2487 3430 2540 enim
3458 2486 3678 2555 ignora-

2085 2593 2199 2631 mus
2229 2579 2339 2648 ejus
2367 2579 2589 2633 astutias
2615 2576 2698 2650 (ΙΙ
2722 2577 2842 2632 Cor.
2869 2577 2965 2648 ιι),
2996 2576 3383 2649 derelinquant
3421 2572 3684 2630 terminos

2086 2667 2282 2737 Edom,
2317 2677 2374 2726 et
2394 2669 2674 2726 dimittent
2698 2683 2822 2725 eum
2842 2713 2856 2737 ,
2889 2679 2944 2725 et
2975 2684 3149 2740 usque
3187 2669 3255 2724 ad
3284 2667 3550 2724 terminos
3578 2664 3682 2720 Ec-

2084 2761 2266 2818 clesia:
2291 2765 2762 2831 transmigrantes,
2785 2762 3064 2832 proferant
3085 2759 3367 2816 doctrinas
3387 2757 3674 2830 pessimas.

2083 2855 2237 2912 Tunc
2264 2857 2492 2912 illndent
2535 2855 2698 2930 372
2735 2865 2794 2913 et
2836 2857 3094 2912 resistent
3114 2853 3386 2926 quondam
3417 2852 3678 2923 magistro

2084 2966 2204 3019 suo,
2229 2962 2251 2989 ο
2271 2949 2516 3007 dicentes
2532 2948 2663 3005 falsa
2683 2966 2806 3008 esse
2817 2967 2936 3021 qua:
2951 2950 3283 3005 didicerant:
3305 2946 3682 3018 praevalebunt

2082 3055 2272 3102 contra
2303 3060 2451 3111 eum,
2485 3054 2538 3099 et
2564 3043 2760 3098 eruditi
2793 3045 2898 3100 ﬁde
2925 3041 3215 3106 Ecclesiae,
3251 3040 3450 3095 falsum
3483 3038 3677 3107 dogma

2081 3140 2403 3197 convincat.
2445 3139 2528 3195 llli
2566 3139 2659 3208 qui
2688 3140 2961 3210 quondam
2993 3135 3357 3193 comedebant
3388 3132 3531 3204 apud
3565 3132 3678 3186 ha:-

2084 3234 2310 3302 reticos,
2336 3247 2444 3288 non
2477 3247 2672 3303 panem
2706 3231 3087 3294 Eucharistiae,
3119 3228 3215 3284 sed
3246 3241 3441 3298 panem
3474 3227 3672 3290 luctus,

2085 3338 2140 3384 et
2160 3343 2356 3399 panem
2386 3325 2807 3382 subcinericium
2836 3325 2928 3396 qui
2960 3339 3070 3379 non
3098 3329 3442 3383 reversatur,
3476 3331 3674 3388 propo-

2083 3431 2215 3477 nent
2244 3419 2576 3490 quteStiones
2601 3416 2670 3474 de
2690 3416 3008 3488 Scripturis,
3043 3413 3267 3471 tendent
3296 3410 3522 3467 insidias
3556 3408 3680 3464 ldu-

2083 3529 2225 3570 maeo
2277 3522 2439 3584 atque
2479 3521 2734 3580 terreno,
2773 3525 2827 3568 et
2865 3512 2918 3567 in
2950 3509 3202 3566 omnibus
3228 3520 3429 3563 carneo
3461 3518 3673 3576 praece-

2083 3609 2225 3678 ptori
2255 3609 2515 3679 (haereses
2544 3607 2687 3662 enim
2730 3605 2795 3659 ad
2837 3603 3056 3660 Galatas
3107 3602 3252 3657 inter
3295 3598 3476 3655 carnis
3509 3610 3674 3667 opera

2084 3710 2398 3758 numeratas
2447 3700 2677 3770 legimus
2711 3697 2924 3768 (Galat.
2959 3697 3061 3767 v),
3093 3703 3150 3752 et
3197 3703 3326 3750 tunc
3355 3689 3676 3748 ostendetur

2081 3809 2188 3850 non
2212 3808 2336 3850 esse
2361 3791 2646 3864 prudentia
2680 3790 2732 3844 in
2763 3788 2960 3844 Edom.

2153 3885 2347 3958 (Vers.
2381 3887 2434 3954 8,
2469 3884 2559 3953 9.)
2595 3882 2870 3953 Numquid
2897 3897 3000 3935 non
3038 3881 3092 3934 in
3133 3880 3218 3935 die
3245 3877 3366 3945 illa,
3401 3877 3528 3930 dicit
3568 3871 3680 3927 Do-

2083 3983 2256 4036 minus
2279 4025 2292 4049 ,
2327 3979 2542 4048 perdam
2568 3977 2823 4048 sapientes
2851 3989 2914 4029 ea:
2943 3971 3180 4027 Idumam
3204 4016 3219 4041 ,
3267 3981 3315 4025 et
3343 3967 3673 4040 prudentiam

2081 4077 2146 4129 de
2170 4083 2341 4128 monte
2365 4070 2551 4126 Esau?
2588 4068 2656 4123 Et
2688 4068 2935 4122 timebunt
2964 4066 3124 4135 fortes
3152 4065 3228 4118 tui
3255 4079 3287 4116 a
3320 4059 3542 4115 Meridie
3573 4075 3590 4111 :
3617 4067 3676 4112 ut

2078 4167 2296 4222 intereat
2317 4167 2394 4218 vir
2415 4163 2478 4217 de
2499 4171 2668 4216 monte
2692 4160 2857 4214 Esau.
2883 4157 3058 4214 LXX:
3076 4155 3142 4210 In
3173 4156 3256 4210 die
3275 4155 3394 4220 illa,
3428 4151 3555 4208 dicit
3569 4150 3678 4206 Do.

2082 4259 2275 4323 minus,
2301 4257 2515 4326 perdam
2539 4254 2801 4323 sapientes
2826 4268 2890 4306 ea:
2908 4247 3171 4316 Idumtea,
3203 4257 3251 4302 et
3279 4244 3677 4318 intelligentiam

2083 4350 2146 4406 de
2167 4359 2338 4405 monte
2357 4348 2516 4403 Esau.
2541 4345 2609 4400 Et
2632 4346 2885 4418 parebunt
2907 4351 3224 4414 pugnatores
3243 4341 3319 4394 tui
3341 4340 3404 4394 de
3417 4337 3674 4404 Theman,

2082 4454 2137 4496 ut
2166 4443 2438 4513 auferatur
2467 4440 2622 4492 homo
2649 4438 2713 4491 de
2739 4444 2912 4490 monte
2939 4433 3107 4489 Esau.
3159 4432 3292 4488 Cum
3339 4429 3516 4486 hostis
3546 4428 3683 4484 ﬁnes

2084 4543 2203 4588 tuos
2243 4530 2567 4602 possederit,
2598 4539 2653 4583 et
2684 4541 2873 4582 omnes
2901 4526 3002 4580 viri
3047 4523 3268 4581 faederis
3298 4523 3374 4578 tui
3405 4521 3680 4576 illuserint

382 4631 656 4681 tentosum
678 4624 921 4678 Abraxas
943 4623 996 4676 in
1023 4620 1257 4677 medium
1281 4634 1464 4675 sermo
1485 4620 1776 4686 protulerit
1805 4642 1816 4675 :
1847 4629 1975 4675 tunc
2003 4602 2057 4662 D
2083 4623 2200 4687 tibi,
2231 4631 2286 4677 et
2315 4619 2704 4690 praevaluerint
2733 4625 2921 4672 contra
2949 4625 3002 4674 te
3031 4633 3044 4670 :
3079 4626 3206 4670 tunc
3237 4612 3432 4684 peribit
3460 4611 3676 4684 sapien-

382 4715 672 4788 prudentia
697 4715 842 4771 Esau
873 4714 1100 4769 stultitia
1136 4710 1599 4769 demonstrabitur
1619 4753 1635 4780 ,
1668 4721 1723 4768 et
1752 4710 1975 4767 investi-

381 4810 657 4880 gabuntur
686 4816 898 4863 secreta
930 4807 1068 4876 ejus.

450 4901 472 4968 (
497 4899 646 4956 Vers.
678 4901 731 4954 7.
757 4902 775 4970 )
817 4897 990 4970 Usque
1020 4899 1086 4952 ad
1119 4899 1362 4954 terminos
1393 4898 1675 4952 emiserunt
1717 4906 1763 4951 te
1802 4911 1977 4951 omnes

379 4995 476 5048 uiri
507 4993 713 5064 {traderis
744 4995 850 5058 tui,
881 4993 1157 5047 illuserunt
1190 4991 1317 5057 tibi,
1343 4991 1668 5045 invaluerunt
1700 4989 1976 5044 adversum

384 5096 430 5141 te
457 5086 554 5140 viri
583 5087 724 5158 pacis
748 5095 874 5150 tuae,
902 5086 989 5155 qui
1019 5084 1294 5139 comedunt
1319 5093 1505 5151 tecum,
1539 5093 1727 5154 portent
1755 5083 1973 5139 insidias

383 5177 553 5232 subter
581 5185 626 5231 te
660 5194 678 5231 :
708 5193 812 5231 non
840 5185 914 5230 est
945 5176 1222 5246 prudentia
1263 5177 1314 5228 in
1351 5191 1429 5230 eo.
1479 5173 1623 5230 LXX
1657 5193 1670 5230 :
1703 5173 1876 5246 Usque
1906 5177 1975 5230 ad

385 5270 627 5323 terminos
671 5271 977 5324 dimiserunt
1023 5277 1071 5322 te
1094 5284 1112 5320 :
1145 5284 1318 5321 omnes
1345 5267 1440 5320 viri
1467 5267 1772 5323 testamenti,l
1789 5269 1863 5322 tui
1889 5285 1974 5324 re-

381 5364 614 5418 stiterunt
645 5363 771 5431 tibi,
815 5362 1195 5435 prtevaluerunt
1236 5362 1508 5416 adversum
1546 5369 1593 5416 te
1631 5361 1728 5415 viri
1772 5362 1978 5432 paciﬁci

461 5552 487 5579 ⁸
529 5543 751 5615 Aliquot
775 5559 934 5609 mss.,
973 5544 1370 5615 quadragenas;
1406 5540 1530 5608 alii,
1562 5542 1863 5615 quadrigas.
1895 5543 1973 5599 De

388 5613 882 5670 Abraxas‘nomine
925 5613 1365 5684 di’ximus‘paulo
1409 5613 1661 5682 superius
1703 5613 1766 5667 in’
1801 5617 1972 5670 Amos

386 5700 507 5796 cap.
541 5703 616 5741 Ill.
655 5686 759 5741 Pro
790 5687 845 5740 in
873 5687 1126 5749 medium,
1157 5685 1404 5741 Martian.
1438 5685 1493 5738 in
1524 5684 1691 5739 medio
1724 5686 1969 5744 retinuit.

527 5758 614 5796 Qin
638 5773 749 5796 mea
794 5765 845 5796 nl
870 5757 1088 5796 arma“
1134 5758 1447 5796 ,ιυηξνςηη-η.
1497 5756 1726 5796 Mal-[inn
1805 5757 1948 5796 mnlu

637 5773 770 5816 mss.
794 5765 850 5814 et
870 5757 1112 5828 Graecus,
1134 5758 1470 5821 ἀναϐήσεται.
1497 5756 1778 5826 Martian.,
1805 5757 1971 5825 male,

527 5847 538 5884 Ι
581 5847 593 5883 l
625 5870 636 5884 .

388 5838 636 5886 ascendit.

2083 4714 2155 4768 tia
2185 4713 2252 4768 de
2283 4711 2516 4767 ldumaea
2551 4719 2607 4764 et
2632 4707 2903 4764 calliditas
2931 4706 3050 4776 ejus
3085 4704 3313 4762 stultitia
3337 4705 3679 4762 demonstra-

2081 4805 2247 4862 bitur.
2291 4801 2641 4858 Prudentiam
2673 4815 2887 4870 quoque
2923 4799 3039 4870 ipse
3077 4799 3341 4854 Dominus
3370 4797 3577 4854 auferet
3606 4796 3676 4852 de

2083 4906 2268 4952 monte
2296 4894 2460 4958 Esau,
2493 4891 2546 4947 id
2569 4899 2672 4958 est,
2703 4890 2774 4947 de
2800 4890 3081 4947 montibus
3104 4891 3224 4946 Seir
3244 4933 3258 4956 ,
3291 4889 3375 4946 vel
3399 4891 3522 4960 quia
3549 4888 3679 4944 urbs

2081 4991 2318 5047 ldumaea
2345 4990 2398 5043 in
2434 4996 2621 5043 monte
2650 4986 2753 5041 sita
2778 4994 2862 5041 est
2885 5030 2900 5053 ,
2943 4985 3029 5040 vel
3059 4986 3185 5056 quia
3215 4984 3392 5040 omnis
3421 4983 3511 5038 illa
3532 4983 3681 5053 regio

2083 5096 2205 5152 qua:
2233 5081 2301 5137 ad
2322 5079 2580 5135 Austrum
2614 5091 2847 5148 vergens
2875 5076 3106 5132 conﬁnis
3146 5085 3232 5133 est
3267 5089 3455 5132 eremo
3482 5117 3497 5142 ,
3541 5087 3683 5145 pra:-

2085 5176 2258 5244 ruplis
2289 5173 2344 5228 in
2372 5171 2646 5228 montibus
2671 5169 2814 5227 edita
2845 5171 2936 5225 sit.
2969 5167 3124 5225 Unde
3157 5179 3213 5225 et
3243 5168 3442 5225 dicitur
3473 5165 3681 5224 :Paue-

2086 5271 2210 5323 bunt
2240 5273 2553 5337 pugnatores
2585 5263 2658 5316 tui
2679 5261 2743 5316 de
2763 5260 3020 5329 Theman,
3053 5259 3197 5331 quod
3217 5275 3318 5316 nos
3338 5257 3682 5329 interpretati

2086 5373 2306 5427 sumus,
2336 5355 2625 5413 meridiem.
2663 5353 2950 5422 Quomodo
2975 5363 3158 5411 autem
3192 5367 3356 5426 supra
3388 5351 3638 5410 dixeram
3665 5391 3681 5419 ,

2156 5553 2177 5581 ο
2219 5541 2491 5597 Rescribit
2516 5541 2730 5597 Victor.
2761 5541 3036 5606 docentes,
3065 5539 3404 5612 alteramque
3432 5551 3480 5598 et
3507 5555 3678 5612 copu-

2082 5615 2188 5670 lam
2219 5615 2386 5670 verbo
2415 5614 2768 5685 praevalebunt
2797 5612 3084 5685 praeponit.
3117 5611 3259 5668 Nulli
3285 5611 3462 5685 tamen
3505 5627 3540 5670 e
3579 5611 3679 5670 no-

2081 5686 2236 5751 stris,
2267 5683 2439 5756 neque
2459 5701 2525 5740 ex
2550 5685 2637 5748 iis.
2662 5683 2878 5755 opinor,
2907 5698 3046 5756 quos
3067 5684 3186 5756 ipse
3207 5684 3506 5756 consuluit,
3536 5700 3674 5745 mss.

2081 5757 2300 5819 codices
2330 5755 2710 5828 suffragantur.
