4084 6340
481 288 618 342 1Ξο7

1725 287 1785 345 S.
1822 286 2099 349 {$082M
2136 284 2519 347 ιιιεηοιεωί

3629 278 3763 334 11οῒ

480 410 623 465 Esau
647 408 817 467 tribus
834 407 1147 471 nominibus
1169 404 1499 477 appellatum
1524 421 1539 461 :
1570 405 1641 459 ita
1663 412 1718 461 et
1736 404 1894 475 plaga
1910 403 2072 475 regni
2098 408 2151 469 Α
2177 402 2481 461 exercitum
2503 396 2670 457 Jacob
2718 408 2771 453 et
2815 394 3268 465 ingrediebantur
3311 408 3405 463 per
3434 401 3626 463 portas
3649 392 3763 460 ejus

479 503 618 569 ejus,
650 516 769 571 quae
791 500 860 563 ad
881 500 1144 563 Austrum
1169 498 1359 569 vergit.
1394 498 1567 559 tribus
1582 496 1865 555 vocabulis
1882 496 2075 567 appet:-

480 597 641 662 latur,
665 593 885 660 Darom,
911 593 1163 663 Tecmon,
1193 590 1375 665 Ναθῶ
1404 591 1540 662 (:1:
1576 599 1691 676 pan
1708 598 1849 651 Di'ﬁ
1873 589 1918 660 ),
1950 604 2075 659 qua

476 689 655 747 omnia
682 688 837 758 juxta
868 686 1151 755 Ezechiel,
1181 686 1449 754 Austrum,
1483 684 1738 757 Africum,
1775 683 2075 743 Meridiani-

478 795 583 847 que
608 778 940 849 significant.
956 778 1249 847 Postquam
1273 794 1403 835 vero
1422 778 1708 839 timuerint
1728 777 1901 833 fortes
1918 775 2074 846 regni

476 872 613 942 ejus,
647 873 737 942 qui
772 871 1091 935 habitabant
1119 868 1233 941 [AL
1267 868 1547 940 habitant]
1578 869 1631 925 in
1662 868 1912 935 Meridie,
1944 876 2074 927 tunc

476 964 720 1027 interibit
741 966 824 1029 vir
851 965 920 1021 de
948 975 1136 1027 monte
1157 965 1323 1029 Esau,
1355 963 1526 1035 quiet
1555 978 1797 1033 pugnare
1819 978 1919 1033 pro
1942 961 2075 1017 civi—

476 1067 610 1124 tate,
626 1067 687 1113 et
709 1058 1007 1127 prudenter
1034 1056 1166 1113 dare
1186 1056 1473 1117 consilium
1496 1055 1687 1117 solitus
1708 1066 1845 1115 erat.
1863 1052 2070 1111 Aliter:

477 1151 776 1222 Postquam
802 1153 854 1207 hi
878 1150 971 1223 qui
996 1150 1146 1221 prius
1167 1149 1384 1218 decepti
1400 1156 1580 1216 erant,
1596 1148 1845 1202 conversi
1875 1147 2077 1209 fuerint

476 1245 543 1300 ad
569 1245 905 1301 Ecclesiam:
932 1255 1059 1303 tunc
1080 1244 1201 1313 ipso
1221 1242 1454 1303 Domino
1470 1241 1793 1309 dimicante,
1821 1240 2077 1309 peribunt

478 1339 756 1408 sapientes
778 1337 1051 1404 Idumaeas,
1069 1336 1162 1407 qui
1182 1336 1424 1393 carnalia
1445 1344 1501 1391 et
1520 1345 1743 1399 terrena
1762 1332 2071 1404 sapiebant,

477 1440 532 1486 et
562 1431 840 1487 auferetur
866 1430 1154 1500 prudentia
1185 1430 1252 1484 de
1278 1438 1467 1489 monte
1487 1428 1656 1495 Esau,
1686 1444 1807 1499 qua:
1828 1426 2076 1485 elevaba-

478 1534 565 1578 tur
609 1522 769 1595 373
809 1530 1000 1583 contra
1040 1520 1329 1581 scientiam
1380 1520 1495 1581 Dei.
1546 1519 1617 1581 Et
1656 1520 1747 1589 qui
1787 1519 1937 1588 prius
1972 1532 2075 1587 pro

478 1618 645 1684 Esau,
676 1627 732 1673 et
753 1616 988 1673 ldumaea
1021 1615 1303 1677 dialectica
1331 1622 1449 1675 arte
1477 1612 1811 1684 pugnabant,
1836 1622 1891 1669 et
1918 1620 2075 1671 erant

477 1710 531 1764 in
564 1708 834 1778 pratsidiis
865 1707 1116 1774 Thomam,
1146 1705 1291 1776 quod
1320 1705 1714 1774 interpretatur
1744 1719 2072 1765 consumma-

2179 496 2345 569 374
2372 495 2425 551 in
2454 492 2741 565 pacificam
2767 490 3043 561 quondam
3092 489 3414 554 Jerusalem,
3444 487 3766 545 mittebant-

2178 607 2287 662 que
2330 597 2537 653 sortes,
2570 595 2627 645 ut
2673 588 2792 655 ejus
2816 584 2926 641 sibi
2958 585 3131 655 spolia
3172 583 3506 650 dividerent,
3532 590 3589 641 tu
3634 595 3770 639 unus

2177 700 2301 743 eras
2329 700 2397 741 ex
2440 682 2716 739 hostibus.
2775 680 3052 751 Legimus,
3106 679 3363 748 vidimus,
3427 677 3771 747 quotidieque

2177 777 2621 848 comprobemus,
2653 772 2872 843 quando
2906 771 3223 842 persecutio
3250 780 3443 829 contra
3470 769 3770 829 Et-clesiala

2179 871 2373 934 oritur,
2410 868 2580 923 multo
2600 865 2820 938 pejores
2852 874 3242 936 persecutores
3270 864 3494 925 Judteos
3514 873 3572 920 et
3601 864 3772 921 haere-

2181 962 2316 1018 ticos
2340 962 2392 1019 in
2418 959 2761 1017 Christianos
2792 958 2937 1025 fieri,
2969 972 3132 1029 quam
3164 955 3441 1019 ethnicos.
3480 956 3774 1015 Possumus

2180 1066 2470 1115 extraneos
2514 1050 2877 1124 ingredientes
2908 1061 3095 1122 portas
3129 1049 3439 1111 Jerusalem
3479 1050 3770 1124 λογισμοὺς,

2181 1148 2367 1215 idest,
2428 1147 2765 1218 cogitationes
2837 1144 3106 1214 pessimos
3174 1143 3366 1205 dicere
3397 1184 3415 1211 .
3476 1155 3774 1215 portasque

2180 1240 2505 1308 Jerusalem,
2555 1239 2610 1295 id
2657 1248 2763 1310 est,
2798 1237 3002 1295 anima:
3048 1237 3387 1306 quiescentis
3432 1246 3493 1295 et
3534 1237 3776 1295 videntis

2180 1335 2374 1403 Deum,
2395 1334 2632 1404 quinque
2658 1345 2853 1387 sensus
2874 1329 3231 1401 interpretari
3257 1370 3273 1397 .
3323 1344 3425 1401 per
3446 1343 3586 1399 quos
3610 1327 3776 1385 intro-

2182 1435 2308 1485 eant
2332 1426 2542 1491 hostes,
2573 1433 2632 1481 et
2660 1423 2832 1496 spolia
2858 1422 3105 1485 dividant
3130 1421 3456 1479 Jerusalem.
3489 1421 3549 1481 Si
3572 1420 3775 1477 videri-

2182 1536 2303 1581 mus
2317 1520 2603 1576 mulierem
2631 1517 2699 1573 ad
2725 1514 3222 1587 concupiscendum
3248 1514 3357 1587 [AL
3380 1516 3777 1583 concupiscen-

2181 1613 2304 1673 dam
2334 1610 2481 1684 eam]
2507 1610 2722 1683 (Matth.
2749 1608 2827 1681 v).
2856 1623 3006 1669 mors
3030 1611 3274 1679 ingressa
3303 1619 3384 1665 est
3405 1607 3778 1679 perfenestras

2182 1718 2400 1765 nostras
2429 1704 2565 1777 (fer.
2594 1706 2711 1776 rx):
2755 1704 2803 1763 si
2829 1704 3237 1774 susceperimus
3283 1718 3381 1774 per
3410 1718 3576 1761 aures
3612 1718 3771 1759 men-

478 1802 586 1867 tio,
618 1800 875 1863 desinent
905 1814 1148 1870 pugnare
1186 1814 1280 1869 pro
1311 1798 1586 1868 magistris
1618 1795 1911 1867 prioribus.
1945 1796 2073 1853 Sive
2104 1802 2151 1868 υ
2179 1798 2398 1857 dacium
2424 1812 2486 1857 ac
2505 1796 2767 1867 judicium
2792 1794 3094 1865 sanguinis,
3126 1809 3225 1866 per
3254 1795 3414 1851 aliam
3439 1804 3651 1865 portam
3676 1794 3774 1850 ho-

477 1895 713 1963 quiante
739 1892 923 1957 lumen
954 1892 1056 1955 sibi
1088 1892 1329 1953 scientias
1364 1889 1752 1959 promittebant
1776 1930 1790 1956 ,
1837 1896 2074 1959 etputa-

480 1984 611 2039 bant
637 1999 697 2041 se
722 2000 852 2049 esse
879 1986 931 2040 in
963 1984 1192 2045 meridie
1215 2026 1229 2052 ,
1264 1982 1536 2045 tirnebunt
1564 1992 1623 2038 et
1659 1982 2034 2045 formidabant
2060 2024 2075 2050 ,

478 2076 849 2134 ecclesiastico
884 2078 1002 2142 viro
1042 2078 1328 2135 obtinente
1354 2076 1694 2146 sophismata
1723 2090 1910 2131 eorum
1947 2093 1961 2131 :
1994 2074 2078 2133 in—

479 2178 687 2225 tantum
722 2180 783 2227 ut
804 2170 991 2233 nullus
1026 2170 1380 2241 resideatqui
1418 2168 1623 2241 possit,
1659 2169 1745 2224 vel
1772 2169 1916 2241 regis
1945 2184 2078 2227 ron-

479 2263 625 2328 silio,
661 2264 750 2320 vel
781 2273 805 2305 ι
832 2264 1226 2335 pugnatoribus
1258 2264 1412 2331 viris,
1442 2278 1539 2335 pro
1568 2263 1952 2327 haereticorum
1980 2277 2078 2327 su-

480 2358 662 2425 perbia
692 2368 744 2413 et
774 2358 910 2417 falso
933 2359 1189 2428 dogmate
1212 2357 1499 2421 dimicare.

551 2449 735 2519 (Vers.
766 2448 851 2515 l0,
878 2447 991 2519 Η.)
1026 2447 1249 2519 Propter
1276 2447 1683 2519 interfectionem
1699 2457 1745 2505 et
1770 2445 1957 2518 [Vulg.
1978 2447 2078 2504 ad-

480 2540 561 2595 dit
587 2538 816 2611 propter]
842 2540 1162 2612 iniquitatem
1190 2540 1242 2595 in
1272 2544 1482 2612 fratrem
1505 2549 1649 2599 tuum
1670 2538 1853 2608 Iacob,
1882 2540 2077 2609 aperiet

483 2644 529 2688 te
561 2636 819 2705 confusio,
858 2644 903 2689 et
932 2635 1126 2705 peribis
1158 2635 1212 2689 in
1242 2642 1509 2695 teterrima.
1563 2634 1630 2688 In
1657 2634 1739 2693 die
1781 2650 1897 2693 cum
1919 2642 2081 2689 stares

482 2729 727 2787 adversus
744 2744 884 2794 eunt,
919 2729 1130 2799 quando
1158 2728 1427 2800 capiebant
1455 2726 1613 2791 alieni
1638 2728 1917 2789 exercitum
1942 2727 2077 2798 ejus.

484 2830 530 2874 et
558 2820 791 2875 extranei
827 2820 1248 2891 ingrediebantur
1288 2830 1466 2891 portas
1488 2824 1629 2903 ejus.
1668 2832 1714 2877 et
1742 2838 1897 2892 super
1920 2818 2080 2875 Jeru-

485 2913 647 2967 salem
676 2912 938 2971 mittebant
971 2921 1189 2971 sortem:
1216 2922 1275 2969 tu
1296 2928 1500 2985 altoque
1523 2929 1641 2975 eras
1678 2913 1825 2983 quasi
1860 2929 1996 2969 unus
2016 2928 2083 2971 ea:

486 3007 579 3059 eis.
614 3004 789 3065 LXX:
836 3003 1064 3074 Propter
1111 3006 1516 3077 interfectionem
1553 3016 1602 3061 et
1644 3006 1961 3076 impietatem
1987 3006 2083 3063 ad.

488 3113 687 3150 versum
740 3101 951 3169 fratrem
999 3106 1144 3157 tuum
1181 3098 1366 3167 Jacob,
1421 3100 1613 3169 aperiet
1645 3108 1693 3153 te
1741 3100 2001 3171 confusio,
2034 3108 2083 3154 et

2183 1894 2285 1950 stis
2317 1894 2593 1963 ingressus
2614 1901 2719 1947 est.
2762 1889 3038 1949 Oderatus
3067 1905 3288 1961 quoque
3314 1935 3327 1957 ,
3376 1898 3569 1963 gustus
3597 1899 3653 1946 et
3701 1899 3779 1945 ta-

2180 1996 2329 2053 ctus,
2378 1986 2423 2045 si
2464 1984 2549 2043 vel
2578 1985 2748 2043 variis
2785 1983 3071 2049 odoribus,
3105 1984 3193 2040 vel
3226 1983 3480 2041 dulcibus
3502 1983 3664 2048 cibis,
3697 1982 3778 2039 vel

2180 2077 2525 2149 amplexibus
2552 2076 2804 2133 delicatis
2844 2085 3040 2147 captus
3067 2076 3255 2143 fuerit,
3300 2092 3398 2147 per
3433 2076 3573 2135 alias
3594 2087 3779 2145 portas

2182 2173 2415 2244 ingressi
2445 2183 2573 2233 sunt
2598 2170 2924 2239 adversarii,
2980 2177 3039 2225 et
3086 2170 3260 2240 spolia
3291 2169 3539 2226 dividunt
3562 2171 3780 2227 miserae

2182 2268 2509 2329 Jerusalem.
2585 2268 2664 2325 Eo
2709 2266 2877 2337 igitur
2929 2274 3177 2335 tempore
3223 2281 3330 2335 quo
3385 2266 3782 2337 persecutionis

2184 2362 2413 2430 impetu,
2438 2371 2491 2415 et
2526 2359 2826 2416 mortiferis
2857 2357 3233 2428 voluptatibus
3259 2358 3329 2414 de
3358 2358 3603 2415 Ecclesia
3632 2360 3782 2427 quis-

2183 2455 2328 2525 piam
2370 2453 2640 2509 eorruerit
2662 2498 2675 2521 ,
2712 2452 2963 2509 videmus
2985 2450 3093 2524 [AL
3127 2450 3338 2522 videas]
3365 2451 3648 2507 exsultare
3670 2450 3779 2505 hae-

2186 2547 2404 2610 reticos,
2460 2544 2699 2617 gaudere
2724 2543 2994 2613 Judaeum,
3026 2553 3085 2600 et
3114 2559 3283 2601 unum
3329 2559 3453 2601 esse
3500 2545 3572 2603 de
3604 2558 3782 2614 pense-

2185 2637 2489 2703 cutoribus,
2523 2645 2581 2699 et
2608 2636 2659 2695 in
2678 2636 3026 2693 ethnicorum
3056 2649 3154 2695 eos
3182 2650 3417 2693 numero
3442 2635 3772 2707 computari.

2257 2727 2438 2799 (Vers.
2471 2728 2588 2797 t2.)
2624 2724 2693 2781 Et
2746 2743 2849 2782 non
2874 2737 2895 2766 ο
2927 2726 3254 2797 despiciesin
3272 2729 3361 2785 die
3390 2730 3574 2800 fratris
3596 2729 3697 2795 tui,
3727 2729 3778 2783 in

2187 2818 2271 2873 die
2297 2817 2726 2890 peregrinationis
2750 2819 2883 2888 ejus.
2924 2816 2994 2875 Et
3038 2834 3140 2873 non
3168 2818 3428 2877 lataberis
3455 2834 3612 2890 super
3641 2818 3778 2889 ﬁlios

2184 2909 2329 2966 Juda
2357 2912 2411 2967 in
2442 2912 2526 2965 die
2554 2911 2862 2982 perditionis
2888 2927 3099 2979 eorum,
3132 2920 3180 2965 et
3203 2928 3306 2967 non
3341 2911 3703 2982 magniﬁcabis
3728 2928 3782 2971 os

2188 3014 2333 3061 tuum
2354 3004 2511 3058 indie
2526 3004 2814 3077 angustia:
2844 3019 3007 3075 neque
3028 3004 3341 3074 ingredieris
3371 3015 3578 3074 portam
3607 3006 3785 3078 populi

2191 3097 2288 3152 mei
2318 3096 2369 3150 in
2395 3096 2480 3151 die
2500 3097 2666 3151 ruinw
2691 3112 2888 3150 eorum.
2924 3093 3096 3152 LXX:
3142 3096 3208 3151 Et
3240 3112 3342 3152 non
3368 3096 3624 3169 despicies
3650 3097 3783 3155 diem

486 3189 737 3258 aufereris
774 3189 826 3243 in
854 3199 1122 3247 teternum.
1167 3187 1251 3247 Ea:
1292 3190 1379 3249 die
1397 3207 1505 3263 qua
1532 3191 1765 3244 restitisti
1787 3200 1990 3259 contra,
2026 3191 2084 3246 in
2111 3192 2157 3257 C
2189 3192 2370 3261 fratris
2387 3190 2460 3247 tui
2485 3190 2537 3244 in
2559 3190 2642 3243 die
2669 3190 2977 3245 alienorum.
3011 3188 3077 3242 Et
3090 3204 3190 3245 non
3210 3187 3467 3249 fateberis
3485 3207 3639 3261 super
3651 3191 3785 3259 ﬁlios

487 3282 570 3334 die
595 3280 621 3319 δ
645 3292 697 3336 ut
716 3292 953 3353 caperent
967 3282 1276 3357 alienigena:
1296 3285 1661 3355 fortitudinem
1685 3287 1818 3357 ejus,
1854 3296 1900 3340 et
1922 3285 2081 3345 alieni

486 3372 706 3442 ingressi
733 3381 854 3429 sunt
881 3383 1056 3443 portas
1082 3375 1227 3446 ejus:
1258 3383 1306 3433 et
1328 3390 1483 3444 super
1506 3371 1804 3433 Jerusalem
1832 3375 2083 3433 miserunt

486 3477 709 3537 sortem;
736 3477 782 3525 et
805 3483 893 3527 vos
915 3468 1073 3527 eratis
1092 3468 1244 3541 quasi
1277 3483 1409 3527 unus
1447 3484 1509 3525 ea
1532 3469 1624 3527 eis.
1662 3466 1870 3531 Idcirco
1898 3466 2085 3529 interi-

483 3559 566 3619 bit
592 3562 675 3619 vir
707 3560 774 3615 de
797 3570 983 3623 monte
1013 3562 1181 3628 Eiau,
1230 3571 1286 3623 et
1328 3560 1527 3631 peribit
1551 3561 1817 3631 sapientia
1863 3559 1931 3616 de
1960 3558 2084 3621 ldu-

491 3666 652 3720 tnaea,
676 3660 733 3709 et
755 3652 1045 3724 prudentia
1083 3652 1152 3709 de
1184 3661 1371 3713 monte
1400 3652 1566 3721 Esau,
1598 3653 1721 3722 quia
1756 3650 2084 3713 interfecisti

484 3758 830 3814 germanum,
873 3752 929 3799 et
979 3745 1165 3814 inique
1220 3742 1381 3815 egisti
1425 3752 1618 3799 contra
1662 3743 1885 3803 fratrem
1932 3751 2083 3804 tuum

486 3835 697 3892 Jacob:
746 3834 970 3907 quando
1014 3835 1322 3903 Cltaldmis,
1355 3835 1776 3909 Babyloniisque
1814 3837 2084 3893 vastanti-

487 3928 592 3981 bus
620 3926 952 3993 Jerusalem,
984 3935 1038 3987 et
1084 3927 1472 3987 obsidentibus
1498 3928 1798 3997 civitatem,
1824 3936 1876 3984 et
1905 3928 2088 3999 ingre-

488 4018 766 4075 dientibus
814 4028 1003 4091 portas
1046 4019 1189 4093 ejus,
1252 4019 1707 4089 mittentibusque
1748 4028 1981 4091 sortem,
2030 4021 2087 4079 in

489 4110 765 4167 divisione
788 4110 1118 4187 praedarum,
1151 4122 1203 4169 tu
1227 4125 1422 4169 eorum
1453 4113 1637 4167 socius
1664 4125 1805 4178 eras,
1833 4118 1891 4168 et
1918 4113 1969 4169 in
1998 4110 2090 4168 ho-

492 4204 658 4261 stium
688 4216 925 4263 numero
946 4202 1277 4265 versabaris.
1305 4203 1517 4263 Aliter:
1548 4201 1751 4261 Cuncta
1775 4219 1896 4277 quae
1923 4217 2088 4277 supra

493 4296 699 4367 scripta
728 4305 856 4355 sunt
886 4294 1135 4369 patieris,
1168 4294 1392 4355 oEdom
1409 4303 1661 4364 cruente,
1692 4305 1934 4364 terreno,
1967 4310 2091 4359 cru-

496 4388 665 4449 (telis:
696 4389 823 4461 quia
851 4388 983 4447 falsa
1010 4388 1407 4463 mortiferaque
1426 4388 1700 4459 doctrina,
1724 4398 1780 4447 et
1798 4389 2089 4449 adversum

493 4481 786 4539 Dominum
836 4480 1170 4555 impietatem
1234 4482 1522 4553 loquente,
1567 4481 1813 4539 occidisti
1859 4480 2089 4539 fratrem

2189 3280 2329 3339 Juda
2356 3282 2409 3337 in
2439 3282 2525 3337 die
2550 3281 2856 3352 perditionis
2902 3296 3113 3337 eorum:
3156 3292 3329 3337 etnon
3353 3299 3543 3353 magna
3567 3284 3785 3350 loqueris

2188 3374 2244 3429 in
2267 3373 2349 3431 die
2377 3374 2670 3444 angustiis:
2716 3389 2879 3443 neque
2907 3374 3214 3445 ingrediaris
3264 3384 3442 3444 portas
3472 3376 3786 3447 papulorum

2188 3466 2243 3520 in
2264 3464 2348 3521 die
2388 3464 2621 3520 laborum
2648 3481 2848 3521 eorum.
2884 3464 3032 3521 Idem
3059 3480 3257 3523 sensus
3302 3466 3395 3536 qui
3426 3482 3623 3536 supra:
3648 3467 3783 3523 Cum

2190 3557 2461 3617 interierit
2483 3558 2565 3617 vir
2589 3559 2658 3615 de
2682 3566 2868 3614 monte
2884 3558 3053 3625 Esau,
3081 3559 3784 3630 proptcrinterfectionem,

2189 3660 2246 3707 et
2286 3650 2625 3723 impietatem
2656 3648 2682 3687 ά
2722 3650 2777 3706 in
2810 3650 3028 3708 fratrem
3055 3652 3175 3722 ejus
3206 3652 3398 3721 Jacob,
3429 3663 3479 3706 et
3514 3654 3787 3723 operuerit

2192 3758 2315 3799 eum
2365 3753 2577 3801 :eterna
2631 3742 2904 3811 confusio,
2948 3758 3289 3817 nequaquam
3320 3743 3484 3801 faciet
3512 3761 3634 3816 qua:
3660 3746 3787 3803 fecit

2192 3842 2317 3889 ante
2340 3845 2532 3895 contra
2552 3849 2916 3905 germanum;
2960 3850 3068 3891 non
3108 3836 3256 3893 enim
3296 3836 3560 3908 despiciet
3583 3848 3643 3893 et
3672 3851 3787 3907 par-

2193 3926 2476 3997 vipendet,
2529 3926 2719 3985 videns
2769 3927 2992 3985 fratrem
3031 3942 3188 3985 suum
3236 3928 3317 3987 ire
3344 3930 3658 3999 captivum:
3690 3943 3786 3986 nec

2193 4019 2465 4075 laetabitur
2512 4017 2621 4092 [ΑΙ.
2669 4018 2964 4094 lzetaberis]
3025 4034 3192 4091 super
3246 4018 3388 4075 filios
3442 4019 3604 4075 Juda.
3663 4020 3785 4077 Du:

2193 4114 2337 4170 enim
2362 4113 2534 4169 tribus
2564 4124 2794 4183 excepta
2822 4113 3086 4179 Levitica,
3133 4127 3253 4185 quae
3282 4113 3591 4181 regnabant
3617 4113 3671 4167 in
3696 4112 3783 4168 Je-

2195 4205 2454 4273 rusalem,
2500 4214 2555 4260 et
2593 4205 3013 4277 appellabantur
3043 4203 3205 4272 Juda,
3238 4219 3267 4259 a
3300 4204 3579 4260 Chaldaeis
3621 4213 3786 4277 capta:

2196 4306 2343 4355 sunt.
2370 4298 2434 4354 Et
2465 4311 2802 4369 nequaquam
2825 4296 2989 4371 375
3016 4312 3207 4369 magna
3238 4296 3506 4367 loqueris,
3537 4308 3593 4354 et
3640 4296 3786 4369 quasi

2197 4406 2361 4449 unum
2391 4390 2460 4447 de
2488 4389 2791 4447 victoribus
2814 4405 2936 4447 esse
2974 4399 3026 4446 te
3063 4392 3317 4459 credens,
3349 4391 3403 4447 in
3432 4391 3620 4449 fratris
3647 4391 3787 4448 ride-

2196 4484 2278 4543 bis
2301 4482 2574 4554 angustia.
2621 4483 2805 4556 Neque
2832 4486 2883 4539 in
2904 4485 2995 4541 die
3026 4486 3296 4543 vastitatis
3326 4495 3382 4541 et
3405 4487 3578 4541 ruinae
3611 4485 3787 4559 populi

493 4586 645 4631 tuum
667 4575 859 4632 Jacob.
889 4574 1146 4649 Legimus
1170 4576 1222 4633 in
1246 4575 1575 4637 Salomone:
1601 4574 1740 4633 Sunt
1760 4576 1853 4651 qui
1874 4574 2091 4650 loquun-
2116 4589 2171 4651 ι)
2197 4580 2328 4646 mei,
2354 4588 2407 4634 tu
2439 4594 2536 4650 per
2561 4590 2772 4650 portam
2800 4579 3108 4639 Jerusalem
3129 4579 3521 4650 gloriabundus
3548 4579 3784 4637 incedas.

496 4680 583 4727 tur
609 4678 655 4725 et
686 4666 1200 4743 interficiuntgladio
1226 4667 1412 4739 (Prov.
1445 4684 1570 4736 xxv,
1610 4666 1721 4741 l8).
1774 4668 1846 4727 Et
1890 4669 1944 4727 in
1983 4667 2091 4727 alio

495 4762 645 4817 loco:
679 4761 939 4819 Venenum
964 4761 1202 4834 aspidum
1226 4761 1320 4817 sub
1343 4761 1498 4817 labiis
1526 4777 1699 4818 eorum
1730 4760 1849 4833 (Ps.
1867 4775 2087 4833 cxxxrx,

498 4854 581 4925 ι).
638 4855 725 4921 Et,
760 4853 966 4925 Lingua
1020 4869 1201 4911 eorum
1238 4853 1448 4925 gladius
1492 4862 1679 4913 acutus
1717 4851 1836 4925 (Ps.
1871 4867 1978 4918 va,
2008 4851 2088 4924 5).

496 4948 722 5018 Operiet
743 4960 872 5017 ergo
901 4956 955 5007 te
972 4945 1238 5013 confusio,
1266 4954 1322 5001 et
1334 4945 1484 5005 dices
1503 4963 1517 5003 :
1540 4944 1790 5017 Confusio
1806 4945 1974 5004 vultus
1991 4946 2092 5000 mei

500 5040 699 5112 operuit
732 5056 811 5101 me
842 5039 1178 5111 (Ps.t.xvut,
1201 5040 1287 5110 8):
1311 5053 1376 5095 ac
1397 5039 1624 5112 peribis,
1658 5053 1767 5099 non
1806 5038 1874 5097 ad
1922 5039 2089 5098 breve

498 5143 734 5203 tempm,
766 5131 863 5195 θεά
890 5133 945 5193 in
973 5140 1261 5193 aeternum.
1310 5129 1544 5193 Eterno
1570 5132 1717 5191 enim
1740 5138 2005 5205 quantum
2035 5135 2088 5189 in

499 5236 553 5285 te
576 5225 681 5281 luit
702 5224 928 5283 fratrem
968 5223 1202 5285 vulnere
1229 5225 1574 5294 percussisti.
1608 5223 1718 5285 Sed
1748 5233 1806 5283 et
1831 5224 1948 5283 haec
1986 5224 2093 5285 erit

500 5331 661 5377 causa
703 5318 1019 5379 cruciatus:
1062 5331 1187 5377 nam
1238 5316 1462 5388 quando
1502 5317 1668 5377 alieni
1724 5317 2094 5381 devastabant

573 5506 598 5534 ἰ
634 5497 834 5557 Victor.
886 5512 951 5555 ex
986 5497 1184 5559 Brixia:
1223 5497 1624 5571 Florentiaeque
1662 5498 1946 5561 codicibus
1972 5514 2093 5554 cor-

530 5568 626 5623 iait
655 5570 959 5623 nuanaloris
986 5569 1197 5623 viribus.

498 5576 626 5637 rigit
693 5576 959 5638 ugnatoris
986 5576 1197 5627 viribus.

574 5636 599 5675 δ
630 5586 806 5694 hpostri
837 5656 995 5703 mss.,
1025 5641 1080 5697 in
1106 5642 1189 5696 die
1215 5656 1331 5697 cum
1359 5651 1617 5716 caperent.
1662 5642 1863 5708 Graec.,
1896 5642 1945 5697 ἕν
1964 5643 2089 5714 ἡμέ-

505 5729 615 5762 ραις
638 5710 1147 5762 αἰγμαλωτιυὸντων-
1189 5722 1298 5762 etc.

502 5729 615 5783 ραις
638 5722 1147 5780 αἰχμαλωτιυωτων,
1189 5722 1298 5767 etc.

576 5788 596 5813 ε
641 5778 881 5832 Rennuit
931 5781 1177 5836 Martian.
1230 5781 1526 5853 despicias,
1588 5782 2089 5840 contradicentibus

2196 4674 2264 4728 Et
2294 4672 2413 4731 ideo
2443 4670 2547 4731 ista
2581 4688 2690 4731 non
2736 4672 2929 4740 facies,
2958 4673 3082 4744 quia
3115 4680 3173 4728 et
3225 4682 3280 4727 tu
3311 4671 3511 4735 similia
3545 4673 3785 4744 patieris.

2195 4764 2367 4821 Aliter
2396 4766 2613 4835 quando
2635 4766 2909 4835 captivum
2955 4765 3163 4821 videris
3192 4765 3425 4823 diversis
3448 4765 3785 4837 persecutio-

2196 4856 2355 4915 nibus
2381 4854 2603 4915 fratrem
2634 4866 2786 4914 tuum
2808 4898 2822 4924 ,
2856 4864 2912 4913 et
2940 4855 3135 4913 abduci
3160 4856 3403 4915 vinctum
3438 4855 3506 4910 de
3539 4856 3785 4913 Ecclesiae

2197 4948 2329 5017 fide,
2360 4962 2461 5009 nec
2486 4949 2760 5007 civitatem
2780 4963 2955 5017 suam,
2977 4948 3076 5005 sed
3102 4950 3393 5021 peregrina
3420 4963 3649 5019 quaeque
3673 4962 3788 5003 sec-

2199 5042 2326 5110 tari,
2356 5056 2696 5113 nequaquam
2718 5041 3012 5107 lzetaberis,
3034 5040 3159 5112 quia
3178 5047 3232 5097 et
3247 5048 3301 5097 tu
3323 5038 3521 5094 similia
3544 5039 3781 5112 patieris.

2201 5134 2495 5193 Laztabaris
2516 5135 2656 5193 enim
2704 5133 2919 5205 quando
2946 5133 3267 5203 capiebatur
3295 5131 3484 5200 Jacob,
3533 5141 3588 5189 et
3629 5145 3786 5202 super

2199 5229 2341 5286 filios
2367 5227 2526 5297 Juda,
2555 5243 2692 5300 quos
2742 5228 3040 5299 discipulos
3063 5225 3265 5285 Christi
3294 5227 3672 5299 intelligimus,
3699 5240 3785 5281 ex-

2199 5320 2441 5381 sultabas
2466 5322 2520 5379 in
2544 5321 2632 5381 die
2647 5319 2973 5391 perditionis
2993 5333 3207 5377 eorum.
3224 5318 3577 5393 Signiﬁcatur
3588 5326 3783 5387 autem,

2198 5515 2330 5573 mss.
2386 5509 2552 5573 atque
2603 5502 2723 5572 ipso
2766 5516 2927 5573 quem
2979 5499 3167 5559 laudat
3206 5500 3411 5558 Victor.
3445 5498 3709 5557 llebraico
3735 5503 3784 5550 et

2200 5572 2445 5644 Vulgata:
2472 5572 2727 5628 editionis
2763 5572 2937 5629 textu.

2199 5717 2228 5786 f
2269 5641 2708 5771 dl‘puoPalatin.
2742 5658 2877 5703 mss.
2910 5643 3155 5717 cditique
3181 5643 3271 5703 alii
3304 5641 3450 5711 libri,
3482 5643 3782 5713 impietatem

2224 5731 2283 5771 ra
2307 5732 2378 5771 ris
2412 5731 2550 5785 ejus.

2224 5731 2378 5771 ratrts
2412 5731 2550 5785 ejus.
