4120 6342
387 268 524 327 “09

1373 264 2019 325 COMMENTA'MOBW
2057 264 2126 323 ΙΝ
2166 265 2425 324 ABDIAM
2466 265 2695 325 LIBER.

3532 267 3675 327 mo

384 385 525 454 quod
553 384 733 440 anima
782 382 833 437 in
868 380 1170 461 meditullio
1199 381 1456 437 vitiorum
1508 392 1667 454 atque
1712 386 1971 439 virtutum
2007 385 2048 444 Α
2079 382 2278 439 tionem
2305 425 2319 448 ,
2366 392 2459 439 aut
2496 385 2701 442 virtute
2731 386 3080 456 superarint,
3130 394 3224 441 aut
3252 386 3451 443 timore
3470 386 3673 457 etinge-

384 477 563 544 posita
596 476 688 541 sit,
720 483 774 530 et
811 475 983 544 possit
1034 474 1086 527 in
1132 483 1417 544 utramque
1444 484 1658 545 partem
1686 492 1783 545 per
1811 477 1973 531 hora-

381 584 499 624 rum
533 577 809 622 momenta
841 566 1107 621 converti.
1148 564 1511 637 Nequaquam,
1545 568 1739 638 inquit,
1771 569 1971 639 magni-

382 663 564 732 ficabis
602 679 656 717 os
691 670 837 715 tuum
860 660 1015 715 indie
1042 660 1319 730 angustitc.
1366 660 1523 728 Quod
1553 662 1849 716 secundum
1878 661 1977 716 du-

380 756 576 825 plicem
600 769 817 810 sensum
837 754 1087 823 accipere
1104 752 1401 809 debemus:
1434 755 1751 825 corporalis,
1775 758 1825 810 in
1844 769 1975 825 per-

380 847 751 903 secutionibus
803 856 859 901 et
913 845 967 900 in
1021 846 1290 917 peccatis:
1353 847 1648 917 spiritualis
1686 849 1971 919 angustias,

378 953 500 993 cum
534 938 713 992 anima
761 937 1010 993 hostibus
1062 936 1319 1006 vitiisque
1349 946 1506 1009 capta
1534 985 1549 1009 ,
1576 948 1601 976 α
1628 940 1787 995 ducta
1814 939 1975 996 fuerit

378 1029 432 1084 in
459 1030 816 1101 Babylonem.
882 1029 1062 1097 Neque
1110 1031 1414 1100 ingredieris
1444 1042 1641 1103 portant
1668 1033 1847 1104 papuli
1876 1033 1975 1087 mei

378 1124 429 1176 in
457 1124 540 1177 die
565 1124 735 1177 ruina:
780 1138 995 1179 eorum:
1042 1124 1264 1193 quando
1300 1125 1443 1179 enim
1478 1135 1571 1180 aut
1609 1128 1825 1195 negatio
1875 1141 1974 1181 nos

374 1215 736 1284 oppresserit,
768 1227 858 1270 attt
896 1215 1169 1285 voluptas,
1200 1228 1253 1271 et
1286 1217 1522 1287 rigorem
1567 1217 1855 1288 pristinum
1886 1218 1972 1273 in-

374 1305 501 1361 felix
526 1308 861 1362 conscientia
891 1323 1000 1361 non
1026 1309 1354 1373 servaverit,
1392 1320 1518 1363 tunc
1547 1311 1707 1364 facile
1738 1311 1804 1364 ad
1836 1325 1970 1366 con-

374 1400 538 1452 traria
570 1398 823 1468 dogmata
872 1398 1132 1464 labimur,
1178 1399 1514 1455 blandientis
1558 1402 1729 1456 errori
1762 1411 1972 1469 nostro,

375 1500 429 1548 et
461 1508 568 1545 non
598 1492 844 1546 curantia
872 1492 1093 1558 vulnus,
1127 1490 1219 1546 sed
1243 1493 1542 1563 palpantia.
1574 1493 1842 1550 Solatium
1872 1495 1974 1549 titi-

376 1585 535 1639 seriae
583 1593 689 1651 est,
723 1586 969 1654 quamvis
1021 1583 1313 1653 perditum,
1359 1584 1564 1640 habere
1596 1587 1739 1656 quod
1761 1596 1967 1655 speret.

450 1677 628 1749 (Vers.
667 1679 756 1746 15,
788 1676 903 1745 14.)
952 1677 1133 1749 Neque
1172 1678 1423 1750 despicies
1441 1690 1489 1734 et
1520 1689 1574 1734 tu
1602 1681 1653 1735 in
1676 1680 1829 1735 malis
1856 1685 1970 1755 ejus

2079 476 2212 540 rint,
2245 476 2457 544 decepti
2489 477 2667 546 pravis
2694 478 3056 549 dogmatibus,
3102 493 3319 534 rursum
3362 478 3417 533 in
3446 493 3669 535 earcere

2080 577 2365 625 teneantur
2413 584 2661 625 errorum
2692 611 2708 636 ,
2754 579 2810 625 et
2850 571 3025 625 multo
3056 571 3147 627 fiat
3180 572 3331 641 pejor
3360 572 3463 626 ista
3500 572 3675 627 tribu-

2078 662 2239 727 latio,
2273 677 2434 732 quam
2464 660 2567 716 fuit
2596 677 2662 717 ex
2692 663 2983 733 gentibus;
3026 663 3239 720 facilius
3268 664 3416 720 enim
3451 664 3520 719 ab
3546 665 3672 720 eth-

2080 754 2213 808 nicis
2246 762 2461 823 captum
2488 753 2689 810 liberes
2714 795 2727 820 ,
2775 769 2937 824 quam
2966 754 3349 813 hmretieorum
3382 757 3674 828 praestigiis

2078 845 2367 900 irretitum.

2150 935 2328 1007 (Vers.
2367 938 2456 1000 1-3,
2488 936 2602 1009 16.)
2638 938 2894 1005 Quoniam
2910 940 3068 1010 juxta
3098 947 3174 994 est
3206 939 3317 995 dies
3343 937 3558 994 Domini
3584 956 3674 994 su-

2080 1046 2171 1099 per
2211 1046 2386 1084 omnes
2415 1039 2629 1101 gentes:
2672 1032 2807 1084 sicut
2837 1031 3035 1100 fecisti,
3066 1032 3151 1098 ﬁet
3190 1032 3300 1085 tibi.
3349 1030 3668 1086 Retributio-

2076 1139 2192 1176 nem
2238 1130 2384 1175 tuam
2425 1132 2684 1177 convertet
2732 1125 2786 1177 in
2816 1132 2973 1191 caput
3016 1132 3178 1177 tuum.
3238 1124 3508 1190 Quomodo
3538 1126 3674 1179 enim

2076 1214 2247 1268 bibisti
2295 1229 2450 1285 super
2488 1225 2712 1269 montem
2759 1224 2997 1269 sanctum
3035 1231 3239 1279 meum,
3290 1216 3457 1269 bibent
3498 1232 3675 1270 omnes

2075 1317 2245 1377 gentes
2282 1308 2521 1379 jugiter:
2561 1318 2608 1362 et
2658 1306 2869 1374 bibent;
2924 1317 2972 1362 et
3025 1307 3405 1374 absorbebant,
3451 1316 3497 1361 et
3525 1316 3674 1363 erunt

2075 1397 2222 1468 quasi
2249 1414 2350 1451 non
2379 1399 2500 1454 sint.
2552 1396 2730 1452 LXX:
2762 1396 2902 1462 Quia
2923 1399 3077 1469 juxta
3107 1407 3179 1452 est
3210 1398 3318 1451 dies
3350 1396 3559 1452 Domini
3588 1414 3673 1452 su-

2075 1507 2166 1560 per
2205 1506 2377 1544 omnes
2404 1499 2613 1563 gentes:
2661 1492 2794 1544 sicut
2824 1490 3023 1560 fecisti,
3055 1490 3141 1557 ﬁet
3179 1489 3287 1562 [λι.
3322 1489 3523 1562 fecerit]
3561 1490 3672 1544 tibi.

2075 1579 2362 1636 Retributio
2387 1588 2476 1633 tua
2500 1579 2743 1635 reddetur
2782 1581 2836 1635 in
2866 1589 3017 1651 caput
3040 1588 3204 1634 tuum.
3244 1580 3383 1646 Quia
3411 1579 3674 1650 quomodo

2076 1674 2243 1728 bibisti
2264 1690 2416 1743 super
2438 1684 2657 1729 montem
2680 1683 2917 1729 sanctum
2938 1691 3128 1737 meum,
3159 1674 3327 1729 bibent
3352 1690 3526 1729 omnes
3552 1691 3676 1747 gen-

374 1770 426 1823 in
456 1770 539 1823 die
560 1770 813 1825 vastitatis
842 1771 1007 1838 illius,
1039 1781 1086 1823 et
1118 1788 1219 1825 non
1250 1772 1496 1826 emitteris
1521 1773 1786 1829 adversum
1824 1790 1971 1828 επεν-
2000 1781 2046 1842 Β
2076 1776 2149 1821 tes
2180 1768 2351 1820 vinum
2380 1783 2397 1822 .‘
2444 1767 2611 1821 bibent
2641 1778 2685 1821 et
2715 1766 3079 1834 absorbebant,
3122 1778 3168 1822 et
3211 1778 3358 1822 erunt
3400 1770 3551 1839 quasi
3573 1786 3676 1824 non

373 1866 530 1918 citum
557 1868 669 1936 ejus
695 1865 747 1917 in
776 1864 859 1917 die
886 1865 1142 1920 vastitatis
1168 1865 1334 1919 illius.
1386 1865 1567 1938 Neque
1591 1868 1820 1922 stabisin
1852 1871 1967 1923 exi-

374 1959 508 2014 tibus
534 1968 587 2012 ut
610 1959 895 2025 interﬁcias
941 1975 1027 2013 eos
1058 1960 1148 2029 qui
1171 1961 1427 2030 fugerint:
1458 1970 1505 2015 et
1548 1979 1653 2017 non
1693 1962 1970 2018 concludes

373 2054 594 2121 reliquos
613 2055 727 2123 ejus
761 2053 815 2105 in
845 2054 927 2105 die
955 2052 1332 2107 tribulationis.
1368 2053 1506 2109 LXX
1536 2072 1547 2107 :
1577 2053 1643 2107 Et
1677 2072 1778 2110 non
1801 2055 1971 2126 despi-

262 2147 285 2165 '
372 2146 471 2198 cies
500 2144 653 2197 etiam
684 2152 739 2198 tu
759 2146 1211 2215 congregationem
1238 2144 1263 2182 ιθ
1288 2162 1462 2199 eorum
1486 2147 1539 2200 in
1565 2147 1649 2200 die
1669 2148 1970 2218 perditionis

373 2254 549 2292 eorum
584 2254 601 2293 :
631 2254 793 2308 neque
819 2240 1095 2310 apponeris
1126 2239 1426 2308 fortitudini
1455 2256 1632 2294 eorum
1666 2242 1715 2293 in
1746 2242 1831 2295 die
1853 2258 1971 2313 per-

372 2331 584 2385 ditionis
630 2348 804 2386 eorum
819 2347 835 2383 :
884 2348 1043 2401 neque
1069 2332 1226 2387 stabis
1257 2333 1311 2385 in
1343 2333 1632 2405 egressibus
1655 2348 1861 2398 eorum,
1912 2342 1968 2386 ut

370 2424 654 2491 inter/icias
692 2440 778 2478 eos
814 2426 902 2493 qui
934 2425 1059 2479 salvi
1095 2425 1287 2494 fuerint
1320 2441 1381 2478 ea:
1410 2426 1517 2479 eis:
1567 2443 1728 2495 neque
1759 2426 1970 2480 conclu-

374 2515 461 2569 des
489 2516 732 2586 fugitivos
761 2533 937 2570 eorum
976 2516 1027 2569 in
1057 2515 1141 2570 die
1173 2516 1540 2570 tribulationis.
1577 2518 1712 2572 Cum
1745 2518 1858 2587 ipse
1878 2533 1970 2571 ca-

375 2614 496 2676 ptus
528 2605 696 2662 fueris
726 2615 781 2661 et
812 2606 1107 2677 Babylonio
1136 2616 1382 2662 vastante
1413 2608 1627 2665 deletus
1647 2649 1661 2674 ,
1694 2608 1835 2664 inter
1863 2624 1968 2665 ccc-

375 2708 489 2755 tera
518 2716 639 2770 quas
660 2701 857 2771 fecisti,
906 2722 968 2761 ne
992 2707 1106 2762 haec
1138 2707 1303 2763 facias
1342 2724 1463 2778 qua:
1491 2717 1816 2779 sequuntur:
1850 2708 1967 2765 Non

374 2793 677 2864 deSpicies,
721 2814 896 2869 neque
922 2811 1241 2857 contemnes
1273 2800 1498 2856 fratrem
1533 2811 1683 2855 tuum
1710 2801 1881 2856 Jacob
1910 2800 1967 2857 in

374 2887 462 2943 die
492 2890 761 2946 vastitatis
797 2893 982 2949 illius:
1023 2909 1198 2963 neque
1230 2895 1522 2965 apponeris
1553 2895 1619 2949 ad
1664 2894 1966 2950 exercitum

378 2981 794 3053 Babyloniorutn
818 3031 831 3055 ,
876 2988 994 3041 sive
1042 3003 1148 3041 non
1184 2988 1449 3042 emitteris
1486 2987 1775 3043 adversum
1806 2986 1969 3058 376

376 3075 678 3131 exercitum
721 3077 896 3144 Juda,
941 3079 1157 3148 quando
1198 3089 1485 3147 superatus
1525 3080 1592 3135 ab
1637 3080 1965 3135 adversariis

2073 1860 2195 1913 sint.
2244 1859 2371 1913 lltcc
2402 1868 2623 1924 autent,
2680 1875 2712 1915 ο
2740 1860 2998 1924 ldumaza,
3036 1860 3158 1915 ideo
3183 1859 3361 1916 facere
3400 1862 3673 1925 cessabis,

2070 1954 2193 2023 quia
2216 1955 2400 2009 veniet
2425 1969 2592 2025 super
2617 1963 2668 2009 te
2690 1954 2829 2010 ultio
2852 1954 3087 2010 Domini.
3116 1954 3329 2010 Sienim
3352 1954 3500 2025 juxta
3528 1954 3673 2011 Jere—

2072 2047 2232 2102 miam
2260 2046 2393 2117 (Jer.
2423 2047 2575 2119 xxv),
2603 2048 2767 2119 377
2795 2049 2992 2118 quibus
3045 2065 3152 2104 non
3184 2059 3303 2105 erat
3328 2049 3590 2119 judicium
3618 2059 3676 2105 ut

2072 2138 2321 2195 biberent
2346 2140 2592 2207 calicem,
2622 2141 2868 2196 bibentes
2894 2140 3146 2197 biberunt
3181 2160 3192 2194 :
3228 2152 3284 2197 tu
3313 2141 3470 2211 quasi
3515 2142 3672 2196 inno-

2069 2248 2202 2289 cens
2231 2235 2517 2304 reliqueris
2550 2250 2564 2284 :
2592 2248 2699 2287 non
2731 2234 2840 2289 eris
2870 2234 3152 2297 innocens,
3178 2234 3272 2288 sed
3306 2244 3326 2272 ο
3357 2233 3551 2289 bibens
3591 2235 3673 2289 bi-

2070 2325 2185 2380 bes.
2235 2325 2407 2379 Porro
2457 2325 2602 2395 quod
2652 2326 2772 2379 ait:
2808 2323 2975 2380 Juxta
3014 2334 3087 2380 est
3134 2324 3244 2378 dies
3276 2323 3487 2378 Domini
3519 2341 3672 2395 super

2071 2433 2245 2469 omnes
2268 2426 2461 2484 gentes,
2489 2417 2729 2487 legamus
2746 2416 2998 2471 eumdem
3022 2415 3130 2487 [Αἱ.
3150 2414 3664 2486 juxta]1eremiam,

2070 2518 2123 2564 et
2155 2509 2459 2563 videbimus
2480 2510 2703 2564 calicem
2737 2511 2949 2565 Domini
2977 2511 3193 2564 cunctis
3237 2509 3487 2578 gentibus
3543 2524 3667 2578 pro-

2068 2604 2334 2672 pinatum.
2362 2602 2515 2659 Unde
2542 2603 2739 2659 dicitttr
2765 2604 2821 2659 in
2860 2604 3056 2659 eodem
3086 2621 3100 2656 z
3132 2602 3283 2658 Catia:
3327 2620 3515 2659 aureus
3568 2601 3673 2656 Ba-

2069 2694 2225 2766 bylon
2251 2695 2302 2749 in
2332 2711 2487 2749 manu
2510 2694 2724 2750 Domini
2741 2696 3003 2751 inebrians
3020 2712 3191 2750 omnes
3214 2705 3407 2768 gentes.
3442 2696 3672 2751 Univer-

2068 2800 2159 2841 sas
2186 2786 2382 2857 quippe
2413 2787 2660 2842 nationes
2690 2802 2862 2858 usque
2892 2788 2958 2842 ad
2985 2788 3398 2857 Propontidem,
3450 2788 3669 2860 Scythi.

2070 2894 2302 2947 cumque
2362 2894 2558 2947 mare,
2618 2889 2672 2935 et
2726 2880 2933 2935 Ionium
2982 2880 3067 2935 vel
3112 2879 3400 2952 IEgteum,
3456 2881 3672 2952 Assyrii

2069 2972 2462 3044 Babyloniique
2519 2981 2832 3028 tenuerunt.
2887 2973 3156 3043 Legamus
3211 2973 3564 3041 Herodotum,
3617 2982 3675 3029 et

2069 3064 2292 3121 Grazcas
2348 3066 2717 3136 barbarasque
2768 3064 3045 3132 historias,
3077 3074 3131 3121 et
3180 3066 3485 3122 videbimus
3535 3082 3671 3136 quo-

378 3177 526 3238 terga
552 3172 805 3226 verterit.
856 3172 1099 3243 Cumque
1138 3176 1409 3242 coeperint
1447 3174 1637 3244 fugere
1678 3190 1773 3245 per
1812 3185 1967 3231 notas

2077 3157 2236 3212 modo
2265 3157 2365 3211 sub
2418 3157 2730 3229 Babyloniis
2758 3165 2814 3211 et
2862 3156 3103 3229 Assyriis
3143 3157 3419 3227 impletum
3458 3158 3531 3213 sit
3570 3158 3672 3212 hoc

377 3260 479 3314 sibi
526 3262 641 3315 vias
668 3303 682 3326 ,
740 3272 795 3317 et
829 3264 1152 3319 diverticula
1180 3306 1195 3331 ,
1237 3275 1287 3321 et
1332 3266 1504 3321 calles
1528 3266 1595 3321 ad
1626 3267 1974 3323 solitudinem

379 3352 734 3423 perferentes,
771 3371 877 3410 non
911 3358 1084 3412 stabis
1115 3359 1165 3413 in
1196 3359 1339 3413 bivio
1360 3402 1375 3424 ,
1425 3375 1523 3414 nec
1554 3362 1836 3416 venientes
1867 3377 1969 3417 ex-

378 3446 650 3511 spectabis
680 3449 733 3501 in
766 3450 1019 3517 compitis
1039 3492 1052 3514 ,
1101 3462 1157 3505 ut
1202 3452 1494 3508 interficias
1525 3468 1619 3508 eos
1645 3455 1734 3524 qui
1768 3454 1973 3510 fuerint

379 3536 634 3607 liberati,
684 3540 928 3612 aliosque
973 3545 1405 3614 comprehensos
1436 3547 1723 3602 recludas:
1781 3557 1834 3601 et
1887 3548 1972 3604 vel

379 3627 493 3699 ipse
546 3633 774 3702 capias,
821 3637 903 3691 vel
944 3639 1241 3704 captivitati
1296 3640 1532 3695 hostium
1583 3656 1792 3696 serves.
1848 3640 1973 3696 llzec

375 3722 528 3792 juxta
578 3725 858 3782 historiam
906 3728 1177 3787 diximus:
1231 3731 1491 3788 debemus
1546 3734 1690 3788 enim
1740 3734 1974 3789 breviter

382 3818 751 3876 manifestiora
796 3833 1122 3893 carpentes,
1170 3825 1234 3879 ad
1284 3841 1345 3880 ea
1395 3842 1516 3895 quae
1566 3828 1792 3882 obscura
1849 3835 1975 3883 sunt

382 3926 627 3982 pergere.
694 3913 825 3982 Quis
864 3914 1243 3972 hereticorum
1282 3933 1389 3973 non
1432 3918 1661 3989 despicit
1713 3919 1975 3975 ecclesia-

382 4006 547 4059 sticos
568 4004 591 4057 ‘l
615 4005 746 4073 Quis
773 4021 882 4062 non
912 4010 1152 4064 exsultat
1178 4011 1228 4064 in
1254 4010 1410 4065 malis
1437 4025 1650 4079 eorum,
1684 4013 1727 4066 si
1758 4012 1974 4082 quando

383 4106 607 4165 prepter
667 4110 885 4167 peccata
960 4103 1143 4170 populi
1199 4104 1564 4172 persecutioni
1620 4104 1803 4159 traditi
1855 4106 1973 4161 fue-

386 4189 528 4258 rint,
584 4199 639 4246 et
677 4193 829 4247 multi
873 4194 955 4249 vel
1002 4195 1210 4250 infirma
1256 4197 1392 4264 fide,
1440 4198 1526 4253 vel
1561 4214 1720 4268 supra
1755 4208 1973 4269 petrosa

382 4285 674 4351 seminati,
730 4287 784 4341 in
842 4291 1184 4358 negationem
1236 4293 1545 4347 corruerint
1576 4338 1590 4362 ,
1640 4293 1823 4348 videas
1854 4293 1976 4348 illos

383 4378 658 4433 exsultare
690 4422 704 4444 ,
750 4381 1026 4449 gaudere,
1074 4392 1315 4437 nostram
1368 4385 1578 4439 ruinam
1610 4428 1623 4449 ,
1674 4401 1826 4441 suam
1874 4401 1971 4456 puo

389 4479 502 4522 tare
529 4471 805 4526 victoriam
835 4491 847 4527 :
892 4474 1181 4543 intantum,
1212 4478 1584 4548 utjungantttr
1612 4481 1882 4550 gentibus,
1922 4491 1976 4536 et

2075 3250 2221 3321 quod
2275 3250 2470 3305 dicitur
2505 3268 2518 3304 :
2552 3249 2713 3305 Juxta
2758 3260 2833 3305 est
2872 3249 2983 3304 dies
3044 3249 3257 3302 Domini
3299 3265 3454 3320 super
3494 3264 3671 3303 omnes

2076 3358 2269 3420 gentes.
2297 3348 2453 3416 Quod
2479 3356 2660 3403 autem
2688 3348 2933 3417 sequitur
2964 3364 2976 3399 ε
3007 3344 3156 3401 Sicut
3188 3344 3377 3415 fecisti,
3418 3345 3504 3412 ﬁet
3533 3344 3668 3399 tibi:

2076 3443 2468 3497 retributionem
2518 3450 2660 3496 tuam
2691 3450 2946 3495 convertet
2994 3441 3049 3493 in
3096 3448 3436 3508 caputtunm,
3470 3436 3558 3491 hic
3588 3443 3672 3491 est

2075 3550 2291 3601 sensus,
2314 3552 2474 3606 quem
2505 3536 2557 3589 in
2584 3535 2799 3590 Psalmo
2828 3530 3390 3603 legimus:Memento,
3422 3530 3667 3597 Domine,

2077 3626 2311 3696 ﬁliorum
2334 3626 2579 3681 Edomin
2603 3627 2687 3680 die
2711 3624 3003 3678 Jerusalem
3032 3624 3309 3677 dicentium
3340 3639 3356 3676 :
3390 3624 3674 3691 exinanite,

2076 3721 2335 3774 exinanite
2360 3736 2516 3791 usque
2550 3721 2618 3771 ad
2645 3717 3037 3789 fundamentum
3059 3716 3114 3768 in
3138 3732 3195 3768 ea
3224 3714 3243 3788 (
3274 3713 3421 3771 Psal.
3454 3728 3673 3782 cxxxvr,

2078 3813 2109 3866 7
2134 3822 2181 3867 et
2209 3829 2348 3883 seqq.
2380 3811 2421 3882 ).
2483 3810 2639 3867 Unde
2669 3820 2720 3863 et
2746 3817 2931 3863 contra
2972 3807 3305 3879 Babylonem
3346 3808 3677 3876 imprecetur

2078 3904 2342 3975 propheta
2371 3922 2381 3957 :
2412 3901 2559 3957 Filia
2584 3900 2869 3972 Babylonis
2920 3900 3106 3954 misera
3140 3916 3156 3953 :
3184 3900 3363 3953 beatus
3392 3899 3481 3969 qui
3522 3897 3677 3951 retri~

2080 4002 2195 4054 buet
2224 3999 2315 4052 tibi
2338 3997 2729 4052 retributionem
2750 3994 2775 4033 ἀ
2813 4005 2979 4061 tuam,
3008 4011 3162 4063 quam
3195 3993 3477 4048 retribuisti
3507 3993 3675 4047 nobis.

2076 4093 2265 4149 Beatus
2290 4094 2376 4161 qui
2399 4092 2586 4146 tenebit
2616 4102 2663 4145 et
2689 4091 2872 4145 allidet
2899 4090 3146 4161 parvulos
3168 4096 3283 4141 tuos
3306 4085 3418 4158 [ΑΙ.
3443 4082 3587 4155 suos]
3608 4084 3675 4136 ad

2079 4197 2295 4258 petram.
2328 4186 2480 4243 Sicut
2508 4184 2651 4241 enim
2704 4199 2867 4253 super
2900 4192 3144 4237 montem
3188 4188 3434 4234 sanctum
3466 4192 3672 4239 meum,

2078 4280 2233 4347 Sion,
2264 4279 2448 4336 bibiSti
2492 4294 2610 4333 cum
2663 4275 3002 4348 Babyloniis,
3033 4284 3195 4344 atque
3225 4273 3439 4328 ltetatus
3469 4283 3528 4325 es
3561 4287 3573 4323 :
3599 4269 3679 4324 sic

2080 4382 2471 4444 omnesgentes
2495 4385 2626 4441 quas
2647 4379 2822 4426 tecum
2851 4365 3437 4437 babebatBabylonius
3464 4364 3516 4417 in
3544 4377 3681 4433 prse-

2082 4468 2245 4531 sidio,
2274 4478 2555 4520 conversae
2585 4472 2774 4518 contra
2803 4469 2854 4515 te
2881 4460 3068 4515 bibent
3104 4475 3116 4511 :
3144 4465 3198 4511 et
3227 4455 3573 4510 laetabuntur.
3609 4454 3679 4507 Et

389 4566 700 4634 persecutio
731 4569 928 4623 saevior
956 4610 970 4636 ,
1014 4571 1098 4624 vel
1129 4586 1196 4625 ex
1228 4571 1429 4626 Judmis
1455 4613 1471 4637 ,
1521 4549 1714 4628 veliex
1748 4576 1831 4627 his
1859 4574 1971 4639 ﬁat,
2002 4557 2056 4616 D
2084 4579 2188 4619 nan
2240 4564 2415 4618 solum
2457 4560 2644 4615 bibent
2676 4573 2687 4612 :
2724 4555 2823 4610 sed
2862 4555 2932 4608 ita
2966 4561 3018 4609 te
3050 4549 3453 4616 absorbebunt,
3477 4558 3533 4605 ut
3562 4549 3675 4604 sint

386 4658 476 4726 qui
526 4655 722 4713 fratres
752 4666 969 4714 nostros
998 4675 1120 4715 esse
1146 4677 1204 4716 se
1234 4663 1514 4727 simulant,
1560 4673 1615 4719 et
1642 4666 1834 4719 eodem
1866 4665 1975 4737 [AL

387 4746 601 4821 eorum]
631 4759 928 4806 censentur
950 4754 1189 4807 nomine.
1222 4754 1466 4824 Cumque
1485 4756 1701 4825 aliquis,
1727 4757 1808 4810 vel
1834 4758 1975 4828 fuga,

389 4841 471 4894 vel
516 4843 830 4911 paenitentia
862 4843 1077 4914 elapsus
1106 4844 1298 4913 fuerit,
1347 4854 1497 4900 stant
1536 4845 1589 4901 in
1622 4846 1981 4913 diverticulis,

389 4945 442 4990 et
470 4946 781 5006 proponunt
824 4938 1156 5007 sophismata
1184 4981 1199 5005 ,
1251 4947 1306 4994 et
1336 4938 1643 4994 testimonia
1670 4981 1684 5006 ,
1732 4940 1887 5010 quasi
1916 4940 1983 4995 de

389 5030 683 5101 Scripturis
715 5032 1037 5104 proferunt:
1086 5041 1144 5088 ut
1176 5034 1331 5088 lassis
1373 5043 1533 5103 atque
1560 5032 1825 5089 confectis
1855 5049 1984 5088 eon-

392 5135 510 5177 snta
550 5123 780 5180 offerant
808 5125 1120 5189 cervicalia,
1160 5136 1216 5182 et
1258 5137 1462 5196 ponant
1489 5143 1551 5184 ea
1576 5128 1680 5183 sub
1713 5129 1858 5182 omni
1889 5142 1985 5180 cu-

394 5217 507 5273 bito
537 5233 747 5276 manus.
799 5220 977 5291 Atque
1010 5220 1079 5273 ita
1109 5218 1166 5274 fit
1191 5261 1205 5287 ,
1251 5232 1305 5274 ut
1348 5221 1436 5292 qui
1466 5220 1695 5276 forsitan
1727 5234 1987 5289 persecu-

464 5438 488 5464 υ
522 5427 827 5483 Emendant
847 5427 1018 5482 nostri
1042 5435 1163 5495 post
1184 5426 1481 5482 Victoriam
1503 5444 1635 5483 mss.
1672 5428 1984 5485 Inconsulta

392 5498 736 5555 Martianteus
783 5500 1005 5553 retinnit
1053 5510 1366 5566 corruptam
1403 5500 1617 5554 Erasmi
1667 5501 1985 5566 lectionem,

393 5580 545 5633 rapta
592 5572 768 5639 fuerit,
800 5579 846 5622 et
879 5571 1090 5624 ducitur
1114 5572 1165 5623 in
1196 5569 1535 5641 Babylonem.

467 5641 493 5678 ι)
526 5643 626 5695 l’ro
652 5657 858 5707 eorum,
886 5656 1008 5711 quae
1038 5657 1139 5696 vox
1172 5647 1334 5696 tertio
1366 5644 1598 5696 recurrit
1628 5643 1762 5696 infra
1788 5687 1801 5707 ,
1839 5643 1992 5695 Pala-

395 5714 497 5767 tin.
534 5727 661 5765 mss.
690 5713 800 5781 ejus
830 5711 1034 5767 habent
1065 5714 1261 5768 minori
1293 5728 1544 5767 numero.
1592 5714 1711 5768 Mox
1745 5727 1908 5767 voces
1935 5728 1998 5767 ea:

398 5783 467 5837 eis
497 5784 776 5837 nesciunt:
811 5783 1043 5853 denique
1068 5786 1120 5838 in
1144 5785 1247 5839 fine
1270 5784 1475 5839 addunt
1501 5787 1633 5855 ejus,
1664 5784 1854 5839 Grmco
1887 5783 1997 5838 sin-

2082 4655 2300 4710 ldumaei
2329 4651 2480 4721 quasi
2511 4666 2615 4705 non
2644 4650 2753 4703 sint
2784 4664 2796 4699 :
2830 4646 2926 4700 vel
2956 4652 3109 4699 certe
3134 4644 3265 4713 ipsa:
3305 4651 3519 4714 gentes,
3554 4656 3683 4697 cum

2084 4760 2136 4806 te
2179 4747 2582 4814 absorbuerint,
2610 4743 3052 4800 absorbebantur
3078 4757 3105 4794 a
3141 4741 3333 4807 Medis,
3364 4740 3547 4795 ethoc
3578 4740 3683 4794 eir-

2083 4842 2205 4898 Clll')
2229 4840 2468 4894 vindicta
2493 4838 2773 4908 procedet,
2797 4844 2855 4890 ut
2881 4834 3226 4899 tulsraelem,
3258 4841 3310 4889 te
3329 4833 3683 4904 Babylonius,

2085 4933 2442 5005 Babylonium
2469 4931 2675 4995 Medus,
2712 4945 2773 4985 ae
2800 4928 2965 4984 Persa
3017 4935 3327 4983 consumat.
3379 4924 3687 4994 Seqnamur

2092 5025 2552 5095 interpretationis
2576 5022 2842 5077 ordinem.
2877 5022 3037 5076 Juxta
3066 5028 3167 5083 est,
3204 5034 3236 5073 o
3261 5016 3533 5081 haeretice,
3568 5016 3685 5071 dies

2093 5121 2305 5175 Domini
2336 5132 2497 5187 super
2516 5130 2704 5171 omnes
2733 5125 2922 5186 gentes
2954 5130 2966 5166 :
3001 5129 3167 5183 prOpe
3215 5119 3298 5167 est
3346 5120 3559 5180 tempus
3600 5110 3688 5175 ju-

2092 5214 2216 5269 dieii
2248 5213 2431 5281 inquo
2461 5223 2651 5266 omnes
2686 5206 2988 5277 iudicandae
3039 5214 3161 5261 sunt
3213 5205 3488 5260 nationes.
3540 5202 3693 5258 Sicut

2086 5424 2224 5495 gulis
2255 5422 2309 5477 in
2338 5420 2476 5495 locis
2504 5419 2881 5495 dissentiente.

2167 5508 2187 5534 ε
2231 5493 2469 5550 Palatini
2492 5492 2786 5565 duo‘mssq
2820 5490 2909 5544 sed
2940 5488 3299 5565 quasiubibens
3324 5486 3483 5551 bibes,
3507 5492 3615 5565 etc.
3644 5553 3655 5565 _

2164 5569 2189 5603 ά
2235 5567 2398 5621 Ιίιιθιιι
2436 5579 2567 5618 mss.
2604 5562 2691 5616 hic
2723 5572 2887 5619 tuam.
2943 5555 3065 5615 mox
3092 5560 3221 5613 Sion
3252 5572 3472 5621 nomen,
3533 5555 3692 5607 deni-

2096 5656 2200 5706 quo
2228 5636 2455 5691 inferius
2474 5649 2662 5699 voces,
2690 5634 2739 5684 in
2774 5632 3041 5699 pra’sidio,
3100 5638 3279 5687 tacent
3308 5648 3320 5683 :
3347 5631 3533 5699 legunt
3564 5638 3696 5681 vero

2103 5707 2425 5778 Babylonius
2454 5722 2566 5772 rex,
2592 5718 2870 5766 conuersae,
2898 5712 3007 5759 etc.
