4120 6342
439 239 574 296 1111

1675 242 1735 300 S.
1777 238 2047 301 EUSEBII
2086 239 2473 301 lllERONYMl

3582 243 3724 301 1112

434 356 611 414 fecisti
654 367 846 415 contra
878 358 1299 427 ecclesiasticos,
1350 368 1702 418 convertetur
1755 362 1811 416 in
1863 370 2027 432 caput
2054 366 2103 424 Α
2131 368 2187 417 ει
2216 360 2408 429 Esdra,
2430 368 2486 417 et
2507 359 2772 418 Nebemia
2804 376 2899 419 eos
2924 362 3015 434 qui
3053 377 3114 421 se
3135 362 3452 421 haereditate
3471 364 3723 436 possede-

436 458 588 505 tuum
643 450 800 507 dolor
846 460 992 521 tuus,
1021 462 1077 509 et
1099 453 1157 509 in
1179 455 1442 511 verticem
1464 462 1616 511 tuum
1648 454 1903 525 iniquitas
1931 466 2020 511 tua

433 539 747 599 descendet.
778 543 1063 612 Quomodo
1081 545 1226 602 enim
1258 547 1311 601 in
1340 562 1475 603 nece
1497 562 1687 603 eorum
1712 547 1925 602 laetatus
1946 561 2027 614 es,

436 637 863 707 conviviumque
918 638 1235 707 eelebrasti,
1265 649 1320 696 et
1348 641 1399 695 in
1426 650 1611 697 monte
1641 649 1833 696 saneto
1885 654 2029 708 meo,

432 728 536 785 hoc
566 741 668 796 εει,
705 730 974 799 Ecclesia,
1023 732 1207 788 bibisti
1250 750 1357 790 non
1405 750 1586 790 meum
1629 735 1881 801 calicem,
1933 733 2030 789 sed

434 820 635 878 diaboli
668 839 681 875 :
710 822 777 879 de
795 838 904 894 quo
932 834 988 880 et
1009 825 1066 879 in
1106 824 1327 882 Abacuc
1356 826 1558 883 dicitur
1586 844 1598 880 :
1631 826 1723 881 Va:
1757 828 1845 895 qui
1889 833 2031 896 potat

434 917 728 986 proximum
755 935 903 972 suum
941 920 1267 975 subversione
1321 920 1527 975 turbida
1558 922 1740 993 (Abac.
1785 937 1843 988 ιι,
1894 919 2028 993 15);

434 1009 510 1062 ita
542 1010 815 1065 universae
843 1021 1059 1081 gentes,
1093 1012 1177 1067 vel
1210 1011 1562 1070 fortitudines
1612 1014 1777 1087 378
1814 1023 2031 1070 contra-

434 1099 531 1153 riae
554 1102 837 1171 suppliciis
860 1102 1143 1174 delegatse,
1166 1105 1252 1160 vel
1275 1105 1600 1162 adversariae
1644 1122 1875 1177 quaeque
1920 1108 2031 1162 vir-

432 1200 599 1261 tutes,
625 1193 813 1249 bibent
841 1202 896 1249 et
917 1194 1295 1253 absorbebnnt
1314 1200 1628 1269 sanguinem
1657 1208 1832 1264 tuum,
1880 1209 1935 1256 et
1965 1200 2030 1256 ad

430 1293 737 1340 extremum
770 1287 821 1341 in
839 1297 1070 1344 cunctos
1097 1289 1350 1346 veniente
1373 1292 1635 1359 cruciatu,
1657 1293 1792 1363 ipsa:
1812 1309 2032 1364 quoque

431 1388 596 1433 erunt
619 1380 772 1449 quasi
798 1395 907 1436 non
929 1381 1059 1437 sint.
1084 1383 1187 1451 Qui
1213 1385 1356 1440 enim
1383 1386 1522 1456 perit
1545 1387 1592 1441 ei
1625 1388 1713 1457 qui
1740 1397 1842 1453 εει,
1866 1397 1921 1443 ει
1940 1386 2031 1458 qui

432 1469 568 1543 dicit
596 1472 662 1526 ad
691 1472 914 1543 Moysen
948 1492 959 1527 :
987 1477 1089 1542 Qui
1115 1485 1189 1529 est
1220 1477 1359 1531 misit
1386 1494 1466 1532 me
1489 1479 1555 1532 ad
1575 1480 1705 1552 vos(
1737 1479 1909 1534 Exod.
1951 1496 2027 1549 lli,

438 1563 551 1631 M),
586 1566 885 1621 secundum
918 1567 1163 1638 regulam
1195 1570 1624 1640 Scripturarum,
1648 1588 1754 1627 non
1784 1588 1905 1629 esse
1951 1574 2033 1629 di-

430 1657 595 1712 citur.
647 1657 798 1714 Unde
851 1660 990 1713 etin
1041 1660 1239 1716 Esther
1266 1662 1499 1732 legimus
1532 1662 1657 1717 :Ne
1684 1664 1887 1730 tradas,
1917 1662 2030 1719 Do-

2134 465 2278 508 rant.
2305 453 2374 508 Et
2398 454 2505 509 erit
2534 453 2730 510 domus
2761 453 2956 523 Jacob,
2991 455 3045 511 id
3079 466 3184 525 est,
3239 457 3402 527 Juda,
3465 459 3626 530 ignis,
3671 467 3724 515 et

2134 544 2326 602 domus
2363 546 2589 617 Joseph,
2623 546 2677 603 id
2705 559 2811 615 est,
2843 548 3034 606 decem
3066 549 3335 618 tribuum,
3382 551 3621 606 ﬂamma.
3648 550 3724 608 De

2133 638 2337 709 Joseph
2369 642 2568 712 quippe
2596 652 2758 698 natus
2784 653 2871 700 est
2920 644 3209 715 Ephraim,
3243 662 3311 701 ex
3336 662 3440 716 qua
3472 646 3612 701 tribu
3637 646 3726 702 Sa-

2135 732 2321 787 maria:
2372 733 2658 804 imperium
2704 735 2841 803 fuit;
2890 737 3082 793 domus
3128 747 3309 794 autem
3342 738 3513 804 Esau,
3563 739 3615 793 id
3646 748 3728 795 est

2134 827 2514 895 ldumaeorum,
2568 830 2659 899 qui
2700 838 2805 886 tam
2860 831 2991 887 saevi
3018 841 3075 887 et
3106 832 3360 888 crudeles
3406 832 3729 890 exstiterant

2135 929 2325 974 contra
2364 919 2588 985 fratrem
2611 936 2794 990 suum,
2828 933 3073 981 vertetur
3105 925 3158 979 in
3190 924 3470 993 stipulam.
3496 924 3564 979 Et
3595 940 3733 995 quo-

2134 1011 2298 1068 modo
2319 1013 2459 1085 ignis
2484 1024 2537 1070 et
2565 1014 2783 1071 ﬂamma
2814 1016 2924 1071 cito
2951 1017 3205 1087 stipulam
3221 1017 3450 1072 devorat
3482 1034 3492 1070 :
3526 1017 3729 1073 sicduo

2134 1121 2299 1177 regna
2326 1108 2381 1162 in
2415 1109 2573 1163 unius
2604 1107 2707 1164 sibi
2737 1109 2903 1179 virgae
2923 1109 3080 1179 juxta
3104 1110 3268 1182 379
3290 1108 3546 1165 Ezechiel
3576 1107 3727 1180 (Eze.

2135 1198 2266 1271 xvn)
2292 1200 2540 1269 cepulam
2571 1200 2856 1266 foederata,
2888 1202 3181 1257 vastabunt
3220 1202 3514 1258 ldumaeam
3543 1211 3597 1258 et
3638 1201 3736 1258 de-

2136 1295 2403 1350 vorabunt
2448 1310 2592 1362 eam,
2637 1304 2694 1350 et
2732 1311 2840 1351 non
2870 1296 3251 1353 eritresiduus
3276 1314 3345 1354 ex
3375 1300 3600 1371 populo,
3643 1299 3735 1368 qui

2138 1385 2315 1456 possit
2358 1388 2699 1443 eversionem
2729 1387 3172 1443 adversariorum
3242 1390 3435 1446 vicinis
3481 1390 3735 1462 gentibus

2137 1478 2410 1533 nuntiare.
2444 1478 2602 1533 Hocﬁl
2644 1488 2729 1535 est
2776 1481 2924 1536 enim
2974 1482 3117 1550 quod
3151 1481 3294 1537 LXX
3336 1485 3736 1539 transtulerunt

2136 1572 2450 1647 πυροφόρον,
2484 1585 2645 1641 quem
2701 1586 2804 1627 nos
2861 1572 2915 1627 in
2961 1571 3394 1630 Frumentarium
3445 1576 3733 1645 vertimus,

2132 1662 2284 1732 juxta
2299 1664 2505 1731 antiqui
2524 1664 2796 1719 sermonis
2812 1663 3116 1735 eloquium;
3142 1682 3238 1723 eos
3265 1668 3411 1723 enim
3433 1684 3571 1741 quos
3592 1685 3739 1725 nunc

431 1750 590 1815 utine,
619 1766 836 1823 regnum
857 1759 1005 1806 tuum
1034 1750 1115 1808 his
1139 1754 1227 1823 qui
1249 1770 1355 1807 non
1376 1765 1495 1808 sunt
1523 1756 1541 1825 (
1574 1754 1724 1810 Esth.
1758 1772 1867 1822 xlv,
1894 1758 1952 1812 11
1991 1756 2033 1827 ).
2068 1748 2116 1809 Β
2140 1754 2380 1825 Agentes
2404 1755 2459 1811 in
2484 1756 2669 1823 rebus,
2699 1756 2785 1810 vel
2820 1757 3146 1815 Veredarios
3175 1761 3476 1831 appellant,
3510 1762 3742 1818 Veteres

430 1842 731 1901 Possumus
760 1845 905 1902 hunc
935 1847 1114 1903 locum
1158 1859 1212 1903 et
1270 1849 1433 1905 aliter
1473 1850 1823 1921 interpretari
1854 1870 1868 1903 :
1895 1852 2035 1919 Quia

430 1934 599 1992 laetati
625 1938 757 1994 estis
789 1940 842 1994 in
875 1939 1031 1995 ruina
1057 1955 1343 1997 servorum
1371 1956 1644 2009 meorum,
1678 1942 1867 1998 eadem
1912 1958 2038 2014 per-

436 2030 643 2086 secutio
672 2040 862 2087 contra
885 2047 982 2089 vos
1004 2050 1219 2105 quoque
1250 2035 1457 2103 veniet,
1485 2045 1540 2091 et
1578 2036 1861 2106 patiemini
1891 2051 2037 2107 qua:-

432 2138 666 2195 cumque
708 2125 933 2182 fecistis.
982 2128 1048 2181 Et
1102 2127 1244 2182 sicut
1265 2128 1430 2184 laetati
1460 2129 1592 2184 estis
1619 2130 1911 2185 adversum
1942 2145 2036 2199 po-

437 2216 622 2287 pulum
654 2232 834 2275 meum
856 2233 978 2274 cum
1008 2220 1260 2291 gentibus
1280 2221 1541 2291 reliquis:
1574 2222 1646 2276 ita
1672 2237 1862 2278 omnes
1901 2238 2034 2293 gen-

435 2316 521 2365 tes
550 2308 881 2367 lastabuntur
904 2320 1097 2367 contra
1128 2328 1248 2381 vos,
1291 2324 1347 2369 et
1378 2313 1718 2371 devorabunt
1744 2326 1798 2372 et
1828 2316 2032 2389 bibent,

439 2412 494 2457 et
523 2405 901 2473 persecutione
923 2407 1090 2462 simili
1113 2418 1421 2464 conterent.

497 2495 679 2568 (Vers.
717 2497 803 2564 17,
836 2496 944 2568 18).
988 2496 1056 2554 1η
1078 2508 1246 2554 monte
1274 2510 1445 2556 autem
1472 2499 1606 2557 Sion
1646 2505 1743 2557 erit
1771 2501 2021 2572 saluatio,

431 2597 479 2642 et
526 2588 621 2643 erit
668 2603 877 2645 sanctus
900 2600 945 2645 et
974 2593 1253 2661 possidebit
1307 2594 1493 2648 domus
1540 2591 1704 2648 Jacob
1728 2611 1844 2663 eos,
1872 2597 1962 2667 qui
1983 2613 2036 2651 se

432 2686 968 2760 possederunt[Vulg.
1004 2690 1379 2762 possederant].
1401 2690 1471 2745 Et
1510 2695 1607 2747 erit
1638 2694 1822 2750 domus
1867 2694 2033 2750 Iacob

430 2778 586 2850 ignis,
614 2788 658 2834 et
687 2779 870 2835 domus
886 2779 1081 2854 Joseplt
1108 2784 1341 2852 ﬂamma,
1372 2793 1418 2837 et
1447 2785 1633 2838 domus
1661 2783 1802 2839 Esau
1820 2787 2035 2857 stipula:

436 2881 486 2926 et
508 2875 885 2930 succendentur
905 2876 960 2931 in
996 2878 1092 2943 eis,
1121 2886 1169 2931 et
1196 2878 1513 2933 devorabunt
1543 2896 1648 2947 eos,
1686 2890 1731 2934 et
1756 2896 1859 2934 non
1887 2890 2035 2935 erunt

435 2966 651 3034 reliquae
700 2968 882 3022 domus
930 2967 1076 3022 Esau
1122 2985 1142 3024 :
1186 2971 1309 3038 quia
1356 2969 1614 3025 Dominus
1687 2972 1885 3026 locutus
1938 2982 2033 3027 est.

433 3056 581 3114 LXX
606 3077 619 3113 :
650 3058 718 3114 In
748 3072 972 3117 montem
995 3061 1125 3117 Sion
1155 3064 1248 3116 erit
1278 3062 1497 3118 saluatio
1520 3080 1540 3129 ;
1563 3073 1611 3118 et
1632 3066 1727 3118 erit
1777 3075 2028 3133 sanctum,

2138 1844 2536 1901 Frumentarios
2565 1848 2941 1904 nominabant.
2974 1850 3080 1905 Sed
3114 1851 3313 1907 melius
3346 1860 3450 1920 est,
3479 1862 3537 1908 ut
3560 1854 3740 1923 ipsum

2137 1952 2427 2009 sequamur
2451 1939 2799 2003 Hebraieum,
2829 1940 2884 1996 id
2912 1950 3016 2007 est,
3050 1957 3204 1999 samo
3238 1944 3455 2016 (τ’-ιω),
3485 1946 3629 2016 quod
3658 1947 3743 2002 in-

2139 2041 2469 2104 terpretatur
2494 2035 2584 2090 vel
2612 2035 2859 2106 reliquus,
2872 2035 3024 2105 juxta
3050 2038 3322 2108 Aquilam,
3353 2038 3440 2093 vel
3459 2039 3735 2110 effugiens,

2132 2126 2285 2198 juxta
2316 2126 2724 2199 Symmachum,
2763 2128 2849 2183 vel
2877 2129 3176 2184 secundum
3200 2129 3657 2198 TheodOtionem,
3686 2141 3746 2188 et

2136 2220 2382 2293 quintam
2409 2220 2728 2288 editionem,
2752 2220 3013 2275 residuus.
3045 2222 3171 2279 Haec
3194 2233 3373 2279 autem
3398 2225 3582 2280 omnia
3611 2225 3744 2280 ﬂent

2138 2314 2261 2384 quia
2300 2312 2563 2369 Dominus
2599 2313 2813 2369 loeutus
2841 2323 2947 2382 est,
2977 2322 3031 2369 et
3062 2314 3211 2370 illius
3237 2315 3495 2385 jussisse,
3542 2315 3744 2372 fecisse

2139 2415 2242 2461 est.
2304 2404 2477 2461 Aliter
2505 2422 2519 2459 :
2546 2405 2854 2461 Destruetis
2904 2407 3083 2461 carnis
3107 2408 3397 2477 operibus,
3430 2416 3486 2464 et
3513 2416 3740 2464 terreno

2138 2498 2372 2569 imperio
2398 2498 2663 2567 desolato,
2680 2500 2785 2555 erit
2807 2500 2860 2554 in
2896 2499 3140 2555 Ecclesia
3167 2500 3399 2555 salvatio
3420 2516 3609 2556 eorum
3639 2502 3741 2572 qui

2137 2607 2169 2647 a
2193 2601 2368 2647 matre
2398 2606 2508 2647 non
2534 2592 2788 2647 exierint.
2824 2592 2891 2646 Et
2914 2592 2969 2646 in
2999 2592 3112 2662 ipsa
3142 2593 3447 2648 morabitur
3497 2602 3741 2659 sanctus,

2138 2684 2207 2741 de
2233 2701 2339 2756 quo
2364 2686 2417 2739 in
2445 2684 2582 2739 Isaia
2605 2684 2799 2740 dicitur
2821 2700 2835 2737 :
2864 2683 3112 2749 Sanetus,
3130 2694 3360 2747 sanctus,
3390 2694 3602 2739 sanctus
3627 2682 3742 2739 Do-

2139 2780 2311 2834 minus
2341 2777 2482 2832 Deus
2505 2776 2738 2832 Sabaoth
2761 2776 2779 2848 (
2806 2774 2937 2830 Isai.
2969 2791 3038 2843 vr,
3062 2777 3096 2831 5
3118 2777 3160 2846 ),
3189 2778 3316 2846 quia
3340 2784 3397 2832 et
3421 2779 3511 2847 qui
3538 2774 3739 2831 saneti-

2140 2872 2285 2940 ﬂeat,
2314 2880 2369 2927 et
2393 2871 2485 2942 qui
2515 2869 2946 2936 sanetiﬂcantur,
2971 2884 3043 2925 ex
3078 2885 3188 2924 uno
3210 2884 3425 2925 omnes.
3459 2869 3526 2925 Et
3564 2870 3743 2940 possi-

2141 2966 2291 3022 debit
2317 2966 2510 3021 domus
2536 2964 2965 3035 supplautatoris
2994 2963 3163 3018 Jacob
3190 2978 3286 3018 eos
3316 2964 3406 3033 qui
3428 2979 3490 3019 se
3512 2962 3744 3019 haeredi-

2145 3071 2254 3117 tate
2280 3060 2659 3130 possederant,
2688 3059 2759 3114 de
2785 3058 3228 3128 persecutoribus
3248 3056 3453 3113 iaciens
3473 3057 3740 3112 Christia-

433 3160 483 3205 et
508 3152 786 3221 possidebit
824 3154 1017 3209 ‘domus
1055 3151 1221 3208 Jacob
1240 3156 1331 3225 qui
1356 3172 1410 3210 se
1437 3156 1791 3226 possederant.
1845 3157 1911 3211 Et
1938 3159 2035 3211 erit
2064 3141 2108 3205 C
2142 3170 2265 3221 nos,
2296 3166 2350 3209 et
2383 3156 2532 3224 ipsos
2562 3153 2829 3208 Idumaeos
2857 3153 2908 3207 in
2940 3151 3200 3206 Ecclesia:
3227 3150 3389 3207 fidem
3419 3153 3688 3221 recipiens
3724 3170 3736 3208 :

437 3242 619 3299 domus
670 3244 832 3302 Iacob
880 3247 1036 3319 ignis,
1066 3257 1114 3304 et
1144 3248 1326 3302 domus
1353 3246 1551 3318 Joseplt
1588 3253 1820 3320 ﬂamma.
1852 3250 2034 3305 domus

438 3345 609 3391 autem
632 3337 775 3393 Esau
802 3341 1019 3409 stipula,
1049 3350 1097 3395 et
1128 3342 1506 3395 succendentur
1530 3344 1585 3395 in
1608 3359 1717 3409 eos,
1746 3353 1791 3396 et
1814 3343 2033 3397 devora-

438 3429 563 3484 bunt
584 3430 730 3498 illos,
782 3443 827 3486 et
873 3448 976 3486 non
1011 3433 1109 3486 erit
1138 3433 1508 3503 frumentarius
1525 3435 1704 3488 domui
1725 3432 1889 3499 Esau,
1915 3435 2037 3504 quia

437 3522 693 3578 Dominus
724 3525 927 3579 locutus
953 3534 1047 3582 est.
1081 3525 1316 3582 ldumzea
1364 3528 1643 3596 subversa,
1677 3538 1734 3584 et
1756 3528 1827 3583 ab
1859 3528 2036 3583 inimi-

438 3621 518 3676 cis
544 3620 818 3690 gentibus,
852 3637 975 3679 cum
1006 3624 1203 3694 quibus
1235 3624 1384 3694 prius
1424 3635 1609 3681 contra
1642 3626 1811 3682 Jacob
1850 3625 2032 3681 ftedus

436 3712 657 3781 inierat,
689 3714 971 3783 devorata,
988 3716 1043 3771 in
1068 3727 1253 3772 monte
1269 3716 1404 3774 Sion
1427 3728 1586 3773 erunt
1606 3720 1868 3789 reliquim,
1902 3718 2034 3773 erit-

433 3821 543 3877 que
563 3807 811 3873 salvatio,
841 3816 897 3863 et
921 3808 1024 3865 erit
1045 3819 1304 3876 sanctus;
1336 3809 1440 3865 hoe
1463 3819 1565 3877 est,
1600 3812 1681 3865 vel
1706 3812 1819 3880 ipse
1842 3811 2031 3865 Domi-

436 3912 540 3953 nus
570 3908 876 3956 revertetur
907 3901 974 3956 ad
1001 3902 1293 3971 templum,
1348 3903 1490 3973 quod
1533 3913 1754 3974 propter
1812 3911 2034 3972 peccata

432 3988 734 4061 dimiserat,
758 3992 842 4047 vel
869 3993 974 4048 erit
992 3992 1238 4049 absolute
1266 4003 1533 4064 sanctum,
1560 3995 1612 4050 id
1635 4005 1739 4059 est,
1772 3994 2031 4051 Sanctum

436 4095 775 4141 sanctorum.
795 4086 861 4139 Et
881 4086 1569 4160 possidebitdomusjlacob
1590 4088 1692 4143 sub
1704 4086 2027 4152 Zorobabel,

508 4205 537 4233 ι
577 4194 1030 4268 PostVictorium
1057 4212 1122 4252 ex
1147 4197 1466 4265 Florentiae,
1501 4199 1810 4268 Brixiaeque
1858 4199 2022 4253 codi-

432 4266 588 4339 cibus
615 4267 839 4339 verbum
868 4278 940 4321 est
962 4270 1327 4335 restituimus,
1356 4270 1511 4339 cujus
1536 4266 1751 4325 delectu
1792 4272 1845 4324 in
1878 4270 2017 4326 Era-

433 4338 538 4391 smi
561 4352 625 4393 ac
648 4337 941 4392 Martiantei
982 4340 1311 4394 editiuuibus
1336 4337 1528 4395 sensus
1562 4340 1863 4395 laborabat.
1911 4343 2015 4397 Alii

431 4407 649 4464 codices
702 4424 856 4478 aeque
886 4410 1045 4474 bene,
1085 4410 1199 4464 Hoc
1227 4412 1365 4465 enim
1390 4412 1532 4481 quod
1559 4409 1712 4463 LXX
1738 4417 2017 4468 transtule-

424 4490 573 4558 πίητε
593 4481 905 4558 πνρεφόμρν,
936 4483 1104 4558 nasia
1129 4483 1544 4558 frumentarium,
1579 4493 1685 4558 etc_.
1714 4481 1832 4558 Ja_m
1880 4501 2017 4558 vero

428 4550 575 4623 quod
600 4550 680 4605 ait"
700 4550 759 4607 ει
796 4550 1007 4623 'Doctor
1029 4552 1181 4623 juxta
1210 4552 1417 4623 antiqui
1440 4553 1709 4623 sermonis
1738 4554 2012 4623 eloquium

2140 3250 2335 3306 domus
2363 3258 2543 3304 autem
2576 3250 2715 3303 Esau
2740 3255 2979 3302 vertetur
3011 3246 3064 3300 in
3093 3245 3373 3315 stipulam.
3407 3245 3477 3300 Et
3506 3261 3740 3317 quomo-

2141 3341 2211 3395 do
2241 3339 2379 3409 ignis
2408 3337 2662 3393 viciniam
2692 3335 2905 3391 culmus
2951 3350 3059 3390 non
3111 3334 3258 3389 valet
3313 3336 3587 3391 sustinere
3620 3353 3633 3389 :
3664 3336 3740 3391 ita

2141 3431 2566 3503 disputationem
2604 3428 2791 3495 Jacob,
2818 3444 2942 3497 quae
2965 3426 2994 3465 δ
3024 3428 3194 3499 ignita
3218 3436 3303 3483 est
3327 3442 3583 3484 sermone
3630 3428 3741 3484 Do-

2141 3527 2274 3583 mini
2308 3544 2320 3579 :
2351 3523 2581 3595 Eloquia
2608 3523 2745 3577 enim
2772 3520 2984 3575 Domini
3007 3523 3123 3593 igne
3142 3521 3436 3575 examinata
3454 3520 3573 3590 (Ps.
3602 3537 3736 3589 xvu,

2141 3622 2260 3691 3|),
2292 3630 2347 3675 et
2371 3619 2645 3673 ﬂammam
2676 3616 2903 3685 Joseph,
2925 3615 3017 3684 qui
3044 3614 3443 3685 interpretatur
3489 3631 3743 3687 augmen-

2138 3724 2246 3768 tum
2280 3712 2489 3783 (Genes.
2514 3708 2749 3780 xxxvii).
2778 3716 2832 3764 et
2858 3707 2953 3778 qui
2981 3724 3012 3763 a
3043 3708 3302 3763 fratribus
3329 3708 3608 3777 venditus,
3638 3724 3739 3779 po-

2140 3806 2321 3876 pulum
2351 3804 2496 3875 pavit
2530 3802 2584 3856 in
2617 3800 2874 3871 Egypto,
2909 3799 3103 3853 domus
3123 3799 3270 3853 Esau
3292 3798 3564 3854 sustinere
3614 3814 3729 3855 non

2138 3899 2345 3972 poterit
2379 3915 2393 3953 :
2434 3898 2532 3954 sed
2555 3896 2623 3952 ad
2646 3897 2876 3968 primam
2909 3894 3352 3964 congressionem
3398 3894 3737 3964 sophismata

2137 4008 2326 4049 eorum
2367 3999 2647 4047 vertentur
2671 3989 2725 4043 in
2756 3987 3007 4042 nihilum.
3036 3987 3101 4041 Et
3122 3986 3532 4042 devorabuutur
3560 3988 3613 4043 in
3644 4004 3736 4043 sa-

2136 4086 2306 4141 lutem
2337 4099 2513 4151 suam,
2556 4084 2713 4153 juxta
2751 4079 2885 4136 illud
2908 4078 3053 4151 quod
3077 4080 3130 4133 in
3154 4079 3537 4136 benedictione
3585 4081 3738 4138 lsaac

2129 4198 2315 4278 φᾷρους
2336 4195 2725 4278 scribi,_q‘nam‘
2743 4190 3091 4278 rrupogoo'pougt:
3113 4192 3362 4278 Adnitatc,
3391 4196 3538 4263 quod
3560 4220 3727 4278 «plen.

2127 4264 2267 4395 gé'pep
2303 4265 2634 4335 respondet,
2686 4264 3008 4319 Hebraieum
3053 4264 3214 4346 Sa_rid
3262 4264 3736 4333 interpretari'ab

2181 4337 2766 4395 utiuuis.llieronvmo
2823 4344 2982 4395 teste,
3039 4337 3312 4395 reliquum.
3374 4337 3732 4395 elTuaientem.

2181 4337 2401 4408 ntiquis,
2432 4337 2777 4409 Hieronqu
2823 4344 2982 4409 teste,
3039 4337 3332 4409 reliquum,
3374 4337 3732 4409 elfugientem,

2126 4405 2395 4465 residuum
2424 4424 2441 4461 :
2472 4405 2660 4476 sicque
2686 4424 2714 4459 a
2740 4405 2945 4461 Graecis
2972 4405 3270 4476 vulgo'dici
3301 4406 3370 4463 de
3400 4405 3590 4478 magna
3622 4412 3738 4465 ela-

2127 4481 2194 4557 de
2230 4478 2395 4557 :_ob'<ié
2427 4480 2688 4557 πυρφόρος
2715 4478 2906 4551 ἐλείφθη
2926 4518 2940 4541 ,
2990 4493 3153 4557 neque
3184 4495 3318 4532 unus
3349 4480 3577 4557 reliqttus
3607 4482 3733 4550 fuit,

2128 4552 2411 4621 sivejuxta
2436 4550 2657 4621 sensum
2680 4590 2694 4613 ,
2728 4550 2887 4621 neque
2921 4550 3134 4621 nuntius
3171 4552 3438 4605 remansit.
3460 4550 3546 4607 ’Ut
3595 4568 3732 4608 vero

427 4616 732 4695 appellatos
759 4639 789 4677 a
825 4637 883 4676 se
908 4616 1465 4695 frumentariosfqui
1526 4633 1655 4695 tunc
1694 4616 1920 4693 agentes
1962 4630 2012 4682 iu
2046 4616 2099 4675 D
2124 4616 2356 4689 cunniue
2380 4637 2554 4695 seres
2578 4616 2870 4695 habeat_de
2908 4618 3095 4673 Graeco
3130 4622 3731 4695 nominiselymologia,

426 4693 612 4758 rebus,
647 4694 731 4747 vel
754 4694 1023 4748 veredarii
1049 4693 1406 4760 dicerentur,‘
1436 4693 1678 4749 eruditos
1721 4698 1891 4760 viros,
1933 4712 2017 4753 at-

431 4778 538 4832 que
569 4764 620 4817 in
652 4764 838 4831 primis
862 4764 1188 4820 Salmasium
1216 4764 1688 4819 movet.Fatentur
1716 4767 2014 4832 enim,fru.

424 4836 814 4889 mentariorum
848 4836 901 4889 in
933 4836 1200 4889 ordinaria
1231 4837 1418 4891 militia
1459 4837 1561 4890 sub
1594 4837 2018 4905 imperatoribus

422 4919 620 4960 nomen
650 4905 927 4977 exstitisse
950 4915 1115 4977 atque,
1138 4905 1397 4972 ol'licium,
1457 4906 1726 4977 fuisseque
1755 4923 1848 4961 eos
1878 4913 2021 4966 mili-

420 4982 534 5058 tes,
566 4977 878 5058 quibusque.
904 4976 1204 5058 legionibus
1256 4987 1406 5033 certo
1435 4976 1662 5058 numero
1718 4978 2021 5058 adscriptas

422 5047 517 5115 qui
544 5048 627 5101 rei
673 5047 1010 5103 vehicularice
1061 5058 1393 5117 praeessent,
1438 5048 1762 5103 frumentum
1812 5047 2013 5108 milita-

426 5131 488 5171 re
506 5126 566 5189 et
612 5132 883 5189 annonam
934 5119 1329 5189 importaudam
1379 5129 1663 5185 curarent,
1712 5120 1765 5173 in
1818 5121 2011 5179 horrea

424 5188 680 5243 militaria
712 5199 887 5261 atque
913 5188 1038 5245 inde
1066 5192 1118 5244 in
1146 5201 1345 5253 castra,
1363 5191 1877 5261 vectigalesquoque
1900 5196 2013 5250 exi-

422 5267 634 5331 gerent,
666 5260 1158 5331 compellerentque
1179 5262 1243 5314 ad
1267 5260 1585 5316 solvendum
1611 5263 1965 5330 provinciales
1996 5284 2008 5321 :

419 5330 771 5401 quodeSIea
798 5330 999 5387 munus
1023 5332 1300 5401 agentium
1330 5332 1382 5386 in
1418 5333 1576 5387 rebus
1621 5344 1676 5387 et
1704 5334 2013 5391 veredario-

418 5399 539 5455 rum
566 5399 687 5467 fuit,
718 5403 860 5472 quod
882 5419 951 5459 ex
972 5399 1113 5470 Lege
1139 5402 1265 5457 eod.
1285 5402 1647 5459 Theodosiani
1676 5403 1762 5456 tit.
1779 5403 1846 5459 de
1874 5408 2013 5461 Exa-

418 5472 691 5551 gionibus
721 5473 905 5551 liquet.
952 5473 1145 5530 Verum
1192 5490 1299 5551 non
1329 5489 1396 5529 eo
1416 5489 1577 5529 sensu
1617 5476 1940 5551 πυροφᾷρους
1982 5495 2013 5534 a

417 5541 967 5615 Graecisiappellatos
1023 5545 1383 5612 contendunt,
1434 5560 1637 5615 eosque
1658 5541 1890 5602 nirn'a‘z'nb
1916 5557 2010 5605 τοῦ

416 5620 617 5691 nupsi},
634 5614 853 5691 hoeest,
875 5635 907 5671 a
924 5619 1182 5691 frumento
1203 5633 1217 5682 ;
1236 5617 1330 5672 sed
1348 5620 1451 5673 ἀπὸ
1479 5614 1566 5673 τοῦ
1598 5618 1784 5691 πυρὸς,
1806 5616 2009 5691 hocest

414 5683 533 5753 igne
562 5684 788 5742 ferendo
816 5683 1013 5744 nomen
1047 5689 1278 5743 traxisse
1310 5705 1325 5742 :
1372 5691 1576 5745 rectius
1629 5683 1766 5743 adeo
1816 5697 1870 5743 et
1900 5690 2006 5747 fre-

420 5756 696 5825 quentius,
724 5758 868 5829 quod
891 5758 1026 5815 infra
1056 5758 1418 5829 Hieronymus
1448 5762 1561 5831 ipse
1592 5768 1835 5825 annotat,
1864 5783 2000 5839 πνρ-

2123 4708 2286 4764 qnam
2311 4709 2411 4745 nec
2436 4693 2551 4759 ipse
2590 4700 2746 4761 urget
2779 4690 3172 4764 Hieronymus,
3203 4691 3354 4764 quin
3379 4690 3549 4747 immo
3591 4690 3734 4750 infe-

2124 4760 2411 4837 riusjuxta
2444 4778 2562 4837 eos,
2604 4761 2981 4837 tllll__7'l’1lp?6pov
3010 4760 3319 4837 legunt,_ab
3343 4762 3585 4832 igniculo
3630 4781 3731 4836 ge-

2124 4832 2317 4889 stando
2344 4834 2581 4902 explicat
2612 4850 2624 4885 :
2655 4832 2972 4887 niltil'eerte
3004 4842 3182 4898 vetat,
3219 4832 3732 4893 frumentarium'eo

2125 4905 2231 4961 dici
2251 4905 2441 4959 Latine
2466 4903 2769 4969 intellectu,
2799 4904 2887 4973 qui
2907 4902 3128 4973 propius
3149 4903 3215 4957 ad
3242 4913 3486 4960 veterum
3503 4921 3726 4963 sensum

2126 4976 2489 5045 interpretum
2518 4972 2841 5038 accedat,ut
2863 4972 3141 5047 videlicet,
3174 4974 3454 5047 reliquum,
3478 4975 3735 5047 επαθίεη-

2127 5056 2249 5118 tem,
2274 5042 2534 5118 nuntium
2574 5054 2773 5118 sonet,_
2799 5055 2891 5097 aut
2916 5042 3058 5118 (quid
3090 5042 3291 5118 simile;
3322 5042 3552 5112 Etenim,
3579 5042 3728 5118 quod

2119 5113 2616 5187 Grammaticorum
2651 5116 3023 5170 testimonium
3045 5113 3233 5168 laudat
3262 5116 3381 5184 ipse
3404 5113 3727 5187 Salmasius,

2118 5190 2352 5264 ἐχρῶντο
2392 5190 2525 5243 κατὰ
2544 5184 2610 5265 ςτό
2637 5186 2852 5265 παξιεκιὸν
2875 5187 2923 5239 ἐν
2938 5192 3060 5265 ,τοζς
3076 5188 3339 5265 inclinate
3501 5184 3730 5265 σαλπιγέ

2119 5255 2253 5335 κῖὧκ
2260 5267 2370 5319 τοῖς
2388 5259 2688 5335 πυρςξόροις,
2716 5255 2919 5335 Veteres
2931 5256 2987 5335 in
3005 5255 3488 5335 bello_pr'o_tubicine
3508 5255 3732 5315 uteban-

2120 5339 2203 5385 tur
2227 5326 2587 5401 frumentario,
2612 5344 2702 5381 seu
2730 5326 3023 5401 veredario,
3038 5326 3389 5401 inviolabiles
3404 5346 3525 5384 cum
3543 5344 3732 5388 essent

2120 5402 2175 5457 id
2193 5396 2362 5473 genus
2396 5402 2619 5473 milites,
2654 5413 2754 5452 nec
2776 5398 2843 5451 ab
2869 5396 3379 5473 ltostelmderentur
3416 5411 3473 5454 ut
3500 5402 3729 5458 hodier-

2124 5468 2250 5528 num
2281 5472 2557 5534 usuvenit,
2583 5470 2651 5524 de
2682 5484 2877 5538 magna
2907 5468 3280 5538 internecione
3328 5470 3533 5526 dictum
3578 5476 3723 5529 acci-

2123 5546 2261 5614 pias,
2286 5559 2354 5599 ne
2397 5537 2814 5614 frumentarium
2841 5538 3063 5614 quidem
3091 5537 3259 5614 fuisse
3283 5541 3562 5614 relictum,
3605 5546 3726 5602 sive

2118 5610 2218 5672 nec
2248 5610 2371 5672 eum
2420 5615 2585 5669 fuisse
2616 5611 2923 5679 residuum,
2965 5610 3051 5665 cui
3080 5610 3149 5667 ab
3170 5610 3422 5669 hostibus
3457 5617 3724 5685 parceba-

2118 5698 2225 5800 ωἷ.
2248 5760 2365 5817 Duo
2394 5758 2624 5816 Palatia.
2653 5770 2812 5824 mss.,
2845 5770 2962 5825 quae
2993 5755 3199 5826 signata
3221 5764 3297 5810 est
3318 5773 3571 5825 sermone,
3605 5773 3723 5815 etc.
