4084 6340
286 293 427 350 “l3

1262 282 1918 345 COMMENTARIORUM
1959 282 2024 339 IN
2066 280 2327 339 ABDIAM
2366 280 2592 338 LIBER.

3437 275 3578 334 HM

282 406 479 463 dicitur
501 405 666 478 380
686 404 752 461 ad
780 404 922 461 Esau
951 421 964 459 :
989 404 1097 460 Sed
1111 404 1376 460 dominum
1401 414 1540 458 tuum
1562 403 1711 459 illum
1738 405 1868 475 feci:
1899 405 1955 467 Α
1979 410 2170 475 putant
2200 416 2318 457 eam
2340 400 2659 471 Sephelam,
2686 398 2740 455 id
2778 406 2885 466 est,
2913 404 3274 468 campestrem
3300 396 3576 468 regionem

282 511 331 554 et
352 515 527 554 omnes
554 500 739 569 fratres
784 505 897 553 tuos
928 497 1126 569 subjeci
1160 498 1204 551 ei
1256 512 1427 551 servos
1459 513 1477 551 :
1496 496 1747 567 fratrique
1791 504 1879 548 tuo

283 590 642 661 seruies(Gen.
668 606 838 655 xxvu,
867 590 982 661 37).
1010 591 1199 644 Etnou
1229 600 1391 645 erunt
1414 588 1659 657 reliquiae
1680 588 1877 642 domus

283 683 679 752 Esau,quando
697 682 880 738 omnia
892 680 1492 752 Cltristogenuﬁectent
1511 680 1807 735 cmlestium
1824 688 1877 733 et
1942 756 1945 757 ν

281 777 650 846 terrestrium,
678 789 732 832 et
763 776 1096 834 internorum
1133 775 1357 847 (Philip.
1391 776 1477 847 ιι),
1501 785 1555 828 et
1585 774 1875 844 subjicien-

282 881 370 927 tur
395 870 444 926 ei
472 870 751 935 universa,
781 877 841 924 ut
867 870 938 924 sit
968 869 1112 924 Deus
1143 868 1322 923 omnia
1358 867 1409 921 in
1442 866 1711 921 omnibus.
1740 864 1874 931 Quia

279 978 412 1020 vero
443 963 586 1019 Esau
612 956 780 1033 super
798 962 1209 1017 fundamentum
1239 959 1446 1015 Christi
1492 960 1623 1015 vitio
1653 973 1753 1015 suo
1782 973 1876 1013 ex-

278 1062 556 1112 struxerat
570 1053 773 1119 fenum,
792 1055 935 1126 ligna
954 1064 1008 1110 et
1030 1051 1481 1125 stipulam(lCor.
1517 1053 1599 1125 Ill)
1628 1070 1639 1108 :
1667 1051 1871 1107 idcirco

273 1148 471 1206 domus
484 1157 538 1206 et
561 1148 735 1205 Jacob
749 1157 808 1205 et
824 1147 1029 1219 loseph
1059 1149 1111 1204 in
1153 1149 1335 1220 ignem
1360 1157 1604 1204 vertetur
1630 1157 1683 1203 et
1709 1148 1862 1203 ﬂam-

277 1257 447 1309 mam,
486 1242 705 1297 imitans
734 1242 1019 1298 Dominum
1052 1258 1237 1310 suum,
1274 1243 1364 1313 qui
1391 1241 1563 1297 dicit:
1605 1241 1715 1313 Ego
1756 1258 1867 1295 sum

279 1332 421 1390 Deus
451 1335 585 1406 ignis
606 1350 904 1388 consumens
927 1333 1109 1404 (Deut.
1140 1350 1217 1403 tv,
1241 1334 1359 1403 24),
1398 1344 1457 1389 ut
1480 1333 1755 1389 devoratis
1776 1348 1870 1402 pa-

276 1426 378 1482 leis
410 1436 781 1497 peccatorum,
819 1427 1146 1482 frumentum
1191 1442 1387 1498 purum
1417 1427 1471 1481 in
1509 1426 1706 1481 horrea
1741 1441 1873 1481 con-

275 1531 554 1592 gregetur.
581 1519 790 1575 Cuncta
813 1536 935 1591 qum
957 1520 1212 1587 diximus,
1237 1532 1420 1591 etquae
1441 1520 1869 1584 dicturisumus,

275 1612 451 1670 διιόωὶ
478 1613 581 1667 sibi
610 1611 794 1667 futuro
825 1622 1071 1683 tempore
1125 1612 1472 1683 pollicentur,
1512 1611 1729 1683 quando
1772 1625 1872 1680 pro

273 1704 493 1762 Christo
542 1705 809 1776 recipient
858 1708 1281 1775 Antichristum,
1334 1706 1555 1776 impleta
1584 1705 1869 1776 prophetia

1981 511 2103 567 quae
2154 496 2295 552 circa
2336 492 2810 563 EleutherOpolim
2856 498 2979 558 est,
3031 488 3345 561 repromitti
3382 506 3396 543 :
3430 488 3575 559 quod

1981 590 2048 647 ad
2077 591 2539 657 Rbinocoruram,
2575 597 2630 644 et
2662 588 2728 643 ad
2756 602 2915 643 mare
2952 601 3129 656 usque
3176 585 3446 642 tendenda
3477 586 3571 655 sit,

1982 686 2034 741 id
2064 698 2165 750 est,
2199 686 2265 741 de
2297 685 2436 740 tribu
2460 683 2594 739 Juda
2620 697 2729 738 non
2762 683 2940 737 solum
2969 679 3441 751 Eleutheropolim
3491 689 3573 734 te-

1982 790 2170 847 neant,
2201 781 2297 837 sed
2331 795 2502 851 usque
2533 779 2599 834 ad
2631 778 2903 834 maritima
2929 778 3279 849 perveniant,
3303 786 3358 833 et
3376 776 3578 832 Philis-

1979 872 2133 928 thiim
2165 888 2266 928 suo
2294 872 2528 943 imperio
2555 871 2876 941 subjugent,
2902 886 3040 941 quos
3063 870 3215 941 prius
3238 886 3345 927 non
3364 869 3575 925 habue-

1979 966 2467 1034 rantsubjugatos.
2502 963 2832 1019 Dilatabitur
2880 977 3097 1032 quoque
3125 963 3399 1019 terminus
3434 962 3574 1017 ﬁlio-

1977 1073 2099 1113 rum
2126 1056 2262 1112 Juda
2289 1071 2461 1126 usque
2485 1055 2552 1109 ad
2586 1054 2865 1124 Epltraim,
2896 1054 3149 1109 ubinunc
3179 1053 3439 1124 Neapolis
3466 1061 3574 1120 est,

1977 1163 2031 1210 et
2056 1169 2229 1223 usque
2261 1152 2327 1206 ad
2358 1153 2636 1223 regionem
2683 1149 2969 1217 Samariae,
3021 1149 3112 1204 ubi
3161 1150 3393 1207 Scbaste
3442 1163 3574 1205 con~

1976 1247 2086 1304 dita
2117 1255 2217 1302 est.
2252 1245 2534 1316 Benjamin
2578 1254 2757 1300 autem
2808 1242 2963 1312 cujus
3010 1241 3192 1297 statim
3240 1242 3311 1298 ab
3341 1230 3564 1298 Jerusa-

1977 1344 2107 1411 lem,
2138 1349 2327 1397 contra
2363 1339 2792 1410 septentrionem
2831 1336 3052 1392 termini
3090 1336 3413 1403 dilatantur,
3443 1353 3577 1393 cun-

1975 1448 2117 1493 etam
2150 1434 2450 1505 possidebit
2480 1434 2759 1499 Arabiam,
2791 1446 2910 1501 qua:
2956 1431 3112 1500 prius
3139 1429 3441 1486 vocabatur
3466 1430 3573 1487 Ga-

1976 1528 2119 1596 laad,
2148 1538 2201 1583 et
2227 1542 2368 1582 nunc
2396 1526 2597 1582 Gerasa
2623 1524 2733 1596 [Αι.
2758 1523 2986 1595 Gerara]
3019 1532 3384 1593 nuncupatur.
3410 1522 3569 1578 Juxta

1976 1621 2327 1693 Septuaginta
2356 1630 2539 1675 autem
2571 1628 2626 1673 et
2673 1627 2915 1672 montem
2949 1616 3236 1686 Epltraim,
3272 1625 3326 1672 et
3351 1630 3573 1687 campos

1973 1715 2257 1780 Samariae,
2296 1721 2350 1767 et
2378 1710 2687 1779 Benjamin,
2720 1717 2775 1763 et
2820 1707 3050 1773 Galaad,
3079 1707 3132 1763 hi
3158 1710 3248 1779 qui
3278 1708 3486 1764 fuerint
3514 1708 3570 1763 in

274 1800 490 1856 Domini
519 1800 820 1857 Salvatoris
862 1818 876 1856 :
913 1800 1024 1872 Ego
1054 1802 1164 1855 ι·εηὶ
1190 1801 1243 1855 in
1281 1802 1486 1855 nomine
1532 1799 1709 1854 Patris
1748 1800 1864 1867 mei,
1898 1803 1946 1864 B
1973 1806 2198 1862 Meridie
2244 1803 2646 1875 possidebunt:
2676 1801 2781 1856 hoc
2823 1808 3004 1855 utrum
3045 1798 3251 1856 factum
3305 1799 3398 1867 sit,
3429 1800 3571 1856 Deus

273 1902 324 1949 et
354 1911 457 1948 non
477 1894 776 1962 suscepistis
808 1911 885 1947 me
915 1911 933 1949 :
964 1899 1007 1949 si
1028 1895 1167 1951 alius
1203 1896 1394 1949 venerit
1430 1895 1483 1948 in
1506 1894 1711 1948 nomine
1752 1910 1868 1962 suo,

272 1987 421 2041 illum
485 1986 952 2058 reeipietionan.
983 2004 1037 2054 v,
1084 1989 1196 2059 4⁵5).
1232 1989 1303 2044 Et
1356 1987 1615 2059 quidquid
1678 1995 1870 2042 contra

271 2078 565 2136 ldumazam
623 2082 967 2153 interpretati
1021 2097 1229 2149 sumus,
1265 2082 1343 2137 illi
1374 2082 1634 2138 adversus
1665 2081 1869 2137 Roma-

272 2187 401 2226 num
424 2189 649 2244 regnum
665 2175 941 2230 somniant
975 2192 986 2228 :
1018 2175 1163 2246 quod
1193 2191 1294 2230 nos
1319 2176 1573 2245 dicimus,
1606 2175 1869 2245 autjuxta

271 2267 553 2323 biStoriam
586 2270 688 2325 sub
715 2269 1021 2325 Zorobabel
1050 2285 1172 2326 esse
1196 2273 1306 2340 jam
1331 2270 1551 2335 factum,
1578 2270 1593 2338 ζ
1601 2279 1692 2323 aut
1720 2277 1870 2323 certe

267 2360 420 2432 juxta
453 2362 819 2433 prophetiam,
847 2371 902 2419 et
927 2365 1187 2436 mysticos
1211 2364 1522 2420 intellectus
1555 2362 1866 2435 quotidiein

273 2455 527 2511 Ecclesia
551 2458 688 2526 ﬁeri,
724 2459 850 2513 etin
881 2475 1049 2529 regno
1093 2460 1285 2514 animm
1312 2459 1577 2515 adversus
1621 2472 1862 2523 carnem,

271 2550 325 2605 in
360 2566 683 2623 unoquoque
731 2554 1020 2623 compleri.
1077 2552 1520 2608 Frumentarinm
1571 2562 1750 2608 autem
1780 2566 1867 2607 se-

276 2644 515 2699 cundum
546 2646 903 2717 tr0pologiam
929 2646 1185 2703 desinere
1202 2648 1579 2704 essedicimus
1612 2649 1664 2702 in
1698 2648 1866 2703 hane-

270 2740 419 2805 ticis,
444 2739 662 2810 quando
692 2741 869 2796 nullus
895 2742 1060 2797 fuerit
1084 2745 1173 2813 qui
1204 2744 1346 2814 apud
1377 2758 1473 2799 eos
1505 2759 1735 2814 granum
1768 2744 1864 2798 tri-

273 2832 394 2898 tici,
422 2831 565 2902 quod
604 2833 658 2889 in
688 2842 831 2889 terra
860 2844 1132 2889 mortuum
1165 2844 1269 2901 est,
1305 2846 1357 2891 et
1386 2851 1578 2902 panem
1610 2836 1681 2892 de
1709 2836 1864 2891 cretis

269 2923 474 2980 habere
527 2942 585 2982 se
610 2927 801 2995 jactet.
834 2927 975 2983 Sunt
1006 2929 1097 3000 qui
1138 2944 1244 2984 non
1288 2930 1593 3007 πυροφόρον,
1656 2929 1709 2984 id
1754 2938 1858 2995 est,

270 3021 664 3091 frumentarium
688 3038 706 3075 :
728 3022 822 3077 sed
845 3024 1122 3101 πυρφόρον,
1147 3022 1251 3078 hoc
1272 3034 1377 3089 est,
1407 3026 1494 3094 qui
1514 3035 1713 3097 gestare
1738 3040 1859 3093 pos-

266 3114 334 3169 sit
352 3114 655 3185 igniculum,
688 3131 719 3170 a
758 3115 1109 3186 Septuaginta
1165 3117 1482 3171 translatum
1514 3127 1723 3188 putent.
1757 3116 1862 3171 Ac-

1974 1898 2199 1966 viderit;
2232 1908 2410 1969 potest
2442 1898 2583 1953 enim
2617 1910 2686 1951 ex
2720 1906 2871 1965 parte
2900 1909 2997 1964 per
3024 1909 3200 1949 annos
3236 1895 3566 1965 quingentos

1982 2008 2155 2065 usque
2183 1993 2248 2048 ad
2294 1992 2583 2047 adventum
2617 1988 2818 2044 Christi
2859 2003 2984 2044 esse
3011 1987 3347 2057 completum
3381 2005 3391 2039 :
3421 1984 3567 2057 quod

1973 2090 2110 2145 sicut
2140 2086 2167 2125 δ
2194 2086 2504 2142 certissime
2536 2083 2669 2149 scio,
2704 2082 2867 2154 382
2895 2080 3137 2152 quotidie
3159 2078 3487 2150 completur,
3511 2086 3569 2133 et

1973 2184 2025 2240 in
2047 2197 2215 2253 regno
2234 2179 2490 2236 Ecclesiae
2514 2181 2891 2235 conﬁrmatur.
2925 2178 2989 2233 ili
3022 2176 3169 2233 enim
3193 2174 3287 2247 qui
3314 2176 3563 2231 habitant

1972 2279 2025 2334 in
2068 2276 2314 2339 Meridie,
2349 2275 2401 2330 id
2435 2282 2541 2341 est,
2577 2273 2631 2328 in
2653 2272 2861 2343 Nageb,‘
2894 2280 2951 2327 et
2999 2271 3051 2325 in
3077 2284 3207 2326 vero
3249 2277 3377 2325 sunt
3405 2269 3569 2325 lumi-

1971 2385 2065 2435 ne,
2098 2378 2151 2424 et
2180 2369 2269 2439 qui
2306 2376 2492 2422 tenent
2524 2365 2847 2434 campestria
2880 2373 2934 2419 et
2966 2361 3219 2429 humilia,
3248 2360 3302 2416 id
3325 2370 3439 2429 est,
3481 2361 3567 2416 di-

1971 2462 2166 2533 scipuli
2192 2461 2331 2531 ejus,
2367 2458 2567 2529 quibus
2596 2456 2731 2512 dicit
2765 2474 2778 2509 :
2828 2455 3022 2510 Discite
3061 2472 3094 2509 a
3142 2471 3223 2509 me
3249 2456 3370 2526 quia
3420 2454 3562 2507 mitis

1969 2574 2105 2622 sum,
2145 2566 2191 2609 et
2236 2554 2445 2607 Immitis
2495 2550 2692 2623 corde(
2720 2549 2873 2603 Matt.
2927 2565 2984 2613 ι,
3014 2546 3157 2619 24),
3205 2547 3567 2617 possidebunt

1969 2658 2209 2706 montem
2249 2648 2393 2704 Esau
2428 2656 2485 2702 et
2528 2644 2859 2700 Philisthiim
2895 2661 2906 2697 :
2947 2657 3085 2714 quos
3114 2655 3408 2712 possumus
3437 2655 3566 2712 pro.

1967 2755 2090 2816 pter
2120 2744 2436 2814 superbiam
2470 2741 2807 2812 dogmatum,
2840 2747 2895 2794 et
2924 2738 3299 2809 eloquentiam
3328 2736 3560 2793 saecula-

1966 2855 2081 2896 rem
2115 2840 2168 2893 in
2217 2837 2576 2893 Ethnicorum
2604 2848 2838 2905 persona
2870 2832 3143 2901 accipere.
3178 2829 3250 2887 Ut
3282 2831 3336 2885 in
3368 2837 3557 2885 monte

1968 2932 2079 2987 sint
2100 2930 2365 3000 magistri,
2398 2929 2452 2983 in
2476 2926 2823 2991 Pbilisthiim,
2858 2935 2911 2980 et
2938 2923 3264 2994 alienigenis
3288 2923 3561 2992 discipuli,

1966 3026 2056 3095 qui
2084 3023 2468 3092 magistrorum
2496 3021 2820 3075 auctoritate
2844 3017 3138 3071 ducuntur.
3165 3015 3233 3069 Et
3257 3030 3362 3069 non
3383 3014 3558 3069 solum

1966 3127 2206 3173 montem
2236 3117 2405 3182 Esau,
2427 3124 2482 3170 et
2507 3114 2863 3183 alienigenas,
2897 3110 2997 3167 sed
3036 3109 3317 3181 regionem
3338 3124 3555 3179 quoque

270 3207 620 3276 quiescentes
650 3207 813 3278 igitur
852 3209 1082 3264 diversis
1111 3210 1674 3280 interpretationibus,
1707 3211 1860 3265 dice-
1890 3189 1933 3252 Ο
1968 3210 2221 3281 Ephraim
2239 3219 2293 3265 et
2317 3208 2579 3265 Samaria:
2610 3205 2986 3274 possidebunt.
3020 3203 3276 3273 lfphraim
3302 3200 3560 3257 etSatna-

271 3298 573 3365 musjuxta
621 3301 1002 3369 tmpologiam,
1066 3315 1176 3355 non
1228 3301 1402 3355 solum
1443 3301 1857 3356 frumentarium

266 3400 605 3446 cessaturum
642 3392 781 3461 apud
826 3392 1108 3448 haereticos
1143 3407 1156 3443 :
1188 3394 1348 3466 381
1390 3394 1483 3449 sed
1515 3403 1570 3449 et
1593 3409 1715 3448 eum
1769 3395 1859 3464 qui

266 3482 439 3539 lucem
468 3482 667 3539 Christi
699 3485 901 3541 habere
928 3501 987 3542 se
1026 3487 1262 3541 simulat.
1296 3488 1519 3542 Etenim
1553 3488 1668 3557 ipse
1699 3486 1859 3543 Sata-

264 3591 362 3632 nas
394 3578 808 3649 transﬁguratur
839 3580 890 3633 in
914 3580 1178 3651 Angelum
1203 3581 1337 3635 lucis
1360 3580 1429 3650 (ll
1460 3580 1582 3637 Cor.
1611 3581 1709 3649 xt).

335 3670 516 3742 (Vers.
542 3672 659 3741 i9.)
681 3672 744 3727 Et
774 3673 1152 3727 ha’reditabunt
1177 3675 1231 3726 hi
1252 3675 1420 3745 quiad
1444 3676 1695 3728 Austrum
1715 3684 1856 3741 sunt,

260 3773 485 3817 mentem
518 3762 702 3819 Esau:
728 3773 776 3819 et
820 3767 908 3836 qui
954 3767 1005 3818 in
1054 3767 1449 3836 campestribus,
1491 3766 1857 3823 Philisthiim:

258 3863 309 3907 et
349 3856 687 3927 possidebunt
718 3856 973 3928 regionem
1010 3857 1284 3930 Ephraim,
1306 3870 1354 3914 et
1380 3863 1639 3931 regionem
1668 3863 1856 3917 Sama-

255 3948 445 4002 ritc:et
476 3948 749 4021 Benjamin
771 3952 1048 4019 possidebit
1073 3952 1300 4007 Galaad.
1325 3954 1503 4009 LXX:
1536 3955 1602 4009 Et
1623 3957 1856 4026 posside-

257 4038 386 4093 bunt
402 4040 489 4108 qui
503 4041 555 4093 in
571 4040 773 4112 Nageb,
790 4053 1011 4097 montem
1029 4044 1170 4099 Esau
1186 4062 1204 4099 .·
1219 4058 1265 4099 et
1280 4049 1368 4113 qui
1383 4049 1434 4101 in
1451 4048 1703 4120 Sepheta,
1721 4050 1853 4103 alie-

257 4136 495 4206 nigenas,
536 4144 583 4189 et
613 4137 943 4206 possidebunt
971 4149 1194 4217 montem
1230 4139 1506 4211 Ephraim,
1532 4153 1580 4195 et
1606 4160 1850 4214 campum

259 4226 538 4292 Samaritc,
562 4235 609 4282 et
630 4225 927 4296 Beniamin,
954 4241 999 4284 et
1022 4230 1251 4286 Gutaad.
1281 4234 1521 4288 Reverso
1544 4235 1594 4289 in
1621 4250 1850 4306 regnum

254 4332 413 4373 suum
472 4318 632 4388 Juda,
688 4322 784 4392 qui
832 4321 1101 4376 habitavit
1148 4324 1202 4378 in
1236 4324 1488 4389 Meridie,
1518 4337 1569 4381 et
1602 4327 1844 4396 possedit

253 4420 506 4465 cunctam
530 4415 839 4482 regionem,
870 4416 1023 4485 juxta
1053 4415 1374 4473 divisionem
1405 4419 1533 4474 Jesu
1558 4419 1649 4475 ﬁlii
1678 4420 1844 4489 Nave,

252 4516 375 4571 quae
403 4505 575 4574 vergit
606 4506 671 4560 ad
696 4509 1068 4577 scorpionem,
1100 4508 1152 4563 id
1180 4518 1283 4573 est,
1312 4520 1335 4545 α
1356 4511 1423 4565 ad
1451 4528 1667 4567 omnem
1691 4516 1846 4567 Acra-

1965 3305 2101 3361 riam
2124 3304 2318 3359 crebro
2351 3303 2401 3358 in
2434 3302 2574 3357 Osee
2605 3300 2862 3370 legimus,
2897 3307 2952 3353 et
2983 3299 3034 3352 in
3069 3296 3394 3359 ltazresibns,
3437 3311 3556 3365 qum

1964 3397 2067 3453 sub
2095 3396 2315 3451 nomine
2344 3393 2656 3449 Christiano
2688 3389 3268 3457 Ecclesiamdividunt,
3288 3389 3557 3457 interpre-

1966 3486 2061 3541 tati
2083 3501 2292 3541 sumus.
2327 3486 2393 3541 Et
2422 3484 2493 3539 ibi
2518 3484 2661 3539 enim
2696 3491 2948 3553 speratur
2970 3482 3191 3536 ubertas
3220 3524 3233 3546 ,
3272 3490 3327 3535 et
3360 3479 3432 3534 ibi
3456 3496 3551 3533 en-

1963 3579 2195 3635 stodiam
2227 3578 2349 3633 ﬁdei
2404 3575 2815 3645 repromittunt.
2852 3574 3024 3630 Porro
3052 3572 3358 3642 Denjamin,
3412 3572 3555 3641 ﬁlius

1962 3672 2204 3734 dextertz,
2238 3680 2397 3741 atque
2424 3668 2664 3733 virtutis,
2694 3668 2781 3723 ubi
2812 3666 3101 3735 Templum
3136 3666 3230 3721 Dei
3264 3674 3348 3721 est
3369 3707 3381 3729 ,
3428 3679 3554 3733 pos-

1961 3765 2161 3821 sidebit
2207 3763 2434 3827 Gataad,
2466 3777 2586 3834 quae
2636 3762 3030 3832 interpretatur
3066 3757 3454 3830 transmigratio
3484 3767 3560 3809 te-

1959 3858 2215 3923 stimonii,
2246 3857 2500 3912 lsraelem
2530 3870 2788 3910 carnetnn
2819 3853 3131 3923 signiﬁcans
3157 3867 3171 3906 :
3201 3851 3268 3906 ab
3288 3851 3552 3906 itlisenim

1961 3951 2027 4006 ad
2089 3966 2187 4005 nos
2238 3950 2606 4006 testimonium
2652 3948 2869 4003 Domini
2934 3947 3342 4017 commigravit.
3393 3945 3553 4001 Juxta

1961 4047 2318 4117 Septuaginta
2362 4054 2543 4101 autem
2576 4054 2630 4099 et
2674 4045 2848 4114 ipsum
2879 4041 3192 4111 Benjamin,
3226 4051 3282 4096 et
3322 4039 3550 4104 Galaad,

1959 4141 2013 4196 bi
2046 4142 2138 4210 qui
2170 4139 2375 4195 fuerint
2404 4140 2455 4193 in
2486 4137 2733 4203 Meridie,
2762 4135 3144 4206 possidebunt.

2034 4234 2214 4304 (Vers.
2243 4234 2334 4302 20,
2354 4234 2471 4305 ‘21.)
2492 4232 2559 4287 Et
2586 4233 2976 4304 transmigratio
3005 4230 3261 4285 exercitus
3284 4229 3394 4297 ejus
3417 4227 3555 4294 ﬁlio-

1954 4344 2070 4382 rum
2099 4327 2269 4382 Israel
2301 4345 2317 4381 :
2347 4330 2521 4381 omnia
2576 4326 2996 4381 Chananworunt
3042 4341 3203 4394 usque
3255 4323 3324 4376 ad
3352 4323 3552 4392 Sarep-

1956 4422 2095 4475 tham
2136 4420 2248 4493 [AL
2290 4420 2617 4491 Saraptam].
2656 4420 2721 4473 Et
2774 4417 3163 4487 transmigratio
3217 4413 3550 4480 Jerusalem,

1952 4532 2065 4586 qua:
2085 4516 2137 4568 in
2166 4514 2433 4587 Bosphoro
2455 4525 2547 4577 est,
2574 4513 2859 4584 possidebit
2884 4512 3115 4564 civitates
3137 4509 3335 4562 Austri.
3369 4506 3438 4561 Et
3497 4527 3555 4560 a-

251 4592 578 4664 bitthcnam,
611 4597 664 4652 hi
694 4600 784 4669 qui
818 4600 971 4669 prius
1006 4601 1255 4655 terminis
1302 4605 1653 4660 arctabantur
1682 4622 1849 4676 angu-
1879 4587 1931 4647 D
1956 4608 2197 4661 scendent
2224 4606 2504 4660 satratores
2544 4606 2597 4657 in
2651 4616 2817 4657 monte
2861 4603 3014 4666 Sion,
3055 4601 3297 4672 judicare
3330 4611 3549 4653 montem

252 4690 373 4757 stis,
401 4692 760 4760 pos.~idebunt
787 4706 1028 4749 montem
1056 4696 1220 4762 Esau,
1240 4696 1291 4751 id
1321 4707 1424 4761 est,
1458 4708 1670 4753 montes
1701 4698 1846 4766 Seir,

249 4792 305 4836 et
327 4791 594 4838 montana
622 4800 743 4855 quae
778 4785 947 4840 Edom
972 4796 1103 4842 ante
1148 4790 1494 4858 possederat.
1531 4790 1632 4857 Qui
1662 4802 1848 4846 autem

250 4872 571 4930 habitabant
599 4877 652 4931 in
684 4876 942 4948 Septtela,
976 4878 1028 4933 id
1056 4886 1161 4946 est,
1194 4880 1246 4933 in
1270 4882 1692 4949 campestribus,
1721 4882 1849 4937 Lid-

250 4963 376 5019 dam
407 4974 462 5020 et
523 4965 810 5032 Emmaus,
862 4968 1165 5037 DiOSpolim
1214 4970 1458 5038 scilicet,
1516 4970 1848 5043 Nic0polim-

249 5072 356 5127 que
388 5058 736 5129 signiﬁcans,
803 5060 1166 5130 possidebunt
1216 5061 1563 5130 Palaestinos,
1616 5066 1854 5135 quinque

251 5153 415 5208 urbes
441 5152 883 5222 Palmstinorum,
932 5155 1158 5223 Gazam,
1193 5156 1550 5225 Ascalonem,
1591 5159 1846 5225 Azotum,

1955 4696 2101 4751 Esau
2131 4714 2149 4751 :
2177 4707 2223 4751 et
2248 4699 2341 4750 erit
2368 4696 2591 4749 Domino
2615 4710 2855 4764 regnum.
2889 4692 3031 4747 LXX
3057 4710 3069 4745 :
3114 4691 3178 4746 Et
3203 4693 3551 4762 transmigra-

1954 4790 2107 4843 tionis
2160 4790 2471 4860 principium
2534 4787 2675 4842 istud
2719 4787 2845 4856 ﬁtiis
2896 4784 3065 4840 Israel
3105 4803 3122 4840 :
3167 4796 3309 4841 terra
3350 4783 3555 4839 Chana-

1954 4898 2184 4937 narorum
2210 4899 2370 4953 usque
2393 4881 2703 4949 Sareptham
2731 4922 2744 4945 ,
2772 4890 2820 4934 et
2843 4880 3234 4951 transmigratio
3255 4878 3549 4932 Jerusalem

1954 4990 2114 5045 usque
2140 4973 2531 5045 Euphrathem,
2585 4973 2914 5041 possidebunt
2950 4972 3177 5026 civitates
3230 4969 3431 5040 Nageb.
3484 4966 3553 5019 Et

1953 5067 2230 5121 ascendent
2258 5069 2346 5138 qui
2377 5067 2507 5122 salvi
2528 5070 2733 5139 fuerant
2764 5067 2825 5120 de
2854 5076 3023 5120 monte
3048 5065 3181 5121 Sion
3211 5080 3229 5117 :
3250 5072 3305 5117 ut
3336 5061 3551 5131 puniant

1952 5166 2173 5213 montem
2194 5156 2359 5223 Esau,
2393 5168 2440 5212 et
2473 5159 2574 5213 erit
2601 5157 2825 5213 Domino
2849 5173 3081 5228 regnum.
3108 5152 3337 5209 Multum
3368 5151 3423 5206 in
3447 5149 3549 5203 hoc

249 5244 521 5310 Accaron,
555 5246 717 5312 Getb,
748 5248 833 5303 vel
866 5262 1088 5303 onmem
1117 5248 1265 5303 illam
1291 5249 1506 5320 plagam
1539 5268 1660 5321 qua}
1688 5251 1850 5321 juxta
1949 5250 2071 5306 loco
2103 5252 2392 5305 translatio
2426 5261 2610 5306 nostra
2654 5251 2929 5319 discrepat
2984 5248 3051 5301 ab
3111 5245 3361 5300 Editione
3417 5242 3550 5297 Vul-

248 5337 417 5394 Actus
470 5339 857 5412 Apostolorum
918 5342 1159 5398 Saronas
1217 5343 1546 5414 appellatur.
1581 5343 1690 5400 Alii
1715 5360 1846 5401 vero

283 5589 786 5672 .fPa_l'atin._mss.,
821 5595 889 5647 ad
915 5595 1174 5667 scorpion,
1216 5595 1270 5672 id
1299 5603 1398 5672 est,
1436 5611 1636 5650 omnem
1677 5595 1838 5672 Acra-

246 5659 385 5736 bitte.
424 5659 560 5718 Nam
590 5664 663 5729 hi,
694 5659 831 5731 etc.,
856 5659 1182 5736 quamquam
1226 5667 1280 5721 in
1318 5659 1493 5723 altero
1524 5683 1629 5721 vox
1673 5667 1834 5721 Acra-

243 5731 368 5813 bitte
394 5736 737 5813 expungitur,
775 5731 1002 5807 pro—qua
1035 5731 1223 5813 Arabia
1246 5738 1834 5813 subrogaturad‘mar-

243 5805 450 5873 ginem.
484 5805 789 5875 Victorius;
812 5824 973 5879 quem
1006 5812 1311 5881 sequimur,
1344 5805 1685 5869 concinniori
1709 5826 1830 5866 cer-

1948 5354 2072 5418 gata
2098 5364 2109 5400 :
2141 5345 2283 5402 unde
2311 5345 2645 5403 debemusin
2672 5344 3020 5415 expositione
3043 5338 3291 5395 historia:
3319 5334 3550 5393 Hebrai-

1949 5604 2001 5650 te
2031 5609 2217 5661 sensu,
2248 5610 2387 5662 nam,
2418 5607 2553 5649 voce
2604 5604 3009 5662 supervacanea
3036 5590 3275 5658 sublata,
3316 5604 3422 5645 una
3451 5604 3543 5645 se-

1943 5667 2026 5723 rie
2060 5671 2249 5722 nectit.

2012 5736 2040 5776 δ
2072 5738 2239 5810 Iidem
2279 5753 2437 5806 mss.,
2466 5738 2603 5810 quod
2642 5735 2924 5793 certissime
2952 5737 3059 5793 scio
3107 5734 3371 5807 quotidie,
3412 5736 3541 5805 quia

1942 5809 2250 5882 completur,
2285 5818 2389 5867 etc.
