4120 6342
482 235 621 292 HIS

1712 236 1773 296 S.
1817 235 2089 299 EUSEBII
2126 236 2505 296 I-IIERONYMI

3634 236 3765 298 “I6

477 363 594 404 cam
627 349 907 405 veritatem
940 348 1115 419 sequi.
1150 347 1250 416 Qui
1280 348 1345 402 de
1390 348 1669 421 Babylone
1718 350 1873 421 juxta
1915 350 2067 411 volu-
2100 350 2146 415 Α
2175 332 3765 425 dPHELETIMmm’Smﬂebraaoscrmonedicuntur.Quia

481 458 604 497 men
643 443 826 496 Estlrae
861 450 915 497 et
940 441 1174 499 Neemite
1208 443 1411 523 reversi
1446 443 1660 498 fuerant
1689 444 1741 503 in
1782 444 2025 503 Judream
2051 488 2070 516 ,

483 543 509 571 ⁸
536 546 684 590 recte
710 533 1112 604 transmigratio
1135 535 1491 590 vocabuntur.
1528 536 1696 591 Totus
1737 538 1829 595 ille
1859 540 2073 596 exerci-

478 639 566 684 tus
593 629 828 684 ﬁliorum
856 629 1025 685 Israel
1060 628 1126 682 ad
1158 628 1440 685 Meridiem
1465 630 1707 700 quidem,
1737 640 1793 687 et
1820 632 1885 686 ad
1913 631 2071 688 Occi-

475 722 716 787 dentem,
741 732 797 776 et
823 721 887 775 ad
922 720 1368 791 Septentrionem
1400 722 2070 792 possidebuntldummos,

478 815 639 889 383
662 824 716 871 et
745 815 1094 883 Palaestinos,
1127 825 1183 872 et
1215 827 1456 872 montem
1491 817 1771 888 prraim,
1799 828 1853 875 et
1882 818 2072 877 Sama-

476 910 638 964 riam.
665 908 951 977 Benjamin
977 924 1196 979 quoque
1224 910 1349 975 quia
1392 910 1626 965 conﬁnis
1655 920 1741 967 est
1768 913 2071 979 solitudini,

478 1002 793 1070 Specialiter
821 1002 1091 1058 obtinebit
1117 1002 1350 1059 Galaad,
1386 1002 1585 1059 Contra
1611 1004 1892 1064 Orientem
1936 1024 2072 1063 vero

483 1095 695 1152 cumtis
722 1111 845 1167 quae
884 1095 935 1151 in
982 1106 1128 1152 terra
1175 1095 1614 1153 Chananreoruin
1648 1109 1795 1168 sunt,
1840 1098 2075 1172 impera-

483 1188 622 1243 bunt
671 1203 841 1260 usque
869 1188 934 1243 ad
970 1188 1296 1259 Sareptbam
1344 1188 1722 1255 Sidoniorum,
1776 1192 1864 1247 ubi
1903 1207 2076 1264 quon-

486 1281 612 1337 dam
647 1281 820 1336 Etiam
854 1282 999 1352 pavit
1028 1282 1184 1335 vidua
1211 1282 1301 1353 (IV
1330 1281 1456 1356 Reg.
1503 1284 1623 1353 vn).
1676 1283 1849 1339 Porro
1900 1285 1951 1340 hi
1982 1287 2074 1357 qui

483 1374 550 1428 de
579 1376 690 1444 ipsa
721 1375 1025 1433 Jerusalem
1072 1374 1359 1444 metropoli
1409 1376 1628 1430 civitate
1670 1378 1915 1434 translati
1961 1378 2077 1435 fue-

481 1478 601 1521 rant
632 1466 683 1521 in
713 1466 1013 1533 Sapliarad,
1048 1467 1190 1536 quod
1219 1482 1315 1522 nos
1341 1468 1392 1521 in
1423 1467 1753 1539 Bosphorum
1772 1472 2034 1527 vertimus
2054 1516 2069 1541 ,

484 1558 842 1627 possidebunt
867 1560 1113 1614 civitates
1137 1558 1343 1628 Austri,
1364 1575 1484 1631 qua:
1514 1571 1638 1617 sunt
1661 1563 1712 1617 in
1740 1565 1878 1619 tribu
1899 1566 2072 1621 Juda:

484 1650 695 1704 reversi
721 1650 863 1705 enim
896 1650 947 1705 in
998 1650 1188 1706 urbem
1244 1667 1427 1720 suam,
1474 1668 1536 1709 ea
1584 1671 1703 1724 quae
1738 1658 1857 1711 urbi
1897 1658 2074 1713 vicina

2169 440 2323 511 juxta
2373 442 2681 512 historiam,
2712 452 2772 498 ut
2798 446 3102 515 potuimus,
3156 445 3502 516 interpretati
3554 462 3765 516 sumus,

2173 544 2228 589 et
2252 534 2777 606 interIconfragosos
2804 536 3062 607 sc0pulos
3080 546 3323 594 nostram
3347 538 3651 595 naviculam
3683 556 3772 595 re-

2177 625 2358 681 ximus
2389 644 2398 681 :
2428 628 2728 696 spiritualis
2758 628 3136 700 intelligentia:
3184 629 3305 685 vela
3356 630 3683 701 pandamus,
3713 642 3773 686 ut

2175 717 2339 775 ﬂante
2368 719 2623 788 Domino,
2645 729 2700 775 et
2734 735 2829 776 sua
2860 731 3141 777 reserante
3172 724 3453 795 mysteria,
3489 723 3599 777 lecti
3650 739 3771 793 per-

2176 813 2457 869 veniamus
2508 814 2574 869 ad
2626 824 2863 883 portum.
2914 816 2990 871 Eo
3034 823 3281 886 tempore
3326 830 3433 887 quo
3484 816 3771 885 Benjamin

2173 905 2491 976 possederat
2528 906 2635 979 [ΑΙ.
2694 906 3019 982 possederit]
3084 907 3312 977 Galaad,
3359 908 3775 980 transmigratio

2174 989 2452 1055 exercitus
2484 999 2722 1055 ﬁliorum
2737 998 2924 1067 Israel,
2960 1001 3040 1055 vel
3068 1012 3219 1055 certe
3236 1001 3564 1071 principium
3593 1009 3773 1055 trans-

2175 1091 2514 1163 migrationis
2544 1093 2729 1150 carnei
2769 1093 3039 1164 quondam
3067 1092 3260 1161 Israel,
3288 1093 3431 1148 istud
3454 1094 3584 1159 erit,
3617 1103 3680 1148 ut
3705 1094 3775 1149 ad

2175 1182 2612 1240 Cbananazorum
2676 1195 2882 1240 terram
2933 1185 3251 1255 perveniat,
3317 1195 3373 1241 et
3423 1186 3779 1256 propheticus

2175 1291 2357 1332 sermo
2386 1278 2476 1348 qui
2510 1278 2651 1334 fame
2703 1279 3116 1348 periclitabatur
3149 1280 3201 1334 in
3243 1278 3458 1344 Iudaea,
3493 1281 3779 1335 exsiccata

2177 1370 2374 1425 vellere
2406 1370 2599 1439 Israel,
2632 1371 2699 1425 ad
2726 1374 2969 1442 gentium
3003 1382 3026 1409 ε
3057 1386 3242 1450 rorem
3275 1381 3522 1429 transeat
3551 1392 3564 1427 :
3593 1372 3779 1444 ibique

2177 1474 2453 1536 pascatur,
2488 1475 2542 1520 et
2566 1478 2773 1534 pascat,
2802 1466 2931 1521 dum
2965 1476 3018 1522 ct
3041 1468 3310 1537 recipitur
3336 1483 3363 1520 a
3388 1467 3739 1523 credentibus
3758 1510 3777 1533 ,

2178 1568 2232 1612 et
2265 1558 2437 1625 pascit
2488 1558 2603 1627 ipse
2646 1558 2963 1614 credentes.
3006 1558 3293 1631 Sareptha,
3350 1560 3434 1615 vel
3466 1575 3533 1615 ex
3565 1560 3781 1616 duobus

2177 1652 2543 1721 compositum
2589 1665 2697 1719 ρει,
2730 1663 2786 1708 et
2834 1649 3249 1723 interpretatur
3279 1655 3525 1725 angustia
3577 1655 3725 1721 panis
3758 1671 3781 1709 :

482 1753 608 1797 sunt
630 1744 972 1797 obtinebunt.
1002 1742 1249 1815 Cumque
1280 1744 1397 1800 haec
1428 1745 1643 1817 expleta
1675 1747 1904 1816 fuerim,
1931 1752 2076 1808 sicut
2106 1734 2152 1795 Β
2180 1742 2264 1798 vel
2292 1758 2456 1797 unum
2508 1742 2734 1798 verbum
2770 1754 2875 1809 est,
2932 1750 2989 1798 et
3018 1746 3349 1799 transfertur
3374 1746 3424 1799 in
3455 1746 3781 1800 incendium.

482 1836 535 1889 in
581 1834 830 1891 Judicum
861 1834 1021 1903 libro,
1059 1836 1309 1894 mittebat
1340 1837 1607 1895 Dominus
1652 1841 1957 1898 salvatores
1985 1844 2076 1914 qui

486 1928 743 1996 populum
800 1927 867 1983 de
917 1928 1233 1999 captivitate
1266 1930 1545 1986 salvarent
1579 1949 1592 1984 :
1627 1934 1705 1989 sic
1735 1935 2070 2001 ascenderit,

482 2031 536 2076 et
561 2022 775 2076 venient
809 2022 862 2076 in
896 2031 1140 2077 montem
1174 2023 1332 2091 Sion,
1362 2033 1419 2078 ut
1448 2024 1698 2094 judicent
1748 2038 1913 2099 atque
1965 2029 2079 2084 dis-

482 2123 734 2177 cernant,
763 2113 919 2183 quasi
955 2114 1280 2185 subjectum,
1311 2126 1366 2171 et
1408 2119 1741 2174 servientem
1774 2120 1880 2176 sibi
1925 2136 2079 2177 mon-

487 2215 594 2262 tem
640 2209 808 2278 Esau,
839 2208 943 2264 hoc
972 2219 1077 2277 est,
1120 2210 1394 2269 Idumaeos
1419 2230 1430 2265 ;
1459 2214 1870 2287 subjugatisquc
1901 2217 2081 2272 omni-

485 2304 607 2368 bus,
638 2305 744 2357 erit
771 2302 1005 2359 Domino
1029 2320 1273 2375 regnum.
1295 2308 1393 2362 Ubi
1412 2324 1512 2361 nos
1538 2309 1823 2378 posuimus
1838 2309 2075 2384 Bospho-

484 2411 633 2459 rum,
674 2396 731 2449 in
767 2395 1036 2452 chraico
1062 2396 1223 2453 habet
1259 2397 1631 2454 SAPIIARAD
1655 2402 1855 2474 (Tiso)
1894 2422 1905 2457 :
1935 2405 2080 2474 quod

486 2489 677 2547 nescio
726 2506 821 2546 cur
866 2490 1218 2563 Septuaginta
1248 2493 1529 2564 prratha
1556 2497 1855 2554 transferre
1888 2501 2075 2557 volue-

486 2584 599 2639 rint
626 2583 732 2655 [ΑΙ.
770 2586 1081 2660 potuerint]
1106 2631 1121 2656 ,
1150 2602 1272 2643 cum
1303 2597 1358 2645 et
1387 2590 1608 2660 Aquila,
1637 2600 1693 2647 et
1716 2593 2080 2664 Symmachus

485 2689 541 2736 et
586 2680 895 2737 Theodotio
952 2698 1074 2738 cum
1129 2684 1392 2740 llebraica
1447 2688 1677 2743 veritate
1718 2690 2076 2748 concordent.

488 2772 599 2827 Nos
628 2782 809 2829 autem
842 2774 910 2830 ab
959 2775 1220 2845 Hebrrco,
1253 2776 1347 2847 qui
1378 2792 1478 2833 nos
1510 2779 1567 2833 in
1608 2778 1905 2851 Scripturis
1949 2798 2079 2839 san-

490 2868 594 2921 ctis
640 2868 902 2936 erudivit,
939 2868 1235 2925 didicimus
1266 2870 1605 2940 bospborum
1646 2875 1727 2929 sic
1767 2875 1955 2930 vocari
1988 2894 1999 2930 :
2027 2885 2083 2932 et

488 2964 640 3030 quasi
682 2962 924 3026 Iudaeus,
960 2963 1090 3030 Ista,
1125 2965 1321 3035 inquit,
1357 2974 1437 3020 est
1469 2966 1648 3037 regio,
1678 2968 1742 3022 ad
1775 2983 1936 3039 quam
1968 2968 2081 3024 Ha-

488 3053 715 3109 drianus
764 3057 1013 3126 captivos
1048 3057 1347 3112 transtulit.
1383 3057 1615 3126 Quando
1655 3075 1790 3131 ergo
1830 3059 2082 3116 Christus

489 3157 679 3201 noster
700 3149 938 3214 venerit,
991 3157 1119 3202 tunc
1150 3164 1435 3205 rcversura
1467 3160 1551 3206 est
1575 3151 1887 3207 inludatam
1911 3154 2080 3209 etiam
2108 3124 2153 3187 (ἶ

490 3241 579 3293 illa
631 3241 937 3309 captivitas.
994 3240 1289 3296 Possumus
1345 3251 1525 3297 autem
1573 3243 1751 3297 locum
1784 3246 2082 3314 quemlibet

489 3337 645 3405 regni
683 3336 981 3407 Babylonis
1005 3335 1337 3407 intelligere,
1368 3353 1700 3408 quamquam
1735 3348 1788 3395 et
1816 3338 1963 3393 aliud
1986 3354 2079 3394 ar-

492 3427 678 3481 bitrer.
710 3427 844 3481 Nam
871 3429 1287 3483 consuetudinis
1313 3429 1701 3499 prophetarum
1731 3438 1835 3498 est,
1867 3432 2083 3496 quando

488 3520 788 3589 loquuntur
810 3528 996 3575 contra
1025 3521 1381 3593 Bibylonem,
1406 3522 1767 3586 Ammonitas,
1795 3522 2083 3592 Moabitas,

497 3614 849 3678 I'liilistbiim,
877 3626 931 3672 et
952 3626 1182 3670 caeteras
1212 3618 1486 3683 nationes,
1526 3620 1709 3673 multis
1736 3620 2086 3675 sermonibus

498 3707 693 3776 lingua:
706 3723 892 3762 eorum
907 3708 1130 3772 abnti,ct
1154 3723 1372 3764 servare
1391 3709 1645 3765 idiotnata
1663 3709 2083 3780 provinciarum.

496 3800 632 3870 Quia
661 3817 790 3872 ergo
817 3803 997 3871 lingua
1028 3802 1378 3875 Assyriorum
1410 3807 1679 3869 terminus,
1706 3804 1796 3874 qui
1823 3803 2089 3859 llebraice

500 3894 971 3950 vocaturGEBUL
999 3878 1187 3967 (sum,
1222 3894 1460 3949 diciturb
1484 3894 2087 3967 SAI’HARADU‘BD.)

501 3988 643 4041 bnnc
674 4002 893 4041 sensum
928 4001 1049 4041 esse
1081 3987 1317 4055 conjicio
1347 4005 1358 4040 :
1393 3988 1829 4057 Transmigratio
1869 3988 2091 4043 Jerusa-

501 4081 632 4148 lem,
662 4098 781 4149 qua:
822 4083 873 4134 in
926 4081 1142 4136 cunctis
1176 4082 1421 4136 terminis
1468 4081 1888 4153 regionibusque
1915 4084 2089 4138 divisa

504 4182 611 4239 est,
642 4174 806 4229 urbes
834 4175 1045 4235 Austri,
1087 4174 1138 4228 id
1191 4184 1296 4241 est,
1344 4175 1514 4230 tribus
1544 4191 1655 4229 suae
1704 4177 1952 4245 recipiet.
1986 4177 2092 4233 Pro

502 4281 568 4321 eo
599 4274 779 4320 autem
803 4265 947 4336 quod
983 4280 1080 4319 nos
1113 4266 1453 4334 interpretati
1487 4283 1698 4332 sumus,
1733 4277 1782 4321 et
1813 4269 2091 4324 accendent

501 4361 800 4424 salvatores,
836 4370 856 4397 ε
913 4374 975 4413 ac
1009 4358 1361 4430 Septuaginta
1399 4363 1811 4426 transtulerunt,
1854 4361 2021 4435 384
2037 4361 2093 4417 hi

504 4455 742 4524 quisalvi
794 4455 1013 4525 fuerint,
1048 4454 1097 4507 in
1144 4453 1374 4509 Hebraeo
1425 4455 1688 4522 scriptum
1734 4464 1836 4519 est,
1881 4454 2094 4510 MOSIM

2180 1836 2437 1892 Chanaan
2466 1853 2599 1893 vero
2623 1837 2677 1892 in
2721 1839 2891 1901 σάλον,
2926 1838 2977 1892 id
3003 1847 3090 1892 est
3130 1847 3324 1891 motum
3374 1840 3648 1894 vertitur:
3684 1850 3785 1895 aut

2181 1939 2327 1985 certe
2356 1931 2642 2003 negotiator
2690 1938 2746 1983 et
2785 1930 2997 1984 humilis
3029 1930 3359 2001 appellatur.
3390 1930 3561 2001 Igitur
3602 1943 3787 1987 trans-

2182 2022 2435 2089 migratio
2459 2023 2693 2077 ﬁliorum
2725 2022 2888 2077 Israel
2921 2022 3136 2094 quando
3156 2023 3500 2079 occidentem
3550 2024 3785 2079 dimise-

2182 2113 2291 2167 rint
2333 2113 2592 2181 litteram,
2623 2124 2677 2169 et
2707 2114 2774 2168 ad
2816 2115 3069 2184 spiritum
3097 2118 3350 2171 venerint
3372 2117 3741 2172 viviﬁcantem
3764 2159 3783 2186 ,

2183 2208 2425 2261 movebit
2468 2216 2667 2262 cuncta
2720 2223 2842 2274 qua:
2874 2207 3036 2278 Legis
3088 2216 3234 2263 sunt.
3282 2208 3659 2280 Negotiabitur
3716 2212 3790 2265 de

2183 2300 2694 2370 multismargaritis
2717 2317 2878 2355 unam
2911 2302 3368 2370 pretiosissimam
3397 2305 3785 2373 margaritam,

2182 2400 2233 2446 et
2264 2391 2512 2460 deposita
2544 2392 2857 2448 Judmorutn
2899 2394 3180 2463 superbia,
3211 2394 3577 2451 humilitatem
3596 2407 3785 2451 secta-

2184 2484 2325 2538 bitur
2341 2481 2730 2551 Cbrisﬁanam,
2750 2493 2804 2539 et
2830 2484 2959 2540 illuc
2980 2501 3150 2556 usque
3172 2487 3477 2557 perveniet,
3509 2487 3599 2542 ubi
3621 2497 3785 2543 antea

2182 2576 2279 2631 fuit
2314 2575 2595 2631 tribulatio
2616 2579 2864 2647 panis,et
2894 2577 3093 2633 mulier
3123 2578 3286 2634 vidua
3315 2594 3461 2634 asuo
3487 2580 3785 2634 conditore

2182 2670 2401 2725 deserta
2428 2672 2693 2741 pupillum
2726 2672 2896 2726 ﬁlium
2923 2672 3008 2726 vix
3035 2672 3240 2738 alebat,
3280 2670 3300 2710 τ
3331 2682 3386 2727 et
3422 2674 3513 2729 ubi
3560 2674 3786 2728 univer-

2183 2778 2242 2818 sa
2278 2764 2418 2819 illius
2452 2774 2696 2835 peccata,
2726 2775 2783 2821 et
2812 2767 2941 2821 vitia
2985 2776 3430 2823 concrementur.
3479 2768 3788 2839 Captivitas

2184 2867 2365 2911 autem
2423 2858 2539 2913 sive
2583 2858 2989 2929 transmigratio
3017 2858 3345 2928 Jerusalem,
3379 2860 3472 2914 ubi
3500 2861 3784 2931 quondam

2184 2958 2301 3004 erat
2329 2950 2468 3006 visio
2499 2950 2671 3021 pacis,
2722 2961 2776 3007 et
2808 2968 2933 3023 qua:
2967 2969 3108 3007 nunc
3138 2954 3189 3007 in
3228 2962 3341 3008 toto
3373 2954 3506 3008 orbe
3532 2955 3785 3024 dispersa

2186 3054 2293 3111 est,
2344 3043 2642 3113 possidebit
2696 3045 2951 3099 civitates
3006 3048 3203 3110 austri,
3254 3045 3307 3101 id
3339 3055 3446 3116 est,
3504 3046 3786 3102 Ecclesias

2186 3139 2295 3193 veri
2326 3147 2380 3193 et
2404 3138 2623 3209 perfecti
2648 3138 2898 3205 luminis,
2950 3138 3200 3209 dicetque
3230 3154 3355 3193 cum
3405 3154 3608 3209 sponsa
3662 3154 3782 3209 pre-

2187 3235 2398 3286 nitens:
2430 3231 2527 3285 Ubi
2560 3231 2745 3299 pascis,
2770 3231 2855 3284 ubi
2887 3231 3044 3284 cubas
3064 3233 3117 3285 in
3136 3233 3353 3286 meridie
3388 3231 3566 3303 (Cant.
3596 3249 3654 3297 ll,
3683 3232 3784 3301 6)?

2187 3324 2404 3380 Etcum
2449 3325 2654 3394 Ioseph
2690 3325 2742 3379 in
2776 3325 3052 3394 antiquam
3083 3328 3502 3395 gerinanitatem
3541 3335 3786 3395 recepta,

2187 3416 2546 3471 inebriabitur
2584 3416 2849 3487 sanguine
2878 3420 3132 3486 pastoris,
3183 3427 3237 3472 et
3286 3418 3571 3488 principis.
3632 3416 3793 3484 Quod

2188 3508 2350 3582 385
2383 3510 2425 3563 si
2467 3510 2618 3577 juxta
2658 3510 3011 3579 Septuaginta
3057 3510 3331 3579 prratba
3364 3511 3611 3579 legimus,
3646 3509 3788 3565 nulli

2190 3604 2412 3656 dubium
2430 3610 2529 3667 cst,
2558 3604 2688 3671 quin
2712 3602 2909 3655 Christi
2944 3603 3280 3672 intelligatur
3303 3603 3456 3657 ﬁdes.
3500 3602 3787 3672 Ephratba

2192 3696 2336 3748 cnim
2369 3695 2759 3766 interpretatur
2798 3698 3141 3772 καρποφορία,
3188 3696 3238 3750 id
3296 3705 3401 3763 est,
3448 3695 3679 3761 ubertas,
3738 3706 3795 3750 et

2192 3786 2453 3860 δυὼνυμος
2494 3798 2597 3856 est,
2627 3788 3042 3860 appellaturque
3083 3786 3383 3851 Bethleem,
3424 3790 3476 3840 in
3503 3802 3604 3856 qua
3636 3795 3797 3842 ortus

2194 3889 2278 3934 est
2311 3880 2554 3935 rmlestis
2611 3884 2786 3950 panis.
2820 3878 2915 3932 llis
2943 3886 3126 3933 autem
3153 3877 3222 3931 ita
3254 3878 3443 3946 gestis,
3493 3878 3800 3932 ascenderit

2193 3974 2501 4029 salvatores
2534 3976 2614 4028 vel
2640 3974 2730 4045 qui
2752 3973 2942 4028 salvati
2971 3972 3173 4027 fuerint
3204 3973 3273 4025 de
3309 3972 3556 4042 reliquiis
3607 3972 3799 4040 populi

2194 4068 2401 4123 Judaici
2437 4068 2487 4121 in
2512 4079 2751 4122 montem
2778 4067 2934 4129 Sion,
2966 4079 3019 4119 ut
3049 4065 3315 4134 judicent,
3359 4077 3410 4120 et
3456 4066 3799 4120 ulciscantur

2197 4172 2435 4217 montem
2472 4162 2632 4215 Esau.
2660 4158 2946 4228 Quomodo
2980 4159 3159 4213 lumen
3193 4157 3460 4213 Dominus
3488 4157 3659 4211 lucem
3698 4172 3800 4227 ap-

2199 4255 2371 4324 pcllat
2400 4254 2700 4324 Apostolus
2723 4269 2874 4323 suos,
2906 4264 2961 4308 et
2991 4252 3126 4306 dicit
3163 4269 3173 4304 :
3211 4250 3319 4305 Vos
3346 4253 3467 4304 estis
3490 4252 3586 4305 lux
3615 4250 3800 4304 mundi

2198 4348 2377 4419 (Matt.
2404 4365 2459 4413 v,
2487 4348 2575 4419 14)
2612 4366 2623 4400 :
2657 4357 2712 4403 et
2739 4348 2850 4417 ipsa
2885 4359 3036 4416 petra
3064 4347 3233 4401 Petro
3279 4345 3522 4412 donarit,
3557 4353 3614 4399 nt
3640 4356 3799 4415 petra

2198 4442 2296 4496 sit:
2331 4455 2515 4512 pastor
2550 4454 2768 4512 quoque
2800 4440 2975 4494 bonus
3006 4439 3117 4494 illis
3142 4449 3422 4509 pastorum
3458 4437 3684 4508 largitus
3714 4446 3804 4491 est

500 4516 914 4618 (ἐινςιῃπῃῇῳιῑ
937 4516 1043 4602 non
1068 4548 1360 4617 ntAquila,
1386 4555 1439 4601 et
1460 4516 2097 4618 Septuaginta,etTlieo-
2129 4516 2174 4575 ί)
2205 4538 2459 4593 nomina:
2492 4546 2546 4591 et
2566 4535 2947 4606 quodcumque
3002 4532 3204 4587 dicitur
3232 4531 3302 4587 de
3348 4546 3436 4597 eo,
3470 4530 3648 4585 servis
3692 4529 3799 4584 tri-

503 4642 653 4695 dotio
685 4644 902 4712 passive
919 4645 1257 4715 σεσωσμένοι,
1281 4643 1363 4696 vel
1385 4643 1764 4714 ἀνασωζόμενοι
1795 4644 1919 4698 :sed
1944 4642 2096 4714 juxta

498 4735 884 4806 Symmachum
918 4740 1188 4803 σώζοντες,
1226 4736 1276 4790 id
1306 4747 1417 4802 cst,
1468 4740 1643 4792 active
1692 4738 1974 4792 salvatore:
2003 4738 2092 4791 in-

505 4829 781 4901 telligendi
803 4840 949 4885 sunt.
980 4830 1263 4900 Siquidem
1288 4833 1628 4903 σεσωσμένοι,
1654 4829 1705 4885 id
1729 4840 1834 4894 est,
1871 4831 2058 4886 saluati
2077 4874 2093 4902 ,

576 5005 601 5033 ⁸
632 4996 834 5051 Iterum
880 5009 1009 5048 mss.
1048 4992 1315 5068 Palatini,
1358 5003 1495 5047 recte
1540 4994 1639 5068 ﬁlii
1670 4994 2092 5068 transmigratio-

502 5068 579 5121 nis
601 5070 913 5122 uocabantur
942 5082 957 5120 :
989 5075 1043 5121 et
1069 5066 1224 5136 paulo
1248 5073 1370 5135 post
1388 5065 1746 5138 possederunt,
1791 5065 2089 5137 pru'possi-

506 5141 713 5193 dabunt.

580 5210 607 5249 δ
638 5213 890 5266 Notatum
924 5208 1138 5264 criticis
1164 5209 1316 5273 viris,
1372 5209 1598 5279 Sephar.
1658 5226 1765 5264 non
1812 5208 2091 5282 Sepharad

508 5283 768 5352 appellari
794 5283 1066 5336 terminum
1096 5282 1435 5352 Assyriorum
1467 5284 1644 5352 lingua
1679 5300 1691 5335 :
1725 5283 1942 5337 tametsi
1989 5299 2090 5339 nec

511 5356 562 5409 id
599 5355 843 5425 proprie;
900 5368 1022 5407 nam
1075 5352 1431 5407 Grainmatici
1472 5363 1754 5424 exponunt
1798 5353 2086 5419 dicentes,

510 5441 631 5482 esse
665 5434 861 5480 terram
887 5426 1237 5494 papulorum,
1263 5439 1386 5491 qua:
1412 5425 1587 5481 vicina
1616 5426 1685 5479 sit
1710 5435 1868 5480 terrae
1897 5425 2097 5480 Israel:

512 5498 780 5551 interdum
805 5507 983 5551 autem
1011 5496 1167 5549 aliter
1188 5495 1489 5561 exillicam,
1540 5507 1590 5550 ut
1623 5512 1745 5551 cum
1776 5497 1959 5550 dicunt
2015 5513 2101 5550 es-

513 5583 572 5622 se
621 5570 894 5622 civitatem
943 5570 1176 5622 vicinam
1227 5570 1382 5631 mari,
1419 5568 1470 5621 id
1521 5579 1601 5623 est
1656 5570 2006 5622 maritimam.
2044 5568 2103 5621 In

513 5640 679 5694 Josue
729 5641 874 5691 littus
920 5642 1087 5692 maris
1138 5641 1433 5708 exponitur
1478 5640 1546 5694 ab
1593 5640 1892 5709 interprete
1944 5641 2109 5694 Clzal-

515 5711 634 5783 dzeo
702 5709 905 5778 Sephar
968 5710 1181 5764 iamma.
1242 5711 1469 5783 Drusius
1520 5712 1659 5766 adeo
1710 5711 2100 5783 Hierooymum

512 5780 954 5837 hallucinationis
985 5793 1197 5837 accusat
1233 5782 1302 5835 ob
1348 5783 1500 5839 vocis
1532 5784 1819 5856 utriusque
1850 5780 2103 5839 similitu-

2201 4637 2319 4692 huit
2360 4647 2417 4690 ut
2459 4636 2713 4690 dieantur
2746 4651 2759 4685 :
2806 4632 2883 4685 sic
2916 4632 3035 4698 ipse
3062 4629 3315 4685 Salvator
3342 4628 3638 4697 Apostolus
3671 4641 3805 4679 suos

2201 4729 2388 4785 mundi
2420 4743 2544 4785 esse
2584 4724 2755 4779 voluit
2779 4722 3103 4787 salvatores,
3136 4721 3229 4791 qui
3264 4719 3567 4775 ascendere
3600 4732 3802 4786 specu.

2198 4830 2306 4885 lam
2336 4823 2538 4881 montis
2570 4818 2849 4884 Ecclesiae,
2885 4824 2941 4870 et
2966 4814 3308 4885 deponentes
3345 4811 3655 4882 superbiam
3706 4809 3807 4865 Ju-

2204 4995 2414 5051 dinem.

2280 5077 2301 5104 ε
2335 5063 2567 5127 Copula,
2603 5074 2691 5135 ac,
2747 5058 2953 5135 deerat
2968 5073 2983 5109 :
3018 5069 3139 5135 qua:
3171 5060 3484 5135 sequuntur

2201 5125 2899 5193 etionislaborabantvitio.
2920 5125 3239 5183 Prorﬂbsim
3260 5125 3485 5180 Palatini
3513 5137 3645 5177 mss.
3673 5134 3803 5176 cum

2200 5208 2406 5271 duplici
2435 5207 2679 5274 ilegunt,
2712 5200 2938 5274 Mosiim,
2966 5199 3123 5274 quod
3148 5196 3565 5274 n0n_it_nprobo.

2271 5266 2295 5318 ἀ
2328 5278 2496 5333 Iidem
2529 5266 2692 5341 inss,
2727 5273 2960 5327 foi'tasse
2985 5266 3219 5335 rectius,
3258 5266 3494 5321 Flettim.

2275 5362 2297 5389 θ
2348 5352 2450 5404 Pro
2472 5363 2658 5409 rorem,
2716 5359 2875 5411 quam
2925 5356 3138 5405 vocem,
3170 5351 3400 5407 cogente
3429 5346 3579 5393 recto
3610 5347 3803 5411 sen_s_u,

2204 5440 2269 5480 ex
2306 5437 2421 5476 mss
2477 5404 2878 5479 substituinms,
2917 5415 3181 5489 haetenus
3216 5404 3454 5489 obtinuit
3499 5423 3646 5489 rura.
3701 5404 3809 5458 Ve-

2204 5511 2322 5551 rum
2356 5493 2488 5547 nihil
2521 5491 2737 5544 hicerat
2766 5502 2879 5540 vox
2908 5487 3118 5549 ismare,
3152 5499 3252 5538 nec
3269 5481 3456 5537 velleri
3489 5479 3807 5534 Judwornm

2206 5569 2484 5623 essiccato
2542 5559 2942 5633 opponebatur,
2994 5572 3115 5626 quae
3168 5569 3332 5609 causa
3384 5551 3480 5605 luit
3511 5561 3568 5603 ut
3622 5552 3808 5603 locum

2205 5638 2501 5694 cinendare
2531 5631 2637 5688 non
2674 5631 3075 5685 dubitaremus.

2286 5708 2301 5748 ί
2338 5709 2441 5765 Alii
2472 5706 2603 5762 editi
2627 5702 2772 5766 libri,
2806 5710 2861 5754 ut
2886 5701 3160 5754 universa.

3018 5069 3139 5127 qua:
3171 5060 3483 5127 sequuntur
3511 5050 3802 5117 interpun-
