4120 6342
349 287 489 348 ΗΠ

1341 285 1993 348 COMMENTARIOBUI
2029 289 2100 346 ΙΝ
2137 289 2360 350 «ιοΝΔιι
2401 292 2623 350 LIBER.

3501 304 3642 360 ΗΙΒ

348 399 583 467 daicnm,
629 397 1118 468 universorumque
1145 397 1438 464 montium,
1493 397 1586 468 qui
1634 397 1744 471 [AL
1792 397 1938 471 quae]
1967 379 2099 464 Aet
2132 401 2531 473 compositione
2556 404 2847 470 verborum
2893 406 3190 477 dictamus,
3225 418 3280 464 ut
3323 412 3638 470 scribimus.

347 491 637 552 adversum
665 490 832 564 386
860 490 1145 552 scientiam
1179 489 1272 546 Dei
1308 489 1684 562 erigebantur,
1709 507 1934 563 regnum

347 584 579 644 Domino
611 591 960 652 paraverunt.

413 677 540 732 llaec
569 675 635 734 ad
663 675 803 736 duas
833 672 1329 738 lucubratiunculas
1363 682 1608 734 veterum
1640 677 1941 732 auctorita-

344 782 452 830 tem
487 782 739 839 secutus,
791 780 850 827 et
897 772 1130 830 maxime
1173 771 1568 841 expositionem
1617 772 1938 834 Hebraioam

338 881 578 938 propero
623 879 881 924 sermone
919 865 1118 924 dictavi
1141 908 1156 934 ,
1187 865 1483 938 aperuique
1511 882 1574 922 os
1604 883 1804 924 meum:
1843 869 1940 926 sed

338 959 525 1014 nescio
561 973 634 1014 an
681 957 813 1016 illud
860 957 1109 1016 Christus
1157 959 1488 1027 impleverit.
1533 959 1690 1019 Unde
1719 963 1940 1033 sapiens

337 1049 512 1112 lector
531 1064 789 1110 sensuum
811 1050 982 1121 magis
1005 1050 1166 1108 debet
1187 1053 1638 1123 consequentiam
1666 1069 1936 1125 quaerere,

335 1157 500 1213 quam
533 1143 736 1215 eloquii
765 1151 1132 1202 venustatem.
1162 1143 1346 1215 Neque
1374 1143 1521 1202 enim
1547 1160 1610 1202 ea
1639 1153 1665 1182 ει
1688 1146 1938 1214 lenitate,

2042 494 2202 550 Aliud
2244 503 2327 551 est
2347 539 2363 564 ,
2413 498 2486 552 mi
2527 498 2842 560 Pammaclii
2863 541 2877 566 ,
2910 516 3055 572 sirpe
3086 503 3284 576 stylum
3310 515 3552 573 vertere,
3585 515 3643 564 et

2042 603 2162 659 quae
2205 589 2468 645 memoria
2509 589 2669 660 digna
2715 601 2844 648 sunt
2891 594 3160 661 scribere;
3211 595 3358 652 aliud
3393 600 3639 654 notario-

2044 696 2161 738 rum
2193 681 2439 736 articulis
2469 684 2809 752 praeparatis,
2839 688 3046 754 pudore
3085 686 3350 742 reticendi
3371 729 3385 753 ,
3428 689 3638 746 dictare

2045 773 2426 844 quodcumque
2457 775 2509 829 in
2535 775 2760 830 buccam
2791 777 3018 831 venerit.
3051 777 3108 832 In
3138 778 3240 832 lioe
3270 778 3560 850 Propheta,
3586 791 3640 838 et

2048 865 2437 922 adolescentuli
2487 867 2734 936 lusimus,
2775 879 2828 924 et
2851 883 3008 925 senes
3038 875 3504 944 praesumpsimus.
3534 875 3640 945 Qui

2047 960 2257 1016 veriora
2281 968 2336 1014 et
2357 959 2582 1017 meliora
2609 961 2836 1031 dixerit,
2867 961 2920 1018 in
2945 962 3086 1020 illius
3115 967 3437 1023 sententiam
3466 978 3640 1025 trans-

2046 1052 2296 1124 gradere.

409 1285 434 1314 ιι
464 1275 591 1332 Mss.
619 1278 746 1348 duo,
775 1288 831 1335 et
877 1280 1181 1351 Victorius,
1228 1283 1470 1340 levitate:
1501 1286 1686 1341 malim
1721 1287 1909 1356 utique
1947 1299 2069 1342 eum
2099 1285 2438 1358 diphthongo
2466 1285 2718 1357 lwvitate,
2753 1286 2805 1342 id
2836 1295 2939 1354 est,
2969 1287 3171 1358 nitore,
3199 1298 3308 1346 etc.

901 1574 1053 1690 s.
1135 1576 1847 1693 nasum:
1921 1581 3069 1737 HIEBONYMI,

1432 1765 1999 1830 STRIDONENSIS
2035 1768 2556 1846 PRESBYTEBI.

1128 1923 2851 2059 COMMENTARIORUM

560 2151 807 2316 IN
944 2150 1750 2318 JONAM
1885 2151 3408 2326 PROPHETAM

1606 2419 1953 2506 LIBER
2006 2419 2365 2505 UNUS.

1817 2571 2151 2590 -υ-ι--ι-ι-

1567 2724 2425 2834 PROLOGUS.

404 3137 760 3211 337-388
777 3136 1091 3194 Triennium
1123 3143 1149 3172 ⁸
1173 3133 1395 3190 circiter
1414 3130 1566 3194 ﬂuxit
1585 3174 1600 3199 ,
1643 3140 1928 3204 postquam
1964 3139 2010 3198 Β
2036 3134 2482 3190 commentatoris
2503 3133 2740 3190 officium
2757 3133 2852 3202 sit,
2877 3143 2930 3189 ut
2953 3149 3076 3204 quae
3095 3134 3329 3190 obseura
3353 3144 3500 3200 sunt,
3522 3135 3645 3191 bre-

331 3232 569 3303 quinque
603 3231 892 3302 prophetas
917 3231 1306 3298 interpretatus
1328 3242 1472 3294 sum,
1498 3225 1802 3293 Michaeain,
1831 3224 1935 3280 Νι-

337 3326 484 3390 lium.
530 3323 770 3390 Abacuc,
808 3320 1163 3392 Sephoniam,
1210 3320 1499 3392 Aggteum;
1533 3326 1587 3372 et
1625 3318 1732 3372 alio
1769 3332 1935 3387 opere

335 3417 610 3484 detentus,
654 3431 760 3471 non
789 3416 937 3488 potui
969 3413 1195 3484 implere
1223 3412 1362 3484 quod
1392 3426 1700 3481 coeperam:
1739 3410 1934 3480 scripsi

335 3513 479 3567 enim
505 3510 700 3568 librum
722 3509 792 3565 de
813 3509 1121 3564 lllustribus
1141 3508 1296 3572 viris,
1316 3517 1370 3562 et
1391 3505 1677 3560 adversum
1695 3505 1936 3560 lavinia-

338 3620 464 3660 num
488 3603 594 3659 duo
615 3601 897 3659 volumina
919 3618 933 3656 :
958 3600 1353 3674 apologeticum
1375 3615 1612 3670 quoque,
1638 3609 1692 3654 et
1708 3599 1778 3652 de
1797 3597 1937 3667 epti-

339 3717 428 3758 mo
451 3715 652 3774 genere
672 3699 1068 3771 interpretandi
1092 3697 1158 3754 ad
1187 3697 1631 3755 Pammacliium:
1665 3708 1720 3752 et
1745 3697 1810 3752 ad
1833 3696 1936 3752 Ne-

341 3793 640 3865 potianum,
670 3795 758 3850 vel
781 3793 852 3850 de
882 3793 1188 3863 Nepotiane
1209 3793 1350 3848 duos
1375 3791 1548 3847 libros
1567 3836 1580 3858 ,
1611 3804 1666 3846 et
1687 3793 1791 3845 alia
1816 3806 1936 3860 quae

336 3902 662 3942 enumerare
691 3887 912 3959 longum
944 3893 1046 3941 est.
1076 3885 1248 3957 Igitur
1279 3893 1434 3940 tanto
1479 3895 1602 3955 post
1651 3894 1894 3953 tempore
1917 3928 1933 3956 ,

336 3978 494 4049 quasi
520 3977 750 4050 quodam
783 3978 1117 4050 postliminio
1143 3993 1174 4033 a
1205 3976 1340 4032 Joua
1393 3977 1795 4047 interpretandi
1846 3991 1936 4032 su-

339 4086 496 4128 mens
527 4072 876 4142 principium,
905 4072 1135 4128 obsecro
1163 4080 1222 4127 ut
1247 4071 1339 4142 qui
1372 4078 1533 4143 typus
1563 4081 1648 4126 est
1690 4071 1938 4127 Salvam.

341 4165 438 4231 ris,
469 4175 522 4220 et
551 4164 719 4220 tribus
751 4164 942 4221 diebus
981 4180 1044 4220 ac
1075 4163 1327 4220 noctibus
1355 4164 1408 4219 in
1444 4173 1636 4220 ventre
1672 4166 1776 4220 ceti
1821 4179 1938 4218 mo-

339 4268 520 4326 ratus,
565 4257 936 4329 praeﬁguravit
982 4257 1192 4314 Domini
1242 4259 1730 4324 resurrectionem,
1780 4257 1937 4314 nobis

340 4363 556 4421 quoque
581 4349 850 4410 fervorem
881 4350 1168 4420 pristinum
1201 4351 1423 4419 tribuat,
1456 4361 1513 4410 ut
1539 4352 1713 4410 sancti
1738 4353 1802 4407 ad
1836 4367 1937 4412 nos

341 4442 578 4513 Spiritus
604 4458 908 4498 mereamur
933 4443 1249 4500 adventum.
1288 4445 1343 4500 Si
1374 4445 1521 4500 enim
1557 4445 1722 4500 Jonas
1767 4445 1938 4501 inter-

2040 3233 2174 3286 viter
2201 3241 2492 3302 aperteque
2521 3231 2797 3294 dilocidet,
2831 3240 2885 3286 et
2914 3246 3021 3285 non
3053 3241 3157 3285 tam
3200 3231 3635 3287 disertitudiuem

2037 3332 2270 3379 ostentet
2293 3338 2464 3392 suam,
2487 3340 2645 3397 quam
2668 3339 2885 3381 sensum
2905 3325 3020 3396 ejus
3043 3341 3202 3398 quem
3228 3327 3471 3396 exponit,
3494 3326 3642 3382 edis:-

2037 3424 2204 3472 scrat.
2224 3417 2528 3484 Quaerimus
2547 3419 2725 3488 igitur,
2750 3417 2916 3478 Jonas
2934 3419 3220 3488 propheta,
3236 3429 3467 3488 excepto
3490 3420 3642 3475 volu-

2041 3514 2185 3564 mine
2209 3526 2325 3576 suo,
2741 3521 2796 3567 et
2827 3513 3137 3582 Evangeliis
3163 3511 3272 3584 [ΑΙ.
3299 3511 3640 3585 Evangelia],

2039 3603 2140 3658 hoc
2163 3615 2264 3670 εει,
2293 3605 2501 3658 Domini
2521 3603 2589 3658 de
2611 3619 2676 3658 eo
2696 3603 3029 3669 testimonio,
3051 3613 3108 3660 ut
3131 3603 3256 3660 alibi
3278 3604 3328 3658 in
3349 3601 3648 3674 Scripturis

2039 3699 2238 3754 Sanctis
2267 3698 2436 3754 lectus
2466 3698 2580 3753 sit?
2611 3698 2674 3754 Et
2707 3699 2758 3754 ni
2784 3697 2940 3754 fallor
2963 3699 3014 3752 in
3041 3698 3246 3768 Regum
3271 3698 3551 3754 volumine
3571 3697 3642 3753 de

2039 3807 2105 3845 et)
2137 3792 2212 3846 ita
2241 3793 2501 3860 scriptum
2533 3801 2616 3848 est
2652 3810 2666 3847 :
2693 3791 2845 3845 Anna
2877 3791 3258 3861 quintodecimo
3299 3791 3522 3845 Amasite
3552 3791 3648 3858 ﬁlii

2037 3881 2187 3950 Joas,
2211 3883 2344 3956 regis
2368 3881 2534 3951 Iuda,
2564 3887 2796 3955 regnavit
2825 3881 3128 3953 Jeroboam,
3164 3884 3304 3954 ﬁlius
3333 3882 3482 3950 Joas,
3512 3885 3648 3956 regis

2040 3975 2208 4031 Israel
2235 3977 2290 4031 in
2331 3977 2581 4032 Samaria
2614 3977 2963 4048 quadraginta
2986 3977 3135 4031 annis
3165 3985 3214 4032 et
3241 3993 3366 4032 uno.
3405 3975 3652 4046 Fecitque

2037 4070 2231 4125 malum
2257 4086 2432 4124 coram
2460 4069 2707 4134 Domino,
2735 4079 2782 4122 et
2809 4085 2910 4123 non
2934 4070 3140 4146 recessit
3169 4069 3232 4122 ab
3249 4069 3502 4122 universis
3522 4083 3644 4138 pec-

2039 4162 2169 4215 catis
2192 4159 2468 4216 Jeroboam
2495 4161 2598 4232 filii
2630 4159 2861 4230 Nabath,
2899 4163 2988 4230 qui
3033 4176 3248 4230 peccare
3289 4161 3410 4232 fecit
3452 4157 3645 4214 Israel.

2042 4253 2066 4306 Ι
2075 4269 2162 4323 pse
2179 4254 2420 4308 convertit
2441 4253 2569 4326 ﬁnes
2587 4251 2751 4307 Israel
2771 4254 2824 4308 in
2847 4252 3092 4310 Samaria
3109 4252 3172 4307 ab
3193 4253 3408 4310 introitu
3428 4249 3641 4316 Emam,

2041 4364 2196 4419 usque
2215 4349 2284 4402 ad
2309 4364 2451 4410 mare
2485 4347 2807 4416 solitudinis,
2841 4351 3002 4418 juxta
3045 4347 3253 4401 verbum
3294 4344 3504 4398 Domini
3549 4340 3650 4397 Dei

2041 4439 2239 4504 Israel,
2281 4440 2416 4510 quod
2461 4439 2667 4492 locutus
2706 4448 2780 4492 est
2823 4439 2879 4490 in
2907 4454 3062 4490 manu
3092 4437 3223 4490 servi
3243 4436 3324 4489 sui
3349 4433 3522 4499 Jouw,
3549 4435 3650 4500 ﬁlii

342 4544 586 4608 pretatur
610 4537 867 4604 columba,
899 4540 1148 4596 columba
1179 4549 1359 4594 autem
1386 4538 1624 4595 refertur
1665 4540 1730 4594 ad
1764 4539 1940 4614 Spiri-
1965 4523 2010 4584 C
2044 4532 2249 4587 Amalht’
2274 4531 2562 4606 propheta,
2591 4531 2680 4602 qui
2706 4531 2804 4600 fuit
2831 4531 2894 4585 de
2916 4529 3069 4595 Gelli,
3114 4543 3231 4600 qua:
3254 4535 3328 4582 est
3378 4526 3432 4582 in
3477 4525 3654 4596 Opher

345 4639 458 4686 tum
491 4643 773 4686 sanctum:
817 4647 917 4692 nos
957 4647 1174 4704 quoque
1218 4633 1546 4699 columbam,
1597 4648 1664 4692 ex
1704 4632 1939 4688 adventu

349 4726 471 4799 [ΑΙ.
505 4733 560 4781 et
586 4724 914 4802 adventum]
941 4727 1006 4780 ad
1037 4740 1136 4782 nos
1179 4727 1603 4798 interpretemur
1650 4727 1938 4781 columbrc.

345 4817 472 4873 Srio
500 4824 710 4873 veteres
738 4817 1136 4873 ecclesiasticos
1158 4825 1264 4872 tam
1294 4816 1515 4872 Graecos
1537 4832 1696 4888 quam
1720 4816 1942 4871 Latinos

345 4923 509 4979 super
530 4909 632 4965 hoc
659 4909 798 4964 libro
822 4911 991 4966 multa
1019 4909 1244 4975 dixisse,
1265 4917 1320 4965 et
1343 4910 1507 4968 tantis
1528 4909 1940 4980 quiestionihns,

348 5017 456 5057 non
485 5010 596 5056 tam
625 5001 924 5070 aperuisse,
957 5017 1115 5071 quam
1147 5001 1474 5057 obscurasse
1503 5002 1836 5067 sententias;
1887 5011 1944 5056 ut

346 5095 466 5165 ipsa
493 5093 868 5161 interpretatio
889 5109 1075 5150 eorum
1099 5108 1234 5165 opus
1249 5093 1449 5149 habeat
1464 5094 1941 5164 interpretatione,

344 5194 401 5242 et
427 5186 594 5241 multo
617 5187 876 5242 incertior
905 5187 1076 5243 lector
1102 5187 1346 5252 recedat,
1379 5201 1539 5258 quam
1568 5186 1746 5242 fuerat
1788 5195 1944 5242 ante-

346 5293 508 5349 quam
542 5279 762 5350 legeret.
799 5278 908 5335 Nec
948 5277 1049 5335 hoc
1094 5277 1253 5346 dico,
1301 5294 1410 5350 quo
1455 5279 1665 5349 magnis
1707 5279 1946 5350 ingeniis

347 5371 650 5441 detraham,
687 5381 743 5428 et
764 5372 899 5430 alios
937 5388 1056 5429 mea
1103 5372 1259 5428 laude
1299 5361 1616 5443 suggillem;
1664 5371 1763 5428 sed
1799 5371 1946 5444 quod

419 5588 444 5616 τι
477 5577 744 5635 Sollicitat
768 5577 911 5636 hunc
936 5581 1113 5636 locum
1159 5577 1537 5635 Tillemontius
1579 5593 1642 5634 ex
1689 5591 1942 5648 praecon-

343 5661 502 5724 eepta
551 5651 826 5724 opinione,
875 5651 1018 5724 quod
1051 5649 1396 5724 Epitaphium
1426 5649 1733 5724 Nepotiani,
1766 5649 1945 5724 exiliis

345 5737 470 5793 quas
491 5720 1269 5796 infraiaudantdr,opusculis,
1292 5739 1436 5779 anno
1458 5732 1516 5796 ut
1535 5722 1814 5796 minimum
1839 5720 1945 5777 596

349 5796 418 5850 sit
445 5793 866 5850 adscribendum
895 5814 906 5850 :
939 5793 1160 5868 vultque
1190 5796 1326 5852 adeo
1364 5794 1796 5866 quadriennium,
1845 5808 1945 5864 pro

2050 4624 2148 4699 (IV
2178 4625 2306 4695 Reg.
2335 4639 2422 4680 xw
2451 4623 2522 4684 25
2549 4623 2738 4694 seqq.).
2770 4621 3014 4678 Tradunt
3039 4629 3223 4680 autem
3254 4620 3466 4678 Hebraei
3509 4619 3655 4676 hunc

2048 4733 2170 4774 esse
2187 4717 2355 4772 lilium
2378 4715 2554 4769 vidua:
2580 4715 2899 4786 Sareptana:
2922 4712 3041 4787 [AL
3073 4712 3444 4786 Saraptenau],
3486 4727 3652 4782 quem

2049 4812 2195 4866 Elias
2223 4809 2488 4880 propheta
2539 4819 2810 4863 mortuum
2861 4808 3184 4871 suscitavit,
3239 4815 3413 4862 matre
3462 4818 3652 4877 postea

2045 4902 2262 4962 dicente
2299 4900 2368 4960 ad
2405 4915 2530 4960 eum
2555 4915 2572 4958 :
2604 4897 2761 4953 Nam:
2789 4897 3001 4970 cognovi
3028 4899 3152 4969 quia
3181 4898 3254 4952 vir
3281 4897 3379 4952 Dei
3409 4914 3460 4952 es
3484 4907 3573 4954 tu:
3602 4907 3651 4951 et

2048 4994 2255 5050 verbum
2297 4987 2394 5046 Dei
2440 4993 2495 5046 in
2539 5007 2627 5046 ore
2662 4999 2750 5044 tuo
2796 4999 2870 5045 est
2916 4991 3104 5046 veritas
3133 4989 3254 5063 [AL
3287 4988 3568 5061 veritatis];
3601 4996 3659 5045 et

2052 5087 2122 5143 ob
2147 5087 2286 5142 hanc
2314 5099 2531 5140 causam
2562 5084 2724 5139 etiam
2751 5083 2924 5154 ipsum
2977 5097 3202 5153 puerum
3247 5083 3328 5138 sie
3374 5089 3648 5136 vocatum.

2054 5179 2264 5236 Amathi
2308 5180 2452 5235 enim
2483 5179 2536 5232 in
2568 5186 2753 5232 nostra
2779 5176 2962 5247 lingua
2993 5176 3258 5230 veritatem
3285 5183 3468 5230 sonat:
3498 5182 3553 5229 et
3579 5188 3648 5228 ex

2055 5291 2120 5330 eo
2151 5273 2294 5344 quod
2321 5286 2508 5328 verum
2539 5270 2686 5326 Elias
2711 5269 2925 5325 locutus
2951 5277 3055 5336 est,
3086 5267 3178 5324 ille
3219 5268 3307 5337 qui
3358 5268 3655 5322 suscitatus

2056 5380 2161 5438 est,
2176 5369 2317 5424 (ilius
2335 5381 2461 5424 esse
2483 5363 2682 5421 dicitur
2705 5363 2972 5421 veritatis.
2998 5363 3172 5418 Porro
3193 5360 3331 5419 Getli
3347 5361 3656 5418 insecundo

2053 5571 2272 5630 triennio
2300 5570 2428 5642 legi.
2461 5567 2647 5636 Nobis,
2680 5587 2749 5628 ne
2773 5568 2900 5642 quid
2934 5577 3139 5642 temere
3162 5576 3424 5642 mutetur,
3454 5568 3658 5642 optime

2052 5645 2180 5701 illud
2220 5639 2434 5714 quoque
2483 5643 2636 5714 intra;
2663 5639 3050 5714 ejus’triennii
3095 5639 3329 5714 spatium
3377 5639 3652 5714 concludi,

2053 5710 2266 5773 abunde
2289 5710 2422 5772 satis
2448 5710 2786 5770 ostendimus
2817 5713 2870 5768 in
2901 5714 3044 5769 uotis
3079 5711 3483 5782 citronologicis
3533 5710 3653 5780 epi-

2052 5791 2204 5846 stolae
2234 5787 2304 5844 60
2334 5788 2498 5860 priori
2529 5795 2682 5842 tome
2711 5784 2974 5858 praeﬁxis.
