4084 6340
541 264 682 326 1119

1782 270 1841 328 S.
1883 269 2157 331 EUSEBII
2195 267 2580 329 HIERONYMI

3677 272 3790 331 1120

538 382 826 456 Saphorim
875 382 992 458 [ΑΙ.
1041 383 1348 456 Sapphirim
1391 383 1410 457 ]
1460 383 1750 452 milliario,
1794 399 1915 457 quze
1963 384 2125 442 hodie
2155 388 2207 450 Α
2233 400 2354 442 esse
2376 385 2465 443 vel
2490 386 2711 442 maximi
2739 393 2909 443 totum
2929 385 3247 458 prophetam
3280 385 3485 443 referre
3508 387 3575 444 ad
3621 387 3795 445 intelli-

539 476 841 547 appellatur
890 476 1226 534 Diocesaraza
1272 477 1530 532 euntibus
1576 476 1935 550 Tyberiadem
1983 476 2128 533 haud
2230 479 2462 551 gentiam
2515 480 2810 536 Salvatoris

538 570 761 642 grandis
779 580 863 627 est
882 571 1112 641 viculus,
1139 572 1230 628 ubi
1252 579 1307 628 et
1330 571 1641 642 sepulcrum
1663 573 1782 642 ejus
1804 570 2124 627 ostenditur.

540 663 875 736 Quamquam
920 664 1012 721 alii
1058 664 1211 735 juxta
1260 664 1592 734 Diospolim,
1642 665 1694 720 id
1741 673 1847 732 est,
1877 663 2129 731 Liddam,

2857 498 2871 535 :
2929 480 3177 537 videlicet
3225 481 3370 553 quod
3416 481 3628 553 fugerit,
3667 483 3793 553 quod

2231 571 2537 641 dormierit,
2560 574 2703 644 quod
2726 572 3095 644 praecipitatus
3118 573 3171 628 in
3196 587 3345 629 mare
3364 574 3453 643 sit,
3477 572 3618 645 quod
3637 588 3799 631 susce-

2234 673 2358 734 ptus
2380 679 2565 732 aceto,
2589 665 2730 736 quod
2756 665 2964 736 ejectus
2989 666 3041 722 in
3064 666 3217 721 littus
3232 666 3611 738 "paenitentiam
3633 667 3799 735 praedi-

539 770 665 812 cum
692 764 747 812 et
772 765 955 813 natum
986 766 1039 812 et
1068 757 1345 812 conditum
1375 758 1579 813 velint:
1615 772 1723 812 non
1762 756 2132 828 intelligentes
2233 756 2744 831 carit,391-392
2764 757 2906 830 quod
2927 758 3278 815 contristatus
3298 759 3367 813 ob
3384 755 3657 813 salutem”
3677 758 3803 815 urbis

542 848 646 904 hoc
671 848 812 919 quod
842 848 1083 918 additur,
1118 849 1313 920 Opiter,
1345 850 1410 906 ad
1451 850 1857 907 distinctionem
1900 850 2133 906 aliarum

2238 848 2559 918 innumerse,
2586 851 2879 907 cucurbitae
2898 852 2969 907 sit
2984 850 3286 907 delectatus
3307 848 3622 906 umbracqu
3651 850 3801 921 :quod

540 942 679 1001 Geth
705 944 917 1001 urbium
948 946 1242 1017 pertinere,
1270 961 1390 1018 quae
1426 947 1577 1017 juxta
1624 944 2091 1016 Eleutheropolim
2117 986 2132 1012 ,
2235 946 2645 1017 reprehensusa
2671 946 2780 1001 Deo
2801 960 2898 1001 cur
2923 948 3185 1015 majorem
3214 960 3401 1001 curam
3433 942 3676 999 habuerit
3702 942 3807 1000 her-

539 1038 655 1094 sive
693 1039 1013 1111 Diospolim,
1064 1040 1225 1096 hodie
1268 1055 1482 1112 quoque
1527 1050 1919 1097 monstrantur.
1969 1039 2136 1096 Liber

540 1145 757 1203 quoque
782 1132 991 1203 Tobiae,
1020 1133 1149 1189 licet
1176 1150 1282 1189 non
1314 1134 1579 1191 habeatur
1603 1136 1657 1191 in
1686 1135 1927 1202 Canone,
1957 1144 2137 1191 tamen

542 1226 670 1296 quia
713 1235 1003 1296 usurpatur
1028 1226 1097 1283 ab
1124 1227 1510 1285 ecclesiasticis
1539 1227 1694 1295 viris,
1729 1230 1834 1283 tale
1864 1228 1992 1300 quid
2026 1244 2139 1284 me-

543 1326 741 1384 morat,
760 1317 974 1373 dicente
995 1318 1161 1374 Tobia
1191 1319 1256 1375 ad
1286 1319 1456 1375 lilium
1482 1335 1659 1375 suum.
1680 1320 1814 1387 Fili,
1841 1336 1953 1375 ecce
1968 1321 2136 1389 senui,

544 1418 593 1465 et
634 1411 690 1465 in
711 1427 769 1467 eo
794 1429 909 1466 sum
939 1422 992 1467 ut
1012 1423 1238 1468 revertar
1262 1414 1326 1469 de
1351 1415 1455 1469 vita
1478 1430 1630 1469 mea:
1658 1414 1804 1469 Tolle
1832 1415 1967 1484 ﬁlios
2000 1424 2136 1483 tuos,

545 1514 595 1559 et
617 1506 746 1559 uade
772 1507 824 1560 in
853 1506 1103 1572 Mediam,
1132 1507 1245 1578 ﬁli:
1277 1509 1382 1563 scio
1412 1511 1545 1583 enim
1573 1525 1689 1579 qua:
1712 1510 1914 1563 locutus
1942 1517 2017 1565 est
2046 1507 2141 1569 Jo-

545 1618 640 1656 nas
667 1605 916 1676 propheta
946 1604 1011 1659 de
1041 1604 1248 1674 Ninive,
1291 1608 1535 1677 quoniam
1575 1607 1891 1663 subvertetur
1934 1608 2142 1679 (Tobiae

543 1692 687 1766 xw).
719 1695 787 1751 Et
816 1712 1002 1752 revera
1030 1710 1290 1769 quantum
1321 1699 1388 1754 ad
1434 1698 1692 1756 historias
1739 1708 1847 1755 tam
1884 1698 2140 1756 Hebrzras

2239 1040 2321 1097 hae
2336 1040 3136 1111 virentis,etextemploaridze,
3165 1054 3327 1111 quam
3364 1049 3527 1095 tanta;
3552 1038 3803 1093 hominum

2240 1131 2621 1201 multitudinis,
2650 1142 2704 1189 et
2728 1142 2925 1189 caetera
2961 1149 3083 1205 qua:
3112 1133 3166 1188 in
3198 1134 3316 1205 ipso
3341 1131 3622 1187 volumine
3647 1132 3809 1203 expla-

2242 1240 2374 1281 nare
2414 1226 2650 1281 nitemur
2682 1240 2697 1280 :
2730 1233 2784 1280 et
2810 1233 3090 1293 tamen,ut
3113 1234 3280 1281 totum
3309 1223 3594 1295 prophetae
3615 1237 3806 1279 sensum

2242 1320 2394 1376 brevi
2423 1318 2740 1389 prmlatione
2764 1319 3221 1391 comprehendam
3239 1361 3255 1387 ,
3280 1320 3461 1375 nullus
3508 1318 3695 1374 melior
3714 1317 3807 1389 typi

2242 1412 2324 1469 sui
2358 1413 2623 1483 interpres
2646 1413 2768 1480 erit,
2786 1428 2945 1484 quam
2960 1414 3076 1481 ipse
3095 1413 3186 1485 qui
3208 1412 3496 1485 inspiravit
3518 1411 3807 1484 prophetas,

2243 1516 2300 1564 et
2325 1508 2518 1563 futura:
2550 1506 2793 1563 veritatis
2817 1509 2870 1562 in
2898 1506 3074 1562 servis
3097 1507 3210 1561 suis
3237 1506 3414 1563 lineas
3432 1515 3564 1562 ante
3584 1504 3813 1577 signavit.

2242 1602 2511 1673 Loquitur
2554 1616 2686 1673 ergo
2733 1601 2799 1657 ad
2840 1600 3059 1657 Judaaos
3086 1601 3173 1657 sui
3202 1601 3473 1658 sermonis
3504 1598 3812 1663 incredulos,

2245 1703 2300 1751 et
2328 1692 2603 1751 Christum
2633 1695 2727 1751 Dei
2761 1693 2956 1750 Filium
2991 1693 3300 1751 nescientes
3332 1705 3353 1734 ο
3381 1713 3395 1749 :
3442 1691 3558 1747 Viri
3603 1690 3821 1747 Ninnius

543 1800 706 1857 quam
737 1786 959 1844 Graecas
983 1789 1243 1859 pertinet,
1272 1798 1327 1846 et
1353 1792 1592 1847 maxime
1619 1791 1976 1857 Herodotum,
2008 1792 2140 1864 legi-
2170 1804 2217 1864 Β
2246 1800 2454 1861 surgent
2482 1792 2535 1844 in
2568 1791 2774 1861 judicio
2802 1806 2917 1844 cum
2948 1790 3280 1862 generatione
3308 1790 3427 1855 ista,
3460 1796 3509 1842 et
3537 1787 3821 1841 condemna-

546 1892 666 1933 mus
686 1877 937 1949 Niniven,
963 1891 1221 1953 regnante
1242 1884 1383 1953 apud
1406 1884 1665 1940 Hebraeos
1690 1884 1857 1953 Josia,
1879 1891 1935 1940 et
1948 1885 2141 1958 Astya-

543 1984 612 2043 ge
635 1985 762 2042 rege
787 1972 1089 2040 Medorum,
1122 1973 1286 2030 fuisse
1316 1976 1662 2032 subversam.
1705 1977 1779 2031 Ex
1808 1991 1917 2048 quo
1940 1976 2143 2033 intelli-

544 2064 721 2136 gimus
743 2067 919 2135 primo
952 2076 1194 2140 tempore
1222 2070 1288 2125 ad
1318 2070 1470 2126 Jonae
1513 2070 1980 2142 praedicationem,
2022 2082 2142 2128 acta

541 2159 885 2230 ptenitentia,
905 2161 1173 2220 Ninivitas
1194 2166 1402 2221 veniam
1425 2178 1779 2223 consecutos:
1806 2175 1994 2237 postea
2014 2183 2144 2224 vero

544 2252 598 2310 in
623 2255 863 2324 pristinis
899 2257 1045 2313 vitiis
1073 2269 1509 2329 perseverantes,
1537 2260 1632 2317 Dei
1658 2261 1710 2316 in
1742 2276 1801 2317 se
1821 2275 2145 2332 provocasse

544 2350 894 2405 sententiam.
937 2350 1289 2426 Traduntque
1327 2354 1568 2423 Hebraei,
1596 2355 1758 2422 Osee,
1789 2366 1844 2412 ct
1872 2356 2061 2423 Amos,
2095 2368 2152 2413 et

545 2438 736 2496 isaiam
758 2456 821 2497 ac
839 2442 1031 2499 Jonam
1055 2444 1247 2503 iisdem
1271 2448 1628 2519 prOphetasse
1650 2449 2007 2520 temporibus.
2038 2450 2149 2506 Hoc

545 2545 805 2604 quantum
836 2537 902 2591 ad
935 2537 1175 2595 historia:
1207 2542 1437 2612 pertinet
1469 2542 1840 2599 fundamenta.
1882 2540 2149 2599 Caeterum

547 2640 655 2683 non
688 2628 1074 2700 ignoramus,“
1106 2633 1384 2690 Chromati
1405 2651 1540 2707 papa
1567 2636 1911 2704 venerabilis,
1932 2634 2151 2693 sudoris

624 2765 773 2849 “_§ic
814 2766 997 2837 legunt
1044 2783 1235 2849 omnes
1277 2788 1406 2849 mss.
1457 2775 1673 2849 codices
1721 2774 2078 2849 _S_._Cermani
2110 2791 2140 2830 a

552 2834 751 2917 Pratis,
800 2834 1114 2917 monasterii
1165 2843 1557 2917 Cluniacensis.
1589 2846 1646 2901 S.
1684 2846 1863 2901 Albini
1895 2847 2143 2917 Andega-

550 2910 841 2991 vensis,_et
952 2910 1437 2991 Cygiranni,_etc_.,
1477 2917 1671 2991 eodem
1718 2931 1931 2987 qucque
1980 2910 2144 2991 modo

551 2979 686 3033 editi
715 2981 832 3035 libri
856 2981 924 3035 ab
952 2979 1177 3039 Erasmo
1199 2994 1251 3039 et
1273 2985 1528 3041 Mariano.
1558 2979 1769 3042 Falsum
1799 2979 1977 3042 tamen
2005 2988 2146 3044 hanc

553 3064 675 3105 esse
704 3052 1099 3130 lectionent,_et
1117 3072 1223 3130 pro
1244 3055 1542 3114 Chromatio
1570 3076 1719 3130 papm
1745 3058 2019 3114 venerabili
2050 3076 2147 3114 nu-

551 3136 674 3204 men
699 3121 1027 3204 Pammachii
1047 3121 1483 3204 substituendum
1513 3121 1620 3204 non
1639 3121 1993 3204 ignoramus:
2013 3147 2145 3204 nam

552 3194 670 3262 ipse
687 3194 1063 3279 llieronynius
1087 3199 1492 3279 Aprzelationein
1519 3194 1715 3258 librum
1744 3202 1960 3279 tertium
1992 3202 2150 3279 Com-

555 3272 944 3342 mentariorum
976 3272 1030 3323 in
1073 3272 1237 3323 Amos
1284 3274 1605 3342 prophetam
1650 3273 1928 3342 conceptis
1968 3273 2151 3328 verbis

554 3335 1097 3417 admoncrlectorcm
1127 3356 1185 3395 se
1214 3335 1451 3417 edidisse
1480 3335 1918 3417 Commentarios
1953 3344 2005 3397 itt
2046 3344 2156 3399 Alt-

555 3407 699 3461 diam
729 3416 783 3463 et
805 3409 1021 3485 Jonam,
1054 3414 1356 3485 imperante
1382 3415 1751 3485 Pammachio,
1788 3415 1889 3470 hoc
1916 3424 2024 3479 est,
2067 3429 2155 3469 ro-

594 3487 719 3557 ante
744 3483 1139 3557 espositionem
1165 3484 1395 3557 istorum
1427 3487 1707 3542 amborum
1741 3483 2146 3557 prophetarum.

606 3552 755 3629 allio,
789 3551 983 3629 inquit,
1018 3563 1130 3624 post
1155 3555 1295 3629 longi
1326 3560 1567 3629 temporis
1604 3551 1891 3624 sileniiuni,
1935 3557 2155 3629 Abdium

559 3629 606 3673 et
632 3617 822 3701 Ionam
850 3624 937 3701 tibi
968 3617 1542 3701 imperantifedissérui.
1592 3631 1734 3701 Ergo
1775 3617 1952 3701 eidem
1993 3628 2153 3683 Pam-

559 3693 773 3773 machio
805 3694 1095 3773 edisseruit
1131 3698 1357 3773 Ahdiam
1386 3708 1442 3773 et
1469 3693 1694 3773 Jonam:
1719 3714 1824 3755 non
1840 3700 2156 3773 Chromatio

559 3767 817 3844 episcopo
862 3767 1226 3844 Aquileiensi,
1268 3771 1358 3844 _cni
1402 3770 1747 3842 delegaverat
1795 3779 1996 3824 tantum
2024 3770 2155 3825 duos

557 3832 828 3890 libros‘in
875 3832 1113 3894 Ahacue.
1164 3832 1319 3895 Unde
1361 3832 1557 3897 autemv
1580 3852 1685 3897 tam
1720 3852 1975 3897 constans
2002 3858 2157 3896 error

559 3906 799 3982 manat-it
822 3908 874 3961 in
908 3910 1083 3982 editors
1112 3926 1176 3965 ac
1207 3926 1335 3965 mss.
1372 3912 1560 3982 libros,
1592 3913 1812 3970 lectoris
1839 3912 2156 3968 divinationi

559 3978 927 4045 permittimus
948 3981 1232 4049 judicium.
1267 3982 1379 4037 Nisi
1409 3978 1556 4040 forte
1574 3995 1627 4040 et
1653 3986 1774 4039 aliis
1797 3985 1931 4039 viris
1953 3983 2155 4038 sanetis

561 4049 883 4127 promiserat
910 4054 1305 4127 expositionem
1335 4055 1402 4127 in”
1435 4054 1659 4127 Ionam",
1702 4054 2155 4127 quemadmodum

560 4119 995 4199 Commentarios
1012 4124 1068 4199 _in
1095 4127 1259 4199 alnos
1276 4134 1342 4199 et
1370 4126 1533 4191 Osee,
1562 4119 1687 4183 licet
1717 4119 1864 4196 ipsos
1904 4125 2156 4199 Pammaf

559 4188 686 4264 chio
717 4189 1067 4264 dedicaverit.
1108 4194 1237 4249 Vide
1263 4188 1567 4253 Comment.
1602 4199 1656 4253 in
1688 4188 1854 4253 Amos
1883 4211 2004 4264 cap.
2036 4214 2073 4252 ι.
2100 4197 2154 4252 Si

563 4258 669 4339 hoc
692 4260 903 4339 accidit,
933 4262 1515 4339 habemusexemplar,
1541 4286 1648 4325 non
1671 4258 2036 4335 Pammachio,
2060 4269 2155 4323 sed

559 4329 881 4416 Chromatio
913 4335 1136 4416 missum
1167 4337 1237 4391 ab
1268 4329 1618 4416 Hieronymo.
1653 4341 1831 4416 Mam“.
1860 4329 2159 4416 funam-

559 4415 719 4470 quam
753 4406 974 4479 minime
1003 4406 1299 4464 difﬁteatur
1318 4406 1677 4479 Martianaeus,
1704 4411 1845 4467 hanc
1893 4411 2155 4467 librorum

560 4486 685 4545 esse
711 4476 952 4531 omnium
989 4479 1307 4545 lectionem,
1354 4482 1543 4538 falsam
1592 4476 1770 4538 tamen
1813 4483 2153 4538 librariorum

560 4542 716 4612 culpa
763 4549 1113 4626 pronuntiare
1137 4568 1267 4626 _non
1290 4542 1544 4626 :dubitat,
1571 4554 1715 4626 quod
1745 4571 1809 4609 ex
1840 4555 2153 4626 Hieronymi

562 4610 689 4669 mox
721 4610 998 4676 recitando
1027 4623 1337 4679 testimonio
1367 4626 1418 4679 in
1450 4610 1620 4682 Amos
1650 4626 1860 4682 huncce
1878 4610 2161 4682 Commen-
2187 4610 2239 4670 Ι)

2250 1884 2374 1937 bunt
2412 1900 2550 1948 eam,
2591 1885 2715 1956 quia
2758 1884 3111 1957 paenitentiam
3154 1894 3365 1955 egerunt
3403 1882 3457 1936 in
3486 1880 3824 1950 praedicatione

2248 1979 2437 2041 J0me:
2485 1989 2534 2036 et
2579 1996 2693 2035 ecce
2740 1978 2856 2049 plus
2897 1996 3053 2050 quam
3078 1976 3251 2033 Jonas
3278 1976 3364 2032 hic
3411 1975 3586 2048 (Mat.
3621 1989 3697 2039 tv,
3723 1973 3822 2044 41).

2249 2075 2656 2134 Condemnatur
2671 2077 2951 2148 generatio
2971 2073 3306 2139 Judazorum,
3330 2070 3595 2128 credente
3622 2066 3824 2124 mundo:

2251 2180 2308 2226 et
2336 2168 2531 2225 Ninive
2562 2175 2757 2238 agente
2785 2166 3177 2238 paenitentiam,
3208 2163 3374 2221 Israel
3403 2161 3716 2219 incredulus
3730 2174 3824 2230 per-

2255 2263 2316 2317 it.
2367 2262 2446 2317 llli
2497 2261 2697 2317 habent
2738 2260 2945 2325 libros,
3008 2273 3107 2315 nos
3152 2258 3418 2314 librorum
3460 2248 3827 2324 Dominum(ll

2252 2358 2373 2414 Cor.
2403 2357 2539 2427 in):
2576 2356 2651 2411 illi
2698 2363 2885 2411 tenent
2928 2353 3244 2425 prophetas,
3294 2365 3395 2408 nos
3439 2349 3828 2421 intelligentiam

2252 2448 2675 2522 prophetarum:
2709 2448 2833 2504 illos
2857 2447 3057 2503 occidit
3086 2446 3293 2515 littera,
3322 2458 3423 2500 nos
3464 2440 3701 2499 viviﬁcat
3736 2439 3827 2510 spi-

2252 2545 2391 2599 ritus
2423 2542 2617 2614 (Joan.
2647 2539 2811 2614 xvm)
2836 2558 2848 2594 :
2882 2540 3024 2611 apud
3050 2540 3173 2595 illos
3198 2537 3478 2595 Barabbas
3507 2536 3652 2593 latro
3673 2533 3831 2592 dimit-

2253 2638 2407 2704 titur,
2437 2636 2596 2691 nobis
2623 2632 2877 2690 Christus
2911 2632 3005 2690 Dei
3029 2630 3198 2689 Filius
3228 2631 3481 2688 solvitur.

2253 2774 2443 2830 tarium
2474 2774 2719 2830 videatur
2750 2772 2868 2835 ipse
2914 2770 3326 2837 Pammacchio,
3376 2783 3485 2825 non
3533 2766 3831 2824 Chromatio

2254 2846 2617 2914 inscripsisse.
2665 2845 2729 2899 Et
2760 2842 3047 2900 Chromatii
3075 2842 3292 2914 quidem
3324 2854 3520 2914 nomen
3550 2838 3832 2914 exscripto-

2253 2932 2372 2972 rttm
2402 2910 2552 2986 lapsu
2580 2932 2678 2985 pro
2700 2917 2790 2969 illo
2823 2914 3147 2968 Pammachii
3170 2910 3423 2986 substitui
3453 2912 3830 2986 potuisse,__non

2253 2979 2485 3051 inlicior,
2518 2979 2613 3043 sed
2640 2986 2781 3055 quod
2812 2986 3015 3040 evincit
3047 2986 3271 3039 minime
3312 2979 3833 3055 substitutn_m,_i_llud

2253 3070 2371 3115 cst:
2406 3050 2555 3131 Papa
2576 3050 2905 3131 uenerabilis,
2933 3055 3078 3126 quod
3106 3056 3308 3131 optime
3337 3052 3557 3125 quidem
3586 3053 3655 3131 de
3684 3050 3833 3131 Chro-

2255 3131 2423 3185 matio
2452 3123 2781 3198 A'quileiensi
2812 3123 3091 3198 episeopo,
3134 3123 3370 3181 minime
3401 3125 3653 3198 veropde
3691 3123 3832 3178 Pam-

2256 3201 2475 3257 machio
2514 3196 2698 3256 dicere
2729 3196 3015 3270 potuisset;
3045 3197 3177 3253 Cum
3197 3199 3392 3270 itaque
3423 3196 3476 3250 in
3516 3196 3614 3270 illa
3646 3198 3832 3270 pra-lat.

2257 3272 2351 3327 lib.
2393 3288 2452 3327 Ill
2496 3263 2805 3327 Comment.
2848 3271 2900 3325 in
2941 3271 3108 3324 Amos
3146 3267 3214 3324 ad
3258 3263 3667 3323 Patttmachium
3695 3267 3761 3319 ait
3785 3263 3833 3321 S.

2259 3344 2477 3408 Doctor,
2520 3352 2633 3416 post
2676 3345 2817 3416 longi
2848 3341 3088 3416 temporis
3120 3340 3393 3416 silentium
3420 3338 3643 3392 Abdiam
3681 3346 3727 3389 et
3758 3334 3836 3387 Jo-

2255 3432 2374 3469 nam
2404 3416 2494 3470 tibi
2522 3410 2795 3484 imperanti
2839 3410 3110 3484 (disserui,
3141 3411 3224 3465 vel
3259 3410 3483 3484 Abdiam
3527 3418 3735 3484 tantum
3768 3421 3835 3484 re:

2257 3488 2467 3556 spicere
2489 3478 2755 3554 putandus
2769 3494 2876 3549 est,
2897 3498 3057 3553 quem
3082 3480 3428 3556 Pammachio
3457 3478 3751 3556 inscripsit;
3768 3479 3834 3531 vel

2256 3553 2300 3613 si
2330 3553 2521 3613 Jonam
2544 3572 2781 3628 quoque,
2810 3556 2954 3610 hunc
2986 3563 3170 3628 tamen
3197 3553 3316 3628 ejus
3346 3559 3478 3607 nutu
3503 3553 3834 3628 explanatum

2257 3620 2685 3699 signiﬁcatfnon
2714 3626 2876 3699 etiam
2906 3625 3109 3680 nomini
3139 3620 3470 3699 dedicatum.
3492 3621 3667 3699 Prior
3703 3620 3838 3675 nobis

2256 3692 2441 3770 opinio
2481 3692 2652 3769 magis
2696 3698 2929 3770 arridet,
2976 3694 3426 3770 quandoquidem
3455 3692 3561 3748 alia
3606 3692 3835 3770 id_genus

2259 3764 2595 3825 locutionum
2626 3770 2764 3839 apud
2797 3764 3185 3839 Hieronymum
3212 3764 3463 3837 exempla
3491 3778 3604 3818 non
3645 3764 3836 3839 desunt,

2259 3842 2347 3898 ubi
2377 3844 2529 3911 plura
2564 3830 2722 3895 sim'nl
2745 3830 3128 3911 enumerans,
3153 3830 3393 3911 propriej
3424 3850 3594 3911 unum
3645 3830 3838 3911 aliquod

2258 3904 2499 3982 respicit,
2530 3921 2587 3966 ut
2612 3926 2733 3985 cum
2763 3910 2832 3985 de
2860 3909 3095 3985 Eusebio
3117 3904 3345 3985 loquens
3374 3909 3424 3985 in
3452 3906 3695 3985 Ap‘olog.
3719 3904 3839 3985 libro

2259 3976 2433 4053 primo
2458 3976 2645 4037 centra
2678 3982 2951 4053 Ruﬁnum,
2988 3980 3243 4053 Laudari,
3277 3980 3470 4048 inquit,
3506 3976 3839 4053 Eusebium‘in

2259 4043 2624 4109 Eeclesiastica
2651 4052 2908 4125 Historia,
2936 4052 2991 4105 in
3019 4043 3300 4125 digestione
3322 4043 3739 4125 temporum,_in_
3760 4043 3836 4125 de-

2259 4128 2536 4197 scriptione
2556 4136 2745 4179 sancla:
2772 4115 2945 4197 Terra:
2962 4140 2981 4177 :
3009 4132 3055 4176 et
3077 4115 3692 4197 vltargipsaogusgulajn
3714 4115 3839 4197 Lati-

2260 4188 2386 4251 nutit
2417 4206 2633 4262 vertens,
2657 4211 2781 4269 ntere
2809 4195 3000 4269 lingute
3036 4188 3292 4269 ominibus
3320 4190 3461 4244 dedi.
3494 4188 3841 4269 Nihilosecius

2260 4278 2475 4324 constat
2503 4260 2752 4323 nonnisi
2800 4260 3102 4335 posteriora
3146 4264 3272 4335 duo;
3301 4260 3583 4335 opuscula,
3636 4260 3840 4315 minime

2259 4355 2389 4396 vero
2427 4330 2863 4395 Ecclesiastica'm
2903 4336 3217 4401 Historiam,
3249 4330 3440 4390 Latine
3466 4330 3840 4403 Hieronymum

2260 4413 2582 4477 explicasse.

2330 4462 2687 4553 {afﬁnes
2724 4482 3024 4535 innumerw.
3073 4477 3221 4535 Unus
3265 4476 3565 4541 Palatinus,
3592 4475 3646 4528 in
3670 4471 3842 4526 umbra
3898 4492 3899 4495 η
3990 4462 3991 4465 “

2265 4568 2363 4625 pro
2386 4555 2693 4625 innumerae.

2340 4636 2361 4665 ο
2397 4624 2562 4681 Addit
2588 4623 2729 4680 idem
2756 4622 2985 4678 Palatin.
3016 4636 3144 4689 ms.,
3178 4618 3479 4675 Dominum.

559 4750 3826 4783 ___________________________________________

1590 4903 1776 5010 IN
1778 4902 2100 5013 CIPI
2120 4903 2226 5010 T
2303 4898 2813 5011 LIBER.

628 5226 788 5300 391
808 5227 963 5299 (Cap.
981 5229 1022 5285 1.
1048 5230 1285 5288 —Vers.
1308 5234 1389 5304 1.)
1412 5232 1479 5286 Et
1496 5236 1691 5304 factum
1706 5241 1778 5286 est
1805 5230 2011 5287 verbum
2041 5230 2149 5285 Do-

555 5319 683 5373 mini
708 5320 777 5373 ad
804 5319 1017 5389 Ionam,
1051 5324 1219 5393 ﬁlium
1244 5325 1472 5393 Amallti,
1504 5324 1715 5381 dicens:
1745 5323 1935 5397 Surge,
1959 5336 2003 5380 et
2028 5327 2152 5380 vade

554 5416 609 5470 in
643 5413 868 5472 Niniven
898 5420 1154 5474 civitatem
1182 5437 1443 5491 magnam,
1470 5430 1517 5474 et
1542 5421 1773 5491 pradica
1803 5421 1855 5473 in
1887 5437 1984 5486 ea;
2032 5422 2153 5491 quia

556 5510 789 5564 ascendit
817 5512 1015 5566 malitia
1041 5515 1153 5585 ejus
1180 5528 1352 5566 coram
1383 5530 1478 5567 me.
1516 5512 1891 5585 Septuaginta,
1920 5522 2157 5583 excepto

558 5614 628 5658 eo
658 5604 801 5674 quod
826 5604 1103 5673 dixerunt,
1156 5606 1387 5661 ascendit
1432 5606 1627 5663 clamor
1675 5608 1892 5664 malitia:
1934 5612 2049 5681 ejus
2088 5609 2155 5663 ad

561 5709 663 5758 me,
693 5702 889 5749 caetera
917 5696 1167 5754 similiter
1195 5699 1608 5757 transtulerunt.
1642 5699 1699 5757 In
1738 5700 2150 5758 condemnatio-

563 5797 687 5838 nem
715 5782 928 5842 lsraelis
959 5787 1123 5848 Jonas
1153 5792 1218 5847 ad
1247 5803 1434 5860 gentes
1471 5793 1735 5862 mittitur,
1771 5794 1914 5865 quod
1963 5795 2152 5851 Ninive

2261 5240 2455 5303 agente
2474 5229 2869 5303 pmnitentiam,
2891 5227 2967 5283 illi
2986 5226 3041 5282 in
3063 5224 3269 5281 malitia
3288 5227 3658 5293 perseverent.
3686 5218 3842 5273 Porro

2262 5323 2406 5393 quod
2435 5323 2531 5392 ait,
2561 5322 2788 5377 ascendit
2816 5319 3014 5375 malitia
3033 5318 3144 5388 ejus
3169 5332 3345 5371 coram
3367 5330 3467 5381 me,
3497 5314 3633 5379 sive,
3664 5310 3847 5365 clamor

2266 5418 2479 5473 malitia:
2503 5417 2614 5488 ejus
2639 5418 2708 5469 ad
2728 5432 2825 5480 me,
2851 5414 2955 5470 hoc
2998 5413 3175 5483 ipsum
3223 5418 3308 5467 est
3362 5406 3511 5477 quod
3558 5407 3611 5461 in
3656 5399 3843 5461 Genesi

2264 5511 2491 5567 dicitur:
2533 5510 2743 5565 Clamor
2778 5507 3023 5564 Sodomae
3055 5515 3103 5561 et
3145 5502 3450 5560 Gomorrluz
3485 5499 3844 5571 multiplicatus

2262 5612 2337 5660 est
2360 5602 2526 5676 (Gen.
2550 5617 2704 5669 xvut,
2722 5600 2841 5671 ΞΟ).
2870 5600 2937 5657 Ει
2957 5599 3024 5656 ad
3053 5598 3217 5657 Cain:
3254 5595 3367 5652 Vox
3388 5592 3654 5667 sanguinis
3678 5587 3844 5663 fratris

2263 5699 2339 5754 tui
2360 5699 2545 5754 clamat
2572 5698 2641 5751 ad
2668 5710 2749 5752 me
2776 5694 2839 5750 de
2865 5705 3002 5761 terra
3031 5692 3199 5767 (Gen.
3231 5707 3306 5760 iv,
3341 5689 3454 5760 10).
3486 5686 3644 5744 Juxta
3673 5692 3847 5753 tropo-

2262 5792 2453 5862 logiam
2479 5804 2606 5847 vero
2626 5788 2880 5846 Dominus
2904 5796 3107 5855 noster,
3130 5784 3319 5855 Jonas,
3339 5782 3439 5840 hoc
3456 5789 3561 5848 eSt;
3584 5775 3831 5837 colutth
