4078 6342
297 231 453 293 Hii

1158 228 1809 293 COMMENTARIORUM
1850 228 1916 289 IN
1953 226 2172 290 JONAM
2218 226 2444 291 LIBER.
2485 232 2637 291 CAP.
2680 233 2724 292 Ι.

3084 230 3185 277 IN.)

3442 238 3581 298 “22

294 349 414 405 sive
461 345 641 403 dolens
681 346 1005 420 (utrumque
1033 349 1178 407 enim
1206 351 1615 423 interpretatur,
1647 350 1733 406 vel
1763 349 1889 421 quia
1920 355 1961 410 A
1997 357 2266 420 tempore,
2292 349 2600 406 verebatur.
2638 349 2791 408 Unde
2814 347 3061 407 imitatus
3086 348 3217 407 Cain
3259 350 3424 407 Jonas
3455 353 3583 426 (Ge-

294 441 528 511 Spiritus
556 450 773 499 sanctus
814 445 869 499 in
917 446 1102 515 specie
1146 445 1413 501 columbae
1461 444 1788 511 descendit,
1838 451 1893 499 et

290 537 494 592 mansit
523 536 578 592 in
608 552 674 593 eo
699 535 867 609 (Luc.
899 538 1035 610 xu),
1063 538 1150 595 vel
1178 540 1302 609 quia
1336 537 1545 593 nostris
1566 536 1739 593 doluit
1777 537 1894 606 ipse

291 627 640 697 vulneribus,
670 638 724 685 et
748 629 899 686 ﬂevit
921 644 1085 702 super
1111 630 1442 698 Jerusalem,
1471 638 1528 686 et
1564 630 1734 685 livore
1773 628 1894 700 ejus

290 722 467 780 sanati
508 737 696 779 sumus
732 722 898 795 (Isai.
941 723 1089 797 un):
1115 739 1244 782 vere
1273 725 1419 779 ﬁlius
1444 722 1722 787 veritatis;
1748 721 1893 779 Deus

289 819 492 889 quippe
522 817 729 872 veritas
757 816 897 888 eSt),
932 817 1166 873 mittitur
1203 816 1271 874 ad
1308 817 1535 873 Niniven
1566 815 1850 887 pulchram
1872 854 1889 881 ,

288 910 343 970 id
369 923 476 981 est,
504 912 783 982 mundum,
828 929 935 984 quo
981 914 1118 970 nihil
1169 914 1447 985 pulchrius
1493 912 1668 969 oculis
1712 912 1894 968 carnis

290 1005 408 1079 [AL
439 1003 675 1078 carneis]
718 1004 1009 1075 aspicimus
1052 1004 1239 1079 (Joan.
1269 1006 1410 1079 xtv).
1452 1003 1612 1062 Unde
1651 1012 1707 1061 et
1747 1002 1893 1073 apud

288 1099 506 1156 Graecos
527 1097 596 1155 ab
624 1109 817 1153 ornatu
848 1112 1046 1155 nomen
1073 1101 1285 1170 accepit
1317 1108 1343 1136 ιι
1371 1096 1599 1169 κόσμοςε
1637 1109 1896 1152 consum—

288 1192 557 1263 matisque
598 1191 857 1262 operibus
896 1190 1144 1261 singulis,
1189 1190 1259 1246 de
1296 1204 1362 1245 eo
1382 1188 1544 1244 dicit:
1576 1186 1719 1241 Vidit
1753 1184 1895 1241 Deus

288 1290 412 1361 quia
444 1288 635 1343 bonum
660 1296 755 1341 est.
788 1285 867 1341 Ad
897 1286 1157 1354 Niniven,
1188 1286 1439 1357 inquam,
1470 1283 1746 1341 civitatem
1780 1297 1896 1339 ma-

288 1395 470 1452 gnam,
498 1387 557 1434 ut
580 1379 706 1450 quia
734 1377 903 1434 Israel
933 1378 1121 1434 audire
1152 1378 1514 1448 contempsit,
1562 1384 1709 1431 totus
1758 1390 1891 1444 gen-

290 1470 425 1529 tium
487 1469 719 1525 mundus
784 1468 1058 1525 exaudiat.
1111 1469 1177 1524 Et
1229 1469 1333 1525 hoc
1381 1477 1715 1538 propterea,
1769 1465 1895 1536 quia

290 1563 600 1621 ascenderit
624 1561 827 1618 malitia
855 1561 972 1633 ejus
998 1577 1184 1619 coram
1220 1563 1351 1618 Deo.
1384 1559 1520 1616 Cum
1564 1558 1707 1615 enim
1750 1558 1894 1612 Deus

292 1657 446 1731 quasi
473 1656 760 1729 quamdam
788 1656 1211 1725 pulcherrimam
1256 1656 1417 1727 392
1456 1653 1676 1709 domum
1726 1650 1897 1707 servi-

1994 459 2101 499 nes.
2134 459 2186 499 tv
2209 443 2251 517 ),
2301 453 2355 499 et
2382 444 2648 501 recedens
2674 459 2703 499 a
2735 444 2877 502 facie
2905 445 3147 511 Domini,
3182 444 3370 515 iugere
3411 445 3585 500 voluit

1993 537 2047 591 in
2076 535 2300 592 Tharsis
2321 582 2334 605 ,
2381 552 2544 607 quam
2578 536 2850 607 Josephus
2898 538 3289 609 interpretatur
3313 536 3583 593 Tharsum

1991 628 2201 685 Ciliciae
2230 628 2528 698 civitatem,
2554 639 2576 668 ο
2601 630 2773 699 prima
2803 638 2981 686 tamen
3011 630 3193 687 littera
3218 637 3579 685 commutata:

1994 733 2257 793 quantum
2286 738 2419 780 vero
2466 725 2518 779 in
2551 723 3009 793 Paralipomenon
3047 724 3201 781 libris
3232 724 3458 795 intelligi
3489 724 3586 780 da-

1995 825 2103 885 tur,
2132 816 2355 888 quidam
2387 818 2544 873 locus
2571 816 2740 873 lndim
2771 817 2851 873 sic
2878 825 3126 873 vocatur.
3161 818 3331 873 Porro
3372 816 3589 873 Hebraei

1995 925 2216 966 THARSIS
2246 912 2500 982 (tatur-in
2521 912 2581 983 ),“
2604 926 2758 968 mare
2801 911 2907 966 dici
2938 910 3265 983 generaliter
3304 918 3589 967 autumant

1995 1003 2299 1059 secundum
2345 1002 2479 1058 illud
2504 1021 2517 1058 :
2550 1002 2619 1057 In
2647 1004 2832 1075 spiritu
2861 1002 3145 1060 vehementi
3175 1005 3469 1077 confringes
3495 1020 3589 1059 na-

1996 1113 2075 1151 ves
2101 1095 2315 1151 Tharsis
2346 1093 2465 1168 (Ps.
2492 1111 2658 1163 XLVII,
2685 1095 2766 1167 8),
2792 1095 2845 1151 id
2876 1106 2979 1164 est,
3013 1097 3191 1151 maris.
3221 1096 3287 1151 Et
3320 1096 3372 1151 in
3404 1095 3542 1152 Isaia
3568 1114 3582 1151 :

2000 1186 2230 1254 Ululate,
2279 1204 2430 1242 naves
2477 1187 2692 1242 Tharsis
2737 1186 2906 1258 (Isai.
2959 1204 3017 1257 tt,
3073 1186 3208 1257 14).
3257 1188 3431 1259 Super
3480 1204 3588 1260 quo

1996 1289 2123 1335 ante
2171 1294 2345 1335 annos
2394 1279 2659 1349 plurimos
2703 1280 2758 1335 in
2805 1278 3037 1352 epistola
3086 1281 3319 1352 quadam
3360 1279 3425 1335 ad
3452 1280 3590 1335 Mar-

1997 1374 2190 1429 cellam
2232 1374 2438 1430 dixisse
2474 1389 2561 1429 me
2587 1372 2848 1429 memini:
2880 1373 2996 1429 Non
3027 1374 3192 1445 igitur
3222 1372 3485 1445 propheta
3521 1373 3589 1429 ad

1997 1473 2209 1522 certum
2232 1466 2413 1537 iugere
2435 1466 2689 1537 cupiebat
2712 1467 2927 1531 locum;
2953 1466 3048 1522 sed
3079 1482 3229 1522 mare
3250 1466 3587 1538 ingrediens,

1997 1580 2341 1636 quocumque
2384 1580 2612 1637 pergere
2656 1564 2990 1621 festinabat:
3021 1574 3076 1622 et
3099 1569 3271 1637 magis
3307 1566 3415 1623 hoc
3453 1580 3589 1622 con-

1999 1659 2150 1713 venit
2196 1656 2446 1729 fugitivn,
2490 1665 2547 1713 et
2588 1657 2798 1725 timido,
2854 1671 2961 1713 non
3010 1657 3187 1714 locum
3235 1658 3371 1728 fugae
3398 1658 3594 1713 otiosae

293 1764 414 1811 turo
458 1753 564 1810 sibi
610 1749 817 1807 homini
858 1749 1222 1814 exstruxerit,
1254 1748 1587 1817 depravatus
1618 1751 1704 1799 est
1731 1742 1895 1798 homo
1926 1737 1974 1798 Β
2000 1748 2236 1819 eligere;
2269 1753 2366 1805 sed
2389 1751 2618 1820 primam
2641 1749 2989 1805 occasionem
3011 1750 3254 1820 arripere
3279 1748 3585 1819 navigandi.

295 1846 510 1919 propria
538 1844 840 1912 voluntate,
872 1850 927 1897 et
951 1857 979 1896 a
1008 1839 1239 1912 pueritia
1268 1838 1562 1907 diligenter
1588 1835 1892 1906 appositum

294 1950 380 1999 est
405 1941 471 1997 ad
495 1940 695 1996 malum
718 1952 814 1994 cor
843 1936 964 2007 ejus
994 1932 1163 2007 (Gen.
1195 1931 1348 2004 VIII):
1384 1931 1674 2002 posuitque
1705 1929 1759 1985 in
1787 1943 1899 1985 cte-

294 2034 404 2091 lum
435 2048 498 2091 os
527 2048 707 2098 suum,
737 2040 791 2087 et
816 2036 1093 2087 exstructa
1119 2036 1268 2083 turre
1296 2025 1569 2097 superbia:
1597 2022 1760 2097 (Gen.
1792 2024 1895 2093 xt),

297 2135 539 2184 meretur
586 2123 654 2181 ad
699 2138 759 2179 se
804 2120 1229 2178 descendentem
1286 2118 1482 2174 Filium
1512 2116 1629 2183 Dei,
1692 2124 1750 2170 ttt
1802 2130 1899 2187 per

298 2218 326 2260 δ
350 2216 684 2292 poenitentiae
713 2213 930 2271 ruinam
959 2210 1292 2269 conscendat
1320 2209 1387 2266 ad
1419 2209 1617 2265 caelum
1637 2251 1651 2276 ,
1683 2206 1775 2277 qui
1806 2222 1901 2277 per

298 2321 565 2370 tumorem
597 2308 866 2380 superbiae
897 2304 1015 2379 [Αι.
1045 2302 1251 2376 subire]
1282 2319 1389 2358 non
1418 2302 1611 2373 potuit.

370 2405 437 2461 Et
467 2403 686 2460 surrexit
716 2397 903 2468 Jonas,
932 2407 988 2453 ut
1013 2398 1212 2469 fugeret
1238 2397 1292 2450 in
1325 2394 1537 2450 Tharsis
1569 2410 1601 2447 a
1627 2392 1760 2464 facie
1784 2390 1900 2446 Do-

302 2500 449 2555 mini.
480 2495 625 2553 LXX
647 2492 915 2550 similiter.
953 2490 1067 2547 Scit
1094 2490 1379 2560 pr0plteta,
1410 2494 1601 2542 sancto
1628 2484 1734 2540 sibi
1778 2482 1903 2554 Spi-

303 2595 409 2651 ritu
435 2596 785 2663 suggerente,
814 2585 957 2658 quod
985 2584 1304 2656 pmnitentia
1335 2582 1600 2654 gentium,
1632 2580 1791 2637 ruina
1832 2582 1905 2637 sit

302 2685 635 2743 Judteorum.
669 2680 875 2737 Idcirco
904 2687 1112 2735 amator
1142 2678 1330 2749 patriae
1360 2691 1496 2742 suze,
1525 2688 1634 2731 non
1668 2685 1776 2730 tam
1810 2688 1901 2729 sa-

302 2778 402 2836 luti
433 2776 637 2833 invidet
660 2773 886 2839 Ninive,
914 2786 1076 2843 quam
1110 2787 1217 2827 non
1248 2770 1363 2825 vult
1414 2769 1596 2841 perire
1644 2767 1899 2839 populum

304 2888 481 2929 suum.
523 2867 777 2939 Alioquin
805 2866 1012 2936 legerat
1036 2864 1222 2934 Moyse
1250 2870 1531 2933 rogantem
1560 2860 1771 2916 dixisse
1801 2874 1904 2930 pro

306 2979 400 3021 eo:
434 2963 491 3018 Si
518 2958 828 3015 dimittiseis
858 2962 1145 3028 peccatum,
1178 2954 1421 3009 dimitte:
1464 2954 1544 3008 sin
1587 2962 1761 3006 autem
1800 2969 1904 3006 non

309 3054 545 3115 dimittis.
572 3059 619 3108 et
640 3065 719 3106 me
740 3049 851 3105 dele
870 3048 933 3103 de
952 3046 1084 3101 libro
1110 3054 1219 3116 tuo,
1244 3061 1393 3117 quem
1411 3044 1661 3116 scripsisti
1687 3042 1899 3114 (Exod.

310 3161 483 3211 xxxtt,
528 3144 619 3211 5i,
663 3139 778 3215 32),
821 3150 876 3195 et
900 3138 968 3194 ad
995 3151 1186 3210 preces
1213 3138 1355 3193 illius
1383 3144 1660 3192 servatum
1692 3133 1859 3190 Israel
1888 3175 1904 3202 ,
1932 3120 1978 3185 C

310 3245 368 3296 et
392 3238 612 3309 Moysen
640 3234 709 3290 de
734 3232 874 3288 libro
899 3246 1008 3287 non
1034 3230 1203 3286 luisse
1230 3229 1470 3285 deletum
1489 3267 1506 3295 ,
1546 3227 1677 3298 quin
1726 3226 1906 3299 potius

316 3332 601 3390 Dominum
626 3327 967 3384 occasionem
997 3324 1274 3394 accepisse
1301 3337 1400 3394 per
1422 3336 1662 3385 servum,
1696 3326 1755 3373 ut
1793 3332 1902 3373 cte-

314 3427 444 3483 teris
487 3422 762 3481 conservis
805 3420 951 3476 illius
987 3426 1251 3490 parceret.
1298 3416 1435 3471 Dum
1464 3415 1610 3471 enim
1641 3412 1795 3480 dicit,
1823 3412 1907 3466 di-

316 3522 458 3575 mitte
481 3534 580 3586 me,
608 3514 848 3573 ostendit
883 3527 943 3569 se
990 3526 1154 3584 posse
1204 3508 1456 3566 retineri.
1502 3506 1632 3563 Tale
1677 3504 1808 3577 quid
1858 3512 1914 3560 et

316 3610 607 3683 Apostolus
628 3606 897 3680 loquitur:
932 3603 1192 3677 Optabam
1216 3600 1493 3656 anathema
1516 3614 1625 3654 esse
1665 3613 1759 3669 pro
1804 3598 1915 3669 {ra-

318 3706 479 3761 tribus
503 3704 648 3771 meis,
673 3703 760 3775 qui
784 3707 905 3756 sunt
927 3697 1180 3754 Israelin
1199 3696 1481 3752 secundum
1500 3707 1705 3747 carnem
1726 3690 1745 3764 (
1765 3689 1913 3745 Rom.

318 3815 397 3867 Ix,
424 3799 505 3871 5).
535 3798 651 3855 Non
680 3795 825 3868 quod
871 3794 986 3866 ipse
1030 3792 1213 3865 perire
1256 3788 1553 3855 desideret,
1598 3787 1685 3843 cui
1730 3786 1919 3843 vivere

319 3891 566 3947 Christus
589 3898 694 3957 est,
720 3897 777 3946 et
803 3887 943 3944 mori
969 3888 1176 3942 lucrum
1209 3883 1486 3957 (Philipp.
1512 3881 1592 3951 t);
1620 3880 1720 3936 sed
1748 3880 1919 3951 magis

321 3992 564 4043 meretur
584 3983 775 4051 vitam,
807 3981 936 4037 dum
967 3978 1185 4036 salvare
1214 3976 1336 4032 vult
1359 3983 1608 4031 caeteros.
1650 3972 1919 4028 Praeterea

322 4079 513 4137 videns
554 4076 723 4134 Jonas
762 4072 1185 4146 comprophetas
1220 4084 1349 4128 suos
1373 4069 1514 4126 mitti
1544 4067 1612 4124 ad
1644 4081 1771 4123 oves
1802 4080 1924 4137 per-

324 4171 465 4229 ditas
486 4170 683 4227 domus
714 4167 900 4236 Israel,
932 4175 993 4222 ut
1017 4165 1083 4221 ad
1115 4162 1489 4236 ptenitentiam
1514 4160 1776 4231 populum
1800 4174 1925 4229 pro.

324 4273 605 4333 vocarent,
637 4264 855 4319 Balaam
879 4274 1098 4333 quoque
1126 4259 1369 4314 divinum
1396 4256 1467 4313 de
1495 4255 1668 4310 salute
1709 4251 1928 4309 Israeli-

328 4358 422 4415 tici
454 4357 635 4428 populi
684 4354 1039 4426 prophetasse
1084 4350 1295 4421 (Num.
1324 4348 1496 4420 xxtt),
1544 4347 1690 4403 delet
1733 4360 1795 4402 se
1840 4360 1930 4401 so-

2000 1841 2114 1897 Hoc
2161 1856 2376 1912 quoque
2424 1855 2714 1912 possumus
2755 1839 2959 1906 dicere,
3013 1841 3103 1912 qui
3148 1849 3336 1895 notum
3376 1848 3589 1895 tantum

2000 1934 2225 2004 putabat
2269 1935 2323 1989 in
2366 1933 2552 1989 Judaza
2595 1934 2765 1990 Deum
2810 1933 2989 2005 (Psal.
3034 1934 3227 2007 Lxxv),
3256 1933 3394 1991 etin
3424 1933 3592 1992 Israel

2000 2042 2257 2098 magnum
2309 2041 2511 2083 nomen
2561 2026 2713 2097 ejus,
2765 2034 3051 2098 postquam
3102 2027 3255 2082 illum
3311 2027 3485 2084 sensit
3536 2028 3592 2084 in

2003 2120 2281 2189 fluctibus,
2314 2121 2630 2188 conﬁtetur,
2663 2129 2718 2176 et
2757 2120 2888 2176 dicit
2924 2136 2939 2175 ε
2971 2120 3226 2177 Hebrwus
3254 2137 3347 2193 ego
3375 2138 3511 2187 sum,
3545 2131 3591 2177 et

2003 2212 2285 2268 Dominum
2309 2213 2423 2268 caeli
2469 2230 2560 2286 ego
2606 2214 2785 2281 timeo,
2833 2215 2920 2285 qui
2950 2216 3071 2286 fecit
3100 2231 3244 2270 mare
3285 2223 3332 2270 et
3359 2216 3592 2270 aridam:

2004 2308 2051 2363 si
2076 2316 2257 2364 autem
2290 2308 2408 2378 ipse
2453 2307 2583 2363 fecit
2613 2322 2762 2363 mare
2789 2316 2845 2362 et
2872 2306 3107 2377 aridam,
3137 2323 3236 2363 cur
3264 2307 3474 2364 aridam
3501 2324 3588 2364 re-

2004 2400 2260 2472 linquens
2310 2399 2601 2455 arbitraris
2652 2408 2707 2455 te
2760 2400 3103 2455 conditorem
3155 2398 3321 2455 maris
3363 2399 3415 2455 in
3458 2400 3598 2456 mari

2003 2508 2169 2564 posse
2198 2494 2407 2549 vitare?
2443 2492 2723 2562 Simulque
2749 2492 3045 2549 instruitur
3073 2508 3173 2563 per
3200 2495 3430 2551 salutem
3460 2510 3599 2552 con—

2005 2585 2430 2656 versionemque
2470 2594 2782 2651 nautarum,
2826 2586 2991 2642 etiam
3038 2594 3242 2642 tantam
3292 2587 3599 2663 multitudi-

2006 2694 2131 2735 nem
2162 2678 2360 2734 Ninive
2409 2677 2573 2734 simili
2625 2692 2786 2748 posse
2815 2674 2842 2713 τι
2868 2678 3216 2734 confessione
3258 2678 3476 2735 salvari.
3523 2679 3602 2736 De

2008 2772 2240 2828 Domino
2262 2780 2441 2827 autem
2465 2779 2520 2826 et
2537 2768 2818 2827 Salvatore
2844 2780 3039 2827 nostro
3071 2785 3363 2841 possumus
3392 2770 3598 2839 dicere,

2008 2865 2153 2936 quod
2201 2864 2470 2920 dimiserit
2516 2862 2760 2933 domum,
2811 2872 2868 2919 et
2914 2864 3147 2935 patriam
3194 2879 3371 2932 suam,
3420 2873 3477 2919 et
3520 2878 3610 2920 as-

2009 2965 2227 3026 sumpta
2275 2970 2461 3021 carne,
2492 2955 2900 3026 quodammodo
2935 2956 3005 3012 de
3032 2955 3358 3013 etelestibus
3385 2955 3607 3028 fugerit,

2011 3049 2336 3119 veneritque
2362 3048 2415 3103 iu
2448 3047 2700 3118 Tharsis,
2729 3048 2834 3104 hoc
2859 3056 2965 3118 est,
2996 3048 3049 3104 in
3083 3064 3234 3105 mare
3258 3048 3423 3121 394
3451 3050 3609 3105 istius

2012 3141 2227 3208 saeculi,
2276 3139 2579 3196 secundum
2625 3140 2769 3212 quod
2817 3140 2946 3196 alibi
2998 3140 3244 3197 dicitur:
3298 3141 3415 3196 Hoc
3469 3156 3612 3196 mare

2011 3250 2257 3305 magnum
2306 3244 2355 3288 et
2400 3235 2707 3306 spatiosum,
2754 3232 2828 3289 ibi
2870 3236 3102 3306 reptilia,
3134 3252 3352 3307 quorum
3399 3252 3502 3291 non
3541 3244 3615 3292 est

2012 3346 2275 3385 numerus.
2321 3329 2586 3385 Animalia
2630 3330 2826 3400 pusilla
2869 3346 2985 3385 cum
3032 3331 3258 3404 magnis,
3302 3329 3411 3387 illic
3458 3346 3613 3386 nares

2014 3422 2394 3493 pertransibunt
2439 3420 2548 3494 [ΑΙ.
2600 3420 3072 3495 perambulabant].
3123 3421 3300 3477 Draco
3342 3425 3438 3479 iste
3464 3437 3616 3495 quem

2016 3513 2255 3585 formasti
2279 3513 2347 3569 ad
2376 3512 2706 3568 illudendum
2735 3514 2781 3569 ei
2803 3512 2926 3586 (Ps.
2955 3529 3072 3582 cm,
3094 3513 3167 3571 ΞΒ
3191 3514 3383 3586 seqq.).
3406 3514 3615 3572 Idcirco

2017 3606 2165 3662 enim
2193 3615 2248 3662 et
2277 3607 2329 3661 in
2361 3606 2615 3676 passione
2666 3606 2883 3663 dicebat
2917 3626 2929 3661 :
2958 3606 3138 3676 Pater,
3182 3611 3225 3664 si
3254 3609 3497 3681 possibile
3521 3618 3619 3679 est,

2021 3708 2251 3756 transeat
2290 3700 2431 3756 calix
2478 3701 2577 3755 iste
2621 3718 2653 3755 a
2691 3716 2820 3755 me:
2856 3716 2924 3757 ne
2954 3702 3156 3773 populo
3199 3704 3617 3761 conclamante:

2021 3790 2304 3863 Cruciﬁge,
2336 3792 2588 3867 cruciﬁge
2617 3792 2773 3848 talem
2827 3793 2984 3867 (Luc.
3027 3810 3161 3863 χχιι,
3189 3794 3305 3867 42).
3343 3795 3415 3851 Ει
3452 3814 3464 3849 :
3505 3796 3621 3852 Nos

2026 3900 2129 3938 non
2159 3883 2405 3940 habemus
2433 3902 2605 3959 regem
2649 3886 2751 3940 nisi
2793 3884 3051 3942 Cursarem
3100 3885 3297 3958 (Jaan.
3346 3904 3458 3955 XIX,
3507 3888 3621 3963 15),

2026 3977 2313 4049 plenitudo
2342 3980 2581 4050 gentium
2614 3978 2971 4050 subintraret,
2995 3990 3054 4037 et
3081 3980 3465 4054 frangerentur
3486 3985 3623 4040 rami

2027 4073 2224 4140 olivae,
2278 4087 2377 4143 pro
2409 4074 2608 4145 quibus
2658 4073 2883 4131 oleastri
2930 4075 3163 4147 virgulta
3212 4086 3627 4135 succrescerent

2030 4166 2208 4239 (Rom.
2254 4165 2357 4236 xt).
2388 4164 2686 4237 Tantaeque
2717 4166 2938 4237 pietatis
2981 4177 3037 4224 et
3078 4169 3280 4225 amoris
3310 4169 3494 4226 fuitin
3528 4185 3627 4241 po-

2032 4258 2221 4328 pulum
2265 4274 2366 4330 pro
2411 4258 2680 4317 electione
2729 4269 2965 4330 patrum,
3017 4270 3074 4317 et
3102 4262 3534 4333 repromissione
3560 4264 3629 4321 ad

2032 4349 2327 4421 Abraham,
2352 4359 2411 4407 ut
2441 4351 2497 4407 in
2522 4367 2686 4408 cruce
2713 4354 2927 4422 positus
2948 4352 3155 4409 diceret
3174 4372 3187 4409 :
3204 4353 3385 4423 Pater,
3416 4357 3629 4427 ignosce

331 4449 447 4507 lum
489 4447 653 4519 393
696 4444 953 4512 electum,
982 4444 1073 4515 qui
1100 4444 1408 4500 mitteretur
1434 4440 1502 4495 ad
1539 4439 1795 4511 Assyrios
1825 4437 1931 4493 ini-
1964 4517 1997 4519 _
2034 4442 2127 4507 eis,
2160 4444 2299 4513 quod
2325 4445 2460 4497 enim
2486 4444 2709 4513 faciunt,
2741 4445 2972 4499 nesciunt
3003 4443 3157 4515 (Luc.
3190 4460 3348 4515 xxtn,
3379 4447 3495 4519 24).
3531 4449 3632 4506 Vel

332 4517 529 4599 micos—
556 4517 754 4605 Israelj,
785 4547 845 4593 et
873 4537 941 4592 ad
988 4534 1272 4592 civitatem
1323 4533 1564 4589 hostium
1612 4533 1929 4601 maximam,
1959 4517 2014 4579 Ῑ)
2041 4546 2193 4591 certe
2240 4536 2499 4607 quoniam
2555 4536 2772 4591 Tharsis
2825 4537 3219 4609 interpretatur
3266 4517 3633 4615 containplatio

333 4635 426 4692 ubi
452 4631 786 4698 idololatria,
811 4629 902 4687 ubi
924 4628 1199 4701 ignoratio
1227 4627 1365 4683 Dei:
1390 4634 1447 4682 et
1472 4624 1616 4697 quod
1653 4624 1740 4679 his
1765 4624 1939 4695 majus

335 4737 442 4797 est,
473 4725 702 4785 timebat
745 4739 813 4781 ne
850 4737 949 4795 per
977 4719 1328 4778 occasionem
1353 4717 1761 4789 praedicationis
1802 4731 1937 4785 suae,

337 4819 446 4876 illis
493 4816 780 4874 conversis
825 4815 893 4871 ad
923 4812 1325 4886 paenitentiam,
1374 4809 1539 4868 Israel
1587 4810 1805 4881 penitus
1851 4824 1941 4865 re-

338 4912 703 4984 linqueretur.
749 4908 991 4966 Noverat
1035 4907 1180 4963 enim
1229 4904 1424 4962 eodem
1472 4903 1690 4975 spiritu,
1722 4919 1832 4975 quo
1871 4902 1948 4958 illi

341 5005 580 5077 gentium
628 5000 964 5073 praeconium
1009 4997 1362 5064 credebatur,
1406 4996 1555 5068 quod
1592 4996 1810 5067 quando
1838 5011 1940 5053 na-

342 5097 523 5153 tiones
575 5093 983 5160 credidissent,
1034 5098 1164 5147 tunc
1206 5090 1414 5162 periret
1442 5089 1636 5146 domus
1664 5089 1858 5159 Israel,
1889 5098 1945 5147 et

344 5189 490 5262 quod
534 5188 829 5261 aliquando
874 5187 1121 5243 futurum
1174 5195 1315 5257 erat,
1348 5187 1452 5242 hoc
1476 5201 1546 5242 ne
1577 5185 1632 5241 in
1664 5200 1766 5242 suo
1791 5187 1948 5244 ﬁeret

422 5339 448 5368 ι
477 5330 726 5389 Graecum
755 5330 970 5405 κόσμος,
1000 5344 1079 5405 ex
1096 5344 1230 5386 mss.
1279 5338 1403 5405 post
1439 5327 1736 5405 Victorium
1783 5330 1943 5388 suile-

349 5401 552 5469 cintus;
587 5418 710 5459 mox
741 5401 931 5473 pro'de
961 5419 1042 5467 eo,
1066 5402 1252 5472 legunt
1277 5402 1497 5472 quidam
1525 5418 1557 5455 a
1582 5401 1714 5457 Deo.

421 5474 449 5513 δ
477 5475 607 5530 Post
635 5475 933 5531 Victoriam
958 5473 1026 5529 ad
1052 5473 1435 5530 Brixianorum
1486 5473 1734 5529 codicum
1790 5473 1949 5531 ﬁdem

352 5546 712 5613 restituimus,
741 5562 831 5615 per
861 5546 1175 5617 panitentia:
1202 5545 1431 5612 ruinam,
1462 5560 1563 5617 pro
1587 5561 1696 5617 quo
1736 5546 1955 5602 Martia-

352 5633 506 5675 nteus
531 5617 775 5687 retinuit,
804 5615 894 5686 per
922 5618 1271 5686 paenitentiam
1291 5615 1475 5673 ruina).
1508 5615 1697 5673 Turris
1724 5620 1957 5675 erectio-

354 5688 562 5819 nenia.
588 5691 786 5817 Doctor
815 5688 1087 5760 superbiat
1109 5698 1426 5763 comparat,
1464 5688 1696 5761 ejusque
1743 5688 1955 5747 ruinam

354 5776 501 5819 ouem
563 5777 594 5817 n
624 5775 711 5817 tae.

354 5775 711 5838 poenitenttae.

2040 4627 2246 4699 gaudii,
2296 4627 2525 4683 veniens
2569 4627 2636 4683 ad
2685 4627 2891 4700 lappen
2941 4629 3235 4702 prOpheta,
3284 4644 3485 4704 quaeet
3512 4632 3631 4705 ipsa

2044 4720 2333 4791 speciosam
2363 4728 2544 4789 sonat,
2575 4719 2658 4777 ire
2686 4721 2908 4778 festinat
2933 4723 3000 4779 ad
3027 4723 3306 4795 gaudium,
3340 4734 3397 4781 et
3435 4727 3635 4798 quietis

2046 4812 2385 4870 beatitudine
2410 4823 2433 4851 θ
2457 4813 2688 4885 perfrui,
2718 4822 2889 4870 totum
2914 4831 2973 4873 se
3000 4817 3216 4875 tradere
3244 4818 3488 4886 theoriae,
3519 4835 3631 4876 me-

2047 4907 2156 4963 lius
2198 4921 2320 4964 esse
2350 4907 2624 4964 arbitrans
2656 4908 3063 4980 pulchritudine
3090 4921 3146 4969 et
3171 4913 3437 4970 varietate
3463 4914 3640 4969 scien-

2049 5000 2138 5056 tiae
2181 4999 2406 5071 perfrui,
2455 5016 2618 5071 quam
2662 5017 2759 5072 per
2802 5004 3149 5061 occasionem
3177 5005 3368 5063 salutis
3395 5007 3636 5076 gentium

2048 5103 2369 5150 creterarttm
2415 5094 2596 5165 perire
2645 5094 2908 5167 populum
2940 5138 2956 5164 ,
3021 5096 3089 5155 de
3135 5112 3244 5169 quo
3288 5096 3536 5155 Christus
3583 5097 3639 5155 in

2053 5201 2219 5244 carne
2246 5184 2593 5258 generandus
2619 5187 2712 5244 sit.

2132 5329 2423 5404 9Palatin.
2470 5345 2573 5387 ms.
2603 5371 2619 5398 ,
2669 5330 2839 5404 prima
2880 5339 3095 5388 tantum
3124 5333 3315 5389 littera.
3365 5333 3642 5393 Caeterum

2056 5402 2182 5479 vide
2229 5419 2348 5479 qua:
2379 5401 2433 5458 in
2480 5413 2639 5472 caput
2671 5401 2835 5479 Isaiae
2892 5420 2931 5459 tt
2954 5405 3062 5479 _l_tac
3089 5405 3155 5479 de
3184 5422 3244 5462 re
3272 5406 3646 5479 observamus,

2058 5474 2349 5603 epistol’gm
2392 5489 2610 5545 quoque
2655 5475 2722 5530 ad
2769 5475 3080 5532 Marcellam
3124 5478 3177 5533 in
3227 5486 3414 5535 nostra
3459 5474 3650 5538 recenL

2058 5560 2214 5603 smne
2316 5587 2331 5601 .
2686 5584 2691 5587 -

2133 5616 2483 5693 {Victoriam
2516 5632 2615 5693 pro
2643 5618 2992 5691 confessione,
3020 5622 3239 5693 reponit
3266 5636 3339 5680 ex
3364 5622 3653 5684 Florentiae

2062 5688 2347 5747 codicibus
2372 5689 2730 5746 conuersione.“

2141 5773 2163 5799 ε
2191 5761 2338 5820 Idem
2366 5761 2433 5818 ad
2456 5760 2652 5820 Brixiae
2679 5761 2866 5833 codd.,
2895 5767 3187 5836 perfruens.
