4078 6342
562 292 703 352 “25

1798 281 1857 341 8.
1900 279 2171 341 EUSEBII
2209 277 2589 341 HlERONYMI

3699 280 3830 344 ἰιει

636 410 819 485 (Vers.
852 408 931 478 3.)
970 404 1036 463 Et
1059 405 1319 463 descendit
1345 404 1401 460 in
1425 401 1655 474 Joppen,
1689 410 1735 459 et
1760 402 1953 459 inuenit
1979 417 2161 457 nauem
2188 399 2239 461 A
2267 405 2326 453 ut
2371 396 2615 467 gentium
2659 392 2689 433 ι»
2739 393 2979 464 populus
3019 392 3343 466 iungeretur
3387 393 3653 451 Ecclesia
3688 412 3702 450 :
3748 399 3835 453 hoc

560 514 763 559 euntem
792 504 845 557 in
869 501 1088 557 Tharsis
1112 516 1130 555 :
1157 509 1204 553 et
1232 498 1372 554 dedit
1401 499 1618 554 naulum
1644 499 1781 569 ejus,
1823 508 1869 553 et
1896 496 2161 552 descendit

561 600 615 655 in
647 614 791 664 eam,
839 605 897 651 ut
941 596 1038 650 iret
1078 610 1193 648 cum
1221 593 1298 647 eis
1341 594 1398 646 in
1446 590 1660 647 Tharsis
1687 609 1717 645 a
1745 592 1880 662 facie
1924 588 2158 644 Domini.

563 688 706 746 LXX
758 706 772 743 :
833 688 898 743 Et
944 688 1173 743 ascendit
1217 686 1272 740 in
1340 685 1580 758 J0ppen,
1635 693 1681 739 et
1738 684 1928 738 inuenit
1983 698 2159 736 nauem

562 790 763 835 euntem
804 779 859 833 in
890 777 1418 848 Tharsis:deditque
1445 777 1664 831 naulum
1708 792 1880 842 suum,
1929 775 2162 829 ascendit

560 873 616 928 in
643 888 785 938 eam,
834 880 889 926 ut
916 872 1181 941 navigaret
1224 887 1345 925 cum
1388 870 1461 925 eis
1492 870 1549 923 in
1576 867 1794 923 Tharsis
1828 885 1861 921 a
1890 868 2025 938 facie
2059 866 2162 921 Do-

560 965 706 1019 mini.
755 963 966 1034 Joppcn
998 975 1213 1034 portum
1244 978 1366 1018 esse
1397 960 1626 1027 induere,
1660 970 1718 1015 et
1763 960 1819 1014 in
1851 960 2160 1030 Regnorum

565 1066 592 1095 ει
622 1069 675 1114 et
705 1058 1167 1129 Paralipomenon
1197 1057 1354 1113 libris
1402 1055 1634 1126 legimus
1664 1054 1729 1123 (II
1760 1052 1948 1108 Parat.
1981 1055 2061 1124 ιι),
2096 1053 2163 1108 ad

564 1167 724 1222 quem
759 1150 943 1206 Hiram
971 1166 1189 1222 quoque
1216 1166 1321 1206 rex
1350 1149 1483 1221 Tyri
1529 1149 1674 1218 ligna
1706 1148 1775 1202 de
1801 1146 2008 1203 Libano
2035 1149 2164 1202 rati-

562 1242 664 1298 bus
714 1244 1118 1306 transferebat,
1166 1256 1291 1313 quae
1339 1241 1649 1297 Jerusalem
1698 1250 1918 1296 terreno
1970 1240 2163 1295 itinere

565 1334 1026 1407 perveherentur.
1058 1334 1157 1390 llic
1188 1336 1345 1390 locus
1370 1342 1494 1399 est,
1542 1334 1596 1388 in
1644 1348 1754 1403 quo
1801 1348 1971 1403 usque
2003 1333 2165 1388 hodie

568 1443 698 1484 saxa
745 1438 1123 1484 monstrantur
1156 1428 1208 1482 in
1239 1428 1448 1492 littore,
1484 1426 1539 1480 in
1584 1426 1783 1494 quibus
1813 1425 2164 1480 Andromeda

566 1522 818 1593 religata,
852 1519 1042 1575 Persei
1072 1519 1351 1589 quondam
1378 1520 1450 1574 sit
1477 1518 1708 1573 liberata
1741 1516 2018 1587 praesidio.
2050 1517 2166 1572 Scit

566 1613 817 1668 eruditus
880 1613 1051 1667 lector
1106 1611 1419 1675 historiam;
1470 1610 1567 1666 sed
1616 1616 1673 1665 et
1716 1608 1869 1679 juxta
1925 1607 2164 1679 regionis

562 1715 813 1761 naturam
845 1703 912 1759 de
933 1704 1209 1759 montanis
1238 1703 1501 1758 etarduis
1530 1701 1597 1757 ad
1624 1702 1833 1771 Joppen
1862 1710 1921 1757 et
1948 1716 2165 1770 campe-

2264 490 2411 562 quod
2451 490 2717 559 sequitur,
2768 495 2989 542 matrem
3030 504 3210 553 suam,
3244 488 3529 559 quomodo
3573 502 3837 560 possumus

2263 584 2634 656 interpretari,
2666 584 2767 638 uisi
2801 582 2947 639 forte
2989 581 3235 639 dicamus
3267 583 3561 654 reliquisse
3590 597 3713 640 eum
3740 600 3834 642 cte-

2266 683 2461 737 lestem
2488 679 2833 746 Jerusalem,
2880 693 3002 749 quae
3050 688 3134 734 est
3184 686 3362 734 mater
3395 678 3758 747 Sanctorum,
3796 690 3842 736 et

2265 782 2464 831 caetera
2515 771 2694 827 multo
2740 771 2831 826 liis
2857 770 3206 828 difﬁciliora?
3251 770 3384 827 Illud
3423 772 3595 827 etiam
3622 772 3759 842 quod
3783 774 3842 829 ab

2265 866 2458 921 eodem
2502 863 2770 935 Apostolo
2795 863 3090 919 scribitur:
3118 862 3371 918 Bibebant
3409 870 3593 917 autem
3619 865 3682 917 de
3706 864 3841 935 spiri-

2265 959 2394 1013 tuali
2420 967 2764 1027 consequente
2789 974 2876 1013 eos
2906 966 3052 1027 petra
3070 973 3089 1010 :
3110 966 3259 1029 petra
3284 965 3461 1011 autem
3491 965 3604 1011 erat
3632 955 3846 1013 Christus

2267 1052 2312 1123 (l
2333 1050 2457 1107 Cor.
2492 1069 2549 1118 Χ,
2579 1051 2657 1121 4),
2688 1066 3033 1121 nequaquam
3057 1066 3158 1105 nos
3178 1060 3355 1105 arctat
3376 1058 3435 1105 ut
3455 1050 3844 1106 omnemExodi

2266 1145 2465 1202 librum
2517 1144 2822 1201 referamus
2854 1144 2925 1200 ad
2968 1144 3267 1201 Christum.
3299 1144 3469 1216 Μ
3530 1144 3673 1212 Quid
3720 1146 3845 1199 enim

2266 1256 2557 1312 possumus
2580 1242 2799 1296 dicere?
2826 1241 2970 1312 quod
3002 1242 3120 1295 hac
3147 1248 3299 1311 petra
3327 1252 3357 1294 a
3384 1239 3576 1311 Moyse
3615 1252 3847 1307 percussa

2266 1335 2357 1401 sit,
2394 1350 2505 1390 nou
2546 1335 2718 1390 semel
2748 1335 2847 1391 sed
2872 1335 2953 1390 bis
2981 1332 3182 1403 (Exod.
3216 1331 3376 1404 xvn),
3410 1331 3565 1403 quod
3588 1344 3737 1403 aqua:
3763 1334 3847 1391 llu-

2265 1427 2476 1493 xerint,
2525 1436 2585 1483 et
2632 1436 2900 1483 torrentes
2952 1425 3151 1498 repleti
3200 1426 3331 1481 sint.
3364 1424 3507 1480 Num
3560 1430 3851 1483 universam

2268 1520 2370 1575 loci
2401 1519 2558 1587 hujus
2606 1519 2890 1574 historiam
2924 1534 3021 1589 per
3051 1518 3192 1574 hanc
3232 1518 3588 1574 occasionem
3619 1531 3849 1589 cogemus

2266 1615 2369 1670 sub
2395 1614 2513 1684 lege
2539 1614 2850 1686 allegorias?
2878 1623 2934 1670 et
2964 1627 3069 1669 non
3104 1613 3288 1682 potius
3312 1612 3691 1682 unusquisque
3718 1614 3850 1668 locus

2266 1706 2565 1763 secundum
2596 1707 2847 1764 historiae
2892 1707 3290 1771 diversitatem,
3341 1705 3619 1761 diversam
3650 1705 3849 1775 recipiet

564 1797 699 1851 stria
728 1794 955 1850 veniens
984 1795 1272 1866 propheta,
1306 1801 1459 1850 recte
1480 1794 1679 1849 dicitur
1707 1792 2079 1860 descendisse,
2111 1800 2166 1847 et
2197 1790 2240 1849 Β
2271 1800 2684 1870 intelligentiam
2734 1799 3123 1869 spiritualem?
3170 1799 3336 1869 Igitur
3383 1798 3535 1853 sicut
3577 1796 3691 1852 huic
3718 1799 3853 1853 testi-

562 1887 843 1943 iuveuisse
868 1902 1061 1942 navem
1082 1886 1269 1941 funem
1294 1888 1596 1941 solventem
1628 1900 1660 1941 e
1688 1885 1962 1953 Iittore,et
1984 1885 2168 1955 ingre-

562 1980 802 2037 dientem
824 1997 998 2047 mare,
1022 1980 1276 2051 deditque
1297 1980 1517 2035 naulum
1541 1980 1678 2050 ejus,
1697 1979 1860 2051 395
1885 1980 2002 2033 sive
2025 1995 2168 2034 mer-

564 2076 755 2131 cedem
785 2076 1029 2139 navis,id
1052 2085 1160 2141 est,
1190 2073 1567 2130 subvectionis
1592 2073 1732 2143 ejus,
1752 2072 1907 2143 juxta
1940 2072 2168 2128 Hebrai—

564 2184 685 2224 cum
704 2212 719 2235 ,
750 2169 864 2223 sive
906 2169 1122 2223 naulum
1154 2185 1247 2240 pro
1284 2184 1337 2222 se
1371 2166 1481 2239 [AL
1508 2165 1705 2239 suum],
1734 2178 1789 2222 ut
1819 2166 2165 2237 Septuaginta

562 2262 976 2317 transtulerunt.
1009 2260 1077 2314 Et
1104 2261 1363 2316 descendit
1388 2261 1443 2314 in
1468 2276 1614 2326 eam,
1647 2269 1706 2314 ut
1748 2260 1966 2329 proprie
1991 2260 2168 2314 conti-

563 2350 1107 2409 ueturianbraico:
1139 2369 1299 2409 teneo
1320 2355 1465 2422 (την)
1485 2352 1629 2408 enim
1659 2350 2167 2406 descenditdicitur:

564 2460 622 2504 ut
656 2447 911 2519 fugitivus
936 2448 1169 2503 sollicite
1201 2446 1442 2502 latebras
1466 2444 1875 2516 quaereret.Vel
1905 2444 2166 2507 ascendit,

564 2549 626 2596 ut
657 2542 913 2611 scriptum
954 2547 1041 2595 est
1070 2541 1121 2593 in
1174 2539 1417 2595 editione
1436 2530 1668 2609 Vulgata
1696 2555 1711 2591 :
1736 2548 1796 2592 ut
1820 2550 2168 2608 quocumque

565 2638 719 2688 navis
749 2642 1022 2703 pergeret,
1048 2632 1402 2702 perveniret:
1422 2632 1668 2686 evasisse
1690 2644 1751 2685 se
1771 2639 1988 2699 putans,
2014 2629 2057 2682 si
2075 2627 2169 2683 Ju—

564 2725 739 2781 dream
769 2725 1124 2794 relinqueret.
1142 2722 1249 2778 Sed
1268 2733 1320 2777 et
1337 2722 1597 2776 Dominus
1630 2733 1816 2776 nosmr
1848 2722 1901 2775 in
1921 2732 2169 2776 extremo

564 2814 768 2872 Judteae
793 2816 974 2871 littore
1005 2814 1172 2886 (quod
1198 2855 1215 2880 ,
1236 2813 1363 2884 quia
1395 2814 1449 2868 in
1479 2814 1666 2868 Judzea
1700 2812 2168 2881 erat,appellaba-

573 2918 664 2965 tur
692 2909 1149 2979 pulcherrimum)
1176 2922 1283 2962 non
1319 2908 1432 2962 vult
1460 2907 1652 2963 tollere
1680 2923 1874 2977 panem
1907 2907 2167 2972 ﬁliorum,

571 3013 628 3060 et
656 3003 791 3058 dare
821 3017 946 3057 eum
975 3003 1207 3057 canibus
1239 2999 1457 3072 (Matth.
1490 2998 1617 3072 xv);
1659 2999 1754 3055 sed
1787 3000 1913 3070 quia
1944 3007 2171 3054 venerat

569 3097 636 3151 ad
671 3110 802 3150 oves
829 3094 1075 3167 perditas
1107 3094 1302 3149 domus
1334 3092 1531 3159 Israel,
1557 3091 1652 3146 dat
1697 3091 2012 3147 vectoribus
2042 3106 2165 3159 pre-

2275 1894 2460 1948 mouia
2506 1907 2630 1948 suas
2677 1891 3158 1963 interpretationes
3191 1890 3413 1959 habent,
3451 1900 3509 1947 et
3544 1903 3643 1946 nec
3668 1904 3849 1961 prace-

2273 1986 2481 2054 dentia,
2516 2001 2616 2043 nec
2644 1985 3033 2057 consequentia
3083 1985 3330 2041 eamdem
3362 1983 3687 2040 desiderant
3736 1984 3851 2039 allec

2270 2078 2477 2151 goriam
2508 2096 2520 2132 :
2549 2078 2627 2133 sic
2653 2086 2709 2132 et
2738 2078 2908 2134 Jonas
2947 2078 3213 2148 propheta
3246 2090 3353 2131 non
3386 2075 3603 2147 absque
3634 2076 3849 2146 periculo

2273 2171 2705 2241 interpretantis,
2755 2182 2905 2225 tctus
2950 2168 3147 2226 referri
3196 2169 3263 2224 ad
3309 2168 3603 2224 Dominum
3653 2168 3849 2238 poterit.

2272 2264 2382 2320 Nec
2431 2279 2495 2319 ex
2550 2279 2619 2320 eo
2668 2265 2813 2335 quod
2870 2266 2922 2319 in
2975 2262 3274 2333 Evangelia
3319 2261 3523 2315 dicitur
3552 2258 3849 2316 :Generatio

2271 2356 2493 2427 pessima
2535 2355 2642 2427 [AL
2698 2355 2883 2428 prava}
2926 2364 2975 2410 et
3020 2354 3262 2409 adultera
3312 2355 3525 2425 signant
3570 2353 3767 2424 qmit,
3811 2361 3849 2407 et

2272 2451 2475 2520 signum
2519 2466 2621 2503 non
2653 2451 2861 2505 dabitur
2892 2451 2960 2518 ei,
3007 2450 3110 2505 nisi
3155 2446 3547 2521 signumhna!
3576 2447 3845 2520 Propheta.

2273 2544 2425 2599 Sicut
2456 2546 2591 2598 enim
2619 2545 2719 2609 {ait
2763 2544 2937 2599 Jonas
2976 2545 3029 2599 in
3075 2552 3248 2605 uentre
3292 2545 3391 2597 ceti
3417 2544 3585 2598 tribus
3613 2541 3777 2596 diebus
3809 2550 3849 2595 et

2273 2637 2434 2689 tribus
2464 2636 2723 2703 noctibus,
2758 2639 2833 2691 sic
2859 2638 2956 2691 erit
2984 2636 3156 2691 Filius
3179 2635 3405 2690 hominis
3430 2637 3491 2689 in
3518 2635 3673 2689 corde
3697 2645 3845 2703 terra,

2272 2732 2433 2785 tribus
2462 2731 2641 2785 diebus
2667 2740 2717 2785 et
2747 2732 2910 2785 tribus
2940 2731 3173 2786 noctibus
3204 2729 3369 2802 (Mat.
3399 2744 3501 2797 xtl,
3535 2728 3651 2801 39).

2346 2821 2527 2889 (Vers.
2562 2820 2643 2893 4.)
2682 2820 2940 2877 Dominus
2984 2830 3153 2875 autem
3197 2821 3340 2875 misit
3379 2828 3593 2875 uentum
3634 2826 3849 2891 magnum

2272 2915 2325 2967 in
2356 2930 2516 2977 mare,
2565 2924 2616 2968 et
2658 2919 2800 2983 facta
2840 2924 2914 2970 est
2960 2922 3231 2987 tempestas
3276 2928 3471 2985 magna
3515 2915 3569 2967 in
3615 2913 3764 2979 mari,
3808 2919 3849 2964 et

2272 3006 2415 3059 nauis
2456 3006 2846 3074 periclitabatur
2893 3006 3111 3061 conteri.
3153 3004 3300 3061 LXX
3331 3022 3344 3058 :
3370 3002 3439 3058 Et
3475 3004 3718 3059 Dominus
3750 3018 3849 3056 sus-

2273 3099 2451 3153 citauit
2498 3100 2743 3167 spiritum
2786 3116 3033 3170 magnum
3076 3100 3131 3154 in
3170 3114 3342 3166 mare,
3387 3106 3436 3154 et
3482 3102 3619 3169 facta
3643 3106 3710 3152 est
3741 3103 3849 3150 tem-

574 3189 735 3254 tium.
783 3200 836 3243 ul
890 3188 981 3258 qui
1032 3187 1271 3259 primum
1326 3200 1482 3240 suum
1529 3200 1727 3241 sanare
1777 3183 1886 3257 [AL
1931 3182 2164 3255 salvare]
2194 3180 2241 3246 C
2271 3203 2442 3265 pestas
2486 3209 2676 3265 magna
2714 3194 2767 3247 in
2796 3194 2953 3261 mari,
2985 3200 3037 3246 et
3065 3193 3212 3247 nauis
3239 3189 3635 3262 periclitabatur
3657 3187 3845 3244 conteri.

570 3282 686 3336 vult
716 3281 1006 3352 populum,
1031 3280 1208 3335 salvet
1230 3280 1447 3334 accolas
1470 3278 1658 3344 maris,
1683 3287 1738 3334 et
1762 3278 1904 3332 inter
1929 3277 2172 3332 turbines

571 3391 636 3433 ac
684 3384 1061 3447 tempestates,
1094 3373 1148 3429 id
1181 3382 1289 3437 est,
1330 3371 1642 3443 passionem
1673 3386 1851 3437 suam,
1882 3370 2171 3439 crucisque

572 3467 819 3525 convicia
873 3468 1191 3523 submersus
1239 3465 1293 3520 in
1345 3466 1585 3531 inferno,
1626 3464 1803 3519 salvet
1848 3477 1984 3529 eos,
2035 3478 2175 3533 quos

576 3568 730 3638 quasi
782 3566 837 3620 in
888 3564 1008 3620 navi
1058 3562 1343 3619 dormiens
1385 3561 1697 3634 negligebat
1748 3559 1979 3627 (Matth.
2032 3557 2169 3628 vui).

572 3662 826 3718 Prudens
855 3659 1131 3728 rogandus
1160 3666 1246 3714 est
1287 3660 1485 3725 lector,
1519 3671 1587 3710 ne
1630 3654 1888 3710 eumdem
1921 3653 2052 3708 velit
2087 3667 2176 3707 or-

576 3757 764 3813 dinem
798 3754 1145 3825 tropologite,
1185 3767 1346 3823 quem
1381 3759 1438 3807 et
1468 3748 1713 3806 historiae
1739 3764 2010 3819 quaerere.
2039 3746 2172 3801 Nam

575 3860 632 3907 et
663 3850 990 3918 Apostolus,
1038 3850 1183 3919 Agar
1231 3854 1287 3901 et
1331 3846 1524 3901 Saram
1566 3844 1633 3900 ad
1677 3844 1787 3900 duo
1824 3844 2174 3899 Testamenta

574 3943 746 4000 refert
788 3959 807 3995 ι
850 3950 906 3997 et
954 3948 1141 3996 tamen
1193 3953 1303 3993 non
1346 3938 1527 3992 omnia
1575 3952 1697 4006 quae
1728 3937 1779 3990 in
1812 3935 2036 3990 historia
2086 3934 2175 3988 illa

578 4043 900 4101 narrantur,
962 4031 1299 4102 tropologice
1347 4028 1699 4099 interpretari
1748 4042 2061 4099 possumus.
2111 4027 2175 4081 Et

576 4128 644 4184 ad
669 4128 940 4197 Ephesios
969 4125 1038 4182 de
1060 4125 1232 4179 Adam
1263 4132 1317 4179 et
1342 4123 1451 4177 Eva
1486 4122 1798 4193 disputans,
1824 4124 1930 4176 ait:
1956 4118 2178 4187 Pr0pter

576 4219 674 4272 hoc
716 4218 965 4288 relinquet
1009 4217 1163 4270 homo
1209 4224 1412 4287 patrem
1459 4225 1505 4269 et
1555 4222 1791 4280 matrem,
1821 4222 1869 4267 et
1895 4211 2179 4266 adhcerebit

574 4314 727 4367 uxori
758 4326 886 4376 sua),
930 4320 980 4365 et
1019 4316 1170 4364 erunt
1196 4307 1297 4363 duo
1340 4309 1394 4362 in
1424 4324 1578 4362 carne
1607 4323 1715 4360 una
1740 4322 1757 4359 :
1782 4304 2178 4361 Sacramentum

578 4406 674 4460 hoc
721 4420 967 4475 magnum
1016 4413 1132 4458 est:
1156 4399 1270 4475 Ego
1315 4411 1489 4455 autem
1517 4400 1636 4454 dico
1676 4400 1733 4453 in
1779 4396 2015 4463 Christo,
2051 4400 2180 4452 etin

580 4496 819 4551 Ecclesia
845 4494 1069 4566 (Ephes.
1103 4512 1159 4561 ν,
1193 4495 1283 4557 3|,
1318 4490 1434 4563 '52).
1464 4490 1739 4562 Numquid
1779 4498 1951 4546 totum
1981 4490 2179 4560 princi-

2273 3284 2460 3340 Potevvt
2491 3284 2617 3355 fuga
2649 3285 2932 3355 prOphetae
2959 3294 3013 3340 et
3035 3283 3109 3339 ad
3136 3283 3374 3339 hominis
3420 3284 3621 3339 referri
3643 3282 3695 3335 in
3721 3293 3847 3336 com-

2275 3379 2423 3432 muni
2459 3392 2775 3447 personam,
2808 3379 2898 3449 qui
2934 3378 3034 3433 Dei
3060 3385 3341 3449 praecepta
3367 3386 3741 3441 contemnens,
3771 3385 3845 3427 τοι

2273 3473 2444 3527 cessit
2472 3486 2505 3524 a
2529 3471 2669 3526 facie
2698 3472 2837 3541 ejus,
2870 3480 2925 3526 et
2955 3486 3014 3526 se
3043 3471 3249 3526 mundo
3277 3470 3529 3538 tradidit,
3573 3470 3659 3526 ubi
3688 3475 3845 3538 postea

2276 3563 2543 3617 malorum
2599 3572 2963 3633 tempestate,
3017 3573 3073 3618 et
3125 3565 3295 3619 totius
3336 3564 3529 3620 mundi
3578 3569 3755 3618 contra
3798 3572 3848 3613 se

2274 3656 2535 3710 saeviente
2586 3656 2893 3726 naufragio,
2943 3656 3261 3727 compulsus
3309 3664 3393 3712 est
3444 3656 3650 3712 sentire
3672 3654 3841 3713 Deum.

2276 3757 2329 3801 et
2358 3747 2563 3802 reverti
2589 3746 2653 3803 ad
2697 3763 2821 3804 eum
2881 3764 3053 3819 quem
3077 3749 3308 3821 fugerat.
3339 3749 3494 3806 Unde
3525 3748 3847 3819 intelligimus

2278 3838 2447 3894 etiam
2471 3854 2531 3894 ea
2562 3854 2681 3908 quae
2709 3841 2814 3893 sibi
2849 3840 3098 3897 homines
3134 3843 3411 3898 mstimant
3441 3842 3721 3908 salutaria,
3748 3838 3846 3892 Deo

2279 3932 2504 3987 nolente
2552 3932 2660 4004 [AL
2712 3932 2978 4004 volente],
3023 3936 3167 3989 verti-
3214 3935 3269 3987 in
3318 3934 3650 4003 perniciem,
3682 3938 3845 3987 etnon

2280 4027 2459 4082 solum
2483 4040 2592 4081 non
2625 4026 2886 4096 prodesse
2908 4028 3172 4083 auxilium
3205 4027 3313 4095 his,
3341 4028 3541 4097 quibus
3571 4025 3842 4097 prmbetur;

2281 4122 2380 4177 sed
2428 4130 2483 4177 et
2528 4123 2674 4192 ipsos
2725 4123 2819 4192 qui
2866 4122 3132 4192 praebent,
3183 4122 3388 4192 pariter
3435 4121 3667 4177 conteri.
3717 4116 3848 4173 Sicut

2284 4214 2517 4281 legimus
2540 4216 2737 4269 victam
2764 4214 2835 4267 ab
2865 4213 3103 4285 Assyriis
3133 4211 3451 4284 Egyptum,
3484 4215 3607 4285 quia
3637 4207 3844 4280 opitula-

2283 4306 2441 4360 hatur
2467 4305 2663 4361 Israeli
2683 4313 2875 4360 contra
2904 4304 3120 4359 Domini
3148 4303 3508 4359 voluntatem.
3538 4299 3846 4359 Periclitatur

2285 4400 2441 4454 navis
2490 4413 2611 4468 quae
2662 4398 3067 4469 periclitantem
3113 4405 3661 4468 susceperatzvento
3700 4388 3844 4447 maria

2284 4492 2657 4558 concitantur,»
2703 4492 2757 4545 in
2804 4489 3201 4560 tranquillitate
3233 4498 3529 4557 tempestas
3569 4486 3749 4551 oritur,
3772 4482 3844 4537 ni-

578 4590 726 4661 pium
777 4587 1085 4653 Geneseos,
1132 4596 1189 4643 et
1236 4585 1499 4642 fabricam
1546 4582 1755 4649 mundi,
1800 4592 1855 4639 et
1896 4583 2173 4638 hominum
2203 4568 2257 4629 D
2284 4587 2380 4652 hil,
2415 4586 2523 4641 Deo
2548 4585 2896 4651 adversante,
2926 4598 3183 4641 securum
3206 4595 3309 4641 est.

580 4681 950 4736 conditionem
996 4678 1065 4734 ad
1095 4677 1396 4742 Christum,
1438 4684 1501 4733 et»
1523 4675 1597 4731 ad
1626 4674 1926 4732 Ecclesiam
1971 4675 2177 4732 referre

581 4788 895 4846 possumus,
924 4774 1050 4845 quia
1096 4772 1202 4828 hoc
1230 4769 1544 4827 testimonio
1575 4769 1655 4825 sic
1678 4769 1885 4826 abusus
1911 4780 2000 4827 est
2030 4772 2174 4841 Apo-

577 4867 790 4924 Stolus?
822 4866 933 4922 Fac
978 4867 1122 4922 enim
1153 4865 1256 4920 hoc
1298 4864 1447 4936 quod
1490 4864 1755 4934 scriptum
1797 4873 1915 4920 est:
1940 4862 2069 4920 Ideo
2098 4882 2177 4920 re-

579 4964 776 5033 linquet
824 4960 979 5016 homo
1024 4968 1227 5031 patrem
1254 4975 1428 5024 suum,
1452 4957 1760 5014 referamus
1782 4958 1850 5014 ad
1877 4958 2174 5026 Christum,

579 5064 638 5111 ut
684 5053 930 5109 dicamus
961 5067 1085 5109 eum
1116 5050 1337 5107 Patrem
1367 5051 1421 5105 in
1454 5050 1614 5108 caelis
1653 5050 1949 5122 reliquisse
1980 5050 2178 5122 Deum,

656 5252 681 5280 ιι
723 5236 997 5295 Victorius
1041 5238 1137 5301 ait,
1171 5235 1299 5291 limo
1330 5233 1516 5290 [liram
1548 5235 1783 5299 historia
1829 5234 2088 5291 scribitur
2115 5234 2180 5290 IIl

585 5314 723 5384 Reg.
743 5330 797 5377 v,
813 5310 928 5384 etAII
947 5309 1123 5364 Paral.
1140 5307 1408 5384 u.\_’erum
1426 5305 1566 5384 quod
1582 5306 1648 5361 de
1663 5305 1834 5384 Joppe
1865 5308 2067 5384 mentio
2090 5308 2185 5384 flat

584 5386 639 5442 in
669 5377 824 5439 libris
857 5382 1086 5451 Regum,
1116 5379 1366 5451 equidem
1416 5377 1594 5451 adhuc
1638 5393 1744 5451 non
1778 5379 2017 5451 inveni._
2033 5378 2183 5451 scri-

582 5458 728 5514 bitur
775 5447 962 5508 tamen
985 5453 1053 5507 de
1098 5447 1181 5506 ea'
1208 5452 1259 5505 in
1288 5449 1426 5504 libro
1456 5448 1647 5517 Iosue,
1673 5447 1949 5513 Numeris,
1982 5448 2181 5516 Ezdra,

588 5526 938 5591 Machabaais,
968 5531 1024 5580 et
1056 5522 1203 5579 Actis
1236 5520 1643 5590 Apostolorum.
1680 5518 1824 5574 Nihil
1856 5528 2033 5575 tamen
2069 5534 2184 5575 mu-

591 5610 781 5665 tatum,
810 5598 936 5667 quia
968 5611 1090 5651 cum
1122 5595 1190 5667 ibi
1222 5606 1439 5663 quoque
1483 5591 1677 5647 eadem
1707 5598 1985 5667 tractetur,
2007 5591 2179 5667 histo-

589 5672 669 5726 ria
696 5711 711 5736 ,
765 5662 871 5724 uo'u
900 5682 1013 5735 res,
1045 5666 1141 5736 sed
1175 5662 1374 5720 nomen
1405 5672 1617 5736 tantum
1646 5662 1908 5736 omissum
1939 5664 2178 5736 videtur.

588 5724 808 5810 sappho
837 5724 1012 5810 Joppé
1037 5734 1202 5792 hodie
1232 5743 1491 5810 vocatur:
1517 5724 1733 5810 Plinius
1758 5748 1789 5788 a
1834 5732 2180 5810 Phoenicibus

590 5804 865 5869 conditam
906 5804 1036 5866 ante
1080 5817 1353 5864 terrarum
1402 5804 1821 5863 inundationem
1851 5806 2049 5877 prodit.
2083 5807 2179 5863 Est

2355 4680 2534 4750 (Vers.
2568 4678 2657 4750 5.).
2684 4677 2750 4733 Et
2769 4679 3047 4733 timuerunt
3070 4689 3264 4747 nantia,
3292 4688 3347 4736 et
3361 4688 3393 4720 ι
3418 4680 3749 4735 clamarem"
3768 4668 3845 4724 ι’ἱνί

2282 4776 2357 4829 ait
2370 4775 2538 4830 Deum
2557 4789 2728 4841 suum,
2747 4784 2792 4827 et
2814 4775 3064 4829 miserunt
3083 4775 3380 4848 autem
3402 4790 3516 4847 qum
3529 4777 3671 4829 eram
3688 4770 3735 4824 in
3748 4762 3846 4821 nati

2280 4871 2334 4924 in
2366 4885 2530 4935 mare,
2558 4879 2614 4924 ut
2634 4868 2965 4925 alteriarettrr
2985 4869 3053 4923 ab
3073 4871 3164 4924 eis.
3190 4868 3370 4925 LXX:
3400 4869 3464 4923 Et
3490 4871 3750 4923 timuerunt
3771 4856 3846 4929 σαί

2283 4962 2626 5036 navigabant,
2678 4972 2726 5015 et
2776 4961 3139 5017 clamauerunt
3176 4963 3532 5034 unusquisque
3585 4958 3652 5013 ad
3703 4955 3843 5009 Deam

2281 5070 2463 5121 suum,
2499 5064 2550 5109 et
2581 5056 2786 5126 jactura
2826 5057 3061 5127 fecerunt
3084 5068 3331 5109 “eorum
3363 5054 3517 5110 navie
3538 5055 3590 5107 in
3614 5056 3760 5114 mare,
3796 5050 3843 5096 αι

2289 5237 2889 5370 ξ,ξίτε..τῖ,ξίί·›εξῑξῖςιτπξ,
2912 5227 3842 5378 autemauterm:

2291 5379 2595 5466 significat};
2620 5379 3137 5466 Hoc-‘eriimlsonat
3184 5376 3293 5434 vos
3331 5376 3460 5466 risi.-
3486 5378 3617 5466 Vid'e
3659 5377 3837 5466 ιη

2293 5448 2454 5520 epist.
2490 5450 2616 5518 105i,
2648 5452 2713 5506 ad
2751 5448 3127 5516 Eustochium,
3158 5466 3308 5505 num.
3338 5452 3392 5521 8,
3427 5456 3746 5506 nummus.

2293 5592 2328 5594 η
2363 5520 2389 5560 δ
2422 5521 2747 5579 Suffecimus
2772 5537 2960 5577 vocem
3004 5523 3254 5594 populus,
3288 5536 3459 5593 quam
3494 5519 3683 5577 mutuor
3700 5518 3836 5567 sensu

2284 5592 2632 5649 Martianaeus
2665 5592 3038 5666 praetermisit.
3078 5592 3086 5594 ⁷
3153 5665 3159 5666 ί
3306 5592 3313 5593 ί
3562 5664 3570 5666 μ
3606 5660 3633 5666 ,
3725 5654 3736 5665 .

2359 5676 2383 5703 ⁶¹
2414 5667 2530 5721 Duo
2560 5659 2791 5722 Palatini
2836 5679 3007 5733 mss“,
3030 5674 3079 5721 et
3113 5664 3575 5721 clamauerunt!
3595 5659 3837 5717 0W“

2283 5735 2454 5792 Deum
2484 5755 2656 5793 suum
