4084 6340
267 342 393 400 Ηὶῦ

1116 336 1765 397 COMMENTARIORUM
1804 333 1869 392 IN
1908 331 2135 392 JONAM
2176 330 2402 389 LIBER.
2446 332 2598 389 CAP.
2646 334 2682 387 Ι.

3409 331 3544 389 itif}

261 457 583 513 alleviaretur
613 455 776 512 navis.
828 457 1180 513 Arbitrantur
1226 475 1418 515 navem
1462 459 1625 515 solito
1674 471 1876 517 onere.

1961 451 2192 507 rictimze
2232 452 2569 521 spirituales,
2618 467 2755 522 quas
2805 454 2993 521 utique
3035 452 3187 522 juxta
3225 451 3459 505 litteram
3495 452 3545 506 in

261 554 600 623 praegravari,
630 558 686 606 et
731 565 839 606 non
884 552 1195 621 intelligunt
1245 562 1412 608 totum
1463 552 1677 623 pondus
1720 565 1845 606 esse

260 644 460 716 fugitivi
490 643 795 712 prophetzr.
829 642 1050 698 Timent
1080 652 1257 698 nauta.-
1277 688 1291 711 ,
1326 645 1526 699 clamat
1556 642 1846 708 unusquis-

258 752 355 806 que
382 734 450 789 ad
479 734 649 790 Deum
679 748 860 800 suum;
886 736 1200 806 ignorantes
1229 736 1533 803 veritatem,
1561 750 1667 790 non
1698 736 1843 805 igno-

259 840 372 884 rant
423 829 856 899 providentiam,
898 840 954 886 et
995 831 1097 887 sub
1146 847 1333 887 errore
1362 831 1643 903 religionis
1671 832 1848 887 sciunt

259 921 458 991 aliquid
488 936 614 977 esse
642 921 1041 978 venerandum:
1071 924 1363 995 projiciunt
1392 939 1559 979 onera
1590 925 1642 979 in
1676 939 1843 992 mare,

258 1025 313 1068 ut
339 1012 765 1084 magnitudinem
797 1013 1055 1071 ﬂuctuum
1089 1016 1282 1072 classis
1314 1016 1489 1071 levior
1520 1016 1841 1071 transiliret.

260 1107 323 1161 At
344 1115 534 1161 contra
564 1104 729 1161 Israel
759 1121 860 1162 nec
889 1107 1048 1163 bonis
1076 1123 1178 1163 nec
1201 1108 1355 1165 malis
1378 1108 1631 1180 intelligit
1652 1109 1845 1176 Deum;

259 1197 543 1268 plangente
567 1195 788 1252 Christo
819 1199 1096 1269 populum,
1133 1201 1311 1256 siccos
1336 1202 1523 1257 oculos
1551 1201 1736 1258 habet.

326 1289 394 1345 Et
419 1290 587 1346 Jonas
611 1291 879 1346 descendit
913 1294 983 1347 ad
1010 1295 1260 1349 interiora
1281 1296 1449 1363 naris,
1483 1304 1532 1350 et
1560 1295 1849 1349 dormiebat

256 1399 436 1454 sopore
455 1382 621 1455 gravi.
655 1381 799 1438 LXX
828 1402 840 1437 :
881 1382 1049 1439 Jonas
1072 1396 1243 1440 autem
1259 1387 1521 1441 descendit
1548 1389 1597 1440 in
1627 1398 1851 1442 ventrem

258 1479 419 1543 naris,
456 1487 503 1530 et
531 1477 840 1545 dormiebat,
871 1487 920 1533 et
946 1479 1208 1533 stertebat.
1253 1481 1533 1545 Quantum
1579 1479 1645 1534 ad
1684 1480 1853 1536 bimo-

258 1572 386 1625 riam
424 1571 680 1637 pertinet,
718 1572 995 1642 prophetae
1036 1590 1189 1628 mens
1237 1589 1427 1629 secura
1460 1574 1791 1630 describitur
1834 1593 1849 1629 :

258 1677 357 1717 non
412 1671 759 1731 tempestate,
812 1678 920 1719 non
973 1664 1232 1734 periculis
1261 1666 1645 1733 conturbatur,
1701 1681 1851 1721 eum-

257 1753 372 1809 dem
421 1764 474 1809 et
527 1754 579 1808 in
631 1756 945 1824 tranquillo,
981 1766 1037 1810 et
1068 1757 1386 1813 imminente
1417 1757 1701 1828 naufragio
1730 1758 1849 1812 ani-

1949 546 2144 603 mediis
2167 545 2420 601 ﬂuctibus
2453 562 2559 600 non
2592 547 2885 603 habebant.

2024 638 2207 711 (Vers.
2245 639 2329 708 7.)
2383 638 2447 694 Et
2477 639 2610 695 dixit
2654 640 2730 694 vir
2756 642 2826 694 ad
2854 640 3109 713 collegam
3128 657 3276 696 suum
3306 657 3325 697 :
3370 640 3548 696 Venite

1950 742 1995 786 et
2029 733 2293 786 mittamus
2321 741 2507 799 sortes,
2559 742 2607 786 et
2655 733 2878 790 sciamus
2923 750 3084 802 quare
3121 734 3218 789 hoc
3260 736 3455 789 malum
3482 736 3547 790 sit

1950 826 2096 881 nobis
2128 840 2148 880 .'
2176 835 2225 880 et
2249 827 2499 880 miserunt
2524 835 2707 896 sortes,
2730 836 2778 879 et
2805 828 2991 882 cecidit
3009 845 3124 883 sors
3148 846 3306 901 super
3329 828 3544 886 Jonam.

1954 918 2098 976 LXX
2136 937 2149 973 :
2184 917 2256 974 Et
2276 920 2409 975 dixit
2430 922 2784 993 unusquisque
2805 922 2873 977 ad
2902 923 3192 991 proximum
3211 939 3361 977 suum
3389 941 3407 978 :
3451 922 3548 976 Ve-

1956 1011 2083 1076 nite,
2118 1011 2380 1065 mittamus
2428 1022 2612 1076 sortes,
2656 1021 2702 1066 et
2742 1028 3111 1083 cognoscamus
3155 1024 3177 1052 ο
3207 1017 3357 1086 cujus
3377 1015 3552 1087 gratia

1949 1102 2156 1156 malitia
2179 1101 2290 1157 lucc
2319 1113 2393 1157 est
2420 1118 2574 1172 super
2602 1119 2696 1158 nos
2728 1119 2746 1157 :
2778 1113 2826 1158 et
2852 1106 3100 1158 miserunt
3129 1114 3313 1171 sortes,
3344 1116 3389 1159 et
3416 1106 3550 1159 ceci-

1950 1195 2026 1250 dit
2053 1212 2166 1251 sors
2207 1211 2364 1267 super
2394 1194 2610 1249 Ionam.
2663 1195 2939 1254 Noveram
2988 1208 3234 1252 naturam
3265 1198 3431 1253 maris
3452 1240 3467 1265 ,
3499 1207 3555 1253 et

1951 1299 2102 1344 tanto
2129 1299 2376 1361 tempore
2402 1292 2719 1361 navigantes
2740 1291 2987 1347 sciebant
3012 1301 3393 1363 tempestatum
3426 1309 3556 1350 ven-

1952 1390 2242 1451 torumque
2274 1382 2539 1445 rationes,
2570 1394 2624 1438 et
2655 1384 2842 1453 utique
2870 1384 2914 1438 si
2945 1385 3163 1447 solitos,
3194 1394 3249 1440 et
3289 1401 3425 1455 quos
3452 1387 3552 1441 ali-

1952 1476 2172 1545 quando
2201 1477 2411 1545 experti
2432 1476 2670 1542 fuerant,
2696 1476 2892 1532 ﬂuctus
2910 1478 3176 1533 vidissent
3200 1493 3549 1550 consurgere,

1953 1581 2245 1637 numquam
2291 1566 2434 1622 forte
2478 1578 2757 1623 auctorem
2807 1568 3069 1639 naufragii
3112 1583 3446 1638 quaererent,
3500 1578 3555 1625 et

1954 1673 2052 1728 per
2079 1672 2194 1714 rem
2225 1659 2512 1729 incertam,
2555 1670 2767 1715 certum
2811 1669 3077 1729 cuperent
3108 1663 3318 1717 evitare
3354 1663 3549 1718 discri-

1958 1765 2104 1804 men.
2134 1749 2247 1806 Nec
2274 1753 2460 1805 statim
2490 1751 2752 1806 debemus
2779 1753 2880 1806 sub
2915 1753 3019 1807 huc
3049 1754 3299 1823 exemplo
3320 1755 3559 1809 sortibus

258 1861 397 1901 mum
430 1859 646 1916 gerens.
700 1846 946 1917 Denique
998 1848 1085 1903 alii
1133 1850 1365 1904 clamant
1408 1851 1472 1904 ad
1521 1851 1652 1905 deos
1696 1865 1846 1917 suos,
1879 1845 1928 1908 B
1954 1841 2205 1912 credere,
2238 1845 2323 1898 vel
2359 1844 2490 1899 illud
2524 1845 2593 1899 de
2627 1845 2849 1899 Actibus
2878 1847 3265 1914 Apostolorum
3300 1848 3427 1903 huic
3476 1861 3555 1904 Ie—

254 1952 375 1989 vasa
404 1933 717 2004 projiciunt,
747 1937 941 1992 nititur
964 1942 1333 2010 unusquisque
1355 1942 1495 2010 quod
1522 1950 1715 2009 potest.
1744 1942 1850 1997 Iste

260 2036 363 2081 tam
391 2028 610 2097 quietus
640 2038 721 2083 est
753 2038 807 2083 et
835 2043 1086 2099 securus,
1135 2032 1411 2103 animique
1440 2032 1712 2103 tranquilli
1739 2078 1751 2101 ,
1794 2040 1853 2087 ut

260 2123 322 2172 {ltl
351 2120 503 2173 navis
534 2119 796 2175 interiora
824 2120 1189 2191 descendens,
1238 2138 1433 2179 somno
1473 2124 1686 2194 placido
1728 2140 1853 2194 per-

260 2212 486 2267 fruatur.
512 2212 619 2269 Sed
648 2224 702 2267 et
726 2214 827 2269 hoc
858 2215 965 2270 dici
994 2226 1172 2285 potest
1201 2233 1213 2270 :
1248 2217 1517 2272 Conscius
1549 2228 1665 2273 erat
1713 2218 1853 2287 fugae

257 2316 311 2360 et
334 2304 561 2374 peccati,
587 2320 693 2373 quo
716 2306 935 2361 Domini
965 2317 1234 2378 pracepta
1262 2310 1576 2380 neglexerat
1604 2327 1617 2363 :
1646 2320 1699 2365 et
1719 2320 1856 2366 tem-

260 2405 550 2467 pestatem,
614 2397 990 2467 ignorautibus
1033 2402 1267 2465 caneris,
1316 2410 1509 2455 contra
1558 2415 1618 2457 se
1661 2402 1855 2458 saevire

258 2488 557 2543 cernebat:
587 2488 710 2543 ideo
740 2490 1024 2545 descendit
1047 2492 1110 2545 ad
1148 2493 1408 2547 interiora
1439 2493 1591 2546 navis
1619 2536 1633 2559 ,
1676 2504 1729 2549 et
1760 2493 1855 2548 tri-

260 2580 356 2635 suis
385 2579 757 2645 absconditur,
812 2596 881 2637 ne
929 2583 1081 2652 quasi
1129 2583 1226 2639 Dei
1258 2584 1503 2639 vindices
1534 2584 1731 2641 ﬂuctus
1756 2586 1854 2641 ad-

260 2688 477 2728 versum
508 2687 569 2727 se
598 2672 811 2727 videret
856 2674 1245 2730 intumescere.
1298 2674 1452 2743 Quod
1496 2688 1679 2732 autem
1728 2679 1853 2734 dor-

262 2769 383 2832 mit,
417 2781 524 2820 non
549 2768 861 2822 securitatis
884 2776 987 2834 est,
1030 2768 1127 2823 sed
1158 2770 1434 2825 maeroris.
1461 2770 1593 2825 Nam
1619 2780 1679 2827 et
1708 2776 1853 2841 Apo-

263 2858 434 2913 stolus
463 2858 695 2927 legimus
729 2860 779 2913 in
813 2859 1027 2914 Domini
1057 2862 1311 2930 passione
1341 2878 1452 2930 prae
1484 2863 1719 2918 tristitiae
1746 2880 1859 2918 ma-

259 2952 541 3023 gnitudine
561 2967 754 3008 somno
787 2952 951 3009 fuisse
981 2956 1273 3023 depressos
1305 2955 1525 3028 (Matth.
1554 2957 1730 3027 xxvr).
1763 2958 1860 3014 Sin

261 3054 439 3099 autem
488 3044 921 3116 interpretamur
950 3046 1004 3099 in
1038 3055 1185 3116 typo,
1219 3062 1445 3103 somnus
1490 3049 1773 3118 prephette
1805 3059 1862 3105 et

261 3137 616 3209 gravissimus
639 3154 803 3210 sopor
825 3139 1101 3194 hominem
1131 3140 1406 3211 signiﬁcat
1432 3144 1637 3196 erroris
1664 3158 1863 3211 sapore

1955 1934 2219 1990 stimonio
2250 1935 2536 2004 copulare,
2570 1936 2661 1991 ubi
2708 1948 2858 1992 sorte
2905 1938 2960 1992 in
3006 1939 3381 2009 Apostolatum
3430 1940 3562 1995 alat-

1958 2026 2103 2081 thias
2147 2028 2369 2098 eligitur
2401 2028 2605 2100 (Actor.
2638 2029 2705 2101 l),
2738 2046 2859 2085 cum
2892 2032 3176 2104 privilegia
3224 2035 3557 2105 singulorum

1957 2134 2068 2174 non
2098 2119 2307 2188 possint
2334 2121 2505 2190 legem
2539 2121 2718 2177 facere
2740 2139 3110 2179 communem.
3143 2125 3292 2180 Sicut
3323 2129 3469 2183 enim
3508 2129 3560 2183 in

1956 2211 2474 2268 condemnationem
2499 2213 2719 2269 Balaam
2744 2217 2897 2270 asina
2928 2218 3167 2287 loquitur
3192 2217 3383 2289 (Num.
3401 2222 3561 2285 xm),

1959 2312 2015 2358 et
2046 2302 2258 2360 Pharao
2284 2303 2438 2376 (Gen.
2458 2305 2593 2377 xu),
2620 2318 2675 2360 et
2697 2306 3201 2363 Nabuchodonosor
3229 2310 3561 2380 injudiciutu

1959 2398 2041 2451 sui
2074 2396 2238 2469 (Dan.
2270 2414 2327 2463 u,
2350 2399 2433 2471 Δ),
2459 2401 2687 2455 somniis
2710 2400 2883 2456 futura
2909 2412 3271 2472 cognoscunt,
3300 2414 3355 2459 et
3382 2415 3561 2459 tamen

1963 2489 2133 2545 Deum
2167 2506 2273 2545 non
2299 2492 2611 2564 intelligunt
2638 2496 2972 2549 revelantem
3019 2513 3032 2548 :
3073 2496 3308 2566 Caiphas
3347 2514 3564 2567 quoque

1961 2582 2262 2653 prephetat
2308 2583 2603 2653 ignorans,
2647 2586 2792 2656 quod
2840 2588 3126 2657 expediret
3181 2604 3348 2643 unum
3382 2592 3565 2659 perire

1963 2687 2062 2743 pro
2088 2674 2302 2730 cunctis
2336 2673 2535 2743 (Joan.
2584 2691 2639 2730 XI
2672 2686 2721 2729 et
2748 2681 2901 2749 xvut)
2931 2698 2944 2733 :
2997 2679 3070 2735 ita
3110 2688 3165 2735 et
3194 2681 3283 2735 hic
3309 2680 3567 2750 fugitivus

1961 2773 2112 2821 sorte
2142 2767 2595 2837 deprehenditur.
2649 2785 2757 2823 non
2792 2770 3000 2825 viribus
3030 2772 3281 2838 sortium,
3323 2772 3488 2844 3w
3515 2781 3573 2829 et

1965 2859 2203 2914 maxime
2271 2862 2516 2916 sortibus
2554 2860 2937 2929 ethnicorum,
2983 2863 3081 2918 sed
3124 2865 3406 2921 voluntate
3448 2867 3566 2935 ejus

1965 2951 2058 3018 qui
2093 2960 2269 3005 sortes
2320 2953 2542 3023 regebat
2585 2954 2840 3011 incertas.
2894 2956 3051 3023 Quod
3094 2967 3277 3013 autem
3319 2958 3566 3014 dicitur:

1973 3042 2036 3097 Et
2076 3060 2448 3117 cognoscamus
2488 3056 2699 3118 propter
2735 3064 2886 3117 quem
2916 3050 3121 3103 malitia
3151 3053 3259 3105 haec
3298 3062 3372 3106 est
3415 3069 3569 3121 super

1967 3150 2087 3201 nos,
2117 3136 2206 3191 hic
2236 3136 2500 3193 malitiam
2525 3154 2627 3207 pro
2655 3138 2960 3197 afﬂictione
2989 3152 3043 3197 et
3069 3143 3382 3197 calamitate
3424 3146 3569 3199 acci-

264 3240 595 3301 torpentem,
648 3234 735 3287 cui
769 3248 876 3287 non
909 3232 1203 3289 suffecerat
1239 3233 1445 3305 fugisse
1488 3248 1519 3287 a
1568 3234 1705 3291 facie
1747 3236 1860 3305 Dei,
1889 3231 1935 3296 C
1972 3244 2103 3297 Ρθτθ
2130 3228 2421 3297 debemus.
2449 3232 2758 3288 secundum
2789 3234 2921 3288 illud
2952 3252 2964 3287 ε
2999 3235 3197 3303 silici!
3230 3236 3331 3290 dici
3370 3238 3570 3291 malitia

263 3323 369 3378 nisi
393 3323 699 3392 etquadam
726 3325 979 3381 vecordia
1002 3340 1159 3380 mens
1181 3326 1328 3380 illius
1348 3325 1563 3390 obruta,
1590 3326 1865 3397 ignoraret

262 3414 597 3469 iracundiam
632 3415 755 3481 Dei,
804 3424 860 3471 et
905 3416 1059 3485 quasi
1088 3431 1315 3472 securus
1346 3415 1611 3471 dormiret
1648 3427 1704 3472 et
1733 3432 1861 3487 pro-

261 3509 645 3565 fundissimum
677 3526 927 3566 somnum
955 3527 1115 3566 rauca
1140 3527 1274 3567 nare
1300 3520 1327 3549 ἰ
1359 3521 1664 3567 resonaret.

336 3603 356 3674 (
384 3602 539 3658 Vers.
566 3603 648 3673 6.)
704 3604 773 3657 Et
799 3605 1009 3659 accessit
1037 3605 1106 3657 ad
1132 3621 1251 3659 eum
1277 3605 1613 3675 gubernator,
1655 3614 1703 3657 et
1733 3605 1866 3660 dixit

258 3698 309 3751 ei
338 3713 356 3750 :
389 3698 529 3763 Quid
559 3708 614 3753 tu
638 3715 821 3769 sopore
844 3699 1195 3770 deprimeris?
1227 3699 1427 3769 Surge,
1476 3695 1665 3753 invoca
1697 3699 1867 3754 Deum

260 3800 432 3854 tuum,
464 3791 508 3843 si
537 3792 671 3859 forte
708 3792 953 3860 recogitet
983 3791 1150 3862 398
1175 3789 1319 3845 Deus
1349 3792 1413 3845 de
1458 3790 1627 3855 nobis,
1678 3800 1725 3845 et
1762 3808 1867 3846 non

258 3899 560 3954 pereamus.
592 3882 737 3936 LXX
763 3900 776 3935 :
808 3882 873 3937 Et
899 3885 1116 3938 accessit
1135 3882 1205 3935 ad
1223 3898 1337 3937 eum
1362 3893 1589 3953 proreta,
1612 3892 1661 3936 et
1682 3880 1709 3920 δ
1735 3883 1867 3937 dixit

258 3978 331 4042 ei,
361 3977 489 4046 quid
512 3984 569 4029 tu
598 3977 766 4030 stertis
789 3978 813 4031 i’
836 3976 1027 4047 Surge,
1060 3978 1243 4031 invoca
1270 3974 1439 4030 Deum
1470 3986 1636 4042 tuum,
1666 3978 1712 4030 si
1741 3993 1867 4046 quo-

259 4069 422 4123 modo
449 4070 617 4123 salvos
648 4071 804 4141 faciat
832 4087 924 4125 nos
952 4069 1115 4135 Deus,
1149 4079 1199 4125 et
1223 4087 1327 4125 non
1356 4086 1649 4142 pereamus.
1702 4069 1869 4125 Natu-

259 4161 383 4214 rale
426 4168 514 4214 est
546 4176 981 4233 unumquemque
1015 4164 1068 4218 in
1108 4177 1210 4218 suo
1238 4163 1483 4233 periculo
1515 4161 1585 4217 de
1613 4164 1720 4218 alio
1745 4163 1867 4231 plus

263 4268 497 4321 sperare
532 4272 547 4310 :
577 4256 721 4309 unde
749 4256 1100 4325 gubernator,
1129 4257 1247 4312 sive
1275 4266 1514 4325 proreta,
1554 4256 1645 4326 qui
1685 4265 1867 4312 vecto-

262 4368 356 4407 res
388 4353 610 4411 timidos
637 4355 900 4412 debuerat
924 4358 1220 4426 consolari,
1272 4371 1505 4414 cernens
1533 4357 1869 4414 discriminis

269 4455 726 4525 magnitudinem,
780 4459 981 4513 excitat
1025 4459 1413 4522 dormientem,
1469 4468 1523 4513 et
1565 4460 1741 4529 arguit
1769 4460 1869 4512 im-

266 4554 511 4623 providae
552 4556 883 4625 securitatis,
916 4565 1343 4628 commonetque
1379 4568 1440 4613 ut
1488 4559 1604 4627 ipse
1650 4570 1869 4627 quoque

273 4671 376 4726 pro
405 4658 546 4711 virili
579 4659 828 4727 portione
856 4659 1182 4729 deprecetur
1215 4660 1383 4715 Deum
1425 4676 1580 4715 suum
1614 4679 1625 4714 :
1678 4670 1736 4716 ut
1768 4675 1866 4715 cn-

256 4755 358 4826 jus
390 4767 505 4812 erat
533 4773 828 4815 commune
859 4760 1183 4830 periculum,
1218 4762 1521 4818 communis
1562 4768 1711 4817 esset
1747 4776 1869 4817 ora-

266 4857 370 4911 tio.
409 4858 574 4913 Porro
613 4859 772 4929 juxta
819 4862 1182 4933 tropologiam
1214 4863 1400 4934 plures
1441 4874 1564 4918 sunt
1605 4863 1699 4935 qui
1743 4878 1866 4919 cum

262 4959 411 5015 Jona
442 4963 779 5034 navigantes,
807 4973 863 5020 et
893 4964 1156 5022 habentes
1185 4966 1436 5038 proprios
1456 4966 1611 5035 deos,
1644 4967 1711 5023 ad
1738 4983 1868 5023 con-

264 5064 682 5133 templationem
726 5066 915 5137 gaudii
964 5068 1044 5121 ire
1093 5066 1374 5123 festinant.
1427 5067 1535 5123 Sed
1584 5080 1866 5141 postquam

261 5168 440 5222 Jonas
487 5167 650 5224 fuerit
696 5178 846 5225 sorte
887 5169 1302 5239 deprehensus,
1358 5181 1413 5226 et
1484 5182 1662 5227 morte
1726 5172 1869 5229 illius

261 5267 462 5322 mundi
507 5268 694 5323 sedata
729 5278 1042 5340 tempestas,
1077 5270 1322 5340 marique
1351 5272 1718 5343 tranquillitas
1746 5274 1871 5329 red-

258 5368 409 5437 dita,
442 5381 566 5426 tunc
597 5387 736 5427 unus
765 5372 1079 5429 adorabitur
1126 5373 1293 5442 Deus,
1332 5382 1388 5431 et
1438 5374 1870 5434 irnmolahuntur

346 5554 373 5581 ο
405 5546 575 5610 Alias,
601 5546 795 5601 rltonca
824 5563 971 5611 nare,
994 5557 1043 5603 et
1086 5552 1275 5603 rltonco
1309 5566 1434 5604 nare
1480 5562 1684 5606 sonaret
1714 5570 1732 5606 :
1766 5570 1880 5611 ma-

1271 5630 1356 5677 cst
1402 5622 1605 5694 quippe
1639 5626 1877 5682 rltoncus

264 5616 467 5671 luisset
519 5616 729 5673 Victor.
777 5618 969 5672 rltonco
1010 5620 1154 5673 naris
1206 5636 1221 5672 :

262 5691 561 5743 stertentis
593 5704 784 5745 sonus.

348 5756 396 5839 bl
419 5759 654 5814 Palatio.
675 5776 831 5827 mss,
863 5771 907 5817 et
939 5760 1070 5817 dixit
1093 5763 1160 5829 ei,
1190 5764 1316 5835 quid
1338 5775 1392 5819 tu
1414 5781 1599 5835 sopore
1622 5765 1878 5839 deprime-

266 5830 349 5883 ris
373 5829 591 5903 7surge,
622 5840 727 5888 etc.

1968 3337 2067 3376 sua
2111 3320 2328 3389 (Matth.
2361 3338 2436 3388 vr,
2466 3322 2582 3394 54).
2632 3325 2702 3379 Et
2737 3327 2791 3380 in
2818 3325 2988 3380 Amos
3027 3325 3296 3396 pr0pheta
3339 3349 3351 3383 :
3395 3326 3455 3382 Si
3497 3338 3570 3382 est

1969 3414 2173 3468 malitia
2215 3415 2269 3468 in
2307 3414 2512 3469 civitate
2537 3433 2693 3485 quam
2724 3415 2977 3472 Dominus
3021 3434 3125 3472 non
3168 3419 3344 3488 fecerit
3375 3418 3570 3491 (Amos

1969 3520 2053 3573 ιιι,
2083 3508 2160 3576 ti).
2197 3505 2265 3560 Et
2286 3506 2339 3561 in
2366 3505 2501 3562 Isaia
2533 3525 2547 3560 z
2579 3505 2695 3580 Ego
2720 3506 2976 3563 Dominus
2996 3510 3086 3580 qui
3116 3511 3254 3580 facio
3295 3526 3495 3579 pacem,
3527 3519 3573 3565 et

1970 3611 2088 3649 creo
2142 3595 2279 3650 mata
2309 3595 2482 3666 (lsai.
2516 3613 2641 3664 xcv,
2673 3600 2703 3651 7
2729 3598 2771 3669 ).
2818 3600 2872 3653 In
2902 3600 3011 3653 alio
3042 3615 3173 3655 vero
3205 3601 3326 3655 loco
3370 3600 3571 3657 malitia

1970 3687 2251 3743 contraria
2268 3687 2455 3743 virtuti
2482 3686 2590 3760 [AL
2616 3688 2862 3762 veritati]
2888 3690 3235 3762 intelligitur,
3254 3691 3404 3762 juxta
3427 3692 3572 3762 quod

1973 3785 2026 3839 in
2052 3786 2156 3839 hoc
2182 3784 2378 3840 eodem
2414 3785 2680 3854 propheta
2708 3802 2872 3856 supra
2905 3788 3138 3858 legimus
3170 3789 3447 3844 :Asceudit
3469 3788 3577 3844 cla—

1971 3894 2084 3932 mor
2110 3876 2330 3933 malitiae
2348 3879 2461 3947 ejus
2486 3880 2554 3932 ad
2576 3895 2672 3934 me.

2046 3972 2231 4044 (Vers.
2258 3971 2341 4043 8.)
2369 3972 2435 4026 Et
2457 3973 2701 4029 dixerunt
2726 3975 2795 4027 ad
2825 3991 2940 4030 eum
2970 3976 3197 4032 :Iudica
3223 3979 3393 4045 nobis,
3424 3983 3576 4053 cujus

1972 4081 2136 4121 causa
2164 4066 2359 4120 malum
2386 4065 2529 4120 istud
2561 4068 2630 4121 sit
2657 4068 2826 4137 nobis,
2855 4071 2994 4140 quod
3024 4088 3153 4140 opus
3184 4071 3203 4144 [
3229 4072 3386 4143 Vulg.
3421 4074 3574 4130 addit

1973 4158 2070 4232 est]
2091 4169 2259 4226 tuum,
2290 4175 2407 4229 qute
2434 4169 2573 4214 terra
2597 4171 2709 4229 tua,
2727 4161 2753 4198 ά
2782 4172 2829 4216 et
2854 4180 2954 4234 quo
2972 4166 3138 4235 radis,
3171 4167 3248 4221 set
3274 4183 3338 4222 ea:
3361 4185 3461 4239 quo
3490 4185 3576 4239 po-

1971 4252 2098 4321 pulo
2127 4267 2180 4305 es
2231 4253 2333 4305 tu?
2376 4251 2520 4307 LXX
2554 4270 2567 4305 :
2625 4253 2689 4306 Et
2734 4256 2979 4309 dixerunt
3023 4258 3091 4310 ad
3117 4273 3233 4312 cum
3264 4274 3281 4312 :
3312 4258 3578 4316 Annuntia

1972 4343 2119 4398 nobis
2148 4345 2302 4415 cujus
2327 4346 2499 4416 gratia
2522 4346 2629 4400 htec
2660 4347 2865 4401 malitia
2895 4358 2969 4402 est
3000 4349 3053 4401 in
3082 4349 3249 4416 nobis,
3277 4354 3416 4421 quod
3446 4369 3573 4425 opus

1974 4444 2139 4504 tuum,
2170 4444 2216 4489 et
2241 4435 2381 4491 unde
2406 4438 2569 4505 renis,
2621 4449 2668 4491 et
2696 4455 2799 4509 quo
2839 4440 3008 4506 vadis,
3037 4448 3083 4491 et
3131 4457 3195 4495 ea:
3236 4459 3338 4511 qua
3367 4446 3577 4517 regione

1971 4548 2048 4598 es,
2078 4542 2125 4585 et
2167 4549 2231 4587 ex
2274 4548 2375 4603 quo
2406 4533 2600 4605 populo
2621 4550 2677 4589 es
2706 4537 2807 4589 tu?
2858 4534 3031 4601 Quem
3057 4549 3179 4590 sors
3211 4535 3578 4608 indicaverat,

1892 4613 1949 4676 D
1972 4634 2180 4695 cogunt
2226 4638 2360 4680 voce
2390 4627 2612 4695 propria
2643 4626 2918 4693 conﬁteri,
2951 4642 3053 4683 cur
3095 4640 3243 4685 tanta
3276 4639 3581 4700 tempestas

1971 4714 2065 4783 sit,
2094 4715 2183 4770 vel
2218 4730 2389 4786 quare
2416 4726 2607 4772 contra
2635 4733 2732 4774 eos
2774 4717 2868 4774 Dei
2897 4719 2979 4774 ira
3021 4721 3283 4777 desaeviat
3315 4740 3326 4776 :
3359 4723 3580 4793 Indica,

1971 4807 2247 4876 inquiunt,
2271 4807 2413 4862 nobis
2444 4810 2595 4880 cujus
2615 4826 2771 4863 causa
2797 4811 2992 4865 malum
3018 4812 3155 4866 istud
3176 4814 3240 4867 sit
3268 4830 3423 4886 super
3447 4831 3539 4868 nos
3562 4828 3583 4869 :

1971 4901 2102 4972 quid
2134 4901 2321 4973 operis
2348 4917 2500 4973 agas,
2532 4903 2603 4959 de
2643 4919 2750 4973 qua
2786 4913 2955 4973 terra,
2984 4905 3054 4961 de
3080 4921 3188 4976 quo
3215 4907 3419 4978 populo
3451 4921 3581 4976 pro-

1972 4994 2259 5063 ficiscaris,
2289 5010 2397 5066 quo
2427 4995 2577 5052 abire
2604 4995 2849 5054 festines.
2902 4999 2970 5054 Et
3020 4999 3259 5054 notanda
3312 4998 3576 5068 brevitas,

1967 5103 2131 5159 quam
2157 5088 2427 5145 admirari
2457 5090 2512 5145 in
2544 5088 2769 5162 Virgilio
2801 5092 3117 5148 solebamus
3151 5110 3163 5145 :

2396 5205 2641 5267 Juvenes,
2664 5219 2777 5269 qua?
2795 5220 2939 5258 causa
2962 5207 3167 5269 subegit

2064 5264 2267 5332 ignotas
2290 5272 2489 5332 tentare
2518 5264 2640 5332 vias,
2663 5264 2762 5332 quo
2784 5270 3004 5332 tenditis,
3034 5264 3187 5332 inquit
3209 5282 3227 5332 _:

2066 5327 2158 5387 Qui
2180 5340 2367 5392 genus:
2388 5330 2519 5381 unde
2544 5327 2705 5391 domo',
2727 5343 2967 5394 pacemne
2990 5330 3088 5378 huc
3104 5327 3265 5390 fertis,
3292 5342 3351 5379 an
3372 5333 3542 5381 arma?

2894 5390 3116 5455 (Eueid.
3144 5391 3227 5443 tib.
3258 5394 3331 5455 v.)

2064 5568 2085 5596 °
2120 5558 2289 5615 [idem
2314 5576 2476 5640 _mss.,
2512 5573 2718 5640 propter
2747 5579 2897 5633 quem
2935 5564 3138 5640 malitia
3178 5565 3289 5620 hwc
3314 5574 3585 5640 estUsuper

1987 5644 2080 5751 tltos
2102 5633 2359 5712 {caeteris
2380 5648 2500 5702 qua:
2518 5633 2923 5705 subsequuntur
2950 5636 3108 5706 hujus
3131 5638 3423 5693 testimonii
3446 5633 3586 5712 pra:-

2010 5716 2277 5756 ermtssrs.

2056 5742 2399 5852 et
2442 5792 2542 5852 quo
2570 5777 2736 5852 vadis,
2762 5792 2890 5852 cum
2925 5780 3035 5847 hic,
3082 5790 3193 5837 tum
3239 5799 3408 5852 penes
3439 5782 3583 5842 LXX

1984 5842 2573 5914 interpretationemin
2602 5842 2835 5919 Palatia.
2860 5864 2993 5909 mss.
3022 5842 3134 5911 non
3153 5842 3302 5913 sunt.
