4084 6340
504 245 644 309 ΗΞἸ

500 362 872 433 lnterrogatur
898 374 1151 433 persona,
1186 359 1361 433 regio,
1386 359 1513 427 iter,
1545 359 1737 417 civitas
1772 378 1785 416 :
1819 371 1881 418 ut
1910 378 1977 419 ex
2014 363 2097 419 his
2122 366 2177 426 Α

501 464 865 528 cognoscatur
891 463 945 510 et
967 469 1129 511 causa
1154 453 1506 510 discriminis.

575 552 757 627 (Vers.
792 550 876 622 9.)
926 549 992 605 Et
1021 549 1154 605 dixit
1179 550 1247 603 ad
1290 566 1372 605 eos
1416 566 1433 602 :
1485 548 1732 603 Hebrazus
1759 564 1851 621 ego
1880 564 2015 614 sum,
2049 558 2097 603 et

498 646 782 702 Dominum
804 643 970 699 Deum
994 644 1109 699 cali
1136 660 1227 715 ego
1259 645 1430 708 timeo,
1465 643 1553 713 qui
1588 643 1709 713 fecit
1736 658 1879 696 mare
1920 652 1965 697 et
1992 644 2097 696 ari-

496 740 636 794 dam.
670 737 813 794 LXX
841 755 854 792 ε
879 736 949 792 Et
975 738 1106 791 dixit
1134 736 1203 789 ad
1226 752 1308 791 eos
1346 752 1365 790 :
1394 737 1586 791 Servus
1619 736 1935 810 Dominiego
1956 753 2091 805 sum,

497 840 545 888 et
577 832 740 887 Deum
769 830 881 887 (teli
910 848 1004 903 ego
1032 832 1169 897 colo,
1196 832 1287 902 qui
1325 832 1443 904 fecit
1470 848 1611 886 mare
1634 838 1685 886 et
1719 832 1944 886 aridam.
1973 832 2090 887 Non

494 925 657 994 dixit,
680 923 902 980 Iudaeus
926 938 1027 993 ego
1049 940 1191 991 sum,
1216 925 1357 995 quod
1389 926 1624 980 scissura
1642 924 1831 981 decem
1854 924 2089 979 tribuum

495 1033 523 1073 a
554 1018 764 1073 duabus
808 1018 1009 1088 populo
1062 1032 1259 1073 nomen
1312 1018 1610 1088 imposuit;
1666 1018 1779 1084 sed,
1831 1016 2090 1073 Hebraeus

495 1126 639 1179 sum,
675 1111 778 1166 hoc
805 1120 890 1166 est
930 1116 1182 1186 περατὴς,
1226 1112 1492 1177 transitor,
1538 1111 1679 1164 sicut
1709 1120 1762 1166 et
1790 1109 2085 1180 Abraham,

491 1206 581 1277 qui
614 1205 796 1261 dicere
840 1212 1055 1274 poterat
1086 1219 1101 1258 :
1154 1204 1366 1259 Advena
1396 1221 1509 1259 sum
1558 1221 1650 1276 ego
1679 1216 1727 1258 et
1763 1205 2087 1275 peregrinus,

491 1299 625 1352 sicut
654 1314 827 1352 omnes
850 1306 1021 1368 patres
1048 1298 1146 1351 mei
1170 1296 1190 1369 (
1211 1297 1305 1351 Ps.
1340 1314 1562 1365 xxxvm,
1601 1299 1667 1351 15
1693 1298 1711 1367 )
1746 1317 1757 1351 :
1788 1298 1855 1353 de
1898 1314 2005 1369 quo
2031 1300 2086 1354 in

486 1391 591 1446 alio
621 1389 827 1461 psalmo
856 1388 1146 1445 scribitur:
1171 1389 1509 1444 Transierunt
1531 1388 1593 1443 de
1615 1397 1762 1461 gente
1787 1390 1839 1443 in
1860 1399 2081 1462 gentem,

490 1496 539 1540 et
571 1484 635 1539 de
661 1500 820 1557 regno
847 1485 915 1538 ad
946 1484 1198 1555 paputum
1223 1485 1444 1538 alterum
1472 1482 1609 1555 (Ps.
1645 1498 1751 1552 etv,
1786 1483 1897 1555 13).
1928 1485 2082 1557 Moy-

494 1591 605 1645 ses,
643 1576 945 1642 Transeam,
973 1577 1169 1646 inquit,
1217 1586 1267 1631 et
1309 1576 1488 1631 ridebo
1515 1577 1759 1636 visionem
1787 1576 1921 1631 hanc
1967 1594 2080 1631 ma-

486 1682 644 1741 gnam
677 1667 893 1740 (Exod.
925 1684 1005 1735 ιιι,
1031 1669 1065 1724 '5
1088 1668 1133 1739 ).
1188 1668 1259 1723 Et
1283 1667 1570 1723 Dominum
1603 1668 1770 1723 Deum
1807 1668 1933 1724 coeli
1977 1684 2079 1739 ego

1726 247 1782 303 S.
1826 244 2099 306 EUSEBII
2136 244 2521 307 HIERONYMI

3652 252 3791 313 “28

2274 366 2456 437 (Vers.
2488 365 2603 438 Η.)
2650 363 2719 420 Ει
2767 365 3009 421 dixerunt
3052 364 3122 419 ad
3163 378 3279 420 eum
3312 378 3329 417 :
3365 364 3491 435 quid
3539 365 3795 438 faciamus

2202 458 2314 525 tibi,
2350 458 2509 530 401
2538 467 2585 512 et
2622 457 2835 513 cessabit
2872 473 3015 512 mare
3054 474 3086 510 a
3115 456 3261 511 nobis
3283 456 3309 509 ?
3350 459 3471 527 quia
3499 474 3641 514 mare
3667 460 3790 525 ibat,

2199 560 2247 605 et
2274 549 2655 604 intumescebat.
2689 549 2833 604 LXX
2865 566 2878 603 :
2911 547 2982 603 Et
3005 550 3245 605 dixerunt
3270 549 3339 603 ad
3369 566 3508 617 eum,
3536 551 3659 623 quid
3704 554 3798 607 tibi

2200 644 2464 712 faciemus,
2491 650 2537 696 et
2563 642 2783 713 quiescet
2810 658 2952 697 mare
2981 660 3013 697 a
3042 642 3187 697 nobis
3207 645 3233 697 ?
3271 644 3391 714 quia
3418 658 3559 697 mare
3588 644 3715 715 ibat,
3743 655 3793 702 et

2196 737 2473 791 suscitabat
2493 738 2656 808 magis
2679 738 2889 806 fluctus.
2913 736 3145 806 Propter
3176 744 3230 791 te
3257 736 3419 803 dicis,
3450 745 3661 808 ventos,
3692 737 3794 792 ﬂu-

2195 840 2339 898 ctus,
2386 845 2560 898 mare,
2608 831 2849 901 gurgites
2876 829 3217 886 concitatos?
3241 830 3539 900 exposuisti
3567 845 3788 887 causam

2195 922 2395 989 morbi,
2426 921 2601 977 indica
2628 923 2894 977 sanitatis.
2928 921 3009 977 Ex
3041 936 3107 978 eo
3138 922 3282 991 quod
3310 931 3503 977 contra
3536 938 3636 978 nos
3662 940 3788 980 sur-

2193 1014 2271 1084 git
2313 1029 2483 1080 mare,
2520 1014 2882 1084 intelligimus
2912 1015 3046 1069 iram
3080 1029 3204 1071 esse
3250 1018 3613 1085 susceptionis
3657 1025 3784 1073 tuas.

2193 1108 2251 1164 Si
2279 1109 2437 1179 culpa
2463 1117 2549 1163 est
2588 1108 2732 1178 quod
2764 1108 3126 1178 suscepimus,
3175 1107 3305 1179 quid
3355 1107 3536 1164 facere
3585 1124 3787 1180 possu-

2190 1216 2334 1266 mus,
2360 1216 2427 1256 ne
2453 1200 2715 1256 Dominus
2744 1202 3046 1256 irascatur?
3065 1201 3189 1272 quid
3208 1200 3457 1271 faciemus
3481 1202 3611 1257 tibi?
3632 1211 3657 1240 ι
3682 1202 3788 1259 hoc

2190 1304 2293 1360 est,
2339 1293 2730 1349 interficiemus
2760 1296 2858 1349 te?
2886 1293 2983 1349 sed
3013 1294 3188 1348 cultor
3217 1308 3277 1348 es
3308 1294 3518 1350 Domini
3551 1312 3566 1349 :
3599 1310 3787 1351 serva-

2188 1388 2365 1443 bimus
2388 1389 2411 1442 ?
2438 1387 2533 1444 sed
2571 1388 2740 1444 Deum
2775 1388 2934 1460 fugis.
2986 1388 3243 1444 Nostrum
3286 1396 3370 1444 est
3396 1388 3643 1459 praebere
3668 1406 3784 1447 ma-

2188 1498 2309 1550 nus;
2336 1482 2464 1553 quid
2501 1482 2617 1539 fieri
2639 1482 2854 1553 jubeas,
2885 1494 3036 1539 tuum
3070 1492 3156 1539 est
3179 1484 3471 1554 imperare,
3500 1499 3607 1556 quo
3636 1484 3784 1541 facto

2184 1576 2433 1648 quiescat
2461 1590 2635 1643 mare,
2681 1577 2824 1646 quod
2868 1592 3012 1633 nunc
3055 1576 3329 1633 Creatoris
3373 1578 3506 1633 iram
3556 1592 3657 1634 suo
3690 1586 3779 1634 tu-

2186 1684 2337 1725 more
2363 1676 2616 1725 testatur.
2666 1668 2971 1742 Statimque
3019 1670 3314 1727 historicus
3361 1686 3578 1728 causam
3601 1673 3785 1746 jungit

484 1763 651 1818 timeo
679 1779 693 1817 :
727 1777 834 1817 non
858 1762 994 1818 deos
1017 1775 1153 1832 quos
1182 1760 1467 1830 invocatis,
1494 1768 1549 1816 et
1570 1760 1662 1832 qui
1684 1761 1897 1817 salvare
1917 1762 2082 1835 400
2109 1763 2157 1825 Β
2186 1761 2495 1817 istiusmodi
2525 1763 2864 1833 quaestionis,
2899 1780 3058 1831 mare,
3110 1764 3320 1831 dicens,
3369 1764 3495 1833 ibat,
3551 1772 3601 1820 et
3634 1767 3780 1820 intu-

482 1870 591 1911 non
615 1863 867 1927 possunt,
899 1854 995 1911 sed
1028 1854 1202 1911 Deum
1231 1855 1376 1921 coeli,
1408 1855 1500 1925 qui
1528 1869 1680 1910 mare
1727 1854 1855 1909 fecit
1883 1864 1936 1910 et
1962 1857 2077 1909 ari-

481 1949 630 2003 dam.
684 1949 857 2017 Mare,
891 1945 943 2003 in
972 1963 1080 2019 quo
1120 1947 1287 2018 fugio;
1318 1948 1548 2015 aridam,
1573 1948 1640 2003 de
1671 1962 1775 2018 qua
1805 1946 1973 2019 fugio.
2007 1948 2077 2004 Et

478 2045 762 2115 eleganter
789 2043 856 2097 ad
898 2043 1305 2098 distinctionem
1354 2042 1519 2097 maris
1544 2082 1559 2108 ,
1610 2055 1720 2096 non
1760 2048 1907 2097 terra
1935 2084 1949 2107 ,
1979 2042 2075 2098 sed

478 2139 629 2195 arida
673 2146 1041 2208 nuncupatur.
1091 2137 1161 2193 Et
1209 2138 1260 2191 in
1300 2137 1453 2193 brevi
1498 2136 1873 2193 universitatis
1906 2138 2075 2192 factor

474 2234 804 2301 ostenditur,
838 2236 929 2305 qui
954 2242 1011 2289 et
1044 2232 1168 2288 coeli
1188 2232 1450 2288 Dominus
1471 2242 1574 2298 est,
1597 2241 1656 2288 et
1680 2240 1864 2301 terrm,
1891 2242 2075 2289 etma-

473 2329 573 2385 ris.
606 2328 884 2396 Quaeritur
914 2335 1116 2393 autem,
1145 2325 1417 2397 quomodo
1446 2340 1575 2381 vere
1602 2324 1783 2381 dicere
1807 2340 2072 2397 compro-

474 2420 679 2477 betur:
730 2419 1011 2473 Dominum
1056 2418 1226 2473 Deum
1271 2418 1385 2473 creti
1428 2434 1523 2492 ego
1574 2420 1748 2486 timeo,
1795 2434 1923 2474 cum
1953 2419 2071 2489 ejus

474 2520 748 2582 praecepta
779 2526 889 2566 non
920 2511 1103 2567 faciat.
1130 2509 1243 2566 Nisi
1277 2509 1419 2566 forte
1448 2510 1898 2579 respondeamus,
1926 2511 2071 2582 quod

476 2616 533 2663 et
560 2612 878 2677 peccatores
903 2606 1131 2662 timeant
1161 2605 1331 2660 Deum
1352 2645 1368 2672 ,
1424 2619 1821 2674 servorumque
1860 2605 1932 2659 sit
1962 2619 2068 2661 non

470 2697 699 2770 diligere
720 2743 734 2768 ,
770 2697 865 2753 sed
897 2695 1126 2762 timere;
1169 2711 1496 2768 quamquam
1540 2697 1593 2751 in
1625 2695 1729 2751 hoc
1761 2697 1879 2752 loco
1912 2697 2072 2753 timor

472 2806 571 2862 pro
597 2790 749 2847 cultu
800 2792 972 2861 possit
1002 2790 1265 2862 intelligi,
1310 2789 1464 2860 juxta
1494 2804 1718 2845 sensum
1761 2804 1947 2845 eorum
1977 2790 2069 2861 qui

468 2882 783 2950 audiebant,
810 2891 865 2938 et
886 2882 1065 2939 adhuc
1092 2881 1419 2953 ignorabant
1458 2882 1648 2937 Deum.

540 2976 722 3050 (Vers.
759 2974 870 3047 10.)
911 2974 980 3029 Et
1023 2976 1303 3030 timuerunt
1330 2975 1427 3029 viri
1456 2976 1638 3030 timore
1676 2991 1884 3048 magno,
1917 2984 1961 3030 et
1992 2976 2065 3030 di-

466 3076 655 3123 xerunt
684 3066 751 3120 ad
785 3082 924 3135 eum,
957 3067 1082 3137 quid
1106 3066 1204 3121 hoc
1234 3066 1442 3139 fecisti?
1486 3065 1845 3140 C0gnoverunt
1874 3067 2065 3141 [Vulg.

2184 1856 2453 1911 mescebat.
2490 1855 2633 1921 Ibat,
2662 1865 2722 1910 ιιι
2740 1858 2949 1926 jussum
2979 1856 3158 1912 fuerat
3189 1874 3203 1912 :
3250 1858 3359 1914 ibat
3386 1860 3440 1914 in
3479 1856 3776 1917 vindictam

2183 1948 2400 2002 Domini
2426 1948 2510 2002 sui
2545 1965 2557 2001 :
2590 1947 2722 2016 ibat,
2757 1964 3092 2019 persequens
3117 1950 3398 2021 fugitivum
3425 1953 3775 2024 prophetam.

2178 2042 2581 2098 lntumescebat
2619 2053 2804 2100 autem
2838 2060 2937 2114 per
2976 2046 3183 2117 singula
3232 2058 3508 2103 momenta
3562 2058 3776 2120 tempo-

2177 2151 2318 2202 rum,
2349 2144 2403 2191 et
2424 2137 2578 2207 quasi
2606 2137 2787 2193 nautis
2816 2138 3183 2206 morantibus,
3230 2141 3284 2193 in
3306 2140 3501 2196 ﬂuctus
3533 2144 3779 2213 majores

2177 2228 2580 2293 suscitabatur,
2632 2237 2692 2284 ut
2724 2230 3037 2287 ostenderet
3078 2231 3338 2288 ultionem
3382 2234 3659 2291 Creatoris
3713 2251 3778 2293 se

2176 2319 2396 2377 differre
2427 2336 2532 2376 non
2557 2336 2741 2391 posse.

2246 2415 2428 2487 (Vers.
2464 2414 2581 2486 te.)
2614 2414 2683 2469 Et
2713 2416 2846 2472 dixit
2868 2418 2935 2472 ad
2957 2433 3066 2483 eos,
3093 2419 3261 2477 tollite
3281 2437 3383 2488 me,
3409 2431 3457 2477 et
3478 2410 3662 2480 manu
3689 2442 3774 2482 me

2177 2506 2358 2581 [Vulg.
2384 2515 2527 2563 tacet
2558 2508 2676 2581 me]
2704 2511 2757 2564 in
2784 2527 2960 2577 mare,
2981 2521 3031 2566 et
3070 2514 3289 2568 cessabit
3333 2532 3475 2572 mare
3513 2535 3544 2571 a
3584 2521 3727 2574 vobis
3752 2536 3772 2574 :

2175 2602 2281 2656 scio
2312 2603 2447 2655 enim
2481 2600 2661 2673 [Vulg.
2698 2603 2847 2658 addit
2873 2604 2989 2677 ego]
3016 2607 3139 2677 quia
3165 2618 3377 2678 prapter
3401 2627 3479 2664 me
3496 2620 3771 2685 tempestas

2176 2696 2282 2750 [nec
2304 2695 2516 2768 grandis
2541 2705 2612 2749 est
2635 2694 2821 2768 [Vulg.
2853 2698 3009 2771 venit]
3033 2716 3186 2772 super
3204 2717 3314 2758 vos.
3338 2699 3518 2758 LXX:
3546 2704 3611 2759 Et
3634 2707 3770 2761 dixit

2172 2786 2338 2841 Jonas
2358 2788 2427 2840 ad
2447 2803 2554 2855 eos,
2574 2787 2737 2843 tollite
2749 2805 2849 2855 me,
2874 2798 2921 2844 et
2942 2792 3127 2846 mittite
3147 2809 3225 2847 me
3245 2795 3300 2848 in
3334 2812 3496 2864 mare,
3521 2808 3569 2851 et
3594 2800 3769 2868 quies-

2173 2891 2249 2935 cet
2277 2898 2419 2935 mare
2462 2898 2493 2935 a
2535 2881 2674 2937 vobis
2710 2898 2729 2937 .'
2760 2899 2853 2953 ego
2898 2885 3034 2938 enim
3077 2887 3199 2941 novi
3250 2888 3389 2959 quod
3430 2902 3636 2963 propter
3683 2910 3767 2951 me

2173 2980 2361 3046 ﬂuctus
2391 2976 2570 3047 magni
2597 2988 2778 3030 contra
2804 2994 2893 3031 vos
2920 2988 3060 3035 sunt.
3092 2978 3292 3036 Contra
3337 2998 3423 3039 me
3468 2995 3767 3056 tempestas

2175 3068 2402 3123 detonat
2424 3110 2438 3135 ,
2464 3084 2554 3125 me
2584 3070 2779 3139 quaerit
2804 3114 2817 3137 ,
2845 3072 3183 3144 naufragium
3213 3075 3365 3131 vobis
3404 3079 3638 3133 minatur
3662 3122 3677 3145 ,
3704 3090 3768 3137 ut

464 3158 851 3234 cognoverant]
882 3160 1018 3215 enim
1062 3160 1158 3215 viri
1186 3161 1324 3232 quod
1354 3178 1385 3215 a
1425 3160 1559 3229 facie
1588 3160 1801 3214 Domini
1844 3165 2063 3233 fugeret,
2095 3154 2139 3218 C
2173 3177 2258 3217 me
2277 3160 2580 3233 prehendat
2613 3180 2625 3216 :
2656 3178 2742 3217 me
2771 3164 3095 3234 preltendet,
3118 3173 3178 3220 ut
3200 3182 3319 3223 mea
3347 3179 3523 3225 morte
3541 3170 3761 3228 vivatis.

465 3255 586 3326 quia
614 3254 931 3308 indicaverat
958 3254 1052 3308 eis.
1099 3252 1285 3308 LXX:
1329 3252 1391 3307 Et
1439 3253 1712 3307 timuerunt
1741 3255 1835 3308 viri
1882 3256 2066 3311 timore

464 3364 673 3422 magno,
704 3356 751 3401 et
778 3347 1023 3401 dixerunt
1050 3347 1118 3401 ad
1156 3364 1292 3415 eum,
1334 3348 1460 3418 quid
1488 3347 1586 3403 hoc
1611 3349 1821 3419 fecisti?
1862 3348 2065 3420 Cogno-

457 3451 637 3497 rerunt
668 3442 805 3497 enim
836 3444 935 3497 viri
963 3441 1103 3515 quod
1133 3458 1164 3495 a
1195 3441 1329 3514 facie
1356 3441 1568 3496 Domini
1593 3446 1808 3515 fugeret,
1840 3460 1899 3499 eo
1924 3445 2062 3514 quod

459 3536 733 3591 indicasset
763 3537 854 3590 eis.
900 3536 1155 3591 Historiae
1184 3535 1320 3591 ordo
1349 3522 1720 3606 praeposterus
1749 3545 1831 3593 est
1874 3555 1884 3591 :
1933 3538 2059 3608 quia

455 3629 598 3685 cnim
627 3636 847 3700 poterat
886 3628 1013 3695 dici,
1046 3629 1194 3683 nulla
1241 3643 1407 3684 causa
1450 3628 1665 3683 timoris
1698 3627 1834 3699 fuit,
1878 3645 1949 3685 ex
1991 3642 2057 3686 eo

456 3720 603 3793 quod
632 3721 712 3777 eis
742 3719 1027 3777 confessus
1070 3729 1174 3789 est,
1218 3720 1448 3776 dicens:
1495 3719 1749 3775 Hebraeus
1788 3737 1880 3793 ego
1915 3740 2052 3789 sum,

454 3828 503 3872 et
533 3814 817 3871 Dominum
855 3814 1025 3870 Deum
1070 3813 1185 3870 casti
1232 3831 1324 3887 ego
1357 3816 1534 3883 timeo,
1564 3815 1652 3883 qui
1695 3816 1811 3886 fecit
1843 3833 1985 3870 mare
2010 3825 2055 3871 et

455 3910 661 3964 aridam
690 3910 918 3965 :statim
946 3909 1287 3965 subnectitur
1315 3909 1462 3981 quod
1488 3909 1691 3965 idcirco
1726 3910 2047 3978 timuerunt,

454 4001 579 4073 quia
601 4002 685 4057 eis
715 4000 1070 4069 indicaverat,
1100 4015 1161 4057 se
1187 4001 1402 4057 Domini
1444 4000 1630 4072 fugere
1672 4009 2046 4071 conspectum,

453 4104 508 4154 et
537 4096 658 4166 ejus
685 4110 795 4151 non
820 4094 1018 4151 fecisse
1051 4104 1339 4166 praecepta.
1378 4095 1622 4166 Denique
1652 4102 1968 4161 causantur,
1993 4105 2047 4152 et

449 4193 641 4250 dicunt
669 4211 682 4248 :
710 4193 835 4266 quid
864 4193 958 4247 hoc
1000 4192 1209 4264 fecisti?
1240 4192 1290 4247 id
1320 4199 1427 4259 est,
1457 4191 1501 4246 si
1537 4191 1694 4247 times
1725 4192 1919 4257 Deum,
1950 4206 2047 4246 cur

449 4286 592 4358 fugis
614 4288 637 4341 Ἰ
660 4287 715 4343 Si
737 4294 903 4341 tantm
932 4286 1193 4356 potentiae
1220 4284 1488 4356 praedicas
1519 4300 1680 4356 quem
1724 4284 1879 4353 colis,
1912 4302 2041 4357 quo-

449 4381 610 4438 modo
643 4390 697 4437 te
729 4391 884 4451 putas
912 4395 1035 4436 eum
1080 4394 1240 4451 posse
1288 4377 1564 4435 evadere?
1612 4378 1829 4433 Timent
1859 4386 2039 4433 autem

441 4476 641 4531 timore
673 4490 894 4547 magno,
922 4474 1065 4546 quod
1095 4474 1407 4546 intelligunt
1451 4480 1725 4539 sanctum,
1760 4480 1814 4527 et
1839 4482 2037 4527 sanctae

2175 3256 2319 3323 Scio,
2343 3256 2549 3326 inquit,
2581 3257 2703 3327 quia
2736 3267 2945 3329 propter
2982 3276 3065 3313 me
3094 3269 3362 3333 tempestas
3391 3263 3500 3318 ha'c
3545 3266 3764 3336 grandis

2165 3359 2261 3403 est.
2291 3346 2411 3402 Non
2440 3351 2645 3418 ignoro
2674 3348 2725 3403 in
2760 3364 2935 3405 meam
2972 3366 3189 3421 poenam
3219 3354 3488 3410 elementa
3530 3357 3760 3426 turbari,

2166 3441 2352 3495 mundi
2380 3455 2508 3497 esse
2536 3441 2943 3512 confusionem,
2972 3445 3105 3501 mihi
3138 3446 3321 3513 irasci,
3356 3448 3407 3502 in
3440 3464 3536 3506 vos
3565 3451 3762 3509 saevire

2162 3532 2544 3603 naufragium:
2576 3532 2773 3589 fluctus
2797 3534 2896 3604 ipsi
2926 3536 3198 3605 imperant
3224 3538 3402 3605 vobis,
3432 3548 3490 3594 ut
3517 3556 3603 3596 me
3632 3542 3759 3598 mit-

2162 3628 2287 3683 tatis
2320 3627 2374 3681 in
2403 3642 2572 3681 mare.
2607 3625 2664 3682 Si
2695 3643 2799 3698 ego
2832 3642 3061 3684 sensero
3093 3638 3473 3701 tempestatem
3499 3675 3513 3699 ,
3544 3648 3640 3689 vos
3668 3650 3760 3692 re»

2158 3718 2487 3789 cuperabitis
2519 3720 3000 3790 tranquillitatem.
3030 3721 3099 3777 Et
3139 3722 3623 3782 animadvertenda
3654 3742 3755 3798 pa-

2160 3811 2292 3866 riter
2314 3811 2524 3881 fugitivi
2548 3812 2722 3867 nostri
2748 3815 3191 3885 magnanimitas,
3216 3832 3321 3873 non
3342 3820 3756 3890 tergiversatur,

2156 3919 2264 3959 non
2306 3904 2636 3973 dissimulat,
2666 3920 2774 3960 non
2803 3915 2964 3978 negat
2988 3925 3003 3976 ;
3030 3909 3127 3964 sed
3153 3910 3245 3981 qui
3266 3911 3553 3967 confessus
3575 3912 3757 3970 fuerat

2154 3997 2222 4053 de
2257 3998 2397 4069 fuga,
2428 4014 2644 4068 poenam
2677 4000 2914 4056 libenter
2937 4004 3188 4069 assumit,
3213 4004 3282 4059 se'
3299 4006 3523 4076 cupiens
3548 4007 3751 4076 perire,

2153 4107 2222 4147 ne
2274 4100 2499 4162 pr0pter
2543 4108 2603 4149 se
2635 4104 2691 4151 et
2729 4096 2920 4151 caeteri
2969 4106 3239 4167 pereant,
3271 4109 3326 4155 ct
3365 4100 3436 4156 ad
3467 4111 3751 4171 peccatum

2150 4186 2309 4258 fugm,
2344 4187 2540 4243 alienae
2585 4192 2808 4260 quoque
2854 4190 3115 4247 delictum
3159 4192 3392 4250 addatur
3433 4196 3603 4253 necis.
3636 4198 3755 4256 Hoc

2150 4290 2413 4350 quantum
2458 4281 2527 4336 ad
2558 4283 2848 4339 historiam
2884 4304 2895 4339 :
2934 4285 3099 4359 402
3128 4298 3388 4344 caeterum
3435 4304 3545 4345 non
3588 4292 3749 4362 igno~

2148 4387 2355 4443 ramus,
2385 4373 2579 4430 ﬂantes
2607 4384 2821 4443 ventos,
2847 4377 3043 4447 quibus
3067 4381 3119 4432 in
3140 4379 3459 4451 Evangelio,
3479 4388 3540 4437 ut
3564 4382 3753 4451 quies-

2145 4477 2361 4533 cerent,
2397 4468 2662 4523 Dominus
2693 4469 2981 4539 imperavit
3003 4469 3232 4541 (Matth.
3268 4472 3409 4544 vin),
3436 4482 3492 4529 et
3521 4474 3753 4545 pericli-

444 4567 625 4639 gentis
654 4568 829 4624 virum
877 4568 993 4641 (de
1038 4567 1209 4639 Joppe
1256 4568 1461 4638 quippe
1512 4564 1789 4621 solventes
1837 4562 2039 4629 funem,
2070 4552 2125 4613 D
2152 4569 2356 4616 tantem
2383 4560 2715 4631 naviculam,
2739 4562 2793 4617 in
2826 4578 2931 4633 qua
2955 4562 3265 4620 dormiebat
3285 4565 3472 4631 Jonas,
3520 4578 3575 4621 et
3601 4567 3750 4622 intu-

444 4661 690 4719 ΗΘΜ-πω
712 4661 887 4734 gentis
911 4669 1179 4718 noverant
1209 4659 1601 4732 privilegium),
1622 4669 1674 4714 et
1700 4667 1877 4715 tamen
1907 4658 2043 4729 fugi-

443 4755 611 4811 tivum
642 4756 822 4811 celare
843 4769 953 4810 non
994 4765 1242 4826 possunt.
1284 4753 1509 4823 Magnus
1539 4761 1623 4808 est
1647 4752 1739 4823 qui
1770 4752 1922 4823 fugit,
1945 4752 2041 4807 sed

442 4846 619 4918 major
663 4846 755 4902 ille
793 4846 885 4916 qui
916 4847 1109 4917 qumrit
1143 4863 1158 4902 :
1208 4861 1315 4900 non
1343 4845 1549 4900 audent
1594 4844 1830 4910 tradere,
1860 4844 2042 4899 celare

440 4954 550 4997 non
577 4946 825 5011 possunt.
859 4938 1285 5009 Reprehendunt
1315 4937 1555 5006 culpam,
1585 4934 1837 4991 timorem
1869 4936 2040 4991 conti-

441 5040 629 5088 tentur
660 5049 674 5086 :
703 5037 896 5101 rogant
924 5039 985 5086 ut
1014 5030 1131 5101 ipse
1157 5029 1406 5086 remedio
1432 5028 1523 5094 sit,
1557 5027 1648 5097 qui
1692 5038 1885 5083 auctor
1917 5043 2040 5097 pec-

438 5126 545 5182 cati
573 5124 771 5180 fuerat.
798 5122 895 5179 Vel
917 5131 1068 5180 certe
1089 5121 1235 5195 quod
1264 5123 1456 5177 dicunt
1490 5138 1502 5175 :
1542 5120 1669 5191 quid
1699 5120 1794 5175 hoc
1827 5121 1991 5191 fecisti
2016 5126 2040 5178 ?

437 5235 544 5276 non
591 5220 918 5290 increpant,
964 5219 1060 5275 sed
1101 5218 1477 5288 interrogant,
1519 5215 1774 5272 volentes
1817 5231 2034 5273 causam

431 5310 575 5384 fuga:
601 5325 787 5379 nosse,
815 5311 959 5369 servi
989 5326 1019 5366 a
1051 5310 1305 5378 Domino,
1338 5307 1434 5363 filii
1469 5323 1499 5363 a
1540 5318 1719 5379 patre,
1750 5309 1984 5365 hominis
2006 5326 2035 5366 a

430 5404 566 5462 Deo.
600 5405 757 5473 Quod
775 5416 879 5471 est,
904 5405 1178 5478 inquiunt,
1206 5410 1409 5458 tantum
1436 5402 1785 5474 mysterium,
1814 5412 1873 5458 ut
1894 5412 2036 5460 terra

432 5495 737 5563 deseratur,
756 5511 821 5553 es
831 5506 1082 5569 petantur
1103 5496 1300 5563 maria,
1320 5494 1667 5566 relinquatur
1696 5495 1890 5567 patria,
1915 5496 2032 5552 loca

432 5600 761 5664 appetantur
788 5591 1014 5649 aliena?

2144 4668 2391 4709 mcscens
2419 4669 2573 4709 mare
2603 4655 2748 4725 quod
2783 4655 3096 4726 increpatur
3141 4675 3153 4711 :
3187 4665 3299 4711 tace
3331 4666 3379 4710 et
3409 4657 3701 4715 obmutesce
3726 4701 3741 4728 ,

2143 4746 2339 4803 referri
2368 4748 2436 4803 ad
2483 4749 2773 4805 Dominum
2806 4748 3149 4807 Salvatorem
3176 4792 3193 4817 ,
3225 4761 3279 4807 et
3325 4751 3741 4822 periclitantem

2147 4844 2473 4911 Ecclesiam,
2491 4844 2575 4899 vel
2595 4842 2893 4915 Apostolos
2914 4844 3269 4902 suscitantem
3286 4843 3395 4919 [ΑΙ.
3417 4849 3742 4923 sustantes],

2144 4940 2237 5011 qui
2278 4956 2400 4996 eum
2444 4938 2764 4995 deserentes
2812 4940 2864 4994 in
2911 4940 3166 5010 passione
3194 4986 3207 5010 ,
3236 4941 3645 5012 quodammodo
3684 4942 3741 4998 in

2144 5033 2344 5087 ﬂuctus
2372 5031 2791 5103 prtecipitabant
2838 5048 2851 5085 :
2885 5031 2994 5089 Iste
3020 5034 3189 5089 Jonas
3238 5032 3370 5090 dicit
3407 5049 3420 5088 :
3456 5034 3582 5091 Scio
3615 5036 3742 5107 quia

2145 5137 2355 5196 prOpter
2394 5142 2473 5180 me
2499 5136 2772 5197 tempestas
2815 5126 3031 5198 grandis
3058 5138 3133 5182 est
3167 5144 3327 5199 super
3353 5145 3465 5197 vos,
3497 5131 3622 5201 quia
3652 5146 3743 5187 me

2145 5219 2326 5273 vident
2361 5219 2509 5275 venti
2543 5220 2826 5275 vobiscum
2875 5220 2957 5276 ire
2995 5221 3046 5276 in
3092 5221 3318 5278 Tharsis
3345 5264 3360 5291 ,
3389 5222 3493 5280 hoc
3519 5233 3646 5291 est,
3668 5224 3738 5281 ad

2140 5314 2662 5383 contemplationem
2704 5314 2913 5371 laetitiae
2954 5316 3212 5388 navigare
3236 5326 3337 5386 ,ut
3374 5332 3475 5374 vos
3519 5334 3736 5377 mecum

2142 5406 2439 5477 perducam
2468 5406 2534 5462 ad
2562 5407 2819 5479 gaudium
2850 5426 2862 5462 :
2892 5417 2952 5463 ut
2982 5409 3069 5464 ubi
3099 5425 3200 5482 ego
3220 5426 3340 5467 sum
3370 5422 3426 5468 et
3443 5410 3626 5479 Pater,
3657 5412 3734 5469 ibi

2143 5508 2197 5555 et
2225 5515 2323 5555 vos
2349 5501 2473 5557 sitis
2497 5498 2679 5573 (Joau.
2715 5516 2838 5571 xiv,
2874 5503 2950 5573 5).
2978 5502 3191 5561 Idcirco
3220 5506 3500 5573 saeviunt,
3530 5506 3734 5565 idcirco

2143 5594 2399 5663 mundus,
2420 5594 2513 5666 qui
2542 5595 2596 5650 in
2623 5594 2863 5666 maligno
2893 5596 3107 5666 positus
3134 5605 3255 5665 est,
3281 5598 3468 5656 fremit
3494 5597 3540 5672 (Ι
3567 5598 3727 5658 Joan.

504 5765 528 5794 α
566 5755 763 5825 Voces,
789 5757 885 5815 hoc
905 5767 999 5827 est,
1026 5758 1253 5817 Victorii
1280 5758 1446 5819 editio
1470 5772 1580 5818 non
1606 5760 1849 5831 agnoscit
1874 5777 1887 5817 :
1919 5770 2030 5820 tum
2061 5777 2161 5837 pro
2190 5762 2364 5820 cultor
2384 5779 2458 5831 es,
2490 5776 2599 5820 uno
2630 5759 2801 5820 verbo
2831 5763 3085 5821 cultorem
3111 5761 3261 5836 legit.
