4078 6342
301 302 440 359 1199
1160 294 1817 355 COMMENTARIORUM
1862 296 1924 352 IN
1965 295 2185 353 JONAM
2231 296 2452 356 LIBER.
2494 300 2648 357 CAP.
2692 301 2733 355 l.

3468 307 3607 364 H30

299 436 355 489 v,
388 415 479 490 19)
515 435 528 472 :
560 415 682 473 ideo
718 416 993 472 elementa
1027 417 1363 475 turbantur:
1417 434 1504 475 me
1544 416 1697 487 cupit
1726 415 1896 471 devo-
1927 419 1977 480 A
2004 426 2231 472 nostros.
2265 419 2329 471 Et
2357 418 2480 472 ideo
2512 419 2557 472 si
2589 419 2893 477 levaverint
2923 412 3141 486 manus,
3170 437 3275 476 non
3311 423 3609 478 exaudien-

299 530 423 570 rare
452 526 617 577 mors,
648 519 709 567 ut
741 526 837 566 vos
873 511 1079 581 pariter
1110 512 1369 575 occidat;
1400 521 1457 566 et
1486 528 1591 565 non
1614 508 1900 579 intelligit,

300 604 428 678 quia
464 604 612 660 velut
644 604 700 658 in
727 603 889 657 hatno
920 618 1102 658 escam
1137 604 1310 673 capit,
1345 611 1403 657 ut
1435 616 1556 657 mea
1583 613 1758 656 morte
1788 616 1905 653 mo-

302 699 496 757 riatur.
534 696 723 751 Tollite
752 713 833 752 me
859 740 873 765 ,
907 705 953 750 et
985 697 1173 752 mittite
1210 697 1264 750 in
1292 712 1456 751 mare.
1480 695 1599 751 Non
1646 705 1730 750 est
1761 694 1907 749 enim

304 803 585 858 nostrum,
618 802 849 847 mortem
883 790 1129 861 arripere
1155 833 1172 857 ,
1196 790 1291 846 sed
1326 790 1532 845 illatam
1568 789 1637 845 ab
1677 787 1802 843 aliis
1845 787 1913 843 li-

306 888 500 943 benter
524 884 801 955 excipere.
833 883 988 940 Unde
1018 893 1073 939 et
1105 882 1158 938 in
1192 880 1677 954 persecutionibus
1706 896 1815 935 non
1849 879 1915 934 li-

306 992 395 1038 cet
445 981 662 1051 pr0pria
696 979 878 1050 perire
922 994 1084 1033 manu
1110 1020 1123 1044 ,
1152 977 1357 1048 absque
1389 991 1455 1032 eo
1500 974 1591 1030 ubi
1636 984 1659 1011 τι
1692 973 1916 1029 castitas

308 1074 689 1147 periclitatur;
718 1071 813 1127 sed
858 1070 1182 1140 percutienti
1231 1070 1368 1125 colla
1400 1069 1747 1125 submittere.
1780 1065 1875 1121 Sic
1901 1106 1915 1131 ,

310 1167 490 1239 inquit
516 1208 530 1232 ,
560 1166 773 1236 placate
804 1173 1002 1220 ventos
1027 1205 1043 1229 ,
1074 1164 1154 1219 sic
1183 1163 1237 1219 in
1289 1162 1460 1218 maria
1510 1160 1768 1216 libamina
1800 1157 1919 1213 fun-

310 1261 424 1317 dite
462 1278 474 1313 :
504 1268 809 1329 tempestas
838 1273 960 1329 quae
995 1266 1222 1328 propter
1260 1272 1347 1312 me
1387 1254 1548 1311 saevit
1578 1263 1769 1309 contra
1799 1266 1918 1319 vos,

314 1369 402 1409 tne
431 1352 725 1415 moriente,
753 1350 1059 1407 sedabitur.

390 1445 584 1517 (Vt-rs.
622 1440 739 1513 15.)
770 1441 833 1496 Et
863 1442 1187 1513 remigabant
1226 1440 1323 1494 viri
1367 1449 1419 1493 ut
1453 1446 1827 1493 reverterentur
1856 1436 1923 1491 ad

317 1537 556 1601 aridam,
586 1548 631 1590 et
654 1552 758 1589 non
787 1534 1024 1588 valebant
1050 1576 1064 1600 ,
1088 1533 1212 1604 quia
1257 1547 1396 1586 mare
1422 1531 1529 1585 ibat
1554 1572 1568 1596 ,
1595 1541 1643 1586 et
1673 1531 1926 1584 intumes-

320 1632 459 1688 ccbat
491 1647 645 1702 super
673 1646 780 1684 eos.
805 1626 949 1684 LXX
982 1647 992 1682 :
1022 1627 1089 1682 Et
1120 1628 1442 1683 conabantur
1470 1626 1596 1692 viri,
1624 1634 1678 1679 ut
1710 1634 1927 1679 reverte-

318 1737 498 1784 rentur
524 1727 591 1780 ad
622 1738 814 1780 terram
841 1766 855 1789 ,
882 1734 929 1778 et
978 1741 1081 1778 non
1118 1732 1376 1795 poterant,
1407 1723 1527 1793 quia
1559 1732 1701 1774 mare
1730 1719 1857 1786 ibat,
1881 1729 1929 1773 et

2012 520 2126 575 tur,
2154 511 2277 581 quia
2320 509 2499 581 plena:
2539 523 2663 566 sunt
2698 515 2973 585 sanguine
3014 533 3027 569 :
3062 514 3200 582 Quia
3245 525 3320 581 tu,
3364 514 3606 579 Domine,

2010 604 2141 657 sicut
2169 602 2383 659 voluisti
2405 650 2417 673 ,
2447 606 2614 675 fecisti
2649 624 2666 659 .'
2708 605 2864 674 Quod
2909 623 3013 662 nos
3050 608 3391 678 suscepimus
3417 650 3431 672 ,
3465 607 3605 677 quod

2014 696 2172 751 turbo
2193 698 2494 767 consurgit,
2523 696 2668 769 quod
2693 699 2841 753 venti
2866 700 3121 763 saeviunt,
3146 700 3293 770 quod
3319 716 3470 754 mare
3493 715 3614 755 sus-

2014 790 2213 845 citatur
2238 791 2290 845 in
2314 792 2533 854 ﬂuctus,
2558 791 2703 862 quod
2726 791 2977 862 proditur
3000 802 3149 849 sorte
3172 793 3450 864 fugitivus,
3473 793 3614 863 quod

2018 884 2223 939 indicat
2246 884 2373 954 quid
2408 885 2527 939 fieri
2572 884 2771 940 debeat
2798 928 2812 953 ,
2846 896 2949 940 tum
2979 894 3086 953 est,
3115 888 3343 941 Domine
3370 930 3382 952 ,
3417 887 3616 940 volun-

2018 980 2147 1033 tatis
2168 1020 2182 1043 ,
2214 988 2269 1033 tu
2301 980 2445 1035 enim
2475 979 2611 1034 sicut
2642 980 2885 1045 voluisti,
2918 979 3119 1034 fecisti.
3153 980 3307 1036 Unde
3335 990 3391 1036 et
3436 980 3624 1037 Salva-

2020 1080 2106 1125 tor
2135 1069 2265 1125 dicit
2292 1071 2343 1125 in
2376 1071 2585 1140 psalmo
2617 1090 2630 1126 :
2662 1071 2887 1126 Domine
2911 1114 2927 1138 ,
2964 1081 3020 1127 ut
3051 1074 3275 1142 facerem
3303 1072 3621 1128 voluntatem

2022 1175 2183 1229 tuum,
2207 1165 2347 1219 volui
2375 1164 2552 1236 (Psal.
2584 1181 2779 1231 xxxix,
2804 1167 2883 1237 9).

2094 1255 2273 1328 (Vers.
2303 1256 2418 1327 15.)
2443 1255 2507 1310 Et
2532 1256 2758 1327 tulerunt
2787 1256 3003 1322 Jonom,
3029 1268 3076 1312 et
3101 1258 3349 1312 miserunt
3382 1260 3433 1313 in
3462 1277 3621 1321 mare.

2026 1359 2070 1401 et
2101 1349 2237 1403 stetit
2266 1364 2407 1401 mare
2428 1366 2457 1401 a
2483 1353 2681 1420 fervore
2706 1366 2819 1404 suo.
2846 1348 3008 1405 LXX:
3043 1348 3109 1403 Et
3137 1351 3363 1404 tulerunt
3394 1352 3587 1405 Jonam
3612 1397 3623 1417 ,

2028 1452 2072 1498 ct
2108 1443 2357 1497 miserunt
2382 1442 2437 1496 in
2464 1460 2623 1510 mare,
2669 1452 2714 1497 et
2747 1445 2890 1498 stetit
2919 1460 3063 1498 mare
3083 1460 3114 1497 a
3146 1444 3488 1497 commotione
3515 1461 3631 1497 sua.

2029 1534 2144 1589 Non
2179 1533 2316 1588 dixit
2344 1536 2722 1605 arripuerunt,
2756 1550 2862 1590 non
2895 1536 2969 1589 ait
3004 1537 3342 1602 invaserunt,
3373 1536 3465 1591 sed
3498 1537 3632 1591 tule-

2032 1638 2157 1681 runt
2188 1645 2201 1679 ε
2237 1626 2389 1696 quasi
2423 1642 2545 1683 cum
2576 1630 2845 1698 obsequio
2879 1639 2931 1683 et
2966 1628 3175 1683 honore
3200 1639 3504 1697 portantes.
3532 1630 3634 1683 mi-

2032 1728 2225 1775 serunt
2258 1720 2309 1775 in
2355 1735 2507 1779 mare
2539 1736 2646 1775 non
2687 1733 3127 1792 repugnantem,
3154 1722 3248 1776 sed
3303 1722 3635 1790 pt‘a-bentem

321 1821 618 1893 insurgebat
643 1821 807 1893 magis
830 1828 1011 1874 contra
1037 1834 1144 1872 eos.
1176 1815 1489 1872 Protulerat
1510 1813 1773 1885 propheta
1799 1826 1931 1867 con-
1963 1825 2006 1885 Β
2036 1829 2231 1868 manus
2256 1815 2498 1885 ipsorum
2529 1815 2821 1869 voluntati.
2850 1815 2910 1869 Et
2944 1815 3109 1888 404
3131 1815 3282 1870 stetit
3314 1832 3486 1883 mare,
3514 1818 3639 1887 quia

324 1924 406 1971 tra
437 1932 501 1970 se
533 1914 861 1971 sententiam
897 1929 911 1978 ;
944 1911 1041 1968 sed
1073 1910 1151 1967 illi
1184 1911 1452 1966 cultorem
1484 1908 1769 1964 audientes
1807 1907 1927 1972 Dei,

324 2021 515 2064 manus
542 2006 771 2077 injicere
798 2019 909 2060 non
941 2002 1214 2058 audebant
1243 2043 1257 2066 ,
1293 2010 1581 2071 propterea
1611 1998 1934 2053 nitebantur

325 2101 525 2159 reverti
559 2101 626 2156 ad
653 2100 887 2164 aridam,
915 2108 968 2155 et
996 2096 1241 2168 effugere
1269 2095 1594 2159 discrimen,
1622 2108 1690 2149 ne
1717 2091 1936 2162 sangui-

326 2212 452 2252 nem
482 2194 794 2260 funderent,
812 2193 984 2264 magis
999 2190 1253 2246 volentes
1270 2190 1474 2258 perire,
1491 2202 1652 2259 quam
1679 2185 1930 2255 perdere.

328 2287 372 2345 0
396 2304 580 2344 rerum
610 2296 809 2359 quanta
836 2284 1066 2341 mutatio
1092 2285 1105 2339 !
1134 2282 1369 2355 populus
1388 2280 1480 2352 qui
1502 2280 1769 2335 servierat
1795 2278 1929 2342 Deo,

330 2382 459 2438 dicit
490 2401 500 2435 :
537 2380 819 2453 Cruciﬁge,
850 2378 1101 2448 cruci/ige
1131 2376 1287 2431 talem
1318 2375 1337 2447 (
1368 2371 1528 2427 Joan.
1559 2388 1672 2439 nx,
1701 2370 1778 2439 6).
1812 2366 1935 2425 istis

334 2476 639 2547 imperatur
671 2483 729 2528 ut
758 2472 1035 2539 occidant,
1069 2485 1219 2526 mare
1251 2469 1405 2535 furit,
1435 2475 1731 2538 tempestas
1758 2464 1935 2535 jubet,

333 2579 387 2625 et
419 2568 695 2639 proprium
729 2567 1034 2637 periculum
1066 2564 1430 2635 negligentes,
1457 2561 1526 2617 de
1551 2561 1728 2616 aliena
1763 2558 1940 2614 salute

336 2659 556 2715 solliciti
570 2666 719 2714 sunt.
734 2658 1103 2727 Quamobrem
1121 2665 1177 2710 et
1192 2654 1552 2726 Septuaginta
1567 2653 1942 2731 παρεϐιὰζοντο

337 2754 615 2825 inquiunt,
647 2754 702 2808 id
728 2762 844 2821 est,
877 2753 978 2806 vim
1005 2751 1285 2823 cupiebant
1307 2754 1479 2821 facere
1505 2757 1559 2804 et
1576 2758 1825 2803 naturam
1855 2763 1946 2803 re-

338 2864 460 2904 rum
519 2847 779 2912 vincere,
814 2860 883 2899 ne
914 2845 1188 2900 violarent
1234 2842 1396 2915 £03
1442 2840 1768 2913 prOpbetam
1825 2840 1940 2896 Dei.

338 2939 493 3008 Quod
523 2945 704 2994 autem
733 2935 761 2975 ι)
800 2936 1143 3007 remigabant
1174 2935 1276 2989 viri
1303 2975 1318 3000 ,
1349 2942 1409 2987 ut
1440 2940 1851 2988 reverterentur
1877 2929 1945 2985 ad

340 3031 587 3098 aridam,
616 3030 883 3102 putabant
909 3030 1119 3101 absque
1146 3036 1493 3083 sacramento
1522 3025 1643 3095 ejus
1690 3012 1787 3094 qui
1816 3037 1945 3095 pas-

341 3142 505 3184 surus
538 3134 679 3193 erat,
716 3139 880 3196 posse
909 3138 1106 3179 navem
1130 3122 1199 3179 de
1227 3120 1479 3192 periculo
1507 3120 1729 3175 liberari
1773 3136 1786 3173 :
1820 3132 1945 3172 cum

344 3220 497 3279 Jon:c
526 3220 814 3275 subversio
838 3261 852 3285 ,
887 3219 1041 3274 navis
1070 3220 1245 3273 fuerat
1276 3214 1403 3289 [ΑΙ.
1439 3214 1629 3286 fuerit]
1660 3211 1944 3270 relevatio.
1973 3201 2019 3263 C

419 3314 603 3385 (Vers.
634 3312 746 3384 14.)
776 3311 842 3365 Ει
877 3309 1246 3367 Clamaverunt
1275 3310 1342 3363 ad
1372 3306 1656 3362 Dominum
1680 3350 1694 3373 ,
1720 3315 1771 3359 et
1798 3305 1944 3358 dixe-

346 3418 469 3464 runt
496 3422 860 3478 :quacsumus,
891 3404 1136 3473 Domine,
1167 3421 1230 3459 ne
1258 3419 1533 3475 pereamus
1561 3402 1616 3455 in
1647 3402 1821 3455 anima
1852 3400 1948 3454 viri

349 3505 519 3570 istius,
546 3513 594 3558 et
624 3519 685 3557 ne
711 3503 799 3557 des
829 3519 986 3575 super
1010 3519 1102 3557 nos
1129 3502 1434 3572 sanguinem
1456 3498 1950 3569 innocentem,quia

354 3610 407 3656 tu
434 3646 447 3669 ,
479 3597 725 3667 Domine,
756 3598 887 3651 sicut
914 3597 1122 3651 voluisti
1142 3639 1158 3662 ,
1189 3597 1381 3666 fecisti.
1414 3592 1556 3650 LXX
1588 3610 1599 3646 :
1637 3592 1701 3646 Et
1749 3595 1949 3646 clama-

351 3699 533 3745 uerunt
560 3688 629 3744 ad
682 3688 960 3743 Dominum
985 3731 999 3755 ,
1030 3696 1078 3741 et
1104 3686 1349 3742 dixerunt
1393 3701 1411 3739 :
1440 3699 1770 3755 nequaquam
1796 3724 1812 3750 ,
1843 3680 1954 3736 Do-

352 3784 510 3849 ntine,
535 3798 597 3837 ne
621 3797 890 3854 pereamus
934 3788 1145 3852 propter
1174 3780 1405 3833 animam
1427 3778 1524 3832 viri
1550 3777 1743 3850 hujus,
1776 3784 1822 3830 et
1850 3791 1955 3830 non

356 3879 446 3932 des
471 3893 629 3947 super
655 3892 747 3931 nos
787 3876 1099 3949 sanguinem
1135 3874 1361 3944 justum,
1411 3880 1465 3924 tu
1514 3870 1673 3936 enim,
1714 3868 1956 3935 Donzine,

357 3972 489 4026 sicut
518 3970 741 4036 voluisti,
775 3968 965 4041 fecisti.
990 3967 1228 4025 Grandis
1253 3975 1539 4024 vectorum
1590 3963 1729 4020 ﬁdes
1760 3980 1773 4019 :
1813 3964 1959 4035 peri-

358 4064 621 4121 clitantur
665 4062 811 4134 ipsi,
841 4072 896 4117 et
922 4076 1022 4134 pro
1072 4061 1299 4117 alterius
1347 4061 1528 4113 anima
1571 4057 1956 4131 deprecantur.

363 4158 560 4214 Sciunt
606 4155 749 4213 enim
800 4156 1045 4227 pejorem
1096 4166 1329 4212 mortem
1361 4154 1572 4227 peccati
1605 4166 1727 4209 esse
1752 4195 1767 4221 ,
1796 4168 1959 4224 quam

361 4254 512 4309 vitaz.
544 4250 614 4308 Et
642 4270 705 4307 ne
726 4253 835 4312 des.
865 4252 1141 4323 inquiunt,
1165 4269 1321 4325 super
1352 4267 1445 4306 nos
1468 4250 1775 4323 sanguinem
1808 4249 1962 4303 inno-

362 4356 577 4403 centem.
623 4346 1022 4403 Contestantur
1083 4346 1412 4412 Dominum,
1464 4354 1522 4400 ut
1579 4343 1966 4415 quodcumque

363 4442 561 4497 facturi
591 4449 741 4505 sunt,
774 4457 882 4495 non
911 4441 1016 4496 sibi
1040 4451 1350 4509 reputetur,
1380 4449 1435 4497 et
1456 4438 1861 4511 quodammodo
1887 4438 1970 4493 di-

364 4542 538 4597 cunt,
586 4534 839 4589 nolumus
885 4533 1204 4589 interﬁcere
1264 4532 1584 4604 prephetam
1648 4542 1801 4588 tuum
1831 4531 1967 4598 ,scd

2036 1908 2315 1962 invenerat
2352 1923 2513 1979 quem
2564 1909 2869 1977 quterchat.
2905 1908 3069 1964 Velut
3100 1909 3145 1963 si
3177 1910 3299 1978 quis
3346 1926 3643 1980 persequa-

2039 2013 2126 2058 tur
2167 2002 2457 2072 lugitivum
2488 2043 2503 2067 ,
2534 2012 2591 2058 et
2638 2001 2858 2058 concito
2887 2011 3079 2073 pergat
3124 2002 3322 2071 gradu,
3355 2012 3641 2073 postquam

2040 2097 2204 2153 fuerit
2234 2106 2597 2163 consecutus,
2632 2097 2852 2152 desistit
2881 2112 3110 2153 currere
3136 2141 3150 2165 ,
3183 2107 3237 2151 et
3268 2106 3375 2151 Stat
3404 2114 3467 2152 ac
3500 2106 3648 2153 tenet

2037 2208 2196 2262 quem
2224 2191 2675 2261 apprehenderit.
2710 2192 2785 2247 Ita
2816 2200 2872 2247 et
2901 2205 3056 2246 mare
3086 2190 3254 2261 quod,
3292 2192 3522 2246 absente
3548 2190 3643 2245 Jo-

2040 2302 2131 2355 na,
2163 2288 2546 2352 irascebatur,
2574 2287 2627 2341 in
2659 2286 2964 2342 visceribus
2998 2287 3112 2341 suis
3154 2285 3525 2341 desideratum
3562 2295 3643 2340 te-

2041 2396 2199 2445 nens,
2230 2381 2431 2452 gaudet
2458 2389 2513 2435 et
2544 2379 2823 2445 confovet,
2858 2388 2916 2434 et
2946 2396 3010 2434 ex
3043 2378 3244 2450 gaudio
3275 2377 3643 2448 tranquillitas

2041 2474 2206 2530 redit.
2241 2475 2297 2531 Si
2329 2474 2750 2529 consideremus
2779 2484 2907 2529 ante
2934 2473 3245 2544 passionem
3278 2472 3477 2525 Christi
3511 2513 3527 2539 ,
3561 2488 3650 2526 er-

2044 2583 2201 2623 rores
2228 2567 2417 2623 mundi
2439 2609 2454 2635 ,
2481 2575 2537 2621 et
2567 2568 2913 2622 diversorum
2964 2566 3279 2637 dogmatum
3309 2564 3472 2620 flatus
3524 2580 3656 2619 con-

2047 2663 2269 2729 trarios,
2298 2672 2349 2716 et
2382 2662 2692 2716 naviculam
2728 2668 3020 2728 totumque
3050 2659 3343 2714 humanmn
3368 2675 3573 2730 genus,
3603 2659 3652 2713 id

2045 2761 2151 2821 est,
2181 2764 2493 2809 creaturam
2519 2753 2733 2807 Domini
2762 2752 3186 2823 periclitantem,
3214 2761 3269 2806 et
3293 2763 3417 2822 post
3448 2752 3653 2821 passio-

2047 2862 2173 2903 nem
2217 2847 2341 2918 ejus
2382 2846 2836 2917 tranquillitatem
2877 2845 3025 2913 fidei,
3055 2855 3111 2898 et
3140 2845 3291 2901 orbis
3336 2860 3526 2914 pacem
3553 2886 3567 2912 ,
3602 2854 3659 2900 et

2046 2955 2239 2997 secura
2261 2940 2465 3007 omnia,
2497 2949 2554 2994 et
2577 2940 2995 2995 conversionem
3024 2937 3090 2992 ad
3119 2940 3320 3004 Deum,
3346 2937 3656 2993 videbimus

2050 3032 2325 3104 quomodo
2365 3041 2488 3101 post
2530 3032 3033 3101 prmcipitationt-m
3061 3030 3215 3085 Jona:
3260 3030 3478 3086 steterit
3508 3047 3658 3086 mare

2051 3142 2080 3182 a
2116 3126 2331 3183 fervore
2359 3127 2380 3200 [
2411 3128 2495 3183 Al.
2532 3127 2717 3182 furore
2748 3126 2767 3199 ]
2799 3141 2917 3182 suo.

2127 3220 2308 3293 (Vcrs.
2340 3220 2454 3292 16.)
2481 3218 2548 3273 Et
2578 3222 2861 3275 timuerunt
2892 3221 2991 3275 viri
3029 3222 3213 3274 timore
3242 3236 3429 3289 magno
3476 3219 3659 3273 Domi.

2050 3324 2252 3377 num,et
2270 3314 2664 3367 immolaverunt
2686 3312 2888 3367 hostias
2911 3312 3158 3379 Domino,
3183 3322 3231 3366 et
3252 3321 3497 3366 voverunt
3517 3323 3651 3367 rota.

2056 3419 2077 3445 ε
2114 3406 2253 3462 LXX
2286 3406 2567 3463 similiter.
2602 3408 2745 3463 Ante
2797 3407 3014 3463 Domini
3054 3408 3362 3478 passionem
3399 3408 3657 3462 timentes

2052 3502 2431 3558 clamaverunt
2457 3498 2526 3554 ad
2552 3501 2686 3556 deos
2709 3515 2839 3555 suos
2867 3518 2880 3554 :
2912 3507 3036 3570 post
3060 3502 3376 3570 passionem
3405 3503 3524 3571 ejus
3550 3500 3657 3554 Do-

2055 3598 2265 3653 minum
2300 3596 2515 3659 timent,
2549 3594 2599 3650 id
2630 3605 2737 3662 est,
2764 3606 3105 3651 venerantur
3135 3607 3187 3651 et
3219 3597 3433 3662 colunt,
3466 3607 3521 3652 et
3552 3611 3657 3651 non

2057 3692 2242 3747 timent
2274 3688 2624 3759 simpliciter,
2661 3699 2718 3742 nt
2752 3689 2808 3743 in
2845 3690 3117 3759 principio
3146 3689 3381 3760 legimus
3407 3731 3422 3755 ,
3454 3689 3549 3743 sed
3586 3691 3654 3744 ti-

2056 3802 2211 3843 more
2229 3784 2620 3856 magno,juxta
2640 3783 2772 3839 illud
2798 3784 2943 3854 quod
2964 3783 3167 3839 dicitur
3191 3803 3202 3837 :
3226 3782 3310 3838 Ea;
3333 3794 3437 3836 tota
3459 3790 3658 3849 (mima,

2057 3892 2103 3937 et
2135 3898 2199 3935 ea:
2229 3890 2332 3935 toto
2364 3880 2553 3947 corde,
2590 3889 2637 3933 et
2667 3895 2730 3933 ea:
2758 3888 2864 3932 tota
2897 3887 3066 3932 mente
3106 3888 3195 3932 tua
3228 3878 3248 3950 (
3283 3876 3477 3931 Matth.
3508 3894 3620 3932 xxn
3648 3922 3661 3943 ,

2060 3975 2173 4045 57).
2208 3974 2273 4029 Et
2305 3972 2704 4029 immolaverunt
2731 3974 2950 4038 hostias,
2977 3987 3113 4042 quas
3144 3980 3297 4028 certe
3323 3975 3477 4043 juxta
3509 3974 3662 4029 litte—

2059 4084 2176 4123 ram
2211 4066 2263 4122 in
2315 4065 2512 4123 mediis
2559 4066 2814 4121 fluctibus
2863 4080 2970 4120 non
3020 4064 3304 4121 habebant
3346 4083 3359 4119 :
3394 4067 3488 4121 sed
3537 4068 3667 4136 quia

2063 4159 2390 4216 sacrificium
2425 4159 2537 4215 Deo
2583 4158 2809 4231 spiritus
2839 4158 3250 4213 contribulatns
3276 4166 3361 4213 est
3387 4156 3561 4229 (Psal.
3588 4158 3665 4227 ι).

2065 4245 2214 4311 Είίιι
2240 4254 2355 4310 alio
2381 4255 2503 4311 loco
2533 4254 2737 4310 dicitur
2772 4271 2785 4310 :
2816 4252 3041 4308 Immola
3075 4251 3187 4307 Deo
3210 4254 3529 4323 sacriﬁcium
3556 4254 3668 4307 lau-

2066 4351 2148 4406 dis
2173 4394 2188 4418 ,
2218 4360 2261 4403 et
2289 4350 2447 4405 redde
2500 4348 2771 4404 Altissimo
2809 4359 2926 4403 vota
2965 4360 3053 4401 tua
3086 4346 3224 4419 (Ps.
3256 4364 3381 4402 xux
3406 4391 3420 4415 ,
3444 4350 3509 4403 Li
3533 4346 3575 4418 ).
3601 4348 3671 4403 Et

2067 4458 2282 4499 rursum
2319 4462 2331 4497 :
2363 4442 2657 4499 Reddemus
2680 4442 2772 4495 tibi
2802 4442 2989 4495 vitulos
3035 4439 3296 4494 labiorutn
3328 4451 3622 4495 nostrorum
3651 4460 3671 4497 .'

2071 4535 2285 4590 idcirco
2304 4535 2358 4589 in
2392 4535 2527 4588 mari
2574 4532 2859 4588 immolant
2904 4531 3135 4598 h05tias,
3171 4538 3226 4586 et
3279 4532 3419 4587 alias
3469 4546 3669 4601 Sponte

369 4628 507 4684 iram
537 4635 683 4683 tuam
709 4639 764 4684 et
792 4626 910 4698 ipse
937 4627 1224 4685 confessus
1251 4637 1359 4692 est,
1390 4635 1446 4682 et
1471 4637 1773 4697 tempestas
1793 4625 1971 4696 loqui-
1996 4611 2045 4670 Ι)
2074 4629 2399 4699 promittunt
2421 4638 2544 4682 vota
2576 4626 2838 4683 facientes
2864 4644 2876 4679 :
2900 4641 2959 4682 se
2986 4642 3279 4696 numquam
3314 4629 3382 4681 ab
3414 4645 3479 4684 eo
3507 4646 3668 4700 quem

371 4733 483 4792 tur,
514 4724 639 4795 quia
671 4732 745 4787 tu,
785 4723 1034 4789 Domine,
1064 4723 1207 4778 sicut
1239 4721 1487 4787 voluisti,
1526 4721 1706 4777 fecisti
1735 4721 1971 4787 ;volun-

371 4828 457 4874 tas
483 4827 578 4873 tua
603 4817 856 4887 expletur
879 4832 976 4886 per
998 4826 1217 4872 nostras
1239 4829 1461 4875 manus.
1490 4812 1683 4869 Nonne
1713 4812 1872 4870 nobis
1895 4812 1975 4865 vi'

374 4912 532 4969 detur
562 4920 848 4967 nautarum
872 4926 1004 4981 vox,
1034 4910 1199 4966 Pilati
1225 4925 1349 4966 esse
1380 4909 1685 4979 confessio,
1715 4910 1807 4979 qui
1832 4908 1981 4962 lavat

376 5020 569 5061 manus
598 5020 726 5060 suas
750 5047 765 5070 ,
796 5015 852 5061 et
882 5004 1015 5060 dicit
1057 5021 1070 5058 :
1105 5002 1339 5057 Mundus
1368 5020 1482 5058 sum
1523 5019 1618 5075 ego
1664 5019 1696 5056 a
1723 5002 1980 5073 sanguine

376 5101 471 5155 viri
500 5100 657 5174 hujus
680 5100 700 5173 (
727 5099 919 5154 Matth.
955 5115 1126 5166 xxvtt,
1150 5098 1281 5169 25;).
1307 5098 1816 5153 NoluntChristutn
1847 5113 1966 5169 per-

379 5194 463 5248 ire
493 5202 716 5263 gentes,
746 5192 1094 5249 innocentem
1134 5193 1454 5262 sanguinem
1482 5201 1861 5260 protestantur
1881 5191 1973 5247 .Et

379 5287 555 5345 Judmi
578 5286 767 5344 dicunt
804 5304 819 5342 :
849 5286 1083 5358 Sanguis
1104 5287 1215 5358 ejus
1246 5301 1402 5357 super
1431 5301 1547 5353 nos,
1581 5295 1631 5341 et
1657 5284 1972 5357 super/ilios

456 5516 479 5544 ει
511 5506 712 5562 Confer
751 5506 948 5562 librum
983 5507 1215 5577 primum
1262 5514 1453 5577 contra
1500 5504 1972 5577 Jovinian.,num.

383 5581 475 5645 Δὶ,
510 5580 600 5633 uhi
649 5578 715 5632 de
762 5574 995 5633 Milesiis
1025 5578 1349 5647 virginibus.
1388 5576 1589 5633 Simile
1629 5576 1756 5647 quid
1799 5574 1981 5647 laudat

387 5651 586 5707 Cicero
618 5651 870 5705 oratione
892 5649 959 5705 de
982 5646 1700 5706 ProvinciisConsularibus
1733 5666 1743 5701 :
1778 5658 1834 5703 et
1858 5646 1984 5715 Epi-

387 5739 629 5793 gramma
662 5729 839 5785 vetus,
872 5723 1171 5794 Antholog.
1195 5722 1288 5777 lib.
1321 5738 1399 5787 tn,
1438 5722 1529 5794 tit.
1549 5721 1617 5775 de
1660 5720 1985 5794 Juvenibus.

390 5789 617 5869 ἓὲιχόμεθξ
639 5798 678 5869 ᾠ
706 5795 913 5869 Μίλητε,
936 5803 1044 5849 etc.
1078 5789 1241 5849 Plura
1271 5803 1448 5869 autem
1468 5792 1613 5869 chu_s_
1650 5789 1990 5869 Strenuitatis

388 5862 661 5937 eseinpla'
677 5866 819 5938 apud
850 5873 1093 5934 veteres,
1122 5876 1179 5921 et
1214 5866 1418 5934 passim
1467 5865 1521 5919 in
1566 5862 1990 5934 Martyrologiis.

756 5960 1033 6021 Ρλτιιοι..
1080 5956 1283 6022 XXV.

2072 4724 2254 4780 colere
2275 4728 2933 4792 coeperant,recessuros.
2954 4720 3276 4776 Timuerunt
3306 4724 3452 4778 enim
3482 4725 3677 4781 timore

2075 4832 2272 4888 magno
2307 4815 2472 4884 :quia
2505 4830 2570 4870 cx
2619 4814 3015 4885 tranquillitate
3040 4816 3209 4870 maris
3251 4827 3306 4872 et
3338 4822 3676 4888 tempestatis

2074 4909 2223 4980 fuga,
2260 4922 2386 4963 vera
2419 4906 2702 4977 prephette
2736 4906 2902 4961 verba
2932 4908 3255 4962 cernebant.
3286 4908 3454 4965 Jonas
3485 4911 3535 4965 in
3564 4926 3679 4965 ma-

2075 5002 2122 5057 ri
2170 5001 2445 5072 fugitivus,
2484 4999 2802 5071 naufragus,
2839 5008 3108 5066 mortuus,
3144 5001 3318 5056 salvat
3364 5004 3672 5059 naviculam

2072 5093 2433 5149 ﬂuctuantem
2471 5111 2484 5146 :
2516 5094 2691 5148 salvat
2722 5094 2973 5148 ethnicos
3000 5096 3053 5149 in
3086 5094 3335 5150 diversas
3380 5098 3530 5165 prius
3560 5114 3679 5155 sen-

2080 5188 2277 5269 tentias
2301 5185 2486 5241 muudi
2511 5201 2699 5241 errore
2718 5186 2969 5256 jactatos.
2990 5188 3057 5242 Et
3078 5189 3239 5256 Osee,
3267 5190 3458 5255 Amos,
3488 5191 3679 5256 ISaias,

2079 5281 2224 5348 Joel,
2250 5281 2339 5353 qui
2367 5279 2564 5337 eodem
2596 5290 2843 5351 tempore
2876 5280 3302 5352 prophetabant,
3342 5286 3599 5355 populum
3632 5288 3684 5343 in

2159 5498 2187 5539 ι)
2211 5497 2366 5567 Quod
2390 5496 2598 5567 pridem
2629 5496 2901 5569 Victorius
2932 5504 3279 5569 exposuerat
3302 5498 3525 5553 verbum
3540 5501 3685 5569 dicit,

2092 5566 2284 5639 utpote
2314 5566 2800 5641 supervacaneum,
2831 5568 2938 5623 duo
2985 5566 3221 5622 Palatini
3262 5584 3395 5624 mss.
3432 5571 3518 5628 hic
3566 5566 3695 5630 reti-

2094 5653 2246 5701 nent.

2174 5727 2195 5754 ο
2242 5714 2439 5771 lstltmc
2470 5712 2663 5787 verba,
2696 5709 2847 5765 LXX
2876 5711 3140 5779 similiter,
3175 5728 3295 5782 qua:
3345 5730 3488 5786 Step6
3548 5718 3699 5787 alibi,

2102 5786 2192 5843 hic
2225 5802 2443 5859 quoque
2466 5784 2781 5841 suffecimus
2810 5798 2876 5839 ex
2910 5799 3039 5839 mss.

3146 5952 3224 6012 36
