4084 6340
451 241 586 300 1151

1671 237 1732 300 S.
1773 237 2046 302 EUSEBII
2085 237 2476 306 HIERONYMI

3619 259 3768 320 Ἡδὲ-

449 357 636 414 Judaea
667 359 944 428 nequeunt
964 355 1278 412 emendare.
1313 353 1394 412 Ex
1425 365 1534 426 quo
1559 356 1866 412 ostenditur
1897 357 2054 414 seda-
2079 361 2136 422 Α
2157 361 2300 430 quotl
2351 363 2526 420 tribus
2563 363 2752 420 diebus
2797 379 2860 422 ac
2899 367 3152 426 noctibus
3193 369 3246 426 in
3291 377 3452 429 utero
3479 373 3584 430 ceti
3631 377 3746 446 fuit,

451 453 496 507 ri
529 467 638 507 non
667 466 826 522 posse
853 451 1220 524 naufragium,
1255 452 1360 506 nisi
1393 459 1570 508 morte
1601 451 1836 524 fugitivi.

527 545 682 617 (Cap.
719 547 780 600 tt.
820 577 892 588 -—
917 545 1072 602 Vers.
1115 545 1187 618 l.)
1223 545 1290 602 Et
1323 547 1632 620 pra’paravit
1667 545 1920 600 Dominus
1951 545 2058 616 pis-

447 657 558 698 cem
583 641 834 714 grandem
868 657 886 697 :
910 652 966 696 ut
995 643 1273 714 degtutiret
1303 641 1518 698 Ionam.
1549 641 1700 698 LXX.
1725 661 1740 696 :
1769 641 1838 696 Et
1867 657 2058 712 procre-

453 740 530 810 pit
561 739 820 794 Dominus
859 747 964 794 ceto
997 755 1212 812 magno,
1239 747 1288 796 et
1327 739 1592 794 devoravit
1637 737 1849 794 Jouam.
1893 735 2058 792 Morti

450 841 508 888 et
537 831 753 888 inferno
809 833 1068 904 praecepit
1107 831 1270 906 405
1311 832 1598 900 Dominus,
1625 840 1688 888 ut
1733 831 2056 902 prophetam

447 927 732 996 suscipiat.
753 926 884 993 Quae
899 927 1072 982 avidis
1101 926 1346 982 faucibus
1379 925 1618 996 praedam
1649 935 1868 996 putans,
1887 939 2058 996 quan-

442 1029 560 1078 tum
591 1021 644 1076 in
695 1020 1055 1076 devoratione
1085 1019 1264 1076 l:.etata
1313 1029 1416 1084 est,
1450 1029 1666 1074 tantum.
1693 1019 1835 1074 luxit
1877 1019 1936 1072 in
1964 1033 2058 1072 vo-

447 1113 610 1168 mitu.
641 1113 908 1184 Tuncque
936 1113 1268 1184 completum
1301 1121 1386 1168 est
1415 1111 1550 1166 illud
1585 1111 1732 1182 quod
1773 1111 1970 1182 legitur
2001 1111 2056 1164 in

445 1205 588 1264 Osee
621 1225 634 1260 :
667 1205 776 1260 Ero
804 1223 946 1261 mors
973 1215 1088 1272 tua,
1115 1223 1142 1258 ο
1161 1223 1302 1261 mors
1331 1221 1454 1260 :ero
1483 1221 1686 1260 morsus
1717 1213 1862 1270 tuus,
1897 1205 2058 1274 infer-

447 1316 514 1354 ne
546 1299 704 1372 (Osee
733 1315 852 1364 xm,
887 1299 996 1370 Μ).
1025 1298 1084 1352 ln
1125 1299 1396 1354 l'lebraico
1427 1307 1604 1354 autem
1659 1299 1854 1370 piscem
1893 1313 2056 1368 gran-

445 1397 564 1448 dem
593 1393 854 1464 legimus,
887 1408 982 1464 pro
1013 1409 1120 1463 qun
1147 1391 1294 1448 LXX
1325 1392 1676 1463 interpretes.
1709 1401 1768 1448 et
1799 1393 2056 1446 Dominus

441 1483 502 1542 in
533 1485 832 1556 Evangelia
879 1495 1048 1540 cetum
1085 1497 1306 1552 vocant,
1333 1501 1448 1540 rem
1493 1485 1670 1554 ipsam
1710 1485 1930 1541 brevius
1963 1501 2054 1538 ex-

441 1581 736 1650 plicantes.
771 1579 828 1634 Iu
859 1579 1128 1634 llebraico
1163 1579 1310 1634 enim
1343 1579 1548 1634 dicitur
1577 1594 1682 1634 me
1723 1593 1926 1644 GADOL,
1972 1581 2054 1648 (Π

441 1657 584 1746 Βττλ)
607 1673 748 1744 quod
765 1675 1188 1744 interpretatur,
1217 1673 1370 1744 piscis
1395 1673 1612 1744 grandis
1637 1671 2052 1748 :ltautltluliiutu

450 1743 584 1838 quin
613 1743 778 1820 cetum
806 1743 1096 1838 signiﬁcet.
1125 1765 1188 1820 Et
1209 1743 1772 1832 animadvertendum,
1791 1763 1934 1834 quod
1963 1763 2052 1818 ubi
2085 1743 2132 1804 Β

443 1863 740 1934 putabatur
773 1861 1050 1926 interitus,
1077 1861 1154 1916 ibi
1183 1859 1434 1916 custodia
1455 1861 1550 1916 sit.
1581 1859 1752 1914 Porro
1777 1857 1922 1928 quod
1953 1857 2050 1924 ait,

441 1956 786 2028 pra'paravit,
821 1955 904 2010 vel
937 1955 1005 2010 ab
1038 1955 1197 2008 initio
1227 1969 1348 2008 cum
1382 1953 1670 2020 conderet,
1695 1953 1764 2008 de
1791 1968 1900 2024 quo
1923 1963 1976 2006 et
2001 1951 2052 2006 in

439 2049 656 2120 psalmo
683 2049 944 2104 scribitur
979 2065 990 2101 :
1027 2049 1197 2102 Draco
1245 2049 1342 2102 iste
1375 2064 1526 2118 quem
1557 2047 1792 2118 (formasti
1835 2047 1903 2100 ad
1933 2045 2058 2100 illu-

442 2143 672 2198 dcndam
703 2144 749 2197 ei
781 2141 960 2216 (Psat.
987 2157 1106 2210 CIII,
1137 2143 1228 2212 2(3)
1277 2158 1292 2196 :
1325 2141 1418 2196 vel
1461 2151 1616 2196 certe
1659 2141 1812 2210 juxta
1863 2155 2054 2194 navem

441 2239 576 2295 fecit
605 2239 816 2304 venire,
849 2245 906 2292 ut
947 2238 1286 2306 principitem
1315 2237 1512 2292 Jouam
1539 2236 1590 2290 in
1625 2251 1758 2291 suos
1785 2233 2060 2302 reciperet

441 2333 618 2400 sinus,
635 2343 690 2386 et
705 2347 801 2402 pro
814 2341 994 2386 morte
1009 2333 1274 2398 prtrberet
1297 2329 1692 2384 habitaculum:
1717 2341 1774 2382 ut
1789 2331 1876 2396 qui
1893 2327 1944 2382 in
1961 2343 2058 2380 na-

441 2428 494 2482 vi
521 2429 718 2482 iratum
743 2425 1200 2488 senseratDeum,
1221 2423 1514 2494 propitium
1539 2424 1592 2478 in
1613 2429 1784 2478 morte
1807 2423 2054 2476 sentiret.

519 2517 700 2590 (Vers.
734 2517 816 2590 Ξ.)
853 2517 914 2572 Et
947 2525 1056 2570 erat
1089 2515 1252 2570 Jonas
1283 2517 1336 2570 in.
1365 2525 1540 2570 centre
1569 2517 1722 2586 piscis
1753 2513 1916 2566 tribus
1943 2513 2058 2566 die-

445 2611 538 2666 bus
573 2619 618 2664 et
649 2611 812 2664 tribus
851 2609 1110 2664 nortibus.
1139 2608 1284 2662 LXX
1311 2625 1322 2661 :
1361 2607 1426 2662 Et
1457 2618 1562 2664 erat
1593 2607 1760 2662 Jonas
1803 2607 1852 2660 in
1889 2615 2058 2660 ventre

445 2707 546 2760 ceti
573 2701 734 2758 tribus
763 2702 940 2756 diebus
961 2711 1008 2756 et
1037 2701 1200 2754 tribus
1227 2699 1482 2756 noctibus.
1523 2699 1690 2768 Hujus
1713 2698 1820 2754 luci
1851 2709 2054 2768 myste-

445 2801 588 2854 rium
639 2798 690 2852 in
731 2797 1022 2867 Evangelio
1053 2795 1318 2850 Dominus
1346 2794 1570 2866 exponit
1603 2793 1822 2866 (Matth.
1857 2793 1974 2864 xtl),
2004 2803 2066 2848 et.

445 2891 780 2960 Supertluum
827 2901 948 2954 est,
997 2891 1082 2945 vel
1131 2889 1180 2943 id
1233 2889 1406 2958 ipsum
1437 2929 1450 2952 ,
1490 2887 1578 2944 vel
1619 2887 1762 2942 aliud
1823 2887 2008 2942 dicere
2037 2927 2054 2956 ,

453 2993 478 3022 ει
497 2999 658 3054 quam
685 2981 944 3053 exposuit
965 2981 1206 3052 ipse,qui
1239 2995 1428 3052 passus
1455 2993 1558 3036 eSI.
1579 2980 1690 3036 lloc
1703 2981 1880 3036 solum
1909 2997 2056 3050 quar-

449 3077 625 3132 ritnus
645 3117 658 3138 ,
683 3072 956 3144 quomodo
991 3085 1100 3129 tres
1140 3073 1280 3136 dies,
1309 3083 1365 3130 et
1395 3083 1506 3128 tres
1537 3083 1724 3129 noctes
1749 3073 1910 3128 fuerit
1947 3071 2053 3144 [.-tl.

2163 455 2474 522 passionem
2503 456 2706 512 indicat
2751 459 3076 532 Salvator-is,
3111 463 3274 518 debet
3305 473 3360 520 et
3407 465 3582 520 oratio
3615 469 3750 528 illius

2159 557 2322 620 typus
2341 565 2464 606 esse
2489 553 2756 608 orationis
2783 555 3102 612 Dom-inicae.
3121 555 3234 614 Nec
3258 557 3472 628 ignoro,
3497 561 3748 630 quosdam

2159 643 2314 712 fore,
2347 647 2542 715 quibus
2573 647 2900 706 incredibile
2945 649 3224 720 videatur,
3267 651 3446 710 tribus
3475 655 3666 710 diebus
3692 671 3750 712 ac

2159 739 2410 794 noctibus
2439 741 2494 796 in
2521 749 2678 796 utero
2699 742 2824 806 ceti,
2847 742 2898 798 in
2923 757 3032 814 quo
3057 743 3334 814 naufragia
3359 743 3748 816 dirigebantur,

2159 829 2440 887 hominem
2491 835 2734 904 potuisse
2779 837 3032 904 servari,
3075 837 3168 908 qui
3211 837 3400 910 utique
3439 847 3532 894 aut
3571 839 3752 897 fideles

2159 935 2342 992 erunt,
2365 933 2460 982 aut
2487 925 2768 982 inﬁdeles:
2799 929 2848 982 si
2875 929 3084 996 ﬁdeles,
3109 931 3280 986 multo
3303 931 3508 1000 maiora
3533 933 3754 988 credere

2159 1027 2462 1090 cogentur:
2511 1019 2794 1088 Qumdo
2831 1029 2946 1078 tres
2997 1023 3148 1092 pueri
3189 1025 3336 1080 missi
3387 1025 3440 1080 in
3487 1031 3750 1080 caminum

2161 1119 2440 1168 aestuantis
2485 1115 2765 1180 incendii,
2811 1116 3080 1172 intentum
3123 1117 3276 1174 illaesi
3327 1115 3558 1183 fuerint,
3595 1129 3652 1173 ut
3693 1133 3756 1174 ne

2159 1207 2482 1262 vestimenta
2505 1207 2724 1278 quidem
2757 1223 2950 1266 eorum
2979 1209 3114 1266 odor
3151 1211 3288 1282 ignis
3315 1207 3562 1282 attigerit
3593 1207 3752 1282 (Dan.

2161 1299 2244 1368 Ill)
2260 1317 2272 1352 :
2289 1300 2574 1366 Quomodo
2597 1304 2888 1359 recesserit
2913 1319 2994 1358 ma
3005 1317 3088 1370 re,
3111 1313 3166 1360 et
3187 1305 3252 1358 ad
3283 1305 3462 1360 instar
3481 1317 3750 1360 murorum

2159 1393 2288 1448 hinc
2315 1393 2442 1448 inde
2469 1394 2699 1466 rigidum
2729 1397 2966 1464 steterit,
3003 1405 3062 1452 ut
3092 1397 3360 1467 prteberet
3387 1398 3530 1452 viam
3563 1399 3756 1468 populo

2159 1489 2466 1544 transeunti
2513 1488 2722 1558 (Exod.
2761 1491 2894 1560 arv):
2927 1491 3220 1561 Quomodo
3243 1493 3476 1550 humana
3509 1493 3754 1558 ratione,

2159 1591 2324 1636 sueta
2349 1581 2511 1648 fame,
2541 1583 2764 1638 leonum
2791 1585 2970 1640 rabies
2997 1587 3244 1656 praedam
3271 1599 3426 1642 suam
3449 1589 3654 1644 timens
3679 1603 3758 1642 as-

2161 1675 2408 1744 pexerit,
2461 1690 2564 1730 nec
2609 1677 2882 1748 tetigerit:
2931 1687 2988 1736 et
3025 1681 3196 1736 multa
3243 1681 3642 1750 lmjuscemodi.
3671 1681 3758 1737 Sin

2161 1771 2342 1820 autem
2387 1767 2634 1822 inﬁdeles
2671 1779 2862 1836 erunt,
2901 1771 3082 1841 legant
3121 1773 3427 1840 quindecim
3461 1773 3634 1828 libros
3663 1771 3758 1827 Na-

2157 1859 2314 1914 sonis
2335 1861 2864 1932 ittetamorphoseos,
2887 1875 2943 1920 et
2963 1881 3178 1920 ontnem
3203 1863 3474 1936 Grtecam,
3497 1865 3758 1922 Latinam-

2159 1969 2264 2023 que
2289 1954 2593 2022 historiam,
2613 1957 2796 2026 ibique
2817 1969 3040 2014 cernant
3067 1961 3152 2016 vel
3167 1959 3505 2030 Dapltnen'in
3531 1961 3755 2026 laurum,

2157 2045 2246 2101 vel
2277 2047 2592 2102 Phaetontis
2617 2063 2842 2104 sorores
2865 2051 2916 2104 in
2939 2051 3180 2122 populos
3197 2052 3426 2108 arbores
3449 2053 3618 2108 fuisse
3641 2069 3760 2108 cou-

2157 2155 2352 2196 versas
2377 2159 2389 2194 :
2417 2143 2694 2212 quomodo
2715 2145 2929 2212 Jupiter
2951 2159 3141 2200 eorum
3165 2147 3590 2202 sublimissimus
3607 2147 3756 2210 deus,

2158 2236 2226 2289 sit
2261 2243 2498 2290 mutatus
2541 2235 2594 2290 in
2625 2251 2854 2308 cygnum
2885 2279 2900 2302 ,
2945 2239 2998 2292 in
3031 2253 3166 2294 auro
3213 2238 3432 2294 ilttxerit
3468 2281 3482 2304 ,
3523 2241 3576 2294 in
3613 2249 3758 2294 tauro

2159 2329 2426 2394 rapuerit,
2459 2335 2756 2394 etczetera,
2785 2329 2840 2382 in
2865 2329 3066 2398 quibus
3097 2329 3210 2399 ipsa
3243 2329 3520 2400 turpitudo
3555 2331 3756 2386 fabula-
3813 2331 3816 2336 ’

2159 2435 2312 2484 rum,
2353 2423 2652 2476 divinitatis
2693 2423 2924 2493 denegat
2969 2425 3336 2480 sanctitatem.
3369 2425 3484 2480 Illis
3515 2425 3755 2488 credunt,

2161 2525 2216 2570 et
2269 2515 2462 2570 dicunt
2509 2517 2618 2570 Deo
2661 2525 2854 2572 eunt-ta
2905 2517 3222 2586 possibilia:
3269 2527 3324 2572 et
3361 2533 3482 2572 cum
3523 2517 3760 2586 turpibus

2161 2607 2426 2672 credant,.
2449 2609 2798 2680 potentiaque
2845 2609 2942 2664 Dei
2985 2609 3238 2664 universa
3271 2609 3590 2674 defendant,
3619 2623 3760 2664 eam-

2159 2698 2286 2754 dem
2318 2699 2572 2754 virtutem
2605 2701 2988 2756 non=trihuuut
3023 2713 3072 2756 et
3111 2703 3372 2758 honestis.
3405 2703 3562 2770 Quod
3593 2711 3762 2757 autem

2162 2795 2426 2864 scripturn
2463 2805 2582 2850 est:
2633 2794 2708 2848 Eti
2747 2797 2916 2852 orarit:
2955 2795 3124 2854 Jonas
3165 2799 3234 2852 ad
3275 2796 3560 2853 Dominum
3605 2797 3762 2853 Deum

2159 2905 2312 2942 suum
2339 2889 2403 2968 de
2431 2899 2578 2942 utero
2609 2891 2788 2958 piscis,
2831 2901 2878 2944 et
2903 2893 3059 2958 dixit,
3089 2891 3446 2963 intelligimus
3471 2909 3594 2948 eunt
3625 2903 3768 2964 post-

2163 2997 2338 3052 quam.
2363 2985 2414 3036 in
2455 2991 2612 3038 utero
2651 2985 2756 3038 ceti
2787 2985 3046 3054 sospitem
3093 3001 3212 3040 esse
3255 3001 3314 3040 se
3361 2987 3638 3054 senserit,
3667 3003 3766 3041 non

2163 3075 2490 3146 desperasse
2519 3077 2588 3132 de
2613 3077 2828 3132 Domini
2869 3079 3265 3142 misericortlia,
3295 3087 3348 3134 et
3373 3087 3544 3134 totum
3579 3079 3646 3134 ad
3673 3079 3764 3134 oh-

450 3167 660 3240 fererit]
694 3167 748 3221 iu
780 3165 946 3222 corde
979 3175 1158 3222 terrae.
1195 3165 1426 3234 Quidam
1451 3173 1814 3244 παρασκευὴν,
1841 3169 2058 3238 quando
2085 3139 2130 3200 Ο
2163 3171 2682 3228 sectatiouom'esse
2709 3187 3058 3228 conversum.
3091 3173 3238 3228 Deus
3261 3175 3406 3228 euint
3441 3175 3532 3244 qui
3563 3175 3766 3230 dixerat

453 3263 566 3314 sole
608 3259 850 3330 fugiente
877 3259 944 3313 ab
967 3259 1100 3312 hora
1131 3269 1290 3314 sexta
1317 3275 1490 3328 usque
1515 3259 1582 3312 ad
1611 3258 1804 3314 horam
1833 3276 2058 3326 nonam,

451 3369 558 3409 nox
586 3353 854 3408 successit
879 3351 1008 3418 diei,
1036 3353 1088 3406 in
1109 3353 1248 3408 duos
1277 3352 1394 3408 dies
1416 3365 1470 3408 et
1497 3361 1688 3408 noctes
1713 3353 1982 3422 dividunt,
2009 3363 2066 3410 et

451 3455 790 3516 apponentes
818 3445 1106 3500 sabbatum
1133 3487 1148 3512 ,
1195 3453 1306 3500 ties
1337 3447 1452 3500 dies
1481 3455 1534 3500 et
1558 3455 1668 3502 tres
1695 3455 1886 3502 noctes
1913 3448 2064 3502 testi-

455 3553 610 3596 n'taut
659 3541 1076 3612 supputandas:
1129 3553 1228 3594 nos
1275 3555 1406 3596 vero
1455 3539 1844 3610 συνεκδοχικῶς
1895 3549 2064 3596 totum

457 3635 826 3704 intelligamus
865 3649 893 3688 a
937 3645 1126 3704 parte:
1177 3643 1236 3688 ut
1279 3651 1348 3689 ex
1379 3649 1446 3690 eo
1476 3633 1620 3704 qunti
1651 3637 1722 3689 εἰν
1753 3643 2066 3711 παρασκευῇ

455 3741 706 3788 mortuus
735 3741 816 3786 est
837 3771 852 3797 ,
885 3745 1050 3784 unam
1077 3729 1220 3784 diem
1253 3737 1608 3800 supputemus
1639 3738 1696 3784 et
1727 3741 1978 3794 noctem,
2013 3739 2068 3784 et

455 3825 664 3880 sabbati
713 3825 982 3878 alteram:
1026 3821 1240 3876 tertiam
1287 3836 1418 3876 vero
1480 3831 1729 3886 noctem,
1796 3837 1914 3890 qum
1957 3821 2066 3876 diei

463 3917 762 3972 ttominicat
795 3914 1136 3982 mancipatur
1157 3955 1172 3980 ,
1205 3911 1512 3967 referamus
1543 3913 1610 3966 ad
1643 3913 1928 3968 exordium
1963 3911 2072 3966 diei

459 4009 717 4066 alterius:
753 4024 874 4062 nam
905 4015 960 4062 et
989 4007 1042 4060 in
1073 4005 1272 4062 Genesi
1303 4021 1410 4060 nox
1433 4021 1540 4060 non
1571 4005 1936 4076 praecedentis
1963 4005 2068 4060 diei

461 4115 548 4160 est
571 4103 778 4174 (Cenes.
805 4101 868 4172 1),
901 4101 998 4156 sed
1027 4101 1326 4168 sequentis,
1355 4099 1408 4155 id
1441 4109 1544 4164 est,
1573 4101 1898 4170 principium
1929 4099 2072 4156 futu-

461 4197 535 4264 ri,
567 4213 676 4250 non
707 4195 830 4250 linis
857 4195 1140 4262 pratteriti.
1175 4193 1288 4248 lloc
1320 4201 1373 4246 ut
1409 4193 1638 4264 intelligi
1671 4195 1862 4262 possit,
1891 4193 2068 4250 dicam

465 4289 790 4358 simplicius.
821 4285 990 4356 Finge
1022 4285 1258 4354 aliquem
1296 4285 1428 4338 hora
1465 4299 1606 4338 nona
1644 4299 1922 4356 egressum
1953 4303 2074 4342 esse

469 4381 540 4438 de
565 4383 868 4450 mansione,
899 4389 952 4433 et
975 4379 1202 4434 alterius
1233 4377 1338 4434 diei
1375 4379 1506 4434 hora
1541 4379 1696 4434 tertia
1724 4379 1792 4434 ad
1829 4383 2070 4438 mansio-

469 4492 594 4532 nem
623 4477 848 4530 alteram
879 4473 1228 4543 pervenisse:
1259 4473 1300 4526 si
1326 4471 1520 4528 dixero
1545 4473 1692 4528 bidui
1724 4489 1848 4528 cum
1875 4475 2072 4532 fecisse

2164 3263 2232 3320 de
2253 3265 2432 3334 justo:
2465 3265 2596 3322 Cum
2621 3269 2734 3336 ipso
2763 3267 2962 3320 sam-in.
2989 3265 3320 3320 tribulatione
3351 3265 3526 3338 (Psat.
3547 3279 3640 3332 xc,
3659 3267 3760 3336 15).

2165 3359 2262 3414 Et:
2293 3359 2420 3414 Cum
2451 3360 2762 3414 invomrerit
2795 3375 2896 3428 me,
2929 3357 3136 3416 dicitur:
3171 3359 3356 3414 adsum
3376 3401 3391 3427 ,
3423 3359 3578 3415 ati'utt
3607 3361 3688 3428 ei,
3719 3369 3766 3414 ct

2165 3451 2354 3508 dicere
2389 3461 2566 3524 potest
2591 3454 2684 3524 qui
2715 3453 3002 3510 exauditus
3029 3461 3114 3510 est
3139 3471 3150 3508 :
3185 3453 3246 3507 In
3277 3453 3766 3508 tribulatimte‘dila-

2168 3547 2290 3599 tasti
2317 3547 2442 3600 mihi
2475 3545 2648 3617 (Psai'.
2683 3562 2768 3612 tv,
2799 3545 2874 3616 1).

2243 3637 2440 3710 (V-ers.
2469 3639 2548 3708 '5.)
2581 3638 2744 3712 407
2789 3637 3032 3694 Clamari
3067 3641 3134 3694 de
3175 3637 3510 3694 tribulatione
3545 3655 3664 3692 mea
3707 3637 3768 3690 ad

2171 3727 2474 3798 Dominum,
2505 3739 2554 3785 et
2583 3731 2854 3786 exaudivit
2885 3748 2996 3798 me,
3027 3731 3090 3786 de
3117 3741 3288 3786 nature
3317 3730 3766 3802 infertti'clamari,

2171 3831 2218 3876 et
2250 3824 2507 3878 mandisti
2553 3839 2722 3878 vocent
2755 3839 2938 3878 meum.
2971 3823 3326 3894 Septuaginta
3365 3821 3644 3888 similiter,
3675 3823 3770 3878 hoc

2173 3915 2548 3972 tantummodo
2587 3925 2958 3972 commutato:
3011 3917 3076 3970 de
3121 3927 3290 3970 retttre
3333 3917 3490 3988 inferi
3539 3919 3770 3971 clamoris

2173 4009 2274 4062 mei
2305 4019 2326 4048 ο
2359 4007 2554 4062 audisti
2575 4023 2748 4062 vocent
2781 4023 2962 4062 meam.
2993 4007 3108 4062 Non
3137 4006 3297 4076 dixit,
3333 4009 3522 4074 clamo,
3549 4007 3642 4064 sed
3675 4007 3768 4060 ria-

2175 4104 2309 4158 mavi
2333 4119 2352 4158 :
2387 4117 2488 4158 nec
2513 4103 2582 4158 tle
2609 4103 2792 4158 futuro
2823 4113 3094 4174 precatur,
3129 4103 3222 4158 sed
3247 4103 3316 4160 de
3349 4103 3626 4174 praeterito
3651 4117 3766 4174 gra—

2177 4197 2280 4252 tias
2311 4197 2420 4260 agit
2453 4215 2465 4248 :
2519 4197 2766 4252 indicans
2793 4197 2954 4252 nobis
2993 4199 3152 4268 quod-
3181 4213 3249 4252 ex
3291 4213 3354 4252 eo
3401 4207 3644 4268 tempore
3669 4211 3766 4267 quo

2177 4289 2550 4360 praecipitatus
2577 4289 2632 4342 in
2661 4305 2810 4344 mare
2837 4289 3063 4344 vidisset
3083 4299 3262 4346 cetum
3283 4332 3295 4354 ,
3339 4297 3396 4344 et
3423 4297 3628 4344 tantum
3657 4303 3768 4344 cor—

2179 4383 2328 4452 poris
2351 4381 2576 4446 molem,
2591 4389 2646 4434 et.
2661 4381 2930 4438 immanes
2947 4399 2958 4434 ι
2973 4381 3116 4436 ictus
3135 4391 3324 4450 aperto
3339 4395 3400 4436 se
3413 4395 3510 4436 ore
3529 4379 3762 4442 sorbere,

2179 4475 2394 4530 Domini
2441 4475 2758 4530 recordatus
2791 4477 2892 4542 sit,
2921 4485 2976 4530 et
3011 4477 3346 4542 clamaverit,
3379 4475 3464 4530 vel
3499 4477 3652 4542 aquis
3677 4488 3762 4528 ce—

475 4571 596 4634 iter,
631 4585 736 4622 non
768 4567 950 4620 statim
993 4565 1364 4637 reprehendar
1386 4565 1678 4634 mendacii,
1711 4567 1836 4636 quia
1867 4567 1958 4622 ille
1983 4569 2072 4636 qui
2099 4545 2152 4604 D
2179 4569 2782 4634 dentibus,etclamore
2805 4569 3114 4622 inveniente
3135 4567 3436 4632 locum,vel
3465 4577 3574 4620 toto
3595 4565 3766 4620 cordis

475 4663 809 4728 ambulavit,
863 4677 968 4715 non
1015 4677 1208 4714 omnes
1257 4659 1418 4716 horas
1465 4660 1748 4732 utriusque
1793 4662 1938 4730 diei,
1979 4663 2072 4718 sed

473 4757 762 4828 quamdam
797 4765 1001 4826 partem
1031 4753 1196 4826 406
1226 4755 1424 4809 itinere
1453 4755 1880 4824 consumpserit.
1913 4755 2078 4812 Certe

475 4851 606 4908 mihi
643 4849 758 4904 haec
795 4849 1007 4902 videtur
1037 4848 1434 4916 interpretatio.
1467 4847 1522 4904 Si
1553 4849 1672 4918 quis
1703 4857 1882 4902 autem
1915 4851 2074 4904 istam

473 4959 582 5000 non
617 4941 880 5012 receperit
899 4981 913 5008 ,
941 4949 992 4996 et
1025 4939 1238 4994 meliori
1265 4955 1426 4994 sensu
1456 4951 1630 5010 potest
1659 4941 1762 4996 loci
1791 4941 1950 5010 hujus
1977 4957 2070 4996 cx-

471 5053 678 5110 ponere
703 5047 1127 5104 sacramentum,
1157 5033 1302 5088 illius
1339 5033 1510 5102 magis
1541 5033 1814 5104 sequenda
1845 5043 1924 5088 est
1947 5049 2074 5090 sen-

473 5129 666 5186 tentia.

545 5223 610 5276 Et
639 5221 802 5276 ararit
831 5218 999 5274 Jonas
1028 5219 1094 5272 ad
1125 5219 1412 5272 Dominum
1445 5215 1612 5268 Deum
1651 5233 1802 5270 suum
1835 5219 1896 5270 de
1929 5225 2074 5270 utero

463 5317 656 5388 piscis:
679 5325 724 5370 et
749 5317 880 5370 dixit
903 5313 958 5368 :b
983 5311 1128 5368 LXX
1161 5313 1430 5378 similiter,
1459 5319 1665 5364 tantum
1695 5311 1888 5366 ordine
1917 5325 2073 5366 et-m-

463 5425 696 5470 mutato.
755 5413 812 5470 Si
848 5411 1016 5468 Jonas
1063 5409 1302 5466 refertur
1335 5407 1402 5462 ad
1447 5405 1770 5472 Dominum,
1816 5419 1870 5462 et
1905 5423 1968 5462 ex
2003 5421 2069 5462 eo

533 5591 554 5616 ἰ
583 5579 784 5644 Verba,
811 5593 966 5648 quam
999 5573 1238 5644 exposuit
1267 5573 1378 5640 ipse
1401 5573 1488 5638 qui
1521 5587 1702 5643 passus
1733 5581 1826 5634 est,
1857 5569 2060 5626 Victor.

465 5655 608 5708 male
635 5649 1004 5720 praetermisit.

533 5722 560 5760 ι)
593 5713 718 5778 Hinc
743 5721 930 5786 verba,
963 5715 1112 5772 LXX
1137 5715 1398 5782 simititer,
1435 5723 1544 5786 tum
1577 5731 1696 5784 qua:
1727 5713 2062 5785 subsequun-

459 5801 570 5862 tur,
597 5801 800 5846 tantum
821 5783 1002 5846 ordine
1019 5795 1351 5858 commutato,
1375 5799 1496 5856 qum
1511 5783 1758 5856 deerant,
1777 5799 1843 5844 ex
1863 5783 2064 5843 nostris

2179 4663 2406 4732 affectu,
2441 4663 2738 4719 secundum
2781 4661 2908 4718 illud
2959 4662 3082 4732 ,ttod
3117 4663 3414 4731 Apostolus
3449 4659 3622 4714 dicit:
3655 4657 3762 4714 ϐίαι

2179 4765 2376 4810 montes
2405 4759 2456 4812 in
2481 4755 2724 4810 cordibus
2743 4757 2944 4818 vestris,
2967 4755 3122 4820 abba,
3145 4765 3294 4826 pater
3319 4753 3494 4826 (Rom.
3521 4767 3634 4820 vnt,
3659 4751 3764 4822 lii).

2182 4849 2248 4904 Et
2277 4851 2598 4904 clamaverit
2627 4851 2674 4904 ei
2707 4849 2798 4918 qui
2825 4849 2974 4904 stilus
3001 4847 3345 4904 novit-corda
3391 4848 3686 4910 hominum,
3715 4855 3765 4900 et

2179 4941 2408 5012 loquitut
2447 4941 2512 4996 ad
2543 4941 2800 5014 Moysen:
2835 4941 2974 5008 Quid
3003 4943 3200 4996 clamas
3229 4941 3298 4994 ad
3329 4957 3408 4996 me
3435 4939 3632 5012 (Exod.
3657 4953 3762 5002 xw,

2181 5035 2322 5102 t5)?
2367 5033 2502 5088 Cum
2541 5033 2724 5104 utique
2773 5033 2910 5088 nihil
2943 5043 3068 5090 ante
3099 5035 3240 5090 hanc
3281 5047 3472 5089 vocem
3515 5033 3766 5088 clamasse

2181 5125 2400 5198 Moysen
2443 5129 2722 5198 Scriptura
2749 5137 3164 5182 corttntemoret.
3201 5128 3312 5182 lloc
3337 5137 3420 5182 est
3453 5127 3582 5182 illud
3631 5123 3762 5196 quod

2183 5221 2234 5276 in
2261 5223 2432 5290 primo
2455 5221 2714 5292 graduum
2741 5221 2952 5292 psalmo
2969 5221 3230 5292 legimus:
3257 5220 3334 5274 Ad
3357 5221 3636 5274 Dontinum
3657 5233 3764 5272 cum

2179 5313 2458 5368 tribuiarer
2487 5313 2728 5378 clamavi,
2753 5325 2798 5368 et
2829 5315 3090 5368 exaudivit
3113 5331 3192 5368 me
3215 5311 3334 5384 (Ps.
3369 5329 3516 5380 cxts,
3545 5313 3618 5386 1).
3641 5311 3766 5366 Ven-

2179 5417 2316 5464 trem
2345 5417 2524 5464 autetn
2553 5407 2730 5474 inferi,
2755 5407 2936 5464 alvum
2959 5409 3064 5464 ceti
3093 5405 3480 5480 intelligamus,
3509 5421 3628 5478 qua:
3651 5417 3760 5460 tan-

2173 5582 2304 5624 mss.
2337 5569 2683 5640 supplemus.

2249 5653 2270 5678 ε
2309 5635 2515 5708 Verba,
2547 5641 2744 5694 audisti
2775 5655 2944 5694 vocem
2987 5657 3176 5708 meant,
3207 5653 3328 5709 qua:
3359 5635 3554 5709 eadem
3583 5647 3758 5709 revera

2171 5721 2226 5768 et
2253 5713 2306 5766 iu
2353 5705 2616 5770 ltebraica
2639 5721 2767 5770 sunt
2793 5713 3060 5778 veritate,
3085 5705 3318 5767 Palatini
3345 5723 3478 5766 mss.-
3499 5705 3592 5764 hic
3615 5707 3758 5776 igno-

2173 5795 2314 5842 rant.
