4078 6342
368 286 506 353 MSS

1225 290 1863 357 COMMENTARIORUM
1892 291 1961 351 ΙΝ
1989 289 2211 351 ΙΟΝᾹΜ
2252 292 2477 354 LIBER.
2518 296 2671 357 CAP.
2716 300 2780 358 11.

3524 310 3656 372 “Si

368 424 436 468 1ςιι
471 413 567 469 fuit
589 414 997 483 magnitudinis,
1029 423 1086 470 ut
1110 416 1280 470 instar
1303 417 1573 471 obtineret
1611 414 1829 469 interni.
1854 410 1961 468 Sed
1988 412 2039 469 Α
2066 409 2203 461 tione
2234 422 2281 464 et
2314 412 2526 479 mitam,
2558 426 2610 469 ut
2641 418 2851 485 possitis
2878 419 3133 474 sustinere
3164 420 3207 492 (1
3236 422 3356 478 Cor.
3382 426 3567 497 x,15).
3596 429 3657 482 Et

366 510 564 562 melius
601 508 665 563 ad
704 524 991 578 personam
1031 508 1229 565 ChriSti
1259 506 1449 565 referri
1484 518 1691 577 poteSt,
1727 506 1819 577 qui
1859 505 1958 559 sub

366 604 587 658 nomine”
635 602 802 657 David
855 612 1038 658 cantat
1090 605 1140 658 in
1192 605 1433 672 psalmo:
1490 602 1609 656 Non
1640 600 1960 670 derelinquas

366 696 595 749 animum
646 713 809 750 meum
853 697 907 750 in
948 699 1155 768 inferno
1176 714 1193 751 :
1224 712 1314 752 nec
1344 696 1493 750 dabis
1535 705 1770 749 sanctum
1812 704 1959 745 tuum

363 793 538 846 videre
557 796 945 862 corruptionem
968 791 1141 863 (Psal.
1162 809 1249 857 xv,
1269 790 1380 861 10).
1408 791 1511 859 Qui
1544 789 1641 844 fuit
1671 789 1723 843 iu
1749 786 1960 842 interno

366 887 577 955 vivens,
615 889 755 941 inter
785 899 1027 942 mortuos
1060 887 1216 943 liber.

443 979 622 1051 (Vers.
654 979 735 1049 4.)
768 980 831 1034 Et
862 981 1127 1053 projecisti
1160 996 1238 1035 me
1258 980 1309 1034 in
1338 978 1653 1051 profundum
1678 985 1701 1014 α
1726 978 1778 1030 111
1807 972 1963 1030 corde

370 1072 546 1138 maris,
571 1080 619 1126 et
648 1072 840 1141 ﬂumen
869 1072 1209 1126 circumdedit
1242 1088 1341 1125 me.
1366 1071 1533 1126 LXX:
1572 1069 1853 1141 Projecisti
1885 1080 1965 1122 me

368 1168 421 1220 itt
465 1168 783 1238 profundunt
834 1167 1004 1222 cordis
1052 1170 1242 1231 maris,
1277 1176 1322 1222 et
1352 1169 1572 1239 ﬂumina
1613 1183 1690 1219 me
1738 1168 1960 1219 circumi

369 1261 640 1314 dederunt.
680 1260 948 1329 Quantum
989 1260 1054 1316 ad
1096 1270 1383 1332 personam
1423 1260 1571 1314 tome
1610 1272 1715 1313 non
1748 1267 1823 1313 est
1861 1257 1963 1311 dif-

370 1352 531 1410 ficilis
592 1354 1031 1425 interpretatio:
1095 1354 1233 1425 quod
1299 1353 1404 1408 eeti
1466 1353 1683 1407 clausus
1736 1352 1854 1405 alvo
1912 1351 1961 1403 in

372 1446 801 1518 profundissimo‘
859 1456 913 1502 et
976 1447 1029 1501 in
1088 1445 1269 1501 medio
1315 1447 1479 1501 maris
1537 1445 1727 1509 fuerit,
1790 1445 1965 1498 numi-

369 1541 639 1610 nibuSqtre
684 1540 911 1595 vallatus
955 1540 1043 1593 sit.
1092 1539 1362 1607 Quantum
1404 1539 1471 1593 ad
1523 1538 1810 1594 Dominum
1841 1536 1963 1593 Sal-

368 1642 619 1689 valerem
650 1632 974 1703 sexagesimi
1007 1634 1179 1688 octavi
1222 1631 1422 1702 psalmi
1461 1644 1739 1686 sumamus
1776 1644 1964 1684 exem-

372 1726 516 1798 plum
552 1727 605 1781 in
637 1740 744 1798 quo
775 1728 1045 1795 loquitur:
1080 1725 1288 1797 Inﬁxae
1316 1740 1428 1780 sunt
1456 1727 1509 1779 iu
1539 1725 1665 1779 limo
1694 1724 1958 1798 profundi,

2062 507 2320 574 quoniam
2354 524 2540 563 omnes
2574 516 3013 581 persecutiones,
3046 527 3100 571 et
3132 518 3382 575 universa
3412 536 3532 591 quae
3563 537 3651 575 ac-

2062 599 2269 666 cidunt,
2302 602 2505 672 absque
2537 605 2629 659 Dei
2666 622 2770 660 non
2807 608 3061 677 ingruunt
3086 612 3400 668 voluntate:
3451 614 3658 669 idcirco

2065 694 2159 749 Dei
2201 698 2446 767 gurgites
2484 699 2741 760 dicuntur
2780 711 2834 756 et
2866 706 3078 773 ﬂuctus,
3109 708 3198 779 qui
3235 720 3339 762 non
3375 723 3662 778 oppresse-

2063 800 2189 845 runt
2214 791 2420 857 Jesum,
2454 794 2547 849 sed
2580 797 2914 851 transierunt
2942 812 3037 869 per
3065 810 3211 866 eum,
3243 802 3515 857 minantes
3547 812 3663 858 tan-

2066 894 2176 939 tum
2204 886 2568 956 naufragium,
2602 904 2707 943 non
2734 888 3051 946 inferentes.
3075 892 3352 951 Universae
3381 909 3511 967 ergo
3541 910 3663 966 per-

2065 979 2407 1049 secutiones,
2461 992 2515 1036 et
2569 983 2854 1051 turbines,
2908 987 3107 1056 quibus
3150 1002 3322 1058 genus
3366 993 3663 1048 vexabatur

2066 1068 2363 1125 humanum
2384 1113 2397 1136 ,
2432 1080 2485 1126 et
2524 1082 2736 1128 cunctae
2768 1077 3032 1131 navicula:
3062 1077 3472 1149 “angebantur,
3502 1098 3666 1153 super

2066 1178 2244 1220 meum
2285 1168 2586 1224 detonuere
2632 1177 2814 1239 caput.
2853 1172 2965 1241 Ego
3000 1175 3234 1229 sustinui
3279 1182 3666 1247 tempestates,

2067 1265 2122 1312 et
2156 1258 2293 1329 lregi
2331 1260 2570 1316 turbines
2612 1263 2921 1331 saevientes,
2962 1276 3016 1321 ut
3062 1270 3247 1322 centeri
3285 1270 3530 1325 securius
3568 1287 3665 1324 na-

2067 1354 2331 1423 vigarent.

2140 1447 2307 1520 509
2332 1449 2511 1520 (Vers.
2542 1453 2623 1523 5.)
2660 1452 2725 1506 Et
2757 1470 2850 1525 ego
2873 1455 3003 1523 dixi,-
3043 1455 3277 1529 abjectus
3305 1468 3431 1525 sum
3463 1476 3495 1512 a
3544 1475 3675 1514 con-

2067 1552 2240 1611 spectu
2262 1544 2527 1599 oculorum
2550 1553 2773 1601 tuorum.
2802 1548 2945 1603 LXX
2970 1566 2979 1602 :
3007 1548 3129 1621 Ego
3145 1552 3275 1619 didi,
3301 1550 3533 1625 abiectus
3561 1571 3674 1609 sam

2069 1636 2133 1689 ab
2161 1638 2324 1691 oculis
2344 1641 2471 1692 tuis.
2506 1642 2811 1711 Antequam
2859 1643 3152 1699 clamarem
3198 1646 3266 1701 de
3314 1649 3673 1705 tribulatione

2073 1736 2216 1795 mea,
2252 1738 2304 1783 et
2334 1731 2628 1789 exaudires
2664 1750 2773 1799 me,
2800 1736 2927 1805 quia
2956 1735 3064 1809 [ΑΙ.
3100 1739 3213 1811 qui]
3259 1740 3485 1795 fortnam
3529 1745 3673 1799 servi

370 1828 529 1875 etnon
547 1819 943 1874 cstsubstantia:
963 1820 1150 1875 Veniin
1166 1820 1969 1895 profundummaris,cttempes-
2004 1813 2053 1873 B
2081 1836 2425 1894 acceperam,
2464 1826 2811 1898 fragilitatem
2842 1832 3505 1901 quoqueillittsimitalus,
3529 1836 3673 1891 dixi:

371 1920 447 1967 tas
472 1913 711 1970 demersit
741 1931 851 1981 me;
876 1917 942 1970 tle
970 1931 1075 1981 quo
1099 1925 1152 1970 et
1180 1916 1231 1969 in
1256 1914 1363 1970 alio
1392 1915 1602 1986 psalmo
1628 1914 1856 1968 dicitur:
1891 1912 1968 1966 Tu

371 2018 541 2063 autem
569 2008 803 2080 abjceisti
834 2020 877 2062 et
902 2009 1201 2076 despcxisti,
1226 2008 1479 2062 distulisti
1502 2007 1763 2062 Christum
1786 2015 1966 2059 tuum:

372 2101 658 2155 subrertisti
683 2110 1037 2154 testamentum
1072 2103 1198 2156 terei
1232 2102 1327 2165 tui,
1364 2101 1723 2154 contaminasti
1749 2099 1801 2153 in
1834 2105 1969 2152 terra

371 2196 730 2249 sanctuariam
751 2196 881 2268 ejus,
904 2194 1207 2249 destruwisti
1230 2210 1406 2248 omnes
1429 2194 1680 2247 macerias
1706 2194 1821 2259 ejus
1848 2190 1966 2262 (Ps.

374 2292 629 2357 uxxvnt,
658 2290 745 2357 59,
770 2289 885 2359 40),
914 2297 966 2345 et
991 2288 1315 2361 reliqua.Ad
1337 2290 1799 2359 comparationem
1825 2287 1968 2341 enim

374 2386 613 2439 caelestis
659 2385 1040 2451 beatitudinis,
1074 2396 1127 2440 et
1159 2386 1275 2455 ejus
1305 2384 1429 2450 loci,
1462 2384 1531 2439 de
1562 2398 1669 2453 quo
1708 2382 1967 2452 scriptum

375 2488 493 2534 cst:
526 2476 589 2533 In
632 2495 757 2550 pace
786 2489 961 2534 sancta
986 2482 1133 2534 locus
1158 2480 1274 2550 ejus
1304 2478 1481 2551 (Psal.
1515 2492 1642 2540 Lvrt,
1673 2476 1761 2547 Ξ),
1794 2477 1971 2529 omnis

376 2579 593 2625 terrena
642 2572 901 2626 habitatio
946 2572 1106 2642 plena
1161 2580 1246 2625 est
1294 2570 1570 2635 ﬂuctibus,
1616 2567 1781 2640 ωε
1814 2567 1969 2635 plena

377 2666 812 2736 tempcStatibus.
846 2666 1017 2721 Porro
1054 2680 1151 2736 per
1179 2681 1274 2722 cor
1310 2666 1475 2719 maris
1522 2664 1859 2731 signiﬁcatur
1888 2664 1970 2716 in-

374 2758 579 2827 fernus,
611 2777 707 2829 pro
737 2762 916 2830 quoin
944 2760 1240 2830 Evangelia
1266 2760 1527 2829 legimus:
1560 2757 1623 2812 In
1649 2760 1803 2812 corde
1826 2768 1974 2810 terra:

375 2849 559 2921 (Matt.
589 2867 686 2917 xu,
721 2851 831 2925 14).
862 2853 1146 2921 Quomodo
1175 2864 1355 2906 autem
1383 2867 1477 2907 cor
1505 2850 1752 2906 animalis
1779 2851 1830 2903 111
1861 2862 1970 2904 me-

375 2942 466 2999 dio
494 2953 595 3013 est,
627 2946 698 2999 ita
728 2955 781 2999 et
806 2945 1048 3001 infernus
1079 2948 1131 3000 in
1164 2946 1341 3000 medio
1373 2955 1533 3001 terrm
1563 2959 1686 2999 esse
1721 2942 1972 3013 perhibe-

376 3045 483 3092 tur.
514 3037 607 3093 Vel
637 3048 784 3094 cette
804 3039 953 3108 juxta
984 3041 1267 3112 ἀναγωγήν,
1296 3038 1347 3093 111
1373 3038 1541 3095 corde
1574 3044 1760 3103 maris,
1788 3037 1837 3091 id
1868 3045 1969 3101 est,

376 3130 429 3186 in
476 3132 669 3188 mediis
701 3134 1093 3190 tentationibus
1122 3149 1245 3190 esse
1269 3148 1329 3190 se
1358 3142 1642 3190 memorat.
1681 3134 1743 3187 Et
1793 3142 1970 3188 tamen

2075 1914 2322 1988 Abjectus
2351 1933 2467 1970 sum
2493 1933 2524 1970 a
2549 1930 2825 1989 conspectu
2862 1923 3130 1976 oculorum
3182 1932 3412 1979 tuorum.
3448 1928 3675 1995 Quando

2073 2023 2225 2063 eram
2260 2022 2460 2079 tecum,
2491 2022 2549 2067 et
2575 2022 2665 2067 tuo
2688 2014 2890 2069 lumine
2930 2016 3269 2087 perfruebar,
3298 2029 3352 2073 et
3383 2021 3434 2073 in
3485 2031 3536 2076 te
3567 2022 3673 2094 [ΑΙ.

2075 2101 2191 2173 tuo]
2242 2103 2444 2160 lumine
2476 2120 2582 2176 ego
2604 2120 2750 2161 erant
2797 2108 3010 2174 lumen,
3046 2124 3151 2165 neu
3187 2111 3462 2177 dicebam,
3492 2115 3674 2184 abjcc-

2076 2205 2161 2250 tus
2184 2212 2321 2251 sum.
2357 2198 2655 2270 POStquam
2686 2210 2864 2256 autem
2896 2204 3017 2258 veni
3052 2205 3101 2257 in
3136 2204 3464 2273 profundum
3489 2209 3674 2275 maris,

2074 2297 2131 2343 et
2160 2289 2399 2345 hominis
2425 2306 2589 2349 carne
2612 2294 2984 2350 circumdatus
3017 2312 3161 2362 sum,
3197 2298 3465 2355 humanos
3497 2303 3681 2357 imitor

2075 2384 2321 2450 aﬂ’ectus,
2358 2386 2514 2441 dico:
2548 2385 3536 2460 Abjertussimiaconspectuoculorum
3566 2405 3679 2448 tuo-

2076 2493 2211 2532 rum.
2246 2478 2358 2532 Hoc
2388 2480 2538 2549 quasi
2574 2480 2737 2534 hoino
2782 2482 2999 2537 locutus
3027 2498 3183 2537 sum:
3215 2496 3474 2539 ueterum
3524 2488 3677 2556 quasi

2079 2569 2300 2633 Dens,et
2322 2569 2519 2640 his,qtti
2536 2585 2659 2625 cum
2681 2585 2857 2626 essem
2884 2573 2935 2627 iu
2957 2572 3128 2628 forma
3150 2583 3377 2639 tna,uon
3402 2593 3519 2631 sum
3538 2581 3681 2648 rapi-

2076 2679 2198 2718 nam
2245 2665 2546 2719 arbitratus
2601 2666 2867 2735 tequalem
2909 2680 2999 2721 me
3027 2683 3149 2723 esse
3181 2673 3258 2722 ttti
3295 2668 3538 2740 (Philip.
3595 2674 3679 2741 11),

2077 2757 2269 2812 volens
2295 2758 2359 2811 ad
2388 2768 2439 2813 te
2463 2760 2699 2814 evehere
2741 2760 3041 2814 humanum
3092 2776 3265 2833 genus
3292 2781 3303 2816 :
3333 2772 3390 2817 ut
3440 2765 3529 2819 ubi
3583 2783 3684 2836 ego

2078 2866 2197 2904 sum
2222 2862 2274 2905 et
2301 2860 2378 2919 tu,
2430 2852 2503 2907 ibi
2548 2852 2659 2907 sint
2682 2862 2735 2907 ct
2761 2868 2978 2919 omnes,
3010 2855 3103 2924 qui
3136 2856 3187 2909 in
3221 2870 3307 2910 me
3340 2866 3391 2911 et
3425 2865 3480 2912 te
3509 2861 3685 2914 credi-

2078 2943 2275 2999 derunt
2309 2944 2492 3015 (Joan.
2524 2961 2655 3011 xvu,
2682 2946 2800 3017 Qui),
2828 2947 2949 3001 dico
2983 2964 2996 3001 :

2164 3036 2521 3092 Verumtamen
2565 3055 2772 3092 rursum
2806 3040 2920 3093 vide
2977 3042 3225 3112 templum
3256 3054 3492 3097 sanctum
3518 3054 3660 3099 tamn

2079 3129 2106 3169 δ
2138 3130 2279 3186 LXX
2307 3147 2319 3185 :
2351 3131 2585 3187 Putasne
2615 3133 2805 3187 addam
2839 3143 2892 3187 ut
2918 3136 3120 3190 videam
3159 3137 3409 3207 templum
3440 3146 3679 3194 sanctum

377 3241 498 3283 cum
540 3229 682 3283 inter
710 3246 927 3285 amaras
957 3245 1122 3301 aquas
1152 3231 1345 3299 fuerit,
1381 3243 1435 3286 et
1466 3238 1701 3287 tentatus
1729 3231 1795 3285 sit
1820 3231 1971 3299 juxta
2002 3211 2048 3274 Ο
2082 3227 2263 3281 tuum?
2318 3226 2427 3281 lloc
2480 3226 2624 3298 quod
2682 3230 2732 3283 in
2786 3228 2983 3284 Graeco
3042 3231 3245 3284 dicitur
3264 3226 3395 3307 ἆρα,
3428 3242 3482 3288 et
3517 3237 3679 3291 habet

378 3322 554 3375 omnia
584 3323 787 3394 absque
809 3336 1052 3395 peccato,
1082 3340 1187 3380 non
1216 3327 1389 3381 sensit
1416 3339 1628 3378 amaras
1655 3340 1854 3395 aquas:
1878 3326 1972 3379 sed

378 3413 600 3469 ﬂumine
626 3418 992 3473 circumdatus
1020 3430 1103 3474 eat
1122 3462 1135 3486 ,
1172 3419 1239 3474 de
1268 3434 1377 3490 quo
1399 3426 1454 3474 et
1479 3419 1531 3472 in
1564 3419 1670 3473 alio
1698 3420 1818 3473 loco
1846 3419 1976 3489 legi-

380 3522 543 3563 mus:
596 3508 858 3565 Fluminis
901 3514 1118 3584 impetus
1149 3513 1376 3582 lecti/icat
1419 3513 1675 3567 civitatem
1707 3510 1804 3566 Dei
1846 3510 1973 3584 (Ps.

379 3616 503 3665 ην,
536 3600 612 3674 5);
645 3604 764 3657 aliis
793 3604 1099 3660 bibentibus
1126 3607 1301 3660 salsos
1330 3606 1541 3670 ﬂuctus,
1574 3621 1673 3677 ego
1702 3606 1752 3659 in
1783 3605 1975 3660 mediis

382 3696 766 3753 tentatiouibus
805 3698 1120 3754 dulcissima
1160 3700 1365 3767 ﬂuenta
1395 3699 1703 3754 sorbebam.
1739 3699 1844 3753 Nec
1878 3698 1977 3752 int-

381 3790 527 3859 pinm
554 3792 646 3846 tibi
676 3806 797 3847 esse
821 3794 1088 3858 videatur,
1119 3793 1162 3848 si
1189 3808 1331 3848 nunc
1360 3794 1618 3847 Dominus
1646 3794 1813 3849 dicat:
1846 3792 1979 3847 Pro-

373 3885 548 3955 jecisti
572 3901 655 3939 me
675 3888 725 3939 in
757 3887 1075 3959 profundum
1106 3887 1221 3959 (Ps.
1257 3902 1439 3951 vant,
1469 3886 1585 3958 Ἡ),
1622 3888 1711 3957 qui
1741 3888 1979 3957 loquitur

383 3977 436 4031 in
456 3979 695 4045 psalmo:
725 3982 979 4046 Quoniam
1004 3988 1155 4051 quem
1179 3991 1233 4034 tu
1261 3981 1578 4050 percussisti,
1605 3982 1705 4053 ipsi
1727 3979 1978 4050 persecuti

384 4082 505 4123 sunt
548 4074 888 4129 :secundum
929 4074 1061 4129 illud
1112 4074 1253 4145 quod
1308 4089 1373 4128 ex
1422 4088 1655 4144 persona
1702 4074 1877 4128 Patris
1925 4074 1975 4126 111

384 4163 645 4219 Zacharia
678 4169 930 4236 ponitur:
974 4166 1273 4222 Percutiam
1319 4176 1607 4239 pastorem,
1652 4177 1697 4221 et
1728 4181 1841 4220 oves
1872 4167 1979 4220 dis-

386 4269 659 4329 pergentur
683 4259 869 4331 (Zach.
899 4276 1008 4325 xm,
1040 4262 1119 4330 7).

460 4349 649 4405 Omnes
690 4352 918 4421 gurgites
950 4354 1025 4405 tui
1068 4363 1115 4406 et
1142 4356 1334 4423 [luctus
1380 4355 1455 4406 tui
1496 4368 1649 4424 super
1677 4368 1755 4406 me
1803 4360 1976 4404 trans-

385 4443 573 4497 ierunt.
627 4442 767 4497 LXX
803 4461 816 4498 :
871 4443 1063 4499 Omnes
1108 4445 1417 4500 elevationes
1460 4454 1560 4499 tua:
1601 4452 1648 4496 et
1683 4447 1869 4514 ﬂuctus
1903 4445 1979 4496 tui

386 4555 542 4605 super
588 4555 669 4592 me
721 4540 1054 4592 transierunt.
1088 4539 1240 4607 Quod
1274 4554 1435 4608 super
1467 4539 1659 4594 Jonam
1707 4549 1979 4593 tumentes

388 4630 557 4687 maris
584 4631 779 4685 lluctus
803 4630 1139 4697 transierint,
1164 4642 1215 4686 et
1238 4631 1553 4687 detonuerit
1577 4643 1716 4686 szeva
1745 4640 1981 4700 tempes—
2008 4614 2061 4675 D

388 4736 506 4796 tas,
559 4727 689 4781 milli
737 4726 961 4781 dubium
996 4734 1097 4782 est.
1146 4727 1448 4794 Quaerimus
1479 4735 1655 4781 autem
1704 4725 1980 4791 quomodo

387 4838 579 4881 omnes
606 4822 959 4887 elevationes,
993 4831 1049 4877 et
1072 4822 1334 4893 gurgites,
1370 4830 1423 4877 et
1448 4820 1640 4876 ﬂuctus
1673 4820 1786 4885 Dei,
1817 4835 1981 4890 super

388 4916 726 4972 Salvatorem
780 4915 1115 4970 transierint.
1163 4914 1401 4968 Tentatio
1440 4922 1513 4968 est
1562 4915 1666 4967 vita
1713 4914 1979 4967 hominum

388 5030 544 5086 super
586 5022 773 5067 terram
804 5011 925 5084 (Job
964 5030 1056 5081 vn,
1094 5012 1175 5084 1),
1210 5013 1322 5069 sive
1353 5024 1409 5067 ut
1438 5014 1492 5066 in
1523 5010 1787 5065 Hehraico
1815 5009 1981 5064 hahe-

392 5118 500 5175 tur,
534 5110 744 5177 militia,
770 5108 893 5179 quia
925 5110 1010 5164 hic
1042 5110 1359 5175 militamus,
1393 5118 1448 5164 ut
1474 5108 1601 5163 alibi
1628 5122 1982 5164 coronemur.

390 5201 686 5271 Nullusque
712 5211 795 5257 est
834 5202 1133 5270 hominum,
1162 5205 1253 5273 qui
1281 5214 1501 5257 cunetas
1532 5202 1803 5256 sustinere
1823 5210 1985 5270 queat

392 5296 722 5351 tentationes
742 5338 756 5364 ,
791 5297 995 5367 absque
1024 5312 1091 5353 eo
1120 5298 1206 5367 qui
1235 5306 1470 5352 tentatus
1498 5305 1583 5351 est
1612 5297 1664 5350 in
1705 5297 1982 5362 omnibus,

389 5389 540 5460 juxta
575 5400 817 5446 nostram
849 5390 1285 5457 similitudinem,
1318 5390 1434 5444 sine
1463 5399 1703 5459 peccato.
1743 5389 1894 5445 Unde
1933 5398 1988 5443 et

393 5484 461 5539 ad
491 5484 807 5538 Gurinthios-
832 5484 1031 5538 dicimr
1055 5500 1071 5536 τη
1094 5481 1331 5537 Tentoria
1356 5497 1444 5535 vos
1473 5490 1573 5535 nan
1612 5479 1982 5554 apprehendat,

392 5577 494 5632 nisi
528 5579 774 5632 humana.
807 5574 1006 5632 Fidelis
1036 5586 1201 5632 autent
1241 5574 1379 5629 Deus
1410 5577 1499 5646 qui
1528 5594 1629 5629 non
1659 5577 1877 5630 dimittet
1902 5592 1985 5629 ros

396 5673 586 5726 tentari
613 5689 773 5740 supra
802 5674 854 5726 id
878 5715 890 5735 ,
919 5673 1058 5741 quod
1083 5671 1288 5741 potestis
1313 5689 1330 5737 ;
1369 5671 1457 5726 sed
1498 5672 1647 5741 faciet
1675 5687 1790 5725 cum
1820 5678 1987 5725 tenta-

471 5799 495 5827 θ
519 5789 682 5845 Iidem
708 5788 935 5841 Palatini
962 5802 1115 5852 mss,
1143 5787 1194 5841 in
1220 5785 1538 5857 profundum
1562 5794 1607 5839 et
1634 5803 1718 5839 cor
1744 5785 1921 5840 maris.

472 5861 496 5899 ί)
531 5862 757 5916 Palatini
782 5873 940 5921 utSt-3.
978 5858 1081 5913 Pro
1112 5856 1394 5929 quo'LXX
1423 5858 1816 5913 transtulerunt.

2080 3319 2295 3388 vulgata
2328 3319 2495 3374 editio
2528 3363 2538 3385 ,
2572 3331 2743 3389 putas,
2781 3322 3127 3391 interpretari
3189 3332 3389 3393 potest,
3422 3327 3601 3399 igitur,
3631 3340 3688 3383 ttt

2078 3415 2328 3487 sitquasi
2382 3416 2779 3487 propositionis
2828 3427 2878 3473 et
2913 3421 3331 3487 assumptionis,
3391 3424 3656 3477 conﬁrma

2080 3507 2354 3577 tionisqne
2391 3523 2453 3561 ac
2502 3507 2807 3578 syllogismi
2841 3519 3083 3563 extrema
3113 3512 3414 3579 conclusio,
3475 3530 3583 3569 non
3617 3532 3675 3573 ct.

2078 3602 2411 3671 ambigentis
2458 3604 2693 3667 incerto,
2726 3602 2825 3657 sed
2882 3617 2946 3657 ex
2992 3603 3188 3659 fiducia
3216 3608 3633 3676 comprobantis
3670 3629 3681 3665 :

2079 3710 2184 3766 pro
2213 3709 2321 3765 quo
2350 3710 2448 3749 nos
2482 3696 2826 3765 interpretati
2869 3711 3097 3752 sumus:
3140 3697 3511 3754 Verumtamen
3573 3718 3690 3756 rur-

2079 3805 2195 3842 sum
2217 3788 2396 3842 videbo
2425 3789 2671 3859 templum
2710 3794 2944 3842 sanctum
2980 3800 3143 3858 tuum,
3195 3792 3500 3847 semiudum
3550 3794 3684 3849 illud

2079 3883 2222 3953 quod
2255 3898 2321 3937 ex
2354 3897 2586 3953 persona
2615 3882 2804 3952 ejusin
2838 3882 2947 3937 alio
2987 3884 3200 3953 psalmo
3228 3886 3433 3941 dicitur
3462 3904 3473 3939 :
3506 3886 3686 3942 Domi-

2081 3992 2165 4039 ne,
2197 3976 2357 4030 dileari
2383 3975 2624 4029 decorem
2654 3975 2839 4029 domus
2889 3985 3012 4042 tuae,
3042 3988 3087 4030 et
3140 3979 3307 4031 locum
3366 3981 3688 4037 tabernaculi

2082 4072 2263 4143 glorise
2295 4081 2397 4125 tuw
2424 4070 2543 4141 (Ps.
2574 4086 2702 4139 xxv,
2732 4069 2809 4141 8).
2855 4071 2919 4126 Et
2971 4073 3359 4143 Eli-angelicam
3397 4076 3685 4133 lectionem

2082 4164 2136 4218 in
2166 4180 2275 4233 qua
2306 4162 2564 4233 scriptum
2590 4173 2673 4219 est
2703 4183 2713 4193 ο
2750 4162 2932 4229 Pater,
2962 4164 3202 4235 gloriﬁca
3242 4184 3320 4221 me
3349 4171 3491 4237 apud
3531 4178 3579 4224 te
3622 4188 3683 4224 ea

2081 4257 2272 4330 gloria,
2299 4275 2452 4329 quam
2481 4258 2640 4312 habui
2696 4260 2997 4329 priusquam
3030 4262 3254 4315 mundus
3301 4263 3446 4331 ﬁeret
3503 4264 3681 4335 (Joan.

2082 4366 2213 4417 tmt,
2250 4350 2327 4424 5).
2381 4352 2447 4407 Et
2486 4351 2764 4419 reSpondit
2808 4352 2877 4407 de
2926 4354 3066 4407 casio
3124 4352 3283 4407 Pater
3315 4372 3327 4407 :
3362 4365 3382 4393 ε
3410 4356 3477 4409 Et
3495 4358 3689 4427 gloriﬁ-

2084 4445 2193 4499 cari
2213 4487 2225 4508 ,
2251 4455 2297 4500 et
2324 4445 2623 4516 gloriﬁcabo
2654 4444 2835 4517 (Ibid.,
2870 4461 2965 4511 xn,
2998 4446 3116 4515 28).
3164 4446 3255 4500 \‘cl
3283 4459 3432 4503 certe
3461 4452 3584 4519 quia
3619 4452 3691 4506 le-

2084 4540 2229 4610 gitur
2257 4558 2269 4593 :
2295 4538 2456 4593 Pater
2486 4541 2537 4592 in
2583 4555 2691 4602 me,
2719 4549 2769 4593 et
2792 4555 2881 4610 ego
2910 4541 2962 4593 in
2987 4539 3149 4595 Patre
3176 4541 3367 4612 (Ibid.,
3396 4560 3532 4611 xvu,
3562 4546 3680 4617 21),

2088 4633 2230 4687 sicut
2262 4631 2521 4700 templttm
2552 4632 2727 4687 Patris
2759 4632 2927 4688 Filius
2979 4643 3085 4701 est,
3119 4636 3189 4689 ita
3244 4639 3503 4709 templum
3554 4641 3684 4696 Filii

2090 4725 2267 4779 Pater.
2300 4724 2417 4795 Ipse
2448 4726 2600 4779 enim
2633 4725 2763 4781 dicit
2811 4744 2824 4781 :
2869 4726 2978 4799 Ego
3010 4729 3072 4782 de
3114 4726 3275 4786 Patre
3314 4735 3471 4801 exivi,
3504 4746 3547 4788 et
3571 4736 3686 4789 veni

2088 4817 2273 4886 (Ibid,
2298 4834 2407 4883 xvr,
2431 4817 2546 4887 ‘28).
2573 4820 2634 4874 Et
2658 4837 2670 4872 :
2714 4817 2932 4874 Verbum
2961 4831 3071 4875 erat
3100 4826 3244 4894 apud
3268 4824 3454 4892 Deum,
3480 4838 3525 4881 et
3548 4826 3684 4880 Deus

2088 4920 2197 4965 erat
2232 4911 2456 4965 Verbum
2483 4909 2665 4981 (Joau.
2703 4929 2739 4979 t,
2773 4912 2846 4985 1).
2874 4915 2979 4969 Aut
3011 4931 3147 4971 unus
3182 4917 3435 4987 idemque
3492 4919 3684 4975 Salva-

2091 5017 2174 5061 tor
2203 5006 2356 5075 quasi
2391 5007 2551 5061 homo
2585 5007 2825 5078 postulat
2863 5029 2872 5064 :
2906 5011 3059 5080 quasi
3093 5012 3236 5066 Deus
3282 5012 3568 5082 pollicetur
3600 5033 3610 5075 ;
3639 5027 3692 5069 et

2088 5102 2159 5158 de
2189 5118 2283 5158 sua
2316 5117 2480 5173 quam
2533 5106 2752 5173 semper
2801 5104 3018 5169 habuit,
3078 5108 3426 5175 possessione
3471 5123 3697 5164 securus

2084 5197 2193 5251 'est.
2248 5197 2323 5249 Ex
2356 5196 2511 5250 lunae
2538 5211 2670 5252 vero
2720 5211 2977 5267 persona,
3007 5198 3091 5252 vel
3117 5199 3375 5267 optantis,
3406 5201 3489 5253 vel
3518 5202 3692 5255 conti-

2091 5291 2269 5345 dentis
2293 5289 2485 5346 aﬂ‘ectn
2516 5291 2721 5361 liquido
2755 5291 2985 5359 intelligi
3015 5298 3215 5360 potest,
3244 5292 3387 5361 quod
3413 5292 3693 5349 desidera-

2094 5386 2303 5440 veritin
2339 5387 2610 5455 profundo
2642 5386 2804 5440 maris
2842 5388 3047 5456 positus
3079 5385 3264 5440 videre
3304 5387 3558 5456 templum
3588 5389 3690 5443 Do-

2093 5483 2247 5544 mini,
2275 5492 2326 5537 et
2356 5483 2548 5551 Spiritu
2581 5480 2880 5551 prophetali
2903 5480 3027 5534 alibi
3069 5481 3159 5547 sit,
3192 5492 3245 5535 et
3278 5482 3420 5535 aliud
3456 5478 3562 5554 {AL
3599 5483 3695 5537 ali-

2093 5574 2172 5648 bi]
2193 5577 2611 5645 contempletur.

2166 5668 2530 5741 alowers.
2563 5669 2642 5738 ὃ.)
2675 5667 3137 5722 (ἐινοιιηέάθάρνηηι
3172 5685 3251 5724 me
3266 5686 3413 5739 aqua’
3444 5688 3601 5742 usque
3627 5673 3695 5725 ad

2176 5795 2197 5823 ο
2244 5782 2494 5854 Plcrique
2518 5783 2641 5839 libri
2672 5783 2789 5849 alii,
2824 5782 3131 5852 rlariﬁcari,
3163 5796 3208 5840 et
3233 5785 3552 5856 clariﬁcabo.
