4078 6342
420 275 560 330 “35

1673 273 1730 330 S.
1778 271 2049 331 EUSEBII
2089 271 2471 332 lllERONYMl

3585 274 3725 333 H36

409 395 636 448 animum
666 378 858 457 meam,
887 394 1102 464 abyssus
1125 393 1335 446 vallavit
1364 406 1463 445 me.
1496 390 1662 447 LXX.
1694 392 2023 463 Circumfusa
2050 398 2094 455 Α
2127 407 2233 464 qno
2265 393 2368 448 sub
2395 405 2627 463 persona
2658 391 2784 464 Cyri
2811 391 2864 446 in
2891 390 3027 447 Isaia
3057 390 3289 464 legimus
3322 407 3336 446 ε
3367 391 3536 446 Fores
3561 409 3727 448 teneas

415 496 488 539 est
519 487 645 539 milii
667 503 801 556 aqua
823 502 984 555 usque
1017 485 1086 538 ad
1117 486 1345 539 animam
1370 502 1535 540 meam
1567 501 1583 538 :
1611 484 1825 556 abyssus
1845 485 2012 539 valla-

404 579 476 631 vit
499 594 578 633 me
611 579 909 632 novissima.
958 580 1126 648 Aquae
1158 578 1295 647 istm,
1323 594 1440 650 qua:
1466 577 1656 632 vicina:
1699 587 1824 632 sunt
1851 577 2013 649 abys-

404 673 503 736 sis,
527 688 646 742 qua:
668 672 719 726 in
747 671 908 727 terris
941 671 1250 740 volvuntur,
1275 681 1329 728 et
1352 671 1613 735 deﬂuunt,
1639 687 1759 740 qua:
1784 671 2009 725 mullum

408 780 594 820 secum
625 765 736 820 limi
776 765 1016 834 trahunt,
1048 780 1158 820 non
1189 779 1411 836 corpus,
1436 765 1529 820 sed
1557 765 1792 818 animam
1829 763 2012 818 nitun-

398 866 488 912 tur
509 857 985 925 occidere,amic:e
1001 859 1201 928 quippe
1215 869 1667 928 suntcorporum,
1687 867 1743 912 et
1773 856 1888 928 ejus
1917 871 2012 911 vo-

397 949 700 1020 luptatibus
721 952 1262 1008 conloventur.Unde
1284 951 1578 1008 secundum
1600 951 1731 1006 illud
1753 951 1896 1022 quod
1917 967 2008 1006 su-

401 1059 497 1114 pra
531 1043 792 1111 diximus,
811 1044 1050 1116 loquitur
1066 1045 1325 1100 Dominus
1340 1045 1393 1099 in
1411 1043 1624 1098 Psalmo
1650 1061 1661 1095 :
1689 1043 1906 1098 Salvum
1926 1059 2006 1096 me

396 1136 506 1206 fac,
539 1135 780 1202 Domine,
800 1139 1046 1207 quoniam
1068 1140 1394 1193 intraverunt
1425 1152 1572 1208 aqua:
1602 1153 1764 1208 usque
1793 1137 1863 1191 ad
1889 1137 2008 1189 ani-

396 1248 537 1286 mum
567 1248 730 1286 meant
761 1231 880 1305 (Ps.
915 1249 1105 1300 LXVIII,
1140 1232 1217 1303 1).
1255 1233 1317 1286 Et
1342 1233 1397 1286 in
1423 1232 1531 1286 alio
1577 1231 1699 1286 loco
1734 1248 1746 1282 :
1781 1229 2008 1284 Torren-

396 1339 497 1384 tem
523 1330 822 1397 pertransiit
876 1332 1058 1384 anima
1103 1337 1281 1384 nostra
1321 1327 1499 1398 (Psal.
1553 1342 1742 1395 cxxIII,
1778 1328 1854 1396 5).
1890 1326 1957 1380 Et
1990 1342 2004 1380 :

396 1421 482 1478 Ne
512 1434 868 1495 urgeatsuper
895 1441 974 1478 me
1004 1434 1188 1495 puteus
1220 1440 1275 1478 os
1314 1438 1489 1490 suum,
1533 1438 1696 1492 neque
1726 1419 2008 1474 concludat

393 1518 634 1588 infernus
659 1517 849 1591 (Ιὸἰά.,
873 1518 1209 1589 ικνιιι,ί16);
1239 1516 1498 1572 nonmihi
1529 1517 1758 1586 deneget
1779 1515 2002 1583 exitum,

395 1613 486 1683 qui
521 1626 715 1684 Sponte
746 1613 1026 1680 descendi,
1050 1623 1248 1683 sponte
1277 1609 1664 1676 conscendam,
1698 1608 1791 1680 qui
1815 1609 2006 1663 volun-

401 1705 572 1759 tarius
599 1706 843 1775 captivus
870 1707 1018 1770 veni,
1075 1705 1246 1761 debeo
1301 1705 1610 1760 deliberare
1641 1705 1908 1772 captivos,
1948 1712 2006 1758 ut

2120 494 2412 553 conteram,
2461 495 2510 539 et
2548 496 2712 539 vectes
2746 487 2938 556 ferreos
2979 486 3309 556 confringant
3364 483 3501 554 (lsa.
3535 501 3609 551 Iv,
3641 485 3720 556 ‘2),

2116 577 2182 631 ad
2209 578 2473 631 montium
2517 586 2759 633 extrema
2797 579 3106 644 descendit,
3141 587 3196 633 et
3229 577 3448 632 arternis
3505 578 3724 632 conclu-

2115 684 2211 724 sus
2240 679 2323 724 est
2352 670 2623 738 vectibus,
2645 679 2705 726 ut
2732 685 2920 726 omnes
2951 670 3042 742 qui
3075 669 3244 724 clausi
3294 669 3534 737 fuerant,
3590 668 3724 724 libe-

2116 771 2285 818 raret.

2185 858 2366 928 (νει-ε.
2398 859 2476 929 7.)
2509 859 2574 913 Et
2595 859 2888 915 sublevabis
2911 860 2974 916 de
3000 867 3334 932 corruptione
3353 859 3510 913 vitam
3533 873 3719 924 meam,

2118 949 2338 1004 Domine
2395 951 2536 1006 Dens
2584 969 2750 1007 meus.
2821 950 3107 1006 LXX:Et
3166 949 3412 1006 ascendat
3485 950 3550 1005 de
3604 965 3722 1004 cor-

2115 1043 2354 1113 ruptione
2384 1026 2491 1096 vita
2515 1042 2541 1082 δ
2565 1061 2701 1112 mea,
2731 1042 2957 1099 Domine
2998 1043 3138 1098 Deus
3177 1059 3342 1097 meus.
3373 1041 3603 1112 PrOprie
3639 1040 3725 1096 di-

2115 1137 2222 1197 xit,
2246 1135 2534 1191 sublevabis
2564 1153 2582 1190 :
2605 1139 2691 1192 vel
2720 1137 2964 1191 ascendat
2999 1138 3061 1192 de
3086 1136 3421 1206 corruptione
3451 1137 3559 1188 vita
3584 1150 3719 1201 mea,

2111 1229 2240 1300 quia
2264 1231 2329 1285 ad
2356 1231 2789 1301 corruptionem,
2811 1231 2948 1287 etad
2973 1231 3184 1286 inferna
3206 1231 3586 1286 descenderat.
3607 1228 3719 1284 lloc

2112 1334 2219 1390 est,
2251 1323 2398 1395 quod
2449 1324 2702 1397 Apostoli
2743 1331 3176 1397 interpretantur
3218 1328 3271 1383 in
3320 1329 3514 1399 quinto
3565 1324 3722 1382 deci-

2112 1431 2201 1471 mo
2226 1418 2438 1486 psalmo
2459 1434 2526 1474 ex
2553 1435 2791 1490 persona
2822 1422 3036 1476 Domini
3087 1421 3474 1492 prophetatum
3507 1439 3521 1477 :
3567 1421 3718 1486 Quo-

2111 1510 2248 1562 niam
2285 1527 2386 1564 non
2429 1512 2755 1583 derelinques
2805 1515 3036 1567 animam
3075 1531 3242 1569 meam
3281 1516 3336 1570 in
3362 1516 3591 1584 inferno,
3624 1531 3720 1569 nec

2109 1602 2258 1656 dabis
2285 1612 2525 1658 sanctum
2550 1615 2696 1659 tuum
2719 1607 2889 1660 videre
2911 1609 3294 1678 corruptionem
3319 1624 3336 1660 :
3368 1607 3512 1678 quod
3544 1607 3716 1662 David

2109 1697 2316 1752 scilicet
2339 1710 2587 1755 mortuus
2609 1703 2682 1755 sit
2701 1711 2756 1757 et
2778 1701 3026 1772 sepultus
3051 1720 3063 1756 :
3089 1700 3392 1758 Salvator-is
3415 1711 3595 1757 autetn
3623 1715 3716 1756 ca-

390 1797 687 1868 impleatur
713 1797 885 1853 illud;
921 1799 1215 1853 Αεεεηάεηε
1267 1800 1321 1852 in
1343 1797 1510 1852 alium
1547 1798 1807 1868 captiuam
1839 1798 1996 1852 duxit
2029 1802 2074 1862 Β
2111 1807 2174 1844 ro
2207 1807 2314 1847 non
2341 1792 3004 1870 videritcorruptionem.
3043 1794 3150 1850 Alii
3176 1810 3311 1850 vero
3341 1795 3713 1863 interpretan-

388 1891 738 1962 captivitatem
772 1891 888 1964 (Ps.
923 1893 1093 1965 vau)
1125 1907 1138 1944 :
1173 1907 1268 1949 eos
1319 1894 1462 1949 enim
1508 1893 1596 1962 qui
1627 1903 1754 1947 ante
1797 1895 1992 1962 captivi

387 1982 606 2039 fuerant
638 1984 691 2039 in
721 1994 918 2050 morte,
954 1987 1058 2043 iste
1085 1987 1234 2057 cepit
1293 1987 1360 2042 ad
1392 1988 1578 2042 vitam.
1620 1987 1862 2058 Abyssos
1893 2003 1992 2042 au-

381 2083 492 2131 tem
556 2077 888 2146 perniciosas
937 2079 1198 2149 quasdam
1249 2089 1303 2134 et
1352 2080 1615 2149 pessimas
1648 2080 1994 2136 fortitudines

383 2170 633 2240 accipere
655 2170 943 2242 debemus,
975 2171 1059 2227 vel
1094 2174 1384 2228 tormentis
1413 2172 1803 2243 suppliciisque
1839 2172 1995 2228 dedi-

381 2273 468 2320 tas
491 2273 812 2334 potestates,
846 2266 911 2320 ad
945 2282 1080 2336 quas
1111 2277 1166 2323 et
1191 2268 1244 2322 in
1280 2267 1575 2338 Evangelio
1597 2267 1879 2324 daemones
1903 2283 1992 2322 ro-

377 2369 507 2430 gant
537 2375 603 2414 ne
627 2359 708 2415 ire
736 2370 1000 2430 cogantur
1029 2361 1185 2433 (Luc.
1214 2360 1356 2431 vui).
1392 2360 1547 2416 Unde
1580 2369 1605 2397 ³
1637 2369 1695 2416 et
1749 2362 1990 2417 tenebrat

377 2460 534 2506 erant
565 2465 732 2522 super
759 2451 1011 2524 abyssum
1043 2451 1198 2523 (Gen.
1229 2453 1292 2522 ι).
1329 2452 1606 2508 Interdum
1639 2454 1869 2526 abyssus
1899 2469 1991 2509 ac-

374 2543 574 2616 cipitur
595 2552 651 2598 et
674 2559 772 2615 pro
793 2547 1154 2600 sacramentis
1173 2560 1234 2601 ac
1249 2545 1689 2616 profundissimis
1712 2548 1986 2614 sensibus,

377 2648 426 2691 et
451 2635 671 2707 judiciis
694 2637 1030 2693 Dei:.ludicia
1042 2637 1254 2692 Domini
1275 2639 1490 2710 abyssus
1508 2638 1672 2693 multa
1687 2638 1982 2710 (Ps.xxxv,

375 2731 452 2802 7).
487 2731 557 2786 Et
587 2750 598 2785 ε
637 2732 867 2803 Abyssus
895 2732 1139 2804 abyssum
1164 2734 1386 2800 invocat,
1448 2736 1503 2789 in
1551 2751 1670 2791 voce
1696 2745 1986 2791 cataracta-

371 2841 491 2878 runt
514 2835 719 2878 tuarum
743 2824 861 2894 (Ps.
890 2841 1000 2892 ιιι,
1032 2828 1110 2896 8).

455 2916 682 2990 Pelagus
707 2920 910 2988 operuit
943 2930 1096 2991 caput
1126 2939 1318 2986 meum,
1371 2923 1440 2975 ad
1469 2932 1697 2978 extrema
1734 2925 1985 2979 montium

373 3009 638 3074 descendi,
683 3020 832 3064 terra:
860 3019 1025 3064 vectes
1075 3011 1441 3067 concluserunt
1496 3030 1575 3067 me
1616 3015 1670 3068 in
1709 3025 1981 3071 teternum.

370 3103 517 3160 LXX
550 3102 816 3159 :lntravit
858 3113 1014 3176 caput
1058 3121 1228 3159 meum
1274 3107 1342 3160 ad
1387 3107 1640 3162 scissuras
1688 3110 1982 3164 montium:

2101 1896 2188 1940 tur
2214 1887 2358 1956 quod
2391 1886 2457 1941 ad
2490 1891 2957 1957 comparationem
2990 1887 3234 1944 eteleslis
3262 1889 3612 1944 beatitudinis
3655 1896 3718 1945 et

2099 1979 2268 2036 Verbi
2292 1981 2410 2050 Dei,
2444 1982 2738 2039 humanum
2769 1999 2976 2056 corpus
3008 1986 3293 2056 corruptio
3315 1985 3409 2052 sit,
3440 1986 3586 2054 quod
3618 2000 3714 2041 se-

2098 2073 2341 2128 minatur
2370 2075 2426 2130 itt
2463 2076 2853 2146 corruptione;
2909 2086 2966 2133 et
3002 2077 3056 2132 in
3105 2081 3409 2133 centesimo
3467 2077 3712 2133 secundo

2096 2169 2310 2236 psalmo
2355 2183 2426 2223 ex
2486 2184 2718 2234 persona
2767 2169 2909 2226 Justi
2942 2180 2963 2208 ε
2988 2170 3330 2241 signiﬁcetur
3361 2189 3374 2224 :
3412 2170 3514 2237 Qui
3554 2178 3711 2226 sanat

2097 2278 2272 2316 omnes
2299 2263 2630 2332 infirmitates
2657 2277 2771 2320 tuas
2796 2281 2815 2319 :
2837 2265 2929 2335 qui
2955 2265 3172 2320 redemit
3201 2267 3264 2320 de
3291 2266 3505 2320 interitu
3548 2267 3710 2321 vitam

2094 2363 2261 2410 tuam.
2315 2356 2470 2412 Unde
2517 2367 2574 2412 et
2621 2359 2919 2428 Apostolus
2975 2359 3146 2415 dicit:
3188 2359 3348 2414 Miser
3390 2377 3484 2435 ego
3528 2363 3706 2430 homo,

2091 2447 2206 2517 quis
2228 2465 2308 2501 me
2325 2448 2562 2504 liberabit
2587 2451 2652 2504 de
2677 2468 2894 2521 corpore
2921 2456 3102 2508 mortis
3119 2452 3459 2523 huiusmom.
3484 2455 3706 2525 “1:24)?

2091 2541 2162 2596 Et
2191 2544 2495 2612 appellatur
2515 2559 2712 2615 corpus
2730 2546 2948 2616 mortis,
2983 2549 3068 2604 vel
3109 2562 3311 2618 corpus
3354 2545 3700 2603 humilitatis.

2091 2635 2208 2691 Hoc
2235 2623 2314 2691 illi
2366 2638 2430 2691 ad
2480 2640 2828 2697 occasionem
2877 2658 2992 2698 sua:
3033 2643 3240 2699 ducunt
3285 2643 3564 2699 haereseos
3598 2663 3609 2698 :
3642 2650 3706 2698 ut

2087 2732 2192 2787 sub
2221 2748 2450 2802 persona
2475 2733 2677 2790 Christi
2701 2740 3038 2793 mentiantur
3057 2739 3437 2794 antichristum
3465 2756 3479 2794 :
3509 2739 3703 2796 Eccle-

2087 2828 2197 2884 sias
2231 2837 2474 2899 teneant,
2520 2840 2581 2886 ut
2611 2842 2858 2890 ventrem
2894 2834 3311 2907 pinguissimum
3347 2837 3614 2901 nutriant,
3643 2844 3701 2892 et

2087 2923 2383 2980 carnaliter
2427 2927 2697 2996 viventes,
2758 2940 2951 2985 contra
2993 2947 3215 2988 carnem
3249 2921 3527 3004 disputent
3578 2933 3694 3007 [Αι.
3793 2925 3798 2928 ’

2087 3015 2408 3090 dispulantj.
2439 3019 2550 3075 Nos
2570 3034 2755 3079 autem
2792 3026 2995 3081 scimus
3024 3025 3093 3083 de
3128 3026 3444 3097 incorrupta
3469 3027 3698 3098 Virgine

2083 3125 2286 3179 corpus
2311 3126 2676 3186 assumptum,
2709 3133 2816 3174 non
2841 3121 3254 3191 corruptionem
3275 3119 3478 3178 (Ἄπι-ἰεῦ
3505 3122 3696 3189 fuisse,

373 3196 613 3252 descendi
644 3197 698 3250 in
730 3206 944 3265 terram,
970 3201 1121 3270 cujus
1148 3207 1308 3253 vectes
1328 3209 1447 3253 sunt
1473 3199 1766 3254 retinacula
1787 3204 1979 3273 sempi-
2009 3201 2055 3266 C
2086 3203 2180 3257 sed
2205 3205 2490 3274 templum.
2524 3208 2683 3276 Quod
2707 3211 2752 3266 si
2785 3212 2838 3266 in
2865 3214 3110 3283 Apostoli
3137 3216 3204 3270 ad
3232 3212 3552 3272 Corinthios
3573 3231 3701 3272 sen-

369 3301 536 3346 terna.
566 3291 723 3361 Quod
775 3291 931 3347 lente
984 3301 1150 3362 caput
1199 3294 1424 3364 pelagus
1475 3295 1775 3363 Operuerit,
1834 3307 1888 3351 et
1917 3297 1983 3353 ad

373 3387 640 3440 montium
664 3394 906 3441 extrema
939 3385 1328 3452 descenderit,
1362 3396 1417 3442 et
1461 3390 1670 3443 venerit
1699 3405 1872 3460 usque
1913 3390 1985 3447 ad

373 3479 640 3552 profunda
677 3490 974 3548 terrarum,
1007 3481 1206 3551 quibus
1235 3484 1661 3550 quasivectibus
1693 3495 1748 3540 et
1775 3487 1983 3541 colum-

370 3574 458 3630 nis
488 3574 581 3630 Dei
611 3573 893 3630 voluntate
919 3573 1119 3645 globus
1147 3585 1310 3630 terrte
1332 3585 1696 3643 sustentatur,
1724 3579 1854 3633 nulli
1885 3579 1986 3634 du-

369 3670 642 3736 binmest,
702 3671 771 3726 de
801 3683 912 3737 qua
960 3679 1014 3725 et
1063 3669 1192 3725 alibi
1248 3669 1634 3740 dicitur:Ego
1680 3673 1983 3743 conﬁrmavi

373 3771 643 3818 columnas
674 3768 786 3838 ejus
813 3761 934 3836 (Ps.
968 3765 1253 3831 Lxxtv,.’t).
1289 3764 1366 3819 De
1393 3764 1625 3820 Domino
1661 3775 1838 3821 autem
1863 3766 1982 3823 Sal-

376 3867 566 3910 vatore
613 3855 766 3926 juxta
797 3865 1086 3925 utramque
1135 3853 1431 3910 editionem
1468 3856 1680 3912 videtur
1739 3857 1870 3912 mihi
1902 3860 1982 3914 sic

378 3962 538 4016 posse
566 3947 818 4016 intelligi,
843 3947 987 4016 quod
1017 3946 1316 4017 principale
1345 3957 1401 4003 et
1423 3957 1588 4018 caput
1618 3950 1758 4018 ejus,
1792 3950 1842 4004 id
1870 3961 1976 4020 εει,

377 4041 556 4093 anima
597 4055 756 4109 quam
777 4053 1171 4109 cumcorpore
1196 4055 1296 4108 pro
1340 4041 1514 4095 salute
1537 4054 1724 4096 nostra
1754 4041 1980 4114 dignan-

384 4143 465 4188 ter
518 4131 834 4201 assumpsit,
866 4131 1256 4189 descenderint
1289 4133 1340 4188 in
1377 4135 1645 4191 scissuras
1683 4139 1973 4206 montium,

377 4226 471 4295 qui
504 4225 760 4282 ﬂuctibus
789 4226 1198 4295 operiebantur,
1245 4227 1418 4297 quise
1454 4244 1483 4282 a
1513 4230 1638 4286 cteli
1694 4232 1980 4289 subtraxe-

377 4327 503 4372 rant
528 4317 804 4381 libertate,
854 4331 990 4386 quos
1015 4318 1247 4388 abyssus
1274 4320 1576 4390 ambiebat,
1624 4322 1713 4391 qui
1741 4338 1800 4377 se
1821 4341 1848 4375 ιι
1879 4323 1976 4380 Dei

375 4411 652 4467 sciderant
697 4408 858 4482 41],
891 4409 1194 4479 majestate,
1226 4420 1281 4466 et
1310 4426 1499 4481 postea
1526 4413 1689 4469 etiam
1715 4414 1781 4469 ad
1812 4415 1978 4470 infer-

375 4519 446 4557 na
487 4506 788 4573 penetrarit
819 4520 830 4555 :
865 4502 932 4556 ad
963 4517 1084 4573 qua:
1131 4503 1242 4557 loca
1287 4506 1442 4574 quasi
1471 4505 1522 4560 in
1551 4516 1801 4562 extremo
1843 4508 1976 4565 limo

2087 3298 2316 3352 tentiam
2349 3301 2639 3372 trahimur,
2696 3305 2879 3375 inqua
2906 3321 3110 3377 corpus
3159 3309 3363 3365 dicitur
3411 3311 3697 3381 spirituale

2087 3389 2131 3460 (l
2154 3387 2275 3445 Cor.
2300 3393 2417 3463 xv),
2442 3409 2512 3450 ne
2541 3397 2874 3454 contentiosi
2913 3399 3076 3474 412
3107 3402 3420 3468 videamur,
3449 3403 3696 3458 dicemus

2084 3485 2317 3554 idipsum
2351 3488 2574 3557 quidem
2624 3505 2849 3562 Corpus,
2881 3503 2938 3550 et
2963 3495 3214 3551 eamdem
3245 3511 3467 3552 carnem
3505 3512 3698 3553 resur-

2081 3593 2233 3648 gere,
2261 3596 2382 3650 quae
2413 3584 2632 3652 sepulta
2671 3596 2779 3653 est,
2834 3603 2956 3658 qua:
2985 3589 3041 3644 in
3073 3590 3240 3646 humo
3281 3590 3537 3658 condita;
3592 3594 3694 3648 sed

2082 3681 2296 3728 mutare
2319 3690 2440 3730 eam
2471 3676 2730 3748 gloriam,
2765 3696 2874 3738 non
2899 3694 3112 3741 mutare
3135 3697 3390 3742 naturam
3421 3704 3435 3740 :
3471 3687 3691 3758 Oportet

2081 3765 2215 3818 enim
2240 3769 2588 3838 corruptivum
2619 3771 2715 3827 hoc
2745 3774 2961 3830 induere
2986 3777 3450 3850 incorruptionem,
3474 3791 3521 3833 et
3550 3797 3692 3834 mor-

2080 3858 2182 3912 tale
2207 3857 2304 3914 hoc
2341 3861 2556 3917 induere
2584 3865 3043 3926 immortalitatem.
3069 3872 3296 3940 Quando
3316 3873 3538 3943 dicitur,
3566 3874 3685 3940 hoc,

2078 3951 2484 4021 quodammodo
2511 3957 2722 4016 duobus
2763 3961 3009 4033 digitulis
3054 3968 3519 4038 comprehensum
3561 3986 3687 4026 cor-

2077 4055 2179 4112 pus
2225 4049 2544 4104 ostenditur
2574 4070 2587 4106 :
2617 4051 2722 4108 hoc
2760 4055 2812 4110 in
2861 4073 2971 4127 quo
2999 4060 3296 4131 nascimur,
3350 4062 3456 4118 hoc
3488 4065 3541 4118 in
3571 4080 3684 4136 quo

2078 4141 2364 4208 morimur,
2418 4144 2523 4200 hoc
2569 4148 2715 4217 quod
2759 4151 2958 4208 timent
3003 4154 3253 4225 recipere
3304 4157 3395 4228 qui
3428 4157 3686 4229 puniendi

2075 4244 2227 4302 sunt,
2278 4235 2383 4290 hoc
2407 4239 2551 4306 quod
2603 4242 2891 4314 virginitas
2940 4259 3224 4317 exspeCIat
3273 4254 3339 4306 ad
3371 4254 3680 4322 praemium,

2074 4323 2404 4383 adulterium
2435 4330 2769 4390 lormidatad
2791 4339 3217 4411 ptenatn.Super
3237 4342 3375 4399 Jona
3405 4353 3582 4402 autem
3607 4347 3682 4402 ita

2075 4417 2303 4490 intelligi
2331 4433 2515 4492 potest
2548 4445 2561 4480 :
2595 4427 2750 4496 Quod
2772 4432 2865 4502 qui
2896 4433 2950 4488 in
2975 4447 3167 4492 ventre
3196 4439 3302 4494 ceti
3327 4439 3478 4509 juxta
3521 4451 3683 4497 natu-

2073 4528 2192 4568 ram
2217 4531 2510 4588 corporum
2537 4527 2816 4594 corrumpi
2843 4527 3130 4597 debuerat,
3164 4543 3219 4587 ει
3260 4532 3315 4588 in
3361 4534 3515 4590 cibos
3557 4536 3682 4593 bes-

377 4606 749 4697 peccatorum,
793 4590 989 4697 animae
1035 4592 1412 4697 trahebantur,
1463 4596 1681 4654 dicente
1727 4599 1973 4656 Psalmo-
2001 4593 2054 4653 D
2081 4608 2168 4661 tite
2187 4611 2473 4681 prolicere,
2505 4627 2570 4668 ac
2599 4631 2696 4682 per
2723 4590 2891 4675 venas
2915 4590 3176 4694 artusque
3203 4623 3454 4692 diffundi,
3484 4590 3680 4697 sospes

373 4687 586 4758 grapho
621 4703 634 4739 :
670 4683 949 4739 Intrabunt
972 4686 1022 4738 in
1050 4687 1300 4757 inferiora
1328 4697 1498 4757 εει-ιω,
1529 4701 1700 4761 partes
1746 4691 1973 4764 vulpium

371 4786 520 4834 erunt
555 4775 674 4848 (Ps.
707 4792 846 4844 ωιιι,
879 4778 967 4844 lt),
1019 4777 1132 4848 ll).
1190 4777 1285 4832 lsti
1326 4790 1455 4834 sunt
1484 4792 1665 4838 vectes
1694 4792 1875 4851 terrm,
1921 4797 1979 4842 et

371 4873 525 4944 quasi
549 4870 796 4943 quaedam
815 4885 952 4926 serae
972 4871 1202 4926 extremi
1218 4873 1453 4929 carceris
1473 4890 1535 4930 ac
1561 4878 1970 4948 suppliciorum,

367 4969 616 5023 nolentes
645 4966 715 5020 ab
748 4965 937 5020 inferis
977 4965 1185 5020 animas
1208 4967 1359 5023 exire
1406 4969 1677 5039 captivas.
1713 4971 1866 5028 Unde
1897 4978 1973 5029 si-

365 5063 690 5130 gniﬁcanter
721 5061 866 5116 LXX
914 5063 1131 5134 κάτοχοι
1160 5065 1352 5119 αἰὼνιοι
1387 5064 1498 5136 [ΑΙ.
1547 5068 1808 5141 κατόχους
1837 5074 1965 5127 αἰω-

368 5154 528 5228 view]
561 5156 970 5219 transmlerunt,
1014 5155 1116 5211 hoc
1141 5169 1248 5221 εει,
1291 5172 1506 5227 semper
1529 5171 1716 5218 tenere
1738 5167 1967 5235 cupien-

365 5260 467 5316 tes,
490 5265 627 5319 quos
649 5248 817 5304 semel
839 5249 1181 5304 invaserant.
1227 5249 1333 5304 Sed
1363 5249 1628 5308 Dominus
1659 5267 1862 5326 noster,
1897 5258 1967 5316 de

434 5441 458 5470 ⁸
501 5431 630 5486 Mss.
659 5428 912 5497 Palatini,
949 5427 1098 5484 Unde
1128 5438 1204 5484 est
1247 5429 1400 5496 illud,
1433 5441 1483 5485 et
1529 5434 1747 5489 tenebra:
1791 5448 1956 5505 erant,

359 5513 466 5614 cui;
486 5577 841 5645 Septuaginta
855 5573 1359 5642 interpretationem
1375 5573 1439 5628 ad
1457 5583 1766 5631 nostrorum
1795 5581 1953 5638 codd.

360 5648 548 5714 ﬁdem,
573 5647 768 5703 ϐιωεο
817 5649 1154 5702 assentiente
1187 5653 1358 5714 textu,
1384 5646 1616 5716 singulis
1662 5665 1798 5717 pene
1833 5669 1956 5709 ver-

357 5721 441 5774 bis
468 5717 816 5774 restituimus.
869 5717 1041 5773 Antea
1096 5719 1267 5772 multo
1311 5719 1468 5788 aliter
1514 5718 1736 5788 lectum,
1769 5740 1951 5779 ascen-

350 5793 434 5845 det
484 5797 548 5845 de
583 5790 911 5859 corruptione
962 5791 1064 5844 vita
1093 5790 1163 5844 ad
1210 5799 1277 5854 tc,
1336 5787 1557 5847 Domine
1595 5787 1738 5850 Deus
1786 5813 1949 5854 mens.

2069 4707 2123 4754 et
2153 4701 2364 4774 integer
2393 4708 2670 4764 manserit.
2705 4710 2877 4769 Porro
2925 4715 3066 4786 quod
3099 4719 3176 4773 ait
3209 4734 3224 4772 :
3257 4717 3480 4776 Domine
3531 4721 3678 4780 Deus

2075 4810 2240 4862 meus,
2293 4798 2632 4856 blandientis
2682 4804 2908 4862 allectus
2967 4818 3072 4877 est,
3122 4813 3268 4882 quod
3327 4828 3675 4874 communem

2075 4887 2244 4944 Deum
2275 4892 2543 4962 omnium,
2579 4895 2828 4954 beneﬁcii
2857 4904 3228 4974 magnitudine
3248 4922 3407 4964 suum
3439 4912 3674 4982 etqnasi

2074 4986 2350 5052 proprium
2383 4993 2614 5045 senserit
2648 4992 2838 5049 Demn.

2145 5076 2326 5146 (Vers.
2362 5079 2442 5151 8.)
2484 5081 2612 5136 Cum
2648 5090 3036 5157 angustiaretur
3067 5092 3175 5166 [ΑΙ.
3233 5072 3556 5174 αηέεὲανειιιν]
3616 5103 3673 5158 in

2074 5185 2155 5224 me
2183 5173 2361 5227 anima
2393 5190 2532 5241 mea,
2571 5176 2783 5235 Domini
2827 5187 3128 5241 recordatus
3161 5204 3295 5244 sum.
3323 5189 3468 5246 LXX
3497 5211 3510 5247 :
3542 5173 3673 5250 Cum

2075 5264 2310 5334 deﬁceret
2337 5283 2404 5322 ea:
2421 5285 2502 5326 me
2538 5272 2713 5328 anima
2737 5291 2873 5347 mea,
2914 5277 3128 5335 Domini
3179 5288 3482 5340 recordatus
3528 5304 3668 5343 sum.

2069 5442 2290 5548 βιέῐιςιιε
2312 5447 2494 5548 habe},
2523 5456 2602 5508 καὶ
2624 5456 2860 5548 evasere.»
2885 5458 2938 5512 ἐκ
2966 5460 3153 5537 φθορᾶς
3180 5464 3218 5548 ἡ,
3240 5466 3345 5528 ζωή
3367 5487 3488 5548 μου,
3518 5472 3668 5548 κύριε

2068 5521 2246 5611 i326.-
2271 5542 2391 5611 (LOU:
2420 5521 2566 5611 liinc
2593 5530 2838 5606 etpaulo
2859 5521 2983 5599 pesi
3029 5521 3273 5588 cicenda-1
3300 5521 3668 5611 obliget—iiii}

2065 5600 2166 5656 pro
2192 5595 2434 5667 ascendet
2479 5601 2818 5667 reponimus.

2140 5661 2443 5752 aptat-tiam
2475 5661 2604 5752 legit
2630 5673 2981 5752 sanctiﬁcatur
3007 5691 3026 5752 ς
3053 5687 3162 5752 tum
3197 5679 3399 5741 Victor.
3432 5687 3665 5752 redimit,

2157 5731 2390 5826 Vulgata
2419 5731 2680 5826 editione,
2707 5731 3040 5826 prd_redemi_t
3065 5731 3666 5826 .-’déiiii;'tié'iu's§fii6§3

2064 5810 2153 5870 tri,
2187 5822 2250 5860 ea:
2274 5813 2630 5883 corruptione,
2661 5810 2762 5885 pro
2787 5818 2850 5872 de
2880 5821 3110 5876 interitu.
