4078 6342
387 328 526 383 1157

1225 321 1882 379 COMMENTARIORUM
1923 320 1988 376 ΙΝ
2025 315 2250 375 JONAM
2288 317 2516 374 LIBER.
2558 318 2714 374 CAP.
2760 317 2847 372 111.

3549 317 3686 371 1158

382 442 544 508 Cum,
587 443 779 513 inquit,
819 442 1023 496 nullum
1063 437 1208 496 aliud
1258 453 1539 511 sperarem
1571 438 1860 503 auxilium,
1888 452 1978 493 re-
2007 436 2060 497 Α
2085 433 2398 490 custodiunt
2445 433 2719 489 vanitates
2744 475 2759 501 ,
2793 447 2906 488 non
2959 431 3265 502 relinquit,
3301 443 3409 486 non
3454 430 3696 486 detesta-

381 534 627 592 cordatio
659 533 874 589 Domini
927 533 1062 588 mihi
1090 533 1253 588 saluti
1308 533 1427 599 fuit,
1457 533 1610 604 juxta
1660 531 1792 587 illud
1829 549 1842 586 :
1875 531 1984 586 Re-

380 629 627 684 cordatus
665 644 778 682 sum
809 625 1042 689 Domini,
1074 635 1123 680 et
1149 625 1357 680 laetatus
1387 642 1503 680 sum
1536 624 1658 696 (Ps.
1693 640 1876 694 Lxxvt,
1903 622 1981 694 4).

384 723 452 779 Et
484 724 537 778 in
563 722 673 777 alio
702 721 822 776 loco
849 738 860 772 :
889 720 1212 775 Recordatus
1240 737 1350 775 sum
1383 719 1584 774 dierum
1629 720 1982 790 antiquorum,

380 825 427 870 et
457 831 626 869 annos
644 822 862 869 teternos
888 813 944 867 in
992 822 1158 867 mente
1186 813 1340 867 habui
1389 811 1506 876 (Ps.
1540 828 1733 877 Lxxv1,
1759 811 1838 881 6).
1874 812 1985 880 Ego
2032 862 2039 868 .

380 923 507 964 cum
533 908 892 978 desperarem
923 907 1186 969 salutem,
1217 917 1271 962 et
1296 907 1480 962 carnis
1512 906 1774 978 fragilitas
1794 903 1848 960 in
1875 921 1987 961 me-

381 1001 472 1058 dio
502 1012 693 1056 ventre
714 1001 823 1055 ceti
856 1000 992 1056 nihil
1018 1015 1104 1056 me
1132 1001 1200 1056 de
1227 1000 1334 1054 vita
1373 1014 1597 1069 sperare
1623 999 1984 1070 permitteret,

381 1094 644 1168 quidquid
680 1093 1023 1164 impossibile
1040 1093 1349 1158 videbatur,
1367 1094 1580 1149 Domini
1608 1092 1987 1149 recordatione

383 1197 701 1260 superatum
725 1196 830 1244 est.
860 1186 1126 1244 Videbam
1164 1203 1250 1243 me
1281 1188 1520 1243 clausum
1555 1185 1608 1241 in
1661 1197 1814 1240 utero
1855 1183 1982 1251 ceti,

382 1294 439 1337 et
469 1291 582 1336 tnta
606 1295 730 1351 spes
761 1294 879 1336 mea
911 1279 1174 1335 Dominus
1207 1290 1344 1336 erat.
1385 1281 1466 1334 Ex
1500 1280 1696 1349 quibus
1721 1279 1986 1335 discimus

378 1373 531 1444 juxta
544 1372 898 1444 Septuaginta
916 1388 982 1428 eo
1005 1384 1247 1443 tempore
1260 1388 1366 1443 quo
1383 1373 1566 1428 deﬁcit
1581 1373 1757 1427 anima
1773 1380 1982 1442 nostra,

381 1477 436 1521 et
461 1482 489 1519 a
507 1465 757 1536 corporis
782 1479 1042 1538 compage
1072 1465 1374 1532 divellitur,
1399 1481 1504 1520 non
1527 1481 1627 1521 nos
1653 1465 1855 1522 debere
1879 1463 1986 1520 alio

378 1561 763 1632 cogitationem
795 1570 1037 1627 vertere,
1064 1561 1167 1615 nisi
1196 1560 1263 1615 ad
1291 1575 1441 1624 eum,
1475 1561 1566 1630 qui
1593 1570 1647 1614 et
1679 1562 1728 1613 in
1750 1574 1986 1629 corpore

380 1663 434 1710 et
455 1664 608 1710 extra
632 1667 833 1725 corpus
857 1664 1042 1709 noster
1063 1664 1145 1708 est
1180 1653 1457 1709 Dominus.
1486 1653 1660 1724 Super
1679 1651 1988 1708 Salvatoris

381 1761 513 1802 vero
543 1761 776 1817 persona
801 1761 907 1802 non
953 1756 1038 1801 est
1066 1745 1309 1802 difficilis
1353 1747 1751 1818 interpretatio,
1785 1747 1875 1815 qui
1905 1746 1988 1800 di-

379 1840 459 1894 xit
493 1856 507 1894 :
539 1838 725 1894 Tristis
755 1851 828 1895 est
859 1841 1033 1893 animo
1076 1856 1188 1893 mea
1233 1857 1395 1907 usque
1424 1817 1736 1896 adimortem
1759 1838 1978 1907 (Matth.
2013 1817 2058 1879 Β

379 1945 527 2000 xxvr,
563 1931 651 1998 58,
686 1930 796 2001 59).
832 1931 939 1986 Et:
976 1931 1155 1999 Pater,
1208 1934 1255 1986 si
1281 1933 1522 2006 possibile
1565 1943 1659 1998 est,
1703 1943 1928 1987 transeat
1955 1950 1985 1985 a

379 2043 460 2081 me
477 2025 618 2081 calix
643 2027 758 2082 iste.
790 2026 857 2082 Et
891 2046 903 2082 :
940 2025 1005 2081 In
1027 2045 1210 2082 manus
1237 2041 1354 2084 tuas
1401 2030 1701 2085 commendo
1747 2031 1986 2102 spiritum

380 2137 547 2175 meum
577 2119 695 2193 (Ps.
727 2137 860 2189 xxx,
889 2119 944 2192 6)
975 2140 989 2178 :
1016 2133 1074 2177 et
1103 2132 1302 2178 caetera
1327 2122 1414 2178 bis
1444 2124 1668 2179 similia.

377 2248 383 2255 ~
455 2215 526 2271 Ut
553 2215 722 2270 veniat
752 2217 819 2270 ad
851 2226 897 2271 te
924 2217 1089 2272 oratio
1120 2234 1266 2287 mea,
1297 2219 1367 2272 ad
1390 2219 1642 2290 templum
1673 2217 1836 2291 413
1864 2235 1986 2272 san-

381 2318 518 2363 ctum
551 2319 716 2363 tuum.
752 2317 778 2345 τι
803 2307 944 2364 LXX
975 2309 1252 2365 similiter.
1285 2309 1500 2365 Idcirco
1542 2310 1594 2365 in
1629 2309 1987 2366 tribulatione

381 2403 598 2459 Domini
630 2403 953 2460 recordatus
982 2421 1125 2470 sum,
1156 2415 1213 2459 ut
1254 2405 1435 2460 oratio
1465 2421 1583 2462 mea
1637 2407 1704 2461 de
1735 2415 1985 2461 extremo

379 2499 544 2566 mari,
566 2506 622 2554 et
661 2498 916 2554 scissuris
946 2498 1212 2554 montium
1246 2499 1583 2554 conscendat
1610 2499 1676 2554 ad
1709 2500 1902 2566 caelos,
1930 2509 1986 2556 et

381 2590 565 2645 veniat
603 2591 670 2644 ad
704 2591 968 2662 templum
996 2602 1242 2647 sanctum
1271 2600 1448 2656 tuum,
1475 2594 1529 2648 in
1549 2608 1654 2663 quo
1687 2603 1743 2648 tu
1775 2602 1982 2649 aeterna

382 2684 582 2740 frueris
615 2685 979 2743 beatitudine.
1033 2688 1100 2743 Et
1137 2687 1598 2744 considerandum
1646 2689 1792 2760 quod
1841 2705 1986 2746 novo

381 2794 602 2850 genere.
622 2779 798 2834 oratio
823 2781 914 2835 ﬁat
936 2795 1036 2850 pro
1058 2782 1339 2843 oratione.
1367 2792 1694 2853 etprecetur
1718 2793 1777 2837 ut
1801 2783 1982 2840 oratio

384 2873 530 2930 illius
558 2873 891 2931 conscendat
925 2874 992 2930 ad
1024 2876 1288 2948 templum
1322 2876 1439 2932 Dei.
1471 2875 1615 2933 Petit
1647 2886 1828 2932 autem
1854 2892 1984 2947 qua-

383 2970 429 3025 si
457 2970 716 3040 pontifex,
747 2979 808 3026 ut
848 2971 901 3026 in
925 2986 1158 3041 corpore
1179 2988 1279 3028 suo
1309 2973 1542 3044 populus
1568 2973 1856 3029 liberetur.

455 3065 635 3136 (νει-8.
668 3067 750 3137 9.)
783 3066 884 3136 Qui
907 3069 1205 3122 custodiunt
1243 3071 1502 3124 vanitates
1527 3070 1744 3138 frustra,
1776 3069 1980 3124 miseri-

385 3158 620 3214 cordiam
659 3175 808 3214 suam
837 3160 866 3200 ι)
896 3160 1274 3233 derelinquant.
1308 3161 1494 3217 LXX:
1531 3163 1632 3230 Qui
1679 3164 1984 3218 custodiunt

385 3267 518 3306 rana
565 3261 612 3307 et
657 3255 951 3320 mendacia,
987 3255 1400 3311 misericordiam
1444 3273 1592 3312 suam
1637 3256 1979 3328 reliquerunt.

387 3343 532 3400 Deus
592 3354 789 3403 natura
839 3347 1157 3404 misericors
1209 3359 1420 3418 est,et
1452 3361 1758 3418 paralusut
1809 3352 1982 3407 salvet

385 3436 676 3493 clementia
705 3481 720 3506 ,
750 3453 888 3510 quos
946 3455 1054 3494 non
1105 3450 1288 3511 potest
1345 3441 1560 3496 salvare
1598 3442 1847 3512 justitia:
1882 3457 1982 3497 nos

385 3537 565 3585 autem
593 3530 726 3584 vitio
752 3540 937 3587 nostro
971 3542 1217 3602 paratam
1252 3534 1686 3589 misericordiam
1713 3577 1725 3600 ,
1756 3544 1810 3590 et
1837 3534 1984 3590 ultro

385 3635 446 3677 se
467 3621 786 3680 offerentem
811 3625 1092 3696 perdimus
1110 3636 1166 3682 et
1196 3628 1576 3697 relinquimus.
1595 3628 1663 3683 Et
1687 3643 1794 3684 non
1814 3629 1978 3696 dixit,

385 3715 475 3784 qui
507 3715 704 3785 faciunt
743 3718 996 3773 vanitates
1029 3719 1286 3775 (Vanitas
1319 3720 1522 3792 quippe
1551 3723 1854 3777 vanitatnm
1879 3765 1894 3790 ,
1928 3732 1985 3778 et

387 3809 570 3864 omnia
618 3811 834 3866 vanitas
885 3809 1060 3879 (Eccl.
1092 3828 1152 3879 ι,
1183 3811 1240 3884 2)
1281 3829 1350 3868 ne
1395 3815 1656 3871 damnare
1703 3815 1984 3870 videretur

389 3899 677 3956 universos
698 3945 712 3969 ,
744 3911 801 3956 et
825 3910 1028 3956 cuncto
1056 3903 1248 3973 generi
1273 3903 1513 3961 humano
1546 3906 1982 3962 misericordiam

388 3991 704 4063 denegare;
731 3994 829 4049 sed
861 3996 952 4066 qui
983 3997 1303 4052 custodiunt
1330 4001 1600 4055 vanitates
1627 4043 1639 4064 ,
1678 4000 1794 4054 sive
1832 4015 1985 4054 men--

387 4083 628 4154 dacium,
658 4090 748 4156 qui
777 4089 1110 4144 transierunt
1143 4089 1194 4144 in
1229 4092 1480 4148 affectum
1507 4094 1691 4150 cordis
1716 4113 1730 4148 :
1753 4095 1846 4165 qui
1876 4109 1981 4150 non

386 4176 560 4232 solum
611 4177 854 4248 faciunt,
883 4181 978 4237 sed
1011 4183 1086 4237 ita
1115 4185 1429 4241 custodiunt
1475 4188 1745 4244 vanitates
1775 4233 1788 4257 ,
1827 4189 1982 4258 quasi

388 4269 643 4342 diligant,
671 4281 726 4328 et
756 4272 1072 4329 thesaurum
1097 4275 1345 4333 invenire
1371 4293 1432 4334 se
1460 4290 1667 4349 putent.
1698 4280 1987 4352 Simulque

386 4379 554 4421 cerne
589 4368 1093 4437 magnanimitatem
1127 4370 1407 4441 prophetae
1431 4416 1447 4440 ,
1483 4375 1536 4428 in
1568 4375 1842 4444 profundo
1873 4391 1987 4430 ma-

387 4460 487 4526 ris,
523 4461 574 4515 in
600 4473 792 4518 ventre
823 4475 987 4519 tanta:
1020 4466 1209 4522 bestiae
1241 4477 1448 4523 aeterna
1477 4480 1640 4525 nocte
1668 4481 1982 4542 coopertus,

392 4569 496 4610 non
531 4557 732 4626 cogitat
760 4557 827 4614 de
854 4559 1102 4627 periculo
1129 4576 1229 4616 suo
1254 4603 1267 4623 ,
1303 4562 1398 4619 sed
1428 4563 1498 4618 de
1528 4573 1722 4619 natura
1755 4581 1938 4621 rerum
1967 4609 1981 4632 ,

388 4649 628 4716 generali
661 4652 930 4706 Sententia
965 4652 1400 4722 philosophatur.
1436 4655 1874 4724 Misericordiam,
1903 4661 1986 4715 in-

389 4740 523 4808 quit,
559 4759 706 4795 suam
734 4743 1108 4815 derelinquent.
1141 4746 1297 4802 Licet
1325 4749 1530 4804 offensa
1560 4751 1633 4804 sit
1662 4753 1984 4808 misericor-

394 4833 480 4886 dia
509 4876 521 4898 ,
575 4850 735 4903 quam
785 4852 884 4891 nos
936 4852 1227 4908 possumus
1255 4841 1431 4911 ipsum
1465 4843 1773 4914 intelligere
1812 4845 1986 4901 Deum

403 4925 723 4997 (Misericors
775 4929 911 4983 enim
961 4943 1010 4986 et
1038 4933 1308 4987 miserator
1363 4933 1635 5002 Dominus,
1693 4938 1894 5006 patiens
1947 4949 1994 4994 et

406 5018 587 5075 multw
631 5023 974 5078 miserationis
1028 5024 1147 5096 (Ps.
1181 5041 1338 5083 chtv
1367 5073 1381 5096 ,
1415 5030 1494 5100 8),
1525 5039 1706 5087 tamen
1755 5047 1850 5089 eos
1902 5034 1996 5105 qui

475 5237 499 5262 ο
544 5226 779 5303 Deerant
817 5225 994 5303 verba
1054 5226 1202 5282 LXX
1255 5231 1526 5303 similiter:
1556 5247 1675 5303 quae
1724 5241 1838 5288 tum
1883 5235 1989 5301 hic,

395 5307 505 5352 tum
541 5298 671 5353 alibi
702 5299 900 5368 smpius
931 5313 997 5352 ex
1025 5315 1156 5354 mss.
1189 5301 1524 5356 suﬁ'ecimus.

465 5370 489 5406 δ
522 5369 881 5446 Aqulgatm
920 5373 1204 5446 exemplar
1249 5373 1521 5446 Victorius
1578 5377 1988 5446 derelinquunt:

390 5457 554 5520 quam
579 5439 874 5520 videturin
908 5439 1151 5499 subnexa
1183 5445 1523 5516 expositione
1549 5439 1845 5504 lectiOnem
1873 5449 1990 5520 ipse

391 5511 654 5584 prtrferre
679 5513 737 5569 S.
773 5513 990 5568 Doctor.

467 5595 488 5623 ε
521 5585 847 5663 _lli_c__voce_m
875 5601 1046 5651 verus,
1076 5588 1217 5643 infra
1242 5607 1364 5662 ergo
1402 5589 1724 5647 adverbium
1758 5603 1988 5663 praeter-

393 5657 560 5711 tnittit
592 5655 890 5711 Victorius.

524 5728 798 5812 Victorius
837 5728 915 5812 ait
945 5731 1147 5812 :.l_l_unc
1194 5733 1372 5790 locum
1421 5734 1566 5812 LXX
1611 5735 1996 5807 interpretatio

395 5801 650 5858 vitiavit:
676 5801 756 5858 sic
785 5801 931 5858 enim
971 5801 1048 5859 illi
1092 5814 1416 5865 verterunt:
1447 5801 1810 5878 Hieronymus
1839 5825 1995 5877 vero,

2009 4611 2063 4672 D

2091 541 2198 594 tur,
2231 529 2326 585 sed
2352 537 2638 600 exspectat
2666 538 2722 583 ut
2751 528 2978 583 redeant
3004 546 3015 580 :
3051 528 3131 584 illi
3161 542 3292 583 vero
3321 535 3558 582 stantem
3594 528 3694 581 mi-

2089 626 2450 682 sericordiam
2481 634 2536 681 et
2581 625 2726 679 ultro
2775 639 2835 680 se
2881 623 3210 679 offerentem
3237 632 3436 693 sponte
3470 623 3694 693 propria

2089 721 2499 791 derelinquunt.
2533 718 2724 773 Potest
2755 717 2858 773 hoc
2901 728 2954 772 et
3002 732 3071 772 ex
3101 730 3333 786 persona
3375 713 3588 770 Domini
3621 713 3692 770 de

2089 814 2400 870 Judzrorum
2431 812 2659 884 perfidia
2684 811 3024 882 prophetari,
3045 809 3136 880 qui
3163 809 3291 863 dum
3319 823 3379 864 se
3409 807 3689 863 a'stimant

2090 916 2359 978 praecepta
2409 906 2691 962 hominum
2736 914 2788 960 ct
2833 902 3241 958 Pharisaeorum
3273 901 3528 956 mandata
3574 915 3666 954 ser

2090 1016 2217 1056 vare
2243 1043 2257 1068 ,
2292 1014 2412 1071 quae
2442 1000 2656 1055 vanitas
2703 1009 2869 1068 atque
2913 997 3259 1053 mendacium
3310 1003 3476 1064 sunt,
3513 995 3684 1050 Deum

2087 1094 2179 1165 qui
2210 1107 2429 1164 semper
2459 1107 2652 1146 eorum
2685 1090 2946 1146 misertus
2980 1089 3156 1145 fuerat
3181 1131 3196 1156 ,
3229 1088 3593 1159 reliquerunt.

2160 1187 2341 1259 (Vers.
2377 1184 2491 1254 10.)
2525 1185 2640 1259 Ego
2684 1199 2855 1239 autem
2879 1185 2932 1238 in
2961 1201 3080 1238 voce
3108 1184 3280 1238 laudis
3311 1183 3588 1237 immolabo
3620 1184 3688 1238 ti-

2088 1281 2180 1334 bi:
2209 1278 2375 1352 414
2403 1295 2736 1352 ᾳηωειιηιιιιιθ
2781 1279 2894 1333 vovi
2925 1276 3142 1332 reddam
3175 1293 3270 1347 pro
3309 1277 3477 1330 salute
3505 1276 3689 1330 Domi-

2087 1389 2174 1427 uo.
2201 1372 2344 1427 LXX
2369 1391 2381 1426 :
2415 1371 2527 1446 Ego
2549 1383 2724 1427 autem
2753 1388 2871 1426 cum
2899 1387 3021 1426 voce
3060 1370 3233 1426 laudis
3266 1380 3314 1425 et
3347 1371 3690 1440 confessionis

2087 1467 2364 1521 immolabo
2409 1467 2520 1534 tibi,
2563 1482 2895 1538 quaecumque
2938 1466 3050 1519 vovi
3089 1463 3309 1520 reddam
3338 1463 3429 1518 tibi
3457 1463 3690 1517 salutare

2093 1563 2335 1616 Domino.
2365 1560 2469 1629 Qui
2499 1559 2817 1615 custodiunt
2847 1558 3123 1613 vanitates
3150 1603 3163 1627 ,
3196 1572 3350 1613 suam
3378 1556 3697 1612 misericor-

2088 1655 2232 1711 diam
2266 1657 2649 1723 reliquerunt:
2679 1669 2779 1726 ego
2811 1664 2993 1709 autem
3023 1655 3112 1725 qui
3145 1667 3244 1723 pro
3277 1651 3576 1707 multorum
3605 1665 3693 1704 sa-

2089 1753 2199 1808 lute
2222 1752 2521 1812 devoratus
2550 1767 2670 1807 sum
2697 1793 2712 1818 ,
2747 1751 2802 1806 in
2847 1765 2981 1806 voce
3029 1749 3207 1805 laudis
3239 1757 3294 1804 et
3317 1747 3686 1805 confessionis

2088 1847 2383 1902 immolabo
2413 1845 2549 1915 tibi,
2581 1845 2847 1914 nicipsum
2879 1843 3114 1900 offerens
3141 1861 3152 1897 :
3184 1843 3309 1914 quia
3340 1839 3552 1895 Pascha
3598 1855 3690 1893 no-

2087 1953 2250 1997 strum
2271 1941 2573 1996 immolatus
2600 1950 2677 1997 est
2699 1939 2935 1996 Christus
2955 1939 2998 2011 (l
3028 1938 3152 1994 Cor.
3175 1936 3255 2008 v).
3278 1936 3352 1992 Et
3374 1935 3533 2008 quasi
3561 1946 3582 1974 ο
3599 1950 3692 1990 vc-

2088 2053 2182 2092 rus
2213 2037 2452 2106 pontifex
2485 2045 2538 2092 et
2566 2037 2686 2090 ovis
2716 2035 2962 2102 seipsum
3015 2048 3112 2103 pro
3161 2031 3321 2087 nobis
3369 2029 3588 2084 obtulit.
3619 2029 3692 2084 Et

2087 2130 2415 2196 conﬁtebor,
2453 2129 2659 2200 inquit,
2693 2127 2787 2182 tibi
2817 2138 2872 2181 ut
2921 2135 3046 2181 ante
3069 2123 3361 2182 confessus
3405 2136 3524 2178 sum
3553 2165 3568 2188 ,
3602 2123 3689 2176 di-

2087 2237 2258 2277 cens:
2294 2220 2559 2292 Conﬁteor
2599 2220 2708 2294 [Αι.
2747 2217 3062 2290 Conﬁtebor]
3111 2216 3224 2284 tibi,
3278 2214 3443 2271 Pater
3469 2213 3693 2269 Domine

2089 2317 2199 2370 caeli
2247 2327 2294 2369 et
2347 2324 2496 2370 terrae
2527 2312 2684 2385 (Mat.
2715 2329 2767 2368 xl
2795 2356 2810 2380 ,
2845 2313 2913 2367 15
2941 2328 2955 2376 ;
2984 2309 3144 2364 Joan.
3173 2325 3228 2364 v1
3253 2350 3268 2375 ,
3295 2307 3425 2379 '59);
3459 2318 3514 2363 et
3562 2307 3688 2362 red~

2087 2410 2212 2465 dam
2238 2417 2360 2466 vota
2394 2452 2408 2475 ,
2441 2424 2562 2480 qum
2592 2407 2696 2463 feci
2738 2421 2837 2478 pro
2862 2407 3036 2461 salute
3063 2403 3307 2460 omnium
3334 2402 3567 2457 Domino
3587 2443 3601 2467 ,
3632 2411 3691 2455 ut

2087 2519 2249 2559 omne
2277 2502 2419 2573 quod
2447 2501 2643 2557 dedisti
2674 2499 2807 2555 mihi
2828 2514 2932 2554 non
2956 2506 3144 2569 pereat
3164 2497 3217 2552 in
3242 2493 3688 2552 aelernum.Cer-

2087 2599 2268 2654 nimus
2299 2596 2430 2668 quid
2465 2597 2518 2651 in
2549 2610 2645 2650 sua
2689 2594 2947 2665 passione
2977 2592 3232 2648 Salvator
3255 2605 3356 2663 pro
3387 2599 3574 2646 nostra
3604 2604 3691 2644 sa-

2085 2693 2198 2747 lute
2245 2690 2600 2762 promiserit:
2634 2704 2742 2743 non
2793 2687 3056 2742 faciamus
3087 2685 3408 2742 mendacem
3457 2683 3687 2740 Jesum:

2086 2801 2217 2857 ergo
2248 2784 2435 2841 mundi
2461 2785 2634 2840 simus
2661 2828 2674 2852 ,
2703 2790 2756 2838 et
2782 2783 2851 2838 ab
2883 2781 3157 2836 universis
3185 2790 3538 2852 peccatorum
3569 2792 3690 2833 sor-

2085 2879 2250 2934 dibus
2290 2877 2567 2948 separati,
2597 2884 2656 2931 ut
2700 2890 2800 2931 nos
2848 2875 2960 2930 Deo
3009 2875 3158 2930 Patri
3185 2873 3383 2929 offerat
3429 2871 3687 2927 victimas

2085 2989 2220 3045 quas
2242 2981 2487 3027 voverat.

2157 3069 2344 3143 (Vers.
2374 3067 2490 3140 1-1.)
2521 3066 2591 3120 Et
2617 3064 2748 3118 dixit
2779 3061 3039 3117 Dominus
3071 3061 3239 3132 pisci:
3271 3070 3316 3114 et
3349 3059 3572 3114 evomuit
3594 3056 3688 3111 Jo-

2086 3179 2208 3217 nam
2233 3162 2290 3214 in
2320 3161 2544 3214 aridam.
2577 3156 2761 3212 LXX:
2799 3155 2865 3210 Et
2889 3155 3135 3228 prazcepit
3167 3163 3300 3221 ceto,
3329 3162 3375 3207 et
3407 3152 3557 3223 ejecit
3587 3149 3685 3204 Jo-

2088 3274 2211 3312 nam
2239 3273 2394 3327 super
2417 3256 2632 3310 siccum.
2669 3253 2795 3308 llaec
2824 3266 2944 3323 qua:
2972 3263 3140 3319 supra
3186 3248 3419 3320 lrgitnus
3445 3247 3548 3304 sub
3571 3262 3695 3317 per-

2088 3365 2223 3406 sona
2254 3349 2406 3405 Jonas
2437 3348 2702 3403 Dominus
2730 3345 3056 3415 deprecatus
3085 3350 3170 3398 est
3213 3343 3270 3396 in
3321 3349 3516 3397 ventre
3544 3341 3651 3396 ceti
3677 3380 3693 3408 ,

2088 3442 2157 3498 de
2183 3459 2290 3513 quo
2318 3451 2370 3497 et
2391 3440 2492 3497 Job
2514 3439 2751 3511 mystice
2779 3439 3022 3509 loquitur
3048 3455 3061 3491 :
3093 3435 3378 3490 Maledicat
3400 3436 3445 3490 ei
3471 3436 3558 3507 qui
3581 3451 3692 3488 ma-

2089 3535 2272 3592 ledixit
2299 3535 2424 3599 diei,
2456 3535 2546 3589 ille
2567 3533 2658 3604 qui
2694 3548 2938 3604 magnum
2965 3540 3133 3586 cetum
3155 3539 3405 3602 capturus
3439 3539 3512 3585 est
3542 3527 3691 3602 (Job.

2090 3647 2148 3686 ιιι
2177 3673 2192 3696 ,
2218 3629 2300 3702 8).
2334 3628 2661 3699 Praecipitur
2690 3642 2822 3697 ergo
2853 3625 2982 3680 huic
3011 3640 3212 3696 magno
3238 3632 3363 3680 ceto
3386 3634 3490 3693 ,-et
3519 3623 3689 3695 abys-

2089 3727 2165 3780 sis
2191 3733 2249 3780 et
2297 3723 2544 3788 inferno,
2575 3729 2636 3775 ut
2685 3719 2846 3775 terris
2887 3719 3186 3773 restituant
3223 3716 3606 3772 Salvatorem:
3641 3728 3696 3772 et

2088 3819 2180 3890 qui
2211 3827 2458 3874 mortuus
2485 3817 2703 3884 fuerat,
2734 3824 2793 3870 ut
2814 3815 3077 3871 liberaret
3103 3827 3202 3869 eos
3227 3812 3319 3884 qui
3353 3813 3547 3868 mortis
3572 3812 3692 3867 vin-

2086 3911 2222 3966 culis
2253 3912 2594 3977 tenebantur,
2627 3923 2812 3963 secum
2860 3906 3122 3977 plurimos
3158 3905 3355 3961 educat
3386 3903 3453 3958 ad
3484 3903 3679 3958 vitam.

2090 4005 2242 4072 Quod
2275 4016 2457 4059 autem
2504 4002 2762 4060 scribitur
2813 4003 3053 4070 evomuit,
3086 4003 3493 4077 ἐμφατικὼτερον
3526 3998 3695 4054 debe-

2090 4113 2212 4152 mus
2238 4096 2490 4166 accipere
2517 4112 2529 4147 :
2564 4093 2713 4166 quod
2741 4109 2808 4150 ex
2855 4091 2982 4148 imis
3025 4091 3281 4147 vitalibus
3311 4091 3508 4147 mortis
3533 4130 3548 4158 ,
3579 4090 3692 4146 vic-

2092 4191 2198 4245 trix
2231 4189 2343 4243 vita
2372 4187 2723 4257 processerit.

2165 4281 2324 4352 (Cap.
2357 4280 2448 4336 ll].
2467 4312 2536 4322 —-
2559 4280 2721 4336 Vers.
2748 4282 2801 4345 1,
2829 4277 2914 4352 2.)
2949 4279 3011 4332 Et
3040 4281 3236 4351 factum
3261 4287 3336 4334 est
3357 4279 3568 4332 verbum
3593 4279 3699 4332 Do-

2091 4374 2221 4427 mini
2243 4375 2309 4428 ad
2332 4371 2525 4428 Jonam
2552 4373 2801 4440 secundo,
2829 4374 3006 4426 dicens
3032 4387 3048 4425 :
3075 4363 3245 4443 Surge
3276 4381 3324 4426 et
3354 4371 3484 4426 vade
3511 4373 3561 4424 in
3595 4371 3697 4425 Ni—

2092 4472 2242 4526 niven
2273 4472 2533 4525 civitatem
2563 4487 2830 4542 magnam,
2855 4478 2901 4524 et
2925 4468 3149 4539 prwdica
3176 4469 3234 4523 in
3256 4485 3315 4523 ea
3335 4466 3361 4505 ά
3369 4473 3527 4542 juxta
3558 4485 3696 4542 prte-

2091 4563 2406 4618 dicationem
2435 4565 2682 4636 priorem,
2718 4579 2876 4634 quam
2899 4577 2994 4633 ego
3023 4562 3207 4632 loquor
3237 4562 3305 4615 ad
3333 4572 3398 4636 te.
3426 4561 3590 4618 LXX:
3624 4561 3694 4619 Et

2093 4661 2257 4730 factus
2284 4668 2356 4713 est
2380 4676 2548 4714 sermo
2596 4658 2811 4712 Domini
2860 4657 2929 4710 ad
2957 4656 3148 4711 Ionam
3191 4658 3438 4724 secundo,
3475 4660 3696 4716 dicens:

2095 4751 2290 4822 Surge,
2319 4762 2365 4806 et
2388 4751 2515 4804 rade
2546 4751 2597 4804 in
2629 4750 2852 4804 Niniven
2893 4749 3150 4803 civitatem
3192 4767 3452 4822 magnam,
3477 4762 3526 4806 et
3564 4767 3700 4823 pra!-

2095 4846 2216 4900 dica
2244 4848 2296 4898 in
2325 4862 2385 4899 ea
2406 4848 2563 4916 juxta
2592 4844 3013 4917 prwdicationem
3045 4843 3290 4914 priorem,
3313 4861 3473 4917 quam
3502 4860 3593 4915 ego
3624 4846 3701 4900 lo-

2096 4948 2247 4994 cutus
2289 4955 2403 4993 sum
2433 4941 2501 4992 ad
2549 4949 2614 4993 te.
2647 4937 2766 4993 Non
2816 4938 3015 4993 dicitur
3037 4938 3324 5009 propheta:
3347 4981 3362 5005 ,
3392 4954 3561 5008 quare
3591 4953 3696 4994 non

2100 5034 2277 5090 fecisti
2330 5031 2476 5104 quod
2536 5033 2629 5090 tibi
2662 5032 2840 5089 fuerat
2871 5033 3200 5103 imperatum
3221 5073 3236 5098 ,
3269 5033 3368 5089 sed
3401 5031 3604 5088 sufﬁcit
3650 5033 3702 5087 ei

2099 5244 2156 5290 ut
2184 5251 2247 5290 ex
2278 5235 2509 5305 Vulgata
2538 5234 2658 5305 ejus
2687 5234 2926 5290 editione
2971 5243 3224 5303 apparet,
3259 5234 3366 5290 hoc
3403 5235 3604 5292 modo:
3634 5238 3704 5292 Et

2096 5309 2319 5380 praedico
2345 5308 2399 5361 in
2424 5323 2484 5360 ea
2510 5308 2953 5380 praedicationem,
3003 5322 3164 5376 quam
3189 5323 3281 5379 ego
3327 5308 3510 5380 loquor
3535 5308 3604 5361 ad
3630 5319 3700 5366 te.

2103 5379 2272 5435 Voces
2302 5380 2470 5444 enim,
2496 5379 2653 5446 juxta
2685 5388 2739 5432 et
2769 5379 3020 5450 priorem,
3048 5392 3156 5432 non
3173 5387 3294 5450 sunt
3323 5379 3374 5450 in
3408 5379 3698 5448 Hebraico,

2097 5467 2197 5505 nec
2226 5451 2390 5505 etiam
2421 5465 2544 5505 esse
2579 5447 2874 5514 potuerunt
2916 5465 2928 5501 :
2961 5463 3082 5501 cum
3141 5447 3342 5518 alioqui
3394 5451 3593 5506 falsum
3637 5447 3712 5510 sit

2098 5521 2294 5596 Jonam
2321 5531 2484 5596 antea
2516 5521 2566 5596 in
2591 5521 2804 5596 Ninive
2845 5519 3196 5596 praedicasse,
3242 5536 3365 5596 cum
3425 5523 3709 5596 hucusque

2100 5610 2206 5648 non
2232 5593 2334 5648 nisi
2366 5593 2484 5664 ejus
2517 5593 2584 5647 ab
2608 5594 2692 5647 illa
2728 5593 2859 5648 urbe
2901 5591 3258 5665 describatur
3308 5594 3450 5660 fuga.
3481 5591 3708 5665 Expun-

2098 5674 2200 5720 ctae
2255 5662 2611 5736 sunt‘itaque
2660 5679 2824 5719 voces
2863 5663 2932 5717 ab
2984 5662 3118 5736 illo,
3157 5663 3417 5736 locusque
3444 5666 3510 5720 ad
3540 5662 3706 5725 ﬁdem

2101 5737 2344 5805 Vulgata:
2367 5733 2621 5792 editionis
2651 5737 2956 5792 restitutus.
2981 5733 3153 5790 Nobis
3165 5733 3354 5793 contra
3380 5752 3514 5796 mss.
3534 5740 3700 5798 ﬁdem

2098 5808 2235 5864 nihil
2263 5809 2429 5866 licere
2455 5806 2806 5865 arbitramur.
