4078 6342
337 311 468 370 illi

1197 317 1846 382 COMMENTARIORUM
1885 319 1954 382 IN
1991 319 2214 382 JONAM
2251 325 2478 386 LIBER.
2519 327 2676 392 CAP.
2725 333 2818 392 lli.

3507 341 3648 400 1142

333 427 436 530 rit.
459 427 564 484 vita
615 429 760 530 ejus,
791 441 846 486 et
905 431 1276 488 numerabiles
1303 437 1430 488 anni
1457 434 1582 491 vitae
1615 437 1770 492 illius
1797 435 1922 508 (Job
1949 433 2004 500 Α
2033 437 2366 507 proferunt:
2411 443 2502 500 ubi
2535 443 3063 518 Nabuchodonosor,
3106 463 3224 510 acta
3271 471 3368 528 per
3423 469 3638 530 septem

333 523 468 594 XIV).
499 527 554 580 Si
587 525 732 582 enim
785 527 962 582 stellae
1005 543 1112 582 non
1141 539 1270 584 sunt
1311 529 1532 586 munda:
1555 531 1608 586 in
1635 539 1936 602 conspectu

335 615 458 682 Dei,
491 631 696 686 quanto
721 621 894 690 magis
931 621 1138 676 vermis
1165 629 1222 676 et
1247 621 1498 690 putredo,
1527 633 1582 678 et
1613 621 1666 676 hi
1695 625 1784 694 qui
1811 637 1940 690 pec—

333 717 456 762 cato
487 711 812 766 offendentis
841 711 1689 786 Adamqtenenturobnoxii?Sed
1719 723 1774 770 et
1801 715 1938 772 ordo

333 801 1064 878 pulcherritnuszprtecipit
1113 807 1254 862 Deus
1313 807 1606 878 prophetae.
1657 807 1934 878 Propheta

333 895 594 964 praedicat
653 899 860 952 civitati
887 917 900 950 :
929 899 1080 970 prius
1131 901 1238 956 viri
1269 901 1522 970 credunt,
1551 911 1606 958 et
1633 903 1750 958 illis
1793 903 1936 972 jeju-

331 988 480 1042 nium
543 989 988 1060 prtedicantihus,
1029 995 1206 1046 omnis
1267 1003 1400 1050 tetas
1451 1009 1612 1054 sacco
1669 995 1932 1052 induitur.

335 1080 446 1136 Viri
478 1099 584 1138 non
619 1085 916 1152 prmdit-ant
953 1101 1202 1152 saccum,
1239 1087 1336 1142 sed
1371 1097 1576 1142 tantum
1623 1087 1930 1158 jejunium:

327 1177 390 1228 At
421 1191 552 1232 vero
599 1177 656 1232 bi
705 1176 812 1248 [AL
849 1177 958 1250 his]
983 1179 1182 1248 quibus
1215 1181 1536 1248 penitentia
1595 1180 1930 1250 praccipitur,

327 1281 730 1338 consequenter
753 1269 818 1324 ad
847 1271 1114 1338 jejunium
1147 1285 1366 1326 saccum
1389 1271 1674 1342 copulant,
1709 1279 1766 1326 ut
1815 1271 1934 1324 ina-

325 1361 410 1416 nis
451 1371 664 1430 venter,
703 1371 760 1418 et
793 1363 1016 1418 habitus
1047 1365 1332 1420 luctuosus
1367 1363 1714 1420 ambitiosius
1743 1363 1930 1418 Domi-

325 1471 456 1512 num
481 1455 874 1528 deprecentur.

395 1551 578 1622 (Vers.
601 1551 634 1606 6
667 1557 814 1622 seq.)
841 1551 910 1606 Et
935 1554 1162 1624 pervenit
1185 1553 1392 1608 verbum
1409 1553 1478 1606 ad
1507 1567 1678 1624 regem
1711 1549 1928 1620 Ninive,

323 1653 368 1698 et
397 1645 624 1698 surrexit
669 1645 732 1700 de
759 1647 892 1700 solio
933 1663 1026 1700 suo
1045 1691 1060 1712 ,
1091 1657 1138 1701 et
1167 1646 1354 1720 abjecit
1386 1645 1742 1700 vestimentum
1775 1657 1930 1698 suum

321 1753 354 1790 ιι
379 1751 456 1804 se,
489 1745 536 1790 et
567 1735 782 1790 indutus
809 1747 882 1790 est
913 1753 1088 1802 sacco,
1115 1747 1164 1794 et
1195 1739 1328 1792 sedit
1357 1739 1410 1792 in
1441 1737 1630 1804 cinere,
1659 1747 1708 1790 et
1735 1735 1930 1792 clama-

2042 551 2216 592 aunos
2249 537 2588 608 ptenitentia,
2619 541 2676 598 in
2723 559 2950 616 regnum
2991 549 3282 618 pristinum
3329 553 3644 610 restituitur

2045 627 2210 698 (Dan.
2243 631 2342 702 tv).
2379 631 2486 688 Sed
2517 633 2620 690 hoc
2649 637 2772 704 quia
2803 647 2992 694 saneta
3021 639 3302 712 Scriptura
3333 659 3440 700 non
3476 645 3635 716 dicit,

2041 729 2098 778 et
2119 725 2318 780 evertit
2347 725 2561 796 penitus
2595 727 2844 784 timorem
2871 731 2988 798 Dei,
3019 733 3147 788 dum
3181 733 3344 792 facile
3385 737 3642 796 homines

2041 817 2304 874 labuntur
2339 821 2406 876 ad
2445 819 2598 890 vitia,
2647 831 2904 894 putantes
2950 827 3120 882 etiam
3181 829 3486 900 diabolum,
3549 833 3644 904 qui

2041 919 2232 968 auctor
2257 913 2524 970 malorum
2573 927 2676 984 est,
2709 927 2766 972 et
2811 919 3057 974 omnium
3105 931 3456 990 peccatorum
3491 923 3636 996 fons,

2037 1015 2156 1060 acta
2191 1007 2542 1076 poenitentia,
2579 1023 2742 1080 posse
2763 1009 3004 1080 salvari,
3037 1013 3104 1068 de
3137 1017 3344 1070 nostris
3369 1017 3646 1074 mentibus

2039 1097 2380 1168 abjiciamus.
2399 1101 2466 1156 Et
2485 1101 2724 1158 sciamus
2751 1113 3074 1172 peccatores
3097 1107 3150 1160 in
3175 1107 3476 1178 Evangelio
3499 1111 3640 1166 mitti

2039 1191 2094 1246 in
2127 1193 2304 1258 ignem
2337 1203 2626 1262 internum,
2661 1197 2754 1266 qui
2815 1207 3155 1268 prteparatus
3205 1199 3279 1254 sit
3321 1201 3540 1256 diabolo
3584 1214 3642 1260 et

2037 1285 2244 1352 angelis
2285 1285 2404 1356 ejus
2439 1285 2654 1358 (Matth.
2707 1285 2858 1359 xxv),
2911 1297 2966 1344 ct
3009 1289 3196 1344 dehis
3227 1289 3380 1346 dici:
3441 1289 3642 1348 Vermis

2035 1393 2212 1430 eorum
2239 1395 2342 1432 non
2385 1380 2660 1448 morietur,
2689 1389 2738 1434 et
2765 1379 2902 1450 ignis
2933 1395 3114 1434 eorum
3145 1397 3250 1436 non
3282 1383 3642 1454 exstinguetur

2035 1469 2198 1542 (Isai.
2247 1489 2400 1540 mm,
2455 1473 2572 1542 SM).
2625 1473 2838 1530 Scimus
2879 1473 3098 1546 quidem
3145 1475 3478 1532 clementem
3521 1491 3646 1533 esse

2037 1563 2230 1630 Deum,
2261 1581 2361 1620 nec
2391 1567 2480 1636 qui
2513 1577 2836 1636 peccatores
2877 1581 3088 1632 sumas,
3129 1567 3462 1624 crudelitate
3495 1567 3644 1624 illius

2033 1657 2416 1726 delectamur;
2477 1659 2572 1716 sed
2643 1659 2874 1728 legimus
2935 1677 2948 1716 :
3017 1659 3318 1716 Misericors
3369 1669 3420 1716 et
3459 1663 3642 1730 justus

1995 1753 2196 1828 '419
2221 1749 2513 1820 Dominus,
2557 1761 2606 1808 et
2661 1751 2802 1808 Deus
2857 1761 3030 1808 noster
3075 1753 3360 1808 miseretur.
3419 1751 3640 1808 Iustitia

319 1830 392 1886 vit
417 1839 466 1885 et
497 1831 630 1884 dixit
655 1831 708 1884 in
735 1829 948 1900 Ninive,
973 1847 1036 1886 ea:
1071 1849 1162 1886 ore
1203 1833 1340 1902 regis
1391 1841 1440 1886 et
1489 1831 1784 1902 principum
1813 1833 1928 1902 ejus

2037 1847 2132 1902 Dei
2161 1847 2396 1900 valletur
2433 1845 2832 1910 misericordia,
2862 1853 2916 1902 et
2947 1845 3038 1900 tali
3069 1845 3136 1900 ad
3161 1845 3426 1916 judicium
3459 1845 3636 1900 ambi-

319 1923 496 1976 dicens
527 1937 544 1976 :
577 1921 830 1976 Homines
857 1933 904 1976 et
937 1927 1204 1995 jumenta,
1251 1933 1298 1978 et
1329 1923 1476 1978 boves
1517 1933 1566 1976 et
1611 1939 1800 1992 pecora
1827 1937 1930 1976 non

319 2021 520 2086 gustant
559 2015 868 2086 quidquam,
901 2033 992 2070 nec
1023 2027 1328 2086 pascantur,
1381 2029 1426 2070 et
1481 2031 1672 2088 aquam
1719 2031 1820 2068 non
1851 2015 1934 2068 bi-

319 2109 460 2174 bant,
489 2119 538 2164 et
581 2111 882 2178 aperiantur
905 2113 1070 2166 saccis
1099 2113 1334 2166 homines
1371 2119 1420 2166 et
1445 2113 1708 2182 jumenta,
1753 2121 1800 2164 et
1825 2110 1936 2164 cla-

319 2211 460 2258 ment
489 2203 556 2256 ad
589 2201 872 2258 Dominum
921 2205 1106 2274 (Vulg.
1157 2203 1348 2276 Deum)
1397 2205 1452 2260 in
1505 2203 1854 2276 fortitudine:
1883 2213 1934 2260 et

313 2307 644 2352 convertatur
673 2299 746 2352 vir
763 2317 794 2352 a
817 2299 898 2354 via
925 2317 1023 2354 sua
1053 2300 1214 2366 mula,
1247 2309 1294 2354 et
1325 2301 1388 2354 ab
1413 2301 1694 2368 iniquitate
1717 2315 1836 2370 quae
1857 2309 1932 2354 est

319 2391 374 2446 in
401 2391 636 2448 manibus
667 2409 864 2448 eorum.
897 2395 1026 2460 Quis
1057 2397 1154 2450 scit
1203 2397 1250 2450 si
1281 2405 1306 2434 ει
1329 2405 1662 2450 convertatur
1689 2395 1854 2468 518
1883 2403 1930 2450 et

317 2487 548 2556 ignoscat
595 2485 763 2554 Deus,
797 2495 842 2542 et
871 2499 1160 2542 revertatur
1203 2505 1236 2542 a
1285 2493 1464 2560 furore
1501 2491 1594 2544 ira:
1621 2505 1732 2544 sua:
1753 2497 1802 2542 et
1827 2505 1932 2542 non

317 2582 594 2652 peribimus
615 2583 642 2636 ἔ)
669 2581 814 2638 LXX
841 2601 856 2636 :
901 2584 966 2638 Et
998 2585 1432 2656 appropinquavit
1459 2601 1630 2640 sermo
1668 2585 1736 2638 ad
1761 2599 1932 2654 regem

277 2673 280 2676 ⁴
323 2675 516 2730 Νὲηἰυε
545 2685 596 2730 et
637 2679 864 2732 surrexit
909 2679 974 2732 de
1007 2679 1196 2734 throno
1221 2695 1342 2746 suo,
1393 2691 1440 2734 et
1483 2677 1694 2734 abstulit
1743 2679 1936 2734 stolam

319 2785 474 2824 suam
503 2785 536 2824 a
565 2787 640 2836 se,
669 2781 718 2824 et
743 2783 1016 2844 coopertus
1039 2782 1116 2828 est
1143 2789 1312 2840 sacco,
1339 2783 1388 2828 et
1409 2773 1540 2828 sedit
1573 2775 1628 2828 in
1659 2773 1854 2840 cinere,
1885 2783 1936 2828 et

321 2863 666 2932 prcedicatum
697 2875 772 2920 est
809 2865 998 2922 Ninive
1029 2885 1060 2920 a
1085 2885 1228 2938 rege,
1257 2879 1306 2922 et
1341 2869 1404 2924 ab
1437 2867 1676 2922 omnibus
1699 2867 1810 2940 (Al.
1839 2869 1934 2922 Ito-

319 2959 566 3030 minibus)
613 2963 900 3034 majoribus
931 2967 1070 3034 ejus,
1113 2963 1442 3018 dicentibus.
1489 2963 1746 3018 Homines
1773 2973 1822 3018 et
1837 2965 1934 3034 ju-

317 3062 488 3108 menta
517 3065 564 3110 et
585 3053 734 3110 boves
761 3065 808 3110 et
837 3073 954 3112 oves
975 3073 1076 3110 non
1109 3067 1318 3129 gustant
1345 3059 1654 3130 quidquam,
1687 3075 1780 3114 nec
1807 3075 1934 3130 pas-

317 3155 528 3212 cantur,
561 3155 608 3200 et
629 3165 820 3220 aquam
857 3165 962 3204 non
1007 3151 1180 3204 bibant
1207 3167 1224 3206 :
1255 3161 1304 3204 et
1353 3153 1580 3224 cooperti
1619 3159 1738 3206 sunt
1769 3153 1932 3208 saccis

2041 1943 2188 1996 tione
2225 1941 2476 2010 procedit
2513 1957 2526 1996 ε
2559 1941 2636 1996 sic
2667 1941 2866 2012 parcit,
2915 1941 3210 2012 utjudicet
3243 1957 3256 1994 :
3301 1941 3380 1996 sic
3403 1941 3640 2012 iudicat,

2039 2043 2094 2088 ut
2149 2035 2498 2088 misereatur.
2549 2031 2920 2088 Misericordia
2969 2043 3018 2088 et
3067 2033 3254 2088 veritas
3307 2033 3642 2088 obviaverunt

2033 2129 2132 2184 sibi
2163 2145 2180 2182 :
2199 2129 2410 2200 justitin
2440 2135 2490 2184 et
2515 2143 2619 2198 pas;
2663 2125 2916 2182 osculatte
2959 2137 3080 2182 sunt
3127 2145 3180 2182 se
3223 2125 3392 2198 (Psat.
3429 2143 3638 2196 nvut,

2037 2223 2114 2295 8).
2147 2221 2400 2293 Alioquin
2431 2221 2474 2276 si
2499 2235 2690 2276 omnes
2721 2219 3084 2274 rationabiles
3104 2229 3372 2274 creatura:
3401 2219 3638 2290 aequales

2019 2325 2184 2384 'sunt,
2217 2327 2272 2374 et
2305 2317 2388 2372 vel
2421 2331 2488 2370 ex
2531 2313 2846 2376 virtutibus,
2875 2313 2962 2368 vel
2993 2329 3060 2368 ex
3087 2313 3238 2368 vitiis
3267 2321 3468 2382 sponte
3513 2327 3640 2382 pro-

2037 2413 2150 2483 prin
2199 2419 2292 2466 aut
2321 2425 2536 2466 sursum
2569 2409 2884 2480 eriguntur,
2927 2417 3018 2462 aut
3059 2407 3112 2462 in
3161 2407 3266 2462 ima
3297 2419 3641 2478 merguntur,

2035 2513 2090 2560 et
2119 2505 2282 2574 longo
2323 2511 2446 2574 post
2485 2501 2720 2558 circuitu
2765 2510 2926 2570 atque
2957 2499 3184 2554 inﬁnitis
3233 2499 3472 2564 saeculis,
3517 2515 3640 2554 om-

2037 2599 2182 2652 nium
2213 2611 2394 2652 rerum
2437 2593 2712 2650 restitutio
2741 2591 2864 2660 lict,
2909 2601 2962 2648 et
2993 2607 3098 2646 una
3129 2589 3364 2662 dignitas
3393 2589 3636 2646 militan-

2037 2691 2191 2756 tium,
2225 2705 2344 2760 qure
2375 2687 2638 2742 distantia
2667 2685 2772 2740 erit
2801 2685 2942 2738 inter
2971 2681 3238 2754 virginem
3269 2689 3326 2738 et
3363 2681 3638 2750 prostibu-

2035 2783 2186 2838 lum?
2217 2785 2348 2848 Quae
2375 2778 2680 2836 diﬂ’erentia
2713 2777 2824 2832 crit
2851 2777 2996 2830 inter
3025 2783 3258 2830 matrem
3291 2773 3540 2840 Domini,
3587 2781 3644 2826 et

2039 2877 2206 2948 (quod
2233 2877 2380 2930 dictu
2405 2887 2626 2944 quoque
2649 2869 2950 2941 seelusest)
2975 2865 3526 2924 victimaslibidinum
3545 2879 3646 2936 pu-

2033 2971 2296 3026 blicarum
2315 2969 2338 3022 ‘i
2355 2967 2578 3022 ldemne
2603 2965 2704 3020 erit
2725 2961 3015 3018 Gabrielet
3037 2959 3326 3014 diabolus?
3343 2957 3490 3014 Idem
3507 2971 3640 3028 apo-

2033 3066 2154 3120 stoli
2181 3075 2234 3118 et
2255 3061 2568 3116 dmmoues?
2589 3057 2742 3114 Idem
2767 3055 3054 3126 prophetae
3075 3063 3130 3110 et
3159 3053 3634 3124 pseudo-prophe-

2035 3157 2304 3224 taeildem
2331 3161 2598 3224 martyres
2627 3161 2676 3206 et
2697 3159 3078 3222 persecutores
3099 3147 3308 3218 ‘iFinge
3337 3145 3366 3186 δ
3395 3145 3540 3218 quod
3567 3147 3634 3200 li-

317 3237 554 3293 ltomines
581 3249 630 3292 et
649 3242 912 3312 jumenta,
945 3249 994 3294 et
1037 3243 1392 3298 clamauerunt
1421 3243 1490 3296 ad
1523 3241 1806 3296 Dominum
1831 3257 1916 3298 ve—
1941 3243 1988 3310 C
2021 3257 2132 3320 bet,
2163 3265 2336 3308 annos
2379 3257 2436 3306 et
2483 3257 2736 3316 tempora
2785 3243 3034 3314 dupliCa,
3073 3251 3128 3298 et
3151 3241 3392 3296 infinitas
3439 3247 3632 3294 milites

317 3329 598 3398 Itetttenter,
623 3341 672 3388 et
703 3349 936 3388 reversus
961 3337 1414 3410 estanus-quisque
1437 3338 1500 3390 de
1517 3339 1600 3391 via
1625 3355 1722 3393 sua
1753 3339 1917 3406 mala,

315 3435 366 3482 et
387 3427 452 3482 ab
473 3429 742 3498 iniquitate
771 3445 888 3502 qua:
909 3441 1018 3484 erat
1047 3433 1098 3486 in
1127 3431 1364 3486 manibus
1385 3447 1568 3486 eorum
1599 3433 1920 3488 dicentium:

321 3521 450 3590 Quis
471 3525 570 3578 scit
607 3525 652 3578 si
701 3535 1032 3580 convertatur
1067 3525 1202 3580 Deus
1237 3537 1286 3580 et
1327 3527 1648 3594 exhortetur,
1691 3535 1740 3580 et
1775 3543 1920 3582 aver-

315 3623 456 3670 tatur
497 3617 562 3670 ab
587 3617 664 3670 ira
691 3619 884 3688 furoris
929 3619 1032 3684 sui,
1079 3627 1126 3674 et
1175 3635 1278 3672 non
1305 3621 1622 3690 pereamus?
1651 3617 1776 3674 Scio
1807 3619 1922 3690 ple-

317 3723 520 3778 rosque
551 3727 736 3782 regem
771 3711 960 3766 Ninive
989 3711 1102 3784 (qui
1133 3719 1414 3768 extremus
1439 3713 1624 3768 audiat
1653 3713 1920 3782 praedica-

319 3803 546 3872 tionem,
575 3817 632 3860 et
653 3801 954 3860 descendat
981 3803 1052 3860 de
1083 3805 1224 3860 solio
1263 3821 1388 3874 suo,
1413 3815 1472 3860 et
1497 3805 1790 3874 pristinum
1823 3805 1920 3860 ab-

317 3897 472 3966 jiciat
501 3909 778 3962 ornatum,
815 3899 1154 3968 vestitusque
1183 3913 1368 3964 sacco,
1391 3899 1583 3954 sedeat
1607 3899 1662 3954 in
1689 3899 1878 3954 cinere
1903 3915 1918 3954 :

319 4005 420 4044 nec
445 4005 546 4044 sua
569 3991 936 4046 conversione
957 4001 1276 4060 contentus,
1311 3993 1526 4046 eteteris
1549 4007 1766 4062 qucque
1787 4007 1922 4048 con-

315 4085 542 4140 ducibus
575 4085 688 4140 suis
721 4085 984 4156 praedicet
1015 4087 1422 4156 pmnitentiam,
1457 4085 1648 4142 dicens
1679 4103 1690 4138 :
1727 4085 1918 4140 Homi-

317 4195 422 4246 nes,
449 4187 498 4232 et
515 4181 776 4250 jummtu.
815 4191 864 4234 et
891 4181 1066 4248 boves,
1099 4191 1150 4236 et
1179 4197 1368 4250 pecora
1397 4181 1714 4238 crucientur
1753 4179 1918 4246 fatue,

315 4273 634 4338 operiuntur
673 4275 868 4332 saccis.
923 4283 978 4328 et
1019 4273 1296 4330 damnatis
1341 4273 1596 4344 pristinis
1623 4273 1796 4342 vitiis,
1829 4281 1918 4328 to-

315 4373 400 4416 tos
429 4357 810 4420 se‘cont‘erant
837 4365 902 4420 ad
939 4367 1344 4438 paenitentiam)
1387 4383 1550 4438 super
1581 4367 1806 4422 diabolo
1829 4367 1918 4422 in-

313 4459 630 4526 terpretari,
661 4457 752 4526 qui
783 4457 840 4512 in
873 4457 980 4514 line
1013 4461 1198 4514 muudi
1231 4461 1384 4532 (quia
1419 4461 1570 4514 nulla
1611 4459 1918 4514 rationabi-

317 4549 412 4608 lis.
437 4557 492 4602 et
521 4563 640 4618 quae
665 4563 696 4602 a
729 4549 840 4604 Deo
871 4549 1010 4604 facta
1043 4551 1138 4617 sit,
1169 4561 1424 4606 creatura
1455 4551 1916 4622 pereat)descen-

2025 3363 2258 3420 congere
2277 3343 2638 3402 cruciatibus:
2665 3341 2710 3396 si
2745 3337 2864 3394 linis
2887 3335 3128 3392 omnium
3155 3335 3352 3390 similis
3369 3343 3474 3402 est,
3497 3348 3632 3400 prae-

2021 3445 2244 3498 tcritum
2293 3451 2454 3492 omne
2495 3449 2594 3504 pro
2639 3431 2810 3486 nihilo
2863 3437 2968 3496 est,
3013 3427 3140 3498 quia
3189 3441 3296 3482 non
3335 3425 3634 3496 qumrimus

2023 3535 2152 3606 quid
2185 3527 2478 3600 aliquando
2503 3525 2794 3588 fuerimus;
2827 3522 2922 3578 sed
2953 3521 3078 3590 quid
3113 3535 3330 3590 semper
3357 3519 3522 3574 futuri
3559 3519 3636 3572 si-

2027 3645 2168 3684 mus.
2193 3627 2306 3684 Nec
2331 3625 2524 3694 ignoro
2545 3637 2666 3692 qua:
2693 3617 2988 3674 adversum
3011 3617 3126 3672 haec
3169 3615 3384 3670 soleant
3421 3613 3630 3680 dicere,

2023 3733 2076 3780 et
2107 3735 2255 3792 spem
2285 3717 2386 3774 sibi
2417 3731 2478 3770 ac
2511 3715 2742 3770 salutem
2771 3727 2894 3768 cum
2925 3709 3146 3764 diabolo
3177 3721 3504 3779 praeparare.
3529 3707 3636 3764 Ve-

2023 3833 2140 3874 rum
2189 3831 2292 3870 non
2331 3819 2416 3868 est
2435 3811 2592 3866 istius
2637 3807 2900 3876 temporis
2931 3817 3120 3860 contra
3169 3805 3366 3874 dogma
3409 3817 3634 3872 perven-

2023 3927 2164 3974 sum,
2195 3919 2248 3964 et
2279 3909 2600 3980 σύμφραγμα
2619 3899 2950 3954 diabolicum
2979 3897 3294 3954 docentium
3327 3897 3380 3950 in
3409 3907 3430 3934 ο
3457 3909 3632 3966 angu-

2021 4003 2110 4072 lis,
2133 4013 2190 4058 et
2231 4003 2282 4056 in
2318 3999 2538 4072 publico
2577 3993 2994 4064 deuegantium,
3025 3991 3186 4048 latius
3213 3989 3477 4046 scribere.
3509 3987 3638 4044 Suf-

2025 4097 2134 4151 ficit.
2157 4093 2310 4150 nobis
2339 4091 2628 4156 indicasse,
2655 4085 2804 4158 quod
2823 4085 2894 4140 de
2927 4087 3030 4140 hoc
3053 4085 3370 4138 testimonio
3389 4081 3632 4136 senseri-

2023 4205 2164 4257 mus,
2201 4199 2254 4242 et
2303 4185 2462 4256 quasi
2499 4185 2550 4238 in
2585 4177 3022 4254 .commeutariis
3065 4175 3306 4232 breviter
3351 4175 3630 4242 intimare,

2021 4283 2142 4356 quis
2171 4283 2242 4336 sit
2269 4295 2364 4335 rex
2395 4277 2616 4342 Ninire,
2651 4273 2718 4328 ad
2767 4287 2928 4344 quem
2961 4281 3266 4326 extremum
3319 4267 3414 4324 Dei
3441 4279 3627 4322 sermo

2025 4375 2326 4448 perwniat.
2349 4371 2492 4440 Quid
2505 4371 2688 4426 valeat
2715 4367 2860 4438 apud
2887 4365 3138 4420 homines
3165 4363 3348 4418 szeculi
3367 4363 3632 4434 eloquen-

2023 4472 2094 4524 tia
2119 4479 2172 4524 ct
2193 4467 2458 4538 sapientia
2489 4463 2802 4526 siccularis,
2825 4467 2998 4515 testes
3035 4465 3162 4512 sunt
3193 4456 3590 4512 Demosthenes
3609 4501 3624 4526 ,

2025 4561 2270 4624 Tullius,
2303 4559 2480 4620 Plato,
2521 4553 2854 4622 Xenophon,
2883 4549 3324 4620 TbeOphrastus,
3353 4549 3624 4606 Aristote-

315 4644 450 4698 deus
479 4641 548 4696 de
579 4655 676 4696 sua
725 4641 1009 4712 superbia,
1047 4655 1270 4701 acturus
1313 4649 1388 4700 sit
1431 4647 1830 4715 pmnitcntiam,
1863 4653 1918 4700 et
1945 4653 1994 4714 ι)
2021 4656 2122 4722 los,
2147 4665 2202 4710 ει
2225 4651 2408 4708 αριθτὶ
2429 4659 2680 4704 oratores
2701 4661 2764 4701 ac
2785 4643 3118 4716 philosoohi,
3153 4645 3242 4714 qui
3277 4643 3428 4700 velut
3455 4659 3630 4715 reges

317 4735 372 4788 iu
399 4735 580 4790 locum
609 4735 904 4804 pristinum
949 4737 1344 4794 restituendus.
1401 4737 1480 4792 Ad
1525 4737 1681 4806 cujus
1723 4749 1920 4791 sensus

315 4823 824 4896 comprobationem
853 4827 1016 4882 etiam
1047 4827 1188 4882 illud
1215 4827 1288 4884 de
1333 4827 1562 4884 Dauiele
1605 4825 1918 4898 exemplum

317 5007 390 5063 les
435 5023 648 5062 menses.
695 5007 838 5064 Olim
889 5009 1308 5064 innumerabiles.
1369 5009 1478 5062 ειυς
1543 5007 1916 5060 tes'imon'um

321 5081 624 5152 Ezechielis
660 5093 784 5152 cap.
823 5095 956 5152 xvut
987 5081 1330 5148 impollutam
1379 5083 1434 5134 in
1479 5081 1827 5152 Hieronymo
1844 5081 1920 5152 Vle-

317 5153 550 5224 gebatur
571 5151 624 5206 in
657 5151 798 5224 hunc
829 5151 1048 5206 modum
1079 5171 1092 5206 :
1133 5153 1280 5206 Uni-’9
1319 5155 1564 5224 scriplttm
1599 5149 1922 5224 exﬁi‘inlius

321 5223 607 5294 hominum
631 5223 750 5276 sine
783 5235 1029 5294 peccato,
1061 5239 1128 5280 ne
1159 5223 1206 5278 si
1235 5227 1394 5278 unius
1417 5221 1632 5294 quidem
1669 5223 1783 5294 dici,
1803 5221 1918 5294 fue~

317 5295 388 5348 rit
423 5295 530 5348 vita
563 5293 706 5362 ejus.
753 5293 1132 5350 Numerabiles
1181 5307 1360 5350 autem
1405 5293 1532 5350 anni
1579 5295 1706 5348 vitae
1755 5293 1920 5348 illius.

319 5365 450 5430 Nos,
485 5367 590 5418 nisi
613 5367 1038 5432 innumerabiles,
1069 5385 1174 5422 non
1209 5367 1560 5422 nmtavimtts.

393 5447 418 5474 ⁸
459 5437 626 5491 Iidem
659 5453 816 5500 mss.,
848 5439 892 5490 si
923 5439 1280 5506 pwnitentiam
1319 5455 1382 5508 ng
1405 5449 1436 5490 .t
1473 5437 1642 5506 Dens,
1679 5447 1726 5492 ct
1757 5455 1926 5492 rever-

323 5517 462 5584 tatur
503 5509 564 5560 ab
591 5509 692 5584 ira,
741 5513 1232 5584 etmrconrincnte
1263 5511 1476 5584 Gre-ct},
1529 5515 1571 5566 εἰ
1613 5515 1930 5584 μετανοήσει

323 5585 347 5658 f3
377 5583 502 5658 Geo;
545 5583 632 5636 καὶ
657 5581 978 5658 ᾁτιςορςτρέψει
1083 5583 1261 5658 ὀργῆςῖ
1293 5593 1400 5658 cltz.
1435 5581 1708 5652 ltttprcssn
1745 5593 1930 5637 autem

325 5651 488 5706 lcetio
513 5669 638 5706 cum
673 5651 874 5706 Al-din'o
903 5651 1204 5720 exmnpla'ri
1241 5655 1390 5708 litt-it.

401 5723 426 5760 τι
467 5725 584 5798 [tuo
605 5737 768 5798 mss,
807 5723 1060 5798 quoslibet
1097 5743 1260 5780 annos
1295 5769 1308 5790 ,
1345 5735 1390 5780 et
1416 5739 1646 5798 tempora
1677 5723 1930 5798 duplicia.

397 5807 422 5828 ετ
465 5795 596 5860 Quae
637 5795 906 5848 hactenus
954 5795 1188 5852 obtinuit
1231 5799 1364 5852 falsa
1413 5793 1598 5862 lectio,
1657 5797 1722 5850 ad
1749 5793 1936 5850 ‘scioli

327 5865 652 5938 glossatoris
697 5875 914 5936 captum
962 5867 1284 5940 deformata,
1341 5869 1458 5926 haec
1501 5879 1642 5936 erat,
1675 5877 1738 5940 tet
1785 5869 1924 5938 σύμ-

2029 4749 2294 4804 habcntur
2321 4743 2628 4808 hominum,
2659 4749 2719 4796 et
2745 4747 3018 4810 praecepta
3043 4751 3234 4792 eorum
3265 4751 3372 4792 non
3401 4747 3460 4790 ut
3493 4751 3632 4806 prm-

2030 4851 2188 4912 ccpta
2217 4837 2556 4902 mortalium,
2583 4833 2680 4890 sed
2705 4833 2862 4904 quasi
2893 4833 3114 4886 oracula
3135 4831 3482 4902 accipiuntur
3505 4829 3638 4884 deo-

2025 5019 2266 5078 sper/pa;
2301 4999 2618 5078 diabo‘licum
2653 5013 2866 5078 regnum
2889 4995 3206 5078 docentium,
3233 5003 3280 5048 et
3301 4993 3508 5078 {lugetis
3539 5008 3636 5078 pu-

2029 5059 2554 5144 b‘Iice‘denegatttittm
2607 5059 2958 5144 priuilegium,
3015 5067 3172 5122 latius
3211 5059 3454 5144 scribere,
3517 5059 3628 5118 etc.

2029 5149 2138 5202 Nec
2165 5155 2246 5200 est
2273 5136 2424 5202 vero.
2459 5159 2556 5196 cur
2585 5136 2806 5212 singula
2839 5137 3354 5218 noteutur,_quibus_'
3385 5136 3620 5218 laborat,

2029 5221 2194 5286 vitia,
2247 5233 2370 5272 cum
2421 5217 2486 5268 ad
2535 5209 2895 5286 eam'quam
2932 5211 3284 5286 reposuimus
3339 5209 3628 5286 lectionem

2031 5279 2358 5360 crnnp'osita,
2383 5287 2538 5360 illius
2571 5303 2628 5360 se
2657 5279 2844 5340 statim
2877 5283 3086 5360 falsitas
3105 5279 3330 5360 prodat.
3363 5279 3628 5360 Destitui-

2035 5351 2308 5418 nms'vcro
2329 5351 2394 5414 ad
2421 5357 2794 5414 Palatinarum
2823 5353 3070 5408 codicum
3099 5351 3281 5410 ﬁdem,
3311 5353 3630 5424 σύμφρᾳγμα

2035 5433 2372 5494 diabolicum,
2407 5429 2698 5484 docentium
2729 5429 2782 5480 in
2813 5429 3044 5496 angulis,
3077 5435 3122 5476 et
3151 5425 3202 5476 in
3243 5421 3636 5496 puniceaeve:

2031 5511 2301 5578 gentium,
2347 5493 2527 5578 latins,
2563 5511 2664 5556 etc.
2715 5493 2986 5552 Solemnis
3039 5497 3152 5578 lure
3183 5503 3266 5548 est
3311 5493 3632 5578 Hieronymi

2033 5565 2222 5632 contra
2269 5565 2608 5644 Origenistas
2653 5585 2906 5634 censura,
2961 5566 3100 5644 quod
3151 5579 3348 5644 vesana
3377 5565 3632 5634 dogmata

2035 5651 2172 5704 clam
2213 5639 2602 5714 discipulorum
2651 5657 2876 5714 suorum
2931 5639 3174 5714 auribus
3205 5639 3633 5714 insusurrat-ent,

2037 5739 2156 5790 qum
2187 5707 2364 5786 palam
2389 5719 2590 5772 docere
2637 5713 3072 5774 erubescerent,
3123 5709 3374 5780 dictaque
3421 5707 3630 5762 inlicia-

2037 5803 2248 5848 rentur.
