4078 6342
513 276 647 330 illi”;
1762 279 1818 335 S.
1862 277 2134 335 EUSEBII
2176 278 2555 342 HIEHONYMI
3662 311 3780 372 ii“

505 405 646 491 runt.
691 388 847 491 unde
872 399 927 447 et
956 392 1109 491 i’lato
1138 392 1269 448 dicit
1299 408 1311 446 :
1339 391 1550 449 Felices
1580 392 2100 491 foreureSpuhlicas,
2131 399 2186 459 Α
2212 397 2525 470 tiouabiles,
2555 413 2612 459 et
2640 405 2939 476 prudentes
2969 426 3033 469 ac
3063 414 3346 487 simplices
3384 419 3450 473 ad
3480 421 3793 491 praedicatio-

506 483 552 586 si
576 492 670 537 aut
702 483 1009 555 philosophi
1035 494 1285 557 regnent,
1314 495 1406 540 aut
1434 501 1589 557 reges
1618 485 2103 559 philosophentur.
2215 505 2337 547 nem
2366 491 2521 550 Jonas
2570 509 2731 569 agant
2766 504 3143 571 paenitentiam
3170 483 3328 578 iuxta
3381 483 3536 580 illud,
3585 518 3713 586 quod
3742 483 3792 581 ξι

505 579 671 654 42ο
689 580 860 650 Quam
892 593 1073 637 autem
1101 581 1328 637 difficile
1369 582 1678 637 istiusmodi
1710 582 1957 636 homines
1982 595 2105 636 cre-
2213 583 2344 640 alibi
2374 585 2613 646 dicitur:
2652 591 2903 651 Homines
2938 608 2990 653 et
3017 600 3259 671 jumenta
3307 604 3550 673 saluabis,
3595 579 3786 669 Domine

505 674 639 730 dant
668 676 718 729 in
747 675 941 739 Deum,
968 684 1027 733 ut
1056 674 1371 746 quotidiana
1395 674 1643 745 exempla
1670 683 2016 745 praeteream,
2047 682 2103 729 et
2214 674 2334 747 (Ps.
2368 696 2529 747 xxxv,
2566 684 2643 753 7).
2673 686 2973 746 Possumus
2996 702 3177 748 autem
3201 694 3450 764 iumenta
3477 710 3658 768 operta
3684 718 3782 762 sac-

505 767 699 821 sileam
731 767 799 823 de
857 768 1134 824 veteribus
1188 766 1432 823 historiis
1484 767 1852 833 ethnicorum,
1907 765 2112 822 sufficit
2213 767 2294 823 cis
2323 780 2377 826 et
2402 773 2558 829 aliter
2578 774 2947 849 interpretari,
2980 783 3049 838 de
3082 783 3167 839 his
3195 788 3435 843 maxime
3464 765 3787 865 testimoniis,

503 860 660 915 nobis
692 861 934 932 Apostoli
970 862 1361 927 testimonium,
1392 862 1483 933 qui
1516 860 1587 916 ad
1618 860 1936 917 Corinthios
1974 860 2111 916 scri-
2214 862 2269 916 in
2292 865 2489 933 quibus
2512 868 2741 939 legimus
2765 890 2778 925 :
2806 872 2903 928 Sol
2925 886 2971 929 et
2992 876 3575 937 lunainduentursacco
3597 860 3791 954 (Ezechv.

503 954 663 1019 hens,
703 955 778 1007 ait
812 972 824 1009 :
866 954 1074 1021 Videte,
1105 958 1315 1028 fratres,
1349 956 1671 1011 vocationem
1701 965 1946 1024 vestram,
1988 956 2113 1027 quia
2214 971 2395 1027 xxx",
2432 961 2508 1031 7).
2546 964 2614 1018 Et
2653 966 2705 1020 in
2763 968 2870 1024 alio
2926 969 3090 1026 loco:
3151 970 3383 1029 Induam
3442 979 3619 1033 cmlum
3665 998 3796 1041 sacco

505 1064 609 1100 non
637 1058 753 1101 sunt
780 1049 932 1102 multi
952 1059 1209 1121 sapientes
1231 1050 1513 1104 secundant
1542 1064 1751 1103 carnem
1779 1056 1804 1083 ἰ
1829 1063 1933 1101 non
1961 1046 2112 1101 multi
2215 1049 2317 1122 (Is.
2361 1068 2414 1119 1.,
2444 1054 2524 1127 5),
2563 1073 2660 1127 pro
2685 1059 2897 1130 lugubri
2926 1063 3136 1119 scilicet
3161 1065 3377 1134 habitu,
3405 1080 3459 1123 et
3494 1085 3714 1130 mmrore
3736 1086 3801 1132 ai.

503 1150 759 1211 palentes,
808 1158 912 1195 non
942 1142 1095 1196 multi
1128 1143 1324 1198 nobiles
1354 1158 1372 1195 :
1404 1142 1493 1196 sed
1530 1140 1693 1195 stulta
1738 1138 1922 1193 mundi
1960 1139 2115 1210 elegit
2217 1159 2326 1215 que
2349 1150 2638 1218 mmStitia,
2684 1168 2807 1223 qua:
2836 1167 3190 1233 μεταφορικῶς
3229 1175 3425 1217 saccus
3458 1164 3798 1224 nominantur.

500 1230 667 1298 Deus,
700 1243 757 1287 ut
778 1235 1069 1304 confundat
1100 1236 1382 1304 sapientes,
1425 1244 1473 1288 et
1504 1234 1713 1303 inﬁrma
1752 1233 1937 1287 mundi
1960 1233 2115 1305 elegit
2219 1239 2351 1295 Illud
2386 1258 2602 1315 quoque
2633 1247 2777 1317 quod
2809 1230 3053 1305 dicitur}
3092 1252 3222 1320 Quis
3267 1256 3367 1308 scit
3408 1257 3453 1311 si
3484 1271 3799 1332 convertatur,

504 1324 670 1391 Deus,
704 1336 760 1380 ut
802 1328 1088 1399 confundat
1137 1329 1321 1400 fortia,
1365 1338 1413 1382 et
1442 1327 1694 1399 ignobilia
1743 1327 2025 1419 mundi,ct
2056 1344 2115 1382 ea
2216 1345 2265 1389 et
2297 1337 2531 1411 ignoscat
2576 1339 2755 1397 Deus?
2789 1342 2915 1399 Ideo
2963 1346 3280 1418 ambiguum
3316 1349 3535 1419 ponitur
3562 1362 3615 1406 et
3652 1324 3801 1410 inter;

507 1435 625 1491 qua:
656 1431 802 1474 erant
842 1420 1255 1491 contemptibilia
1289 1421 1442 1492 elegit
1473 1419 1613 1474 Deus
1637 1419 1682 1492 (Ι
1706 1419 1826 1474 Cor.
1853 1418 2026 1490 1,26),
2059 1427 2117 1475 et

2222 1438 2331 1483 tum
2360 1448 2373 1483 :
2400 1442 2455 1486 ut
2494 1431 2624 1488 dum
2670 1434 2925 1492 homines
2953 1438 3101 1493 dubii
3134 1450 3262 1496 sunt
3289 1418 3359 1496 de
3404 1442 3600 1510 Salute,
3629 1444 3800 1504 fortius

512 1522 732 1569 caetera.
752 1512 907 1568 Unde
922 1530 1137 1569 rursum
1154 1514 1316 1569 dicit:
1339 1513 1889 1583 l’erdamsapientiam
1911 1513 2116 1608 sapien-
2219 1532 2387 1592 agant
2413 1525 2816 1597 paenitentiam,
2843 1537 2898 1584 et
2927 1528 3101 1601 magis
3138 1530 3206 1586 ad
3238 1531 3667 1590 misericordiam
3699 1553 3803 1608 pro.

509 1608 641 1661 tium
668 1651 682 1675 ,
717 1618 765 1661 et
789 1607 1190 1679 intelligentiant
1234 1608 1573 1681 prudentium
1604 1607 1890 1679 reprobabo
1920 1607 2113 1675 (Ibid.,
2222 1624 2416 1671 vocent
2450 1618 2640 1676 Deum.

510 1698 651 1770 xu).
687 1700 781 1753 Et:
809 1698 1012 1766 Videte,
1037 1702 1333 1772 nequisvos
1348 1702 1533 1775 spoliet
1548 1718 1639 1773 per
1662 1698 2056 1772 philosophiam
2070 1712 2117 1755 et
2304 1707 2486 1779 (Vers.
2520 1711 2640 1782 10.)
2675 1712 2740 1766 Et
2767 1714 2897 1769 vidit
2929 1714 3070 1771 Deus
3097 1733 3257 1790 Opera
3287 1734 3511 1785 eorum;
3537 1725 3652 1792 quia
3694 1741 3802 1780 εοη.

504 1794 713 1847 inanem
740 1794 1092 1849 seductionent
1123 1794 1264 1866 (Col.
1293 1812 1363 1861 It,
1401 1796 1479 1864 8).
1518 1796 1595 1850 Ex
1621 1811 1731 1867 quo
1765 1796 2113 1866 perspicuum

2190 1812 2195 1859 ἰ
2221 1803 2353 1857 uersi
2378 1814 2497 1859 sunt
2525 1806 2590 1859 de
2615 1808 2696 1860 uia
2725 1824 2822 1862 sua
2850 1810 3008 1879 mala,
3045 1820 3092 1865 et
3122 1813 3367 1867 misertus
3398 1824 3474 1869 est
3508 1814 3638 1871 Deus
3668 1834 3800 1891 super

504 1896 608 1953 est,
656 1887 1105 1957 praedicationem
1147 1887 1355 1944 ChriSti
1385 1905 1542 1962 reges
1574 1890 1761 1944 mundi
1791 1890 1982 1945 audire
2014 1904 2115 1944 no-
2224 1896 2427 1950 malitia
2454 1942 2467 1965 ,
2518 1916 2673 1967 quam
2700 1902 2902 1956 loculus
2928 1904 3120 1974 fuerat,
3168 1914 3221 1958 ut
3266 1909 3460 1977 faceret
3490 1909 3563 1962 eis
3588 1951 3601 1969 .
3640 1920 3681 1963 ct
3716 1887 3802 1966 non

508 1980 783 2051 vissimos,
844 1993 898 2037 et
946 1982 1203 2053 deposito
1254 1984 1463 2056 fulgore
1494 1984 1822 2053 eloquentiae
1870 1993 1927 2040 et
1958 1999 2121 2039 orna-
2223 1988 2364 2055 fecit.
2399 1989 2545 2046 LXX
2571 2010 2583 2045 :
2608 1989 2678 2046 Et
2707 1994 2832 2048 uidit
2860 1992 3002 2050 Deus
3032 2012 3195 2067 opera
3230 2014 3437 2063 eorum,
3470 2002 3703 2069 quoniam
3737 2019 3801 2057 re-

508 2077 708 2132 mentis
740 2093 802 2134 ac
842 2078 1042 2135 decore
1072 2080 1391 2147 verborum,
1439 2088 1586 2135 totos
1614 2096 1675 2136 se
1701 2079 2037 2151 simplicitati
2067 2089 2124 2136 et
2224 2081 2354 2136 versi
2377 2091 2496 2137 sunt
2523 2085 2587 2139 de
2610 2086 2705 2141 viis
2732 2088 2841 2142 suis
2872 2088 3022 2143 malis
3044 2131 3059 2157 ,
3103 2098 3151 2143 et
3178 2092 3279 2162 egit
3304 2092 3654 2163 paenitentiam
3685 2094 3802 2151 Deus

506 2172 796 2229 rusticitati
829 2172 1068 2241 tradere,
1103 2183 1160 2230 et
1189 2174 1243 2229 in
1272 2174 1563 2244 plebeium
1605 2174 1813 2229 cultum
1863 2173 2120 2229 redactos
2225 2190 2384 2247 super
2413 2175 2638 2246 malitia,
2669 2196 2825 2251 quam
2854 2180 3062 2238 locutus
3099 2182 3302 2253 fuerat,
3338 2194 3397 2239 ut
3428 2189 3614 2257 faceret
3636 2188 3723 2255 eis,
3763 2200 3802 2243 et

509 2266 702 2323 sedere
730 2268 782 2323 in
804 2267 1083 2335 sordibus,
1106 2278 1165 2324 et
1202 2267 1491 2326 destruere
1516 2269 1660 2341 quod
1693 2279 1820 2325 ante
1853 2269 2122 2338 praedica.
2226 2286 2327 2326 non
2357 2272 2496 2343 fecit.
2548 2272 2863 2332 Secundum
2913 2285 3198 2349 utramque
3248 2279 3657 2352 intelligentiam
3704 2284 3801 2340 sive

511 2369 728 2418 verant.
760 2360 1141 2433 Pr0ponamus
1165 2364 1323 2419 nobis
1349 2364 1564 2421 beatum
1589 2363 1617 2403 δ
1645 2364 1974 2437 Cyprianum
2004 2364 2118 2436 (qui
2228 2373 2360 2420 tunc
2383 2366 2502 2422 urbi
2526 2367 2790 2440 Assyriae,
2820 2369 2938 2427 sive
2963 2372 3212 2443 quotidie
3234 2373 3431 2429 mundi
3453 2375 3589 2433 Deus
3614 2378 3803 2446 populis

508 2458 663 2527 prius
696 2458 1030 2515 idololatriae
1062 2468 1307 2516 assertor
1331 2459 1453 2529 fuit,
1488 2470 1544 2517 et
1572 2461 1625 2515 in
1651 2471 1856 2516 tantam
1889 2460 2119 2531 gloriam
2226 2461 2590 2516 comminatur
2621 2470 2680 2517 ut
2720 2473 2880 2534 agant
2912 2466 3289 2535 paenitentiam
3325 2485 3338 2522 :
3384 2468 3475 2538 qui
3508 2468 3552 2522 si
3579 2473 3800 2525 conversi

512 2551 661 2606 venit
685 2552 1035 2623 eloquentiae,
1066 2564 1126 2608 ut
1162 2554 1457 2609 oratoriam
1493 2568 1711 2626 quoque
1732 2554 1959 2610 doceret
1985 2551 2123 2609 Car-
2227 2553 2468 2623 fuerint,
2504 2556 2621 2626 ipse
2656 2572 2873 2629 quoque
2902 2568 3080 2615 vertet
3127 2558 3233 2633 [ΑΙ.
3277 2560 3470 2633 vertit]
3509 2565 3801 2618 sententiam

519 2642 754 2716 thagini)
782 2644 1004 2701 audisse
1029 2646 1252 2701 tandem
1285 2661 1599 2717 sermonem
1621 2648 1797 2715 Jonac,
1827 2657 1880 2703 et
1910 2647 1979 2703 ad
2010 2661 2124 2716 βω·
2227 2663 2405 2713 suam,
2442 2659 2498 2704 et
2532 2651 2718 2721 populi
2764 2654 3128 2708 conversione
3164 2653 3472 2708 mutabitur
3512 2652 3614 2726 [ΑΙ.
3646 2663 3798 2709 muta-

513 2738 805 2794 nitentiam
854 2755 1206 2808 conversum,
1240 2742 1291 2796 in
1338 2750 1544 2796 tantam
1578 2742 1796 2797 venisse
1842 2740 2121 2808 virtutem,
2229 2741 2361 2815 tur].
2405 2740 2564 2810 Quod
2595 2754 2650 2799 et
2680 2743 2951 2800 Jeremias
2980 2754 3036 2800 et
3071 2746 3332 2802 Ezechiel
3367 2745 3694 2802 manifestius
3721 2762 3801 2801 ex—

512 2840 573 2885 ut
601 2831 875 2888 Christum
905 2832 1129 2903 publice
1153 2834 1499 2904 priedicaret,
1530 2843 1586 2891 et
1616 2851 1713 2906 pro
1737 2834 1829 2890 illo
1848 2835 2122 2891 cervicem
2230 2836 2438 2907 plicant
2461 2878 2475 2901 ,
2524 2852 2624 2893 nec
2652 2838 2795 2895 bona
2825 2838 3084 2895 videlicet
3125 2840 3355 2911 implere
3387 2840 3667 2896 Dominum
3694 2857 3796 2911 qua:

515 2928 696 3000 gladio
724 2928 987 2985 flecteret.
1021 2930 1278 2987 Profecto
1308 2931 1669 3003 intelligimus
1701 2947 1885 3003 regem
1928 2931 2125 2987 Ninive
2233 2930 2580 3000 promiserit,
2628 2931 2674 2987 si
2719 2932 2848 2988 boni
2891 2942 3181 2989 vertantur
3220 2933 3288 2988 ad
3331 2933 3493 2999 vitia;
3544 2948 3639 2989 nec
3678 2933 3799 2989 mala

516 3022 875 3079 descendisse
918 3024 985 3079 de
1013 3024 1152 3078 solio
1202 3040 1322 3092 suo,
1356 3034 1411 3080 et
1462 3040 1757 3097 purpuram
1792 3039 1973 3088 sacco,
2019 3040 2124 3080 un-
2228 3038 2351 3093 qua:
2376 3023 2628 3090 pessimis
2655 3024 3052 3089 comminatur,
3104 3025 3149 3080 si
3179 3025 3259 3080 illi
3290 3030 3500 3081 reversi
3533 3024 3718 3081 fuerint
3741 3025 3798 3080 ad

518 3126 721 3187 guenta
750 3116 885 3183 luto,
939 3116 1235 3173 munditias
1281 3117 1536 3173 sordibus
1566 3128 1936 3173 commutasse
1970 3136 1982 3172 :
2015 3132 2124 3172 non
2232 3115 2490 3172 salutem.
2544 3116 2623 3172 Ita
2653 3118 2817 3189 igitur
2846 3128 2901 3173 et
2937 3133 3083 3175 nunc
3111 3118 3247 3174 vidit
3278 3119 3426 3175 Deus
3455 3134 3614 3191 opera
3641 3160 3655 3183 ,
3694 3118 3799 3189 quia

512 3213 771 3267 sordibus
799 3227 1086 3277 sensuum,
1116 3212 1211 3266 sed
1234 3212 1552 3268 verborum.
1587 3212 1741 3270 Unde
1770 3222 1826 3269 et
1848 3214 1915 3268 de
1945 3213 2127 3285 Baby-
2154 3208 2201 3273 C
2232 3209 2481 3264 conversi
2510 3219 2637 3265 sunt
2665 3225 2694 3263 a
2724 3210 2811 3266 via
2842 3224 2939 3265 sua
2963 3212 3201 3283 pessima
3242 3229 3254 3264 :
3304 3226 3411 3268 non
3440 3213 3598 3269 verba
3625 3210 3799 3266 audivit

516 3306 648 3361 lone
679 3307 731 3360 in
777 3304 1014 3362 Jeremia
1048 3305 1247 3360 dicitur
1283 3326 1295 3360 :
1326 3305 1480 3362 Calia:
1507 3326 1698 3364 aureus
1725 3308 1965 3380 Babylon
2007 3309 2123 3362 ine-
2231 3318 2353 3372 qua:
2379 3302 2592 3358 solebat
2614 3304 2783 3360 Israel
2805 3319 2956 3374 saepe
2980 3306 3338 3373 promittere:
3365 3305 3553 3360 Omnia
3571 3320 3801 3376 quiscum-

519 3403 696 3458 brians
722 3420 924 3458 onmem
948 3412 1143 3457 terram
1175 3402 1394 3475 (Jerem.
1426 3420 1510 3472 ιι,
1543 3404 1620 3476 7).
1664 3404 1839 3474 Quem
1876 3420 1982 3460 non
2007 3403 2129 3460 iue-

2231 3411 2330 3466 que
2359 3394 2550 3450 dixerit
2575 3395 2853 3462 Dominus,
2883 3399 3139 3467 faciemus
3170 3396 3376 3466 (Exod.
3403 3414 3548 3464 xxiv,
3571 3399 3639 3466 5);
3661 3394 3797 3468 422

520 3495 722 3551 briavit
751 3506 772 3534 ο
819 3497 1135 3567 eloquentia
1185 3497 1497 3555 surcularis?
1552 3498 1709 3567 cujus
1759 3513 1867 3553 non
1916 3498 2129 3554 animos

2232 3489 2327 3545 sed
2358 3503 2524 3560 cpera
2564 3491 2853 3561 conspexit
2886 3510 2896 3545 :
2949 3501 3011 3547 et
3049 3492 3174 3563 quia
3210 3492 3421 3548 mavult
3457 3491 3796 3562 paenitentiam

515 3587 914 3657 compositione
942 3590 1232 3646 verborum
1255 3599 1310 3647 et
1335 3589 1740 3647 disertitudinis
1772 3605 1883 3645 sua:
1908 3591 2125 3661 fulgore

2235 3583 2562 3653 peccatoris,
2605 3598 2768 3653 quam
2815 3594 3049 3641 mortem
3094 3583 3314 3656 (Ezech.
3375 3585 3549 3654 svnt),
3598 3582 3797 3637 libenter

522 3682 887 3754 perstrinxit?
922 3684 1153 3741 Difficile
1183 3686 1434 3741 homines
1464 3694 1718 3756 potentes
1746 3694 1803 3743 et
1838 3686 2053 3741 nobiles
2077 3696 2129 3740 et

2234 3676 2463 3731 mutavit
2512 3677 2865 3743 sententiam,
2916 3677 3047 3747 quia
3088 3677 3225 3732 vidit
3265 3692 3432 3747 opera
3475 3683 3794 3732 commutata.

518 3776 743 3841 divites,
784 3787 839 3833 et
870 3779 1047 3834 multo
1090 3779 1175 3834 his
1205 3778 1482 3835 difficilius
1535 3780 1858 3850 eloquentes
1895 3778 2128 3835 credunt

2231 3766 2372 3835 Quin
2406 3769 2585 3839 potius
2620 3769 2765 3824 Deus
2794 3770 3169 3840 perseveravit
3199 3770 3252 3825 in
3286 3769 3567 3842 proposito
3594 3782 3688 3822 suo
3715 3766 3796 3822 mi.

518 3869 633 3924 Deo
660 3887 673 3923 τ
702 3869 1014 3925 οὺρωοδιω·
1040 3871 1188 3927 enim
1213 3886 1366 3926 mens
1392 3886 1583 3926 eorum
1622 3870 1830 3927 divitiis
1853 3880 1908 3927 et
1934 3871 2132 3942 opibus
2232 3859 2402 3915 sereri
2442 3860 2631 3915 volens
2658 3861 2728 3916 ab
2760 3860 2917 3916 initio
2943 3882 2956 3917 τ
2993 3870 3015 3897 ⁸
3060 3877 3224 3917 nemo
3263 3862 3410 3917 enim
3452 3862 3637 3932 punire
3672 3857 3796 3913 desi-

518 3970 683 4030 atque
720 3962 960 4028 luxuria,
994 3972 1049 4017 ει
1094 3962 1418 4019 circumdati
1449 3960 1611 4035 421
1645 3963 1815 4024 vitiis,
1862 3978 1970 4017 non
2005 3978 2130 4033 pos.
2230 3954 2455 4021 dernns,
2486 3954 2631 4026 quod
2663 3954 2901 4010 facturus
2926 3964 3010 4011 est
3034 3955 3426 4013 comminatur.
3454 3955 3695 4011 Malitiam
3721 3968 3797 4005 au-

520 4065 650 4109 suut
696 4053 886 4108 videre
940 4054 1175 4109 virtutes
1228 4054 1752 4125 simplicitatemque
1830 4053 2129 4125 Scriptura:
2234 4057 2361 4114 tem,
2407 4056 2466 4104 ut
2505 4063 2671 4120 supra
2705 4049 2978 4116 diximus,
3022 4065 3122 4121 pro
3154 4051 3434 4121 suppliciis
3462 4058 3515 4105 et
3544 4047 3797 4104 tormentis

519 4157 747 4216 sanctce,
783 4163 891 4202 non
942 4163 1007 4203 ex
1051 4148 1338 4220 majestate
1377 4163 1659 4213 sensuum,
1696 4147 1790 4203 sed
1824 4164 1890 4203 ex
1934 4148 2130 4204 verbo—
2233 4144 2418 4213 accipe
2449 4160 2462 4198 :
2505 4158 2611 4198 non
2645 4143 2789 4213 quod
2819 4142 2963 4200 Deus
2987 4144 3115 4200 mali
3145 4142 3326 4201 facere
3355 4144 3637 4218 quidquam
3675 4139 3798 4210 cogi-

519 4256 640 4296 rum
665 4239 915 4311 indicant
938 4240 1167 4297 vilitate.
1197 4240 1333 4296 Cum
1364 4250 1546 4298 autem
1576 4241 1682 4313 ipsi
1711 4242 1802 4311 qui
1839 4242 1992 4310 prius
2015 4256 2129 4296 ma-
2233 4245 2374 4291 taret
2400 4235 2507 4308 [ΑΙ.
2534 4236 2785 4310 cogitet].

517 4332 575 4389 la
596 4332 916 4398 docuerant,
950 4334 1090 4388 versi
1120 4334 1185 4387 ad
1215 4333 1614 4403 paenitentiam,
1638 4333 1841 4390 docere
1862 4335 2128 4405 coeperint
2305 4327 2462 4401 (Cap.
2489 4328 2812 4385 lV.-—Vers.
2845 4329 2926 4402 l.)
2952 4329 3022 4384 Et
3043 4330 3255 4401 afﬂictus
3275 4339 3352 4387 est
3379 4328 3543 4385 Jonas
3561 4324 3799 4398 afﬂictione

521 4426 688 4493 bona,
720 4434 848 4482 tunc
875 4427 1181 4483 videbimus
1205 4427 1534 4483 Niniviticos
1569 4427 1801 4498 populus
1848 4443 1953 4482 una
1983 4443 2125 4498 prm-
2232 4437 2438 4491 magna,
2471 4431 2520 4476 et
2549 4426 2712 4476 iratus
2738 4433 2812 4477 est
2847 4439 2863 4476 :
2896 4432 2943 4477 et
2975 4424 3139 4477 oravit
3177 4424 3243 4477 ad
3277 4422 3552 4478 Dominum
3581 4430 3624 4474 et
3660 4416 3791 4470 dixit.

521 4517 796 4574 diratione
836 4521 1106 4587 converti,
1140 4529 1198 4576 et
1228 4519 1347 4574 ﬁeri
1376 4519 1511 4575 illud
1563 4521 1708 4591 quod
1740 4520 1792 4575 in
1823 4519 1962 4575 lsaia
1992 4520 2126 4591 legi-
2230 4513 2376 4569 LXX
2403 4532 2417 4568 :
2444 4514 2509 4569 Et
2531 4516 2865 4570 contristatus
2894 4526 2967 4570 est
2987 4514 3155 4571 Jonas
3183 4517 3395 4571 tristitia
3415 4514 3620 4587 grandi,
3642 4520 3684 4565 et
3703 4524 3799 4562 con.

522 4625 645 4666 mus
672 4628 686 4666 :
715 4607 742 4647 ά
776 4610 837 4667 Si
861 4623 983 4667 nata
1014 4623 1090 4667 est
1117 4629 1240 4684 gens
1293 4614 1471 4668 semel.
1506 4612 1770 4669 Homines
1808 4630 2027 4686 quoque
2069 4622 2124 4669 et
2151 4613 2205 4674 D
2228 4607 2378 4679 [usus
2401 4618 2476 4661 est
2499 4624 2518 4662 .'
2550 4609 2813 4677 oravitque
2836 4606 2905 4661 ad
2935 4605 3240 4676 Dominum,
3269 4618 3316 4662 et
3347 4610 3441 4663 ait.
3468 4607 3660 4662 Videtis
3683 4599 3793 4655 sub-

514 4703 762 4774 jumenta
791 4718 981 4775 operta
1031 4705 1225 4773 saccis,
1274 4714 1329 4759 et
1359 4705 1656 4761 clamantia
1708 4706 1775 4760 ad
1808 4706 2124 4773 Dominum,
2237 4706 2444 4761 intrare
2471 4705 2717 4775 gentium
2750 4704 3167 4775 plenitudinem,
3196 4714 3251 4760 et
3277 4704 3410 4760 illud
3441 4701 3641 4773 impleri
3671 4692 3797 4768 quod

516 4797 710 4853 eodem
736 4811 904 4853 sensu
934 4797 1179 4869 intellige
1210 4816 1222 4852 :
1248 4798 1394 4870 quod
1416 4807 1472 4854 et
1495 4799 1870 4870 rationabiles,
1902 4809 1958 4855 ct
1984 4804 2123 4857 irra-
2230 4798 2287 4855 in
2321 4799 2745 4854 Deuteronomio
2776 4799 3022 4855 dicitur:
3054 4796 3168 4870 Ipsi
3192 4815 3274 4853 me
3298 4797 3620 4853 irritaverant
3640 4792 3688 4846 in
3710 4789 3795 4853 Itis,

600 4968 626 4996 α
666 4957 795 5012 Haec
824 4956 1014 5023 verba,
1043 4975 1143 5012 non
1168 4957 1319 5011 multi
1353 4967 1603 5026 potentes,
1643 4972 1766 5028 quas
1816 4959 2021 5027 pridem
2058 4973 2127 5015 ex
2310 4969 2331 5028 ξ
2374 4957 2489 5011 Duo
2518 4971 2677 5028 mss.,
2705 4957 2967 5027 sapientia
2992 4959 3282 5013 saecularis.

522 5042 734 5100 septem
789 5028 1077 5083 Florentiae
1114 5024 1429 5093 codicibus,
1456 5024 1985 5098 junctis'Brix’ianis,
2024 5030 2129 5085 lio-
2306 5026 2332 5065 ί¹
2375 5026 2662 5083 Manifesta
2702 5024 2901 5100 mendo
2935 5044 3031 5098 pro
3072 5031 3286 5086 duobus
3329 5028 3549 5092 verbis,
3580 5024 3622 5078 si
3657 5028 3792 5081 ποια.

526 5099 814 5171 manisque
870 5100 1106 5169 aliquat,
1160 5100 1437 5156 Victorius
1493 5114 1835 5170 reposuerat,
1876 5101 2126 5157 Martian.
2233 5099 2744 5171 Martian.retinuit
2773 5109 3003 5154 sanata:
3044 5104 3190 5171 quod
3236 5112 3419 5158 tamen
3454 5111 3606 5153 antea
3632 5105 3796 5147 emcn—

526 5169 887 5228 nibiloSecius
922 5176 1307 5243 pratermisit,
1362 5173 1538 5228 nostri
1582 5189 1713 5227 mss.
1746 5173 1927 5228 denuo
1980 5174 2133 5229 sul'ﬁ-
2232 5175 2457 5228 daverat
2487 5169 2761 5243 Victorius
2791 5188 2857 5226 ex
2896 5169 3088 5243 Graeci.
3135 5175 3292 5234 ἐτέθη.
3339 5175 3578 5228 Alterum
3620 5175 3790 5243 porro.

526 5245 698 5315 cittttl.
923 5237 941 5243 —
1294 5237 1302 5240 ⁷

2235 5244 2379 5315 quod
2423 5258 2533 5315 nec,
2568 5244 2687 5315 ipse
2718 5237 2986 5298 Victorius
3024 5246 3450 5307 animadvertit,
3491 5237 3669 5315 δεξιιείν
3712 5244 3794 5303 Pro

602 5314 629 5354 ἱ)
674 5316 906 5370 Praestat
934 5316 1227 5387 ipsummet
1255 5315 1447 5371 audire
1494 5315 1828 5387 Cyprianum
1862 5317 1932 5371 de
1963 5332 2022 5387 se
2067 5316 2133 5369 li-
2232 5313 2409 5379 simul,
2436 5313 2629 5370 eodem
2657 5314 2848 5370 Graeco
2875 5325 3022 5370 textu
3051 5330 3304 5387 cogente,
3334 5321 3406 5378 si;
3431 5314 3565 5377 ἅπαξ
3584 5352 3598 5376 ,
3624 5321 3712 5363 nos
3737 5316 3792 5355 ex

523 5387 875 5457 dejuhentem
918 5386 1078 5456 epist.
1118 5388 1166 5451 vl,
1209 5386 1276 5439 ad
1314 5386 1605 5453 Donatum,
1640 5403 1736 5442 seu
1767 5389 1861 5441 lib.
1896 5388 1965 5441 de
1996 5386 2135 5441 Grao
2236 5390 2440 5442 nostris
2469 5403 2598 5440 mss.
2631 5388 2998 5441 correximus.
3128 5386 3137 5387 “
3571 5454 3579 5457 _
3693 5447 3703 5457 .

524 5454 605 5512 tia
632 5458 764 5512 Dei:
802 5456 914 5529 Ego
946 5454 1063 5513 cum
1091 5459 1168 5531 fin
1215 5458 1455 5523 tenebris,
1503 5471 1656 5529 atque
1703 5461 1757 5512 in
1800 5469 1945 5513 nocte
1994 5475 2130 5531 cafca
2312 5468 2333 5494 ο
2365 5458 2452 5513 Al.
2482 5462 2732 5511 neminem
2757 5473 2776 5531 ξ
2800 5457 2930 5526 ρυλε
2962 5459 3159 5531 lectio,
3185 5459 3360 5530 inquit
3387 5454 3792 5531 Victoriussipsf

515 5533 772 5604 jacerem,
815 5527 1045 5604 cumque
1082 5530 1135 5604 in
1165 5531 1277 5604 salo
1298 5527 1760 5604 jacmntisswculi
1790 5527 2128 5604 nutabundus
2232 5545 2449 5599 quoque
2475 5547 2587 5604 non
2620 5529 2889 5599 displicet.
2927 5539 2988 5604 ut.
3032 5527 3311 5603 intelligas
3333 5573 3347 5596 ,
3382 5531 3525 5586 Deus
3554 5527 3787 5604 uetuit“???

524 5598 586 5655 ac
638 5602 827 5654 dubius
852 5647 867 5669 ,
923 5598 1151 5674 uestigiis
1197 5598 1555 5656 oberrantibus
1606 5606 1916 5674 ﬂuctuarem
1942 5647 1956 5671 ,
2008 5600 2125 5656 vita:
2228 5604 2425 5725 punire
2454 5598 2813 5666 desiderans,
2845 5601 2988 5672 quod
3025 5598 3266 5657 facturus
3300 5613 3420 5667 est,
3446 5598 3788 5666 cmmninatur.

526 5688 653 5725 mea:
683 5675 881 5725 nescius
912 5674 1139 5725 veritatis
1178 5671 1396 5725 aclucis
1435 5673 1639 5725 alimus
1673 5690 1690 5725 :
1721 5673 1929 5725 difﬁcile
1972 5688 2122 5725 nror-
2259 5672 2429 5725 'erum
2476 5673 2628 5725 orior
2666 5671 2831 5725 lectio
2872 5675 3086 5725 melior.
3137 5674 3403 5725 Facturus
3436 5673 3571 5725 enim
3604 5670 3788 5725 υιόβιἹε

526 5688 653 5725 mae
683 5675 881 5745 nescius
912 5670 1240 5745 veritatisque
1262 5671 1396 5726 lucis
1435 5670 1639 5728 alienus
1673 5690 1690 5729 :
1721 5673 1929 5744 difficile
1971 5688 2122 5745 pror-
2230 5670 2429 5745 Verum
2476 5673 2628 5742 prior
2666 5671 2831 5727 lectio
2864 5670 3099 5745 melior.
3137 5674 3403 5730 Facturus
3436 5673 3571 5727 enim
3596 5670 3793 5745 propitii

522 5760 609 5821 sus
651 5760 710 5821 ac
740 5744 929 5821 durum
952 5744 1212 5821 _pr_o_illis_
1255 5755 1374 5821 tunc
1404 5738 1935 5821 moribusopmabar,
1971 5738 2122 5815 'quod
2216 5743 2328 5821 dici
2359 5738 2675 5817 non'pOtcst
2700 5746 2847 5815 quis,
2876 5745 3021 5814 quod
3053 5744 3176 5803 ideo
3208 5748 3470 5813 minatur,
3503 5756 3566 5797 tte
3592 5738 3755 5793 faciat.

516 5814 573 5869 t'n
594 5815 809 5868 salutem
838 5816 962 5868 mihi
992 5816 1167 5869 divina
1194 5815 1518 5887 indulgentia
1539 5814 1902 5888 pollicebatur,
1928 5814 2038 5874 etc.
2214 5822 2215 5827 “
