4078 6342
351 307 488 363 1145

1177 305 1830 368 COMMENTARIURUM
1874 312 1936 366 IN
1975 311 2199 369 JUNAM
2241 314 2460 371 LIBER.
2504 317 2662 374 CAP.
2700 317 2792 374 IV.

3503 320 3641 374 1146

343 421 432 490 qni
461 436 564 475 non
592 429 711 476 sunt
750 419 847 486 dii,
889 429 935 475 et
961 437 1053 494 ego
1080 437 1166 477 eos
1197 422 1414 478 irritabo
1445 439 1598 496 super
1627 436 1796 496 gente,
1827 441 1944 497 qua:
1971 431 2022 491 Α
2051 426 2428 484 haereditatem
2470 445 2668 496 meam,
2715 446 2971 504 egressus
3014 447 3132 488 smn
3171 433 3240 490 de
3270 434 3390 490 sinu
3428 442 3538 501 tuo,
3589 445 3644 491 et

343 530 446 568 non
471 525 546 570 est
579 531 596 568 :
620 531 773 588 super
798 517 1006 571 natione
1028 516 1190 571 stulta
1219 517 1289 570 eis
1319 517 1388 571 ad
1413 517 1741 572 iracundiam
1768 519 1938 572 conci-

345 609 462 663 tabo
485 607 663 682 (Deut.
696 624 866 675 χχχιι,
902 608 1014 679 51),
1041 609 1300 680 desperat
1327 610 1395 666 de
1423 611 1596 666 salute
1622 610 1865 679 lsraelis,
1889 620 1942 668 et

345 717 540 774 magno
561 701 750 758 dolore
778 703 1112 768 concutitur,
1159 703 1248 772 qui
1279 703 1519 772 erumpit
1553 703 1607 757 in
1641 717 1854 769 vocem,
1887 711 1944 759 et

344 811 544 852 cauSas
577 797 831 853 mmroris
865 795 1110 866 exponit,
1144 806 1198 850 et
1227 795 1629 868 quodammodo
1659 797 1900 868 loquitur
1927 813 1939 850 :

345 891 464 961 Ego
484 891 635 947 solus
651 891 858 948 electus
875 907 993 947 sum
1020 892 1088 948 de
1104 901 1254 948 tanto
1274 908 1502 948 numero
1521 892 1935 964 prophetarum,

343 988 436 1059 qui
469 1003 566 1058 per
609 990 840 1043 aliorum
887 989 1117 1044 salutem
1150 989 1358 1044 ruinam
1403 1004 1522 1044 tneo
1558 989 1753 1058 potiqu
1804 1004 1943 1042 nun-

347 1080 559 1139 tiarem.
592 1081 710 1138 Non
752 1082 916 1154 igitur
953 1084 1329 1151 contristatur,
1375 1093 1434 1140 ut
1472 1084 1690 1155 quidam
1725 1093 1938 1158 putant,

346 1174 493 1246 quod
534 1175 778 1247 gentium
806 1176 1097 1232 multitudo
1124 1181 1404 1243 salvetur;
1445 1178 1540 1234 sed
1575 1179 1718 1250 quod
1756 1185 1941 1246 pereat

346 1266 535 1324 lsrael.
571 1266 724 1324 Unde
746 1277 800 1324 et
833 1269 1094 1324 Dominus
1125 1282 1311 1326 n05ter
1349 1269 1498 1326 ﬂevit
1526 1287 1693 1340 super
1720 1270 1942 1326 Jerusa-

344 1360 452 1418 lem
483 1362 640 1435 (Luc.
675 1360 816 1435 xu),
865 1373 922 1420 et
951 1364 1128 1420 noluit
1151 1365 1344 1420 tollere
1373 1381 1564 1435 panem
1596 1365 1859 1430 filiorum,
1887 1374 1944 1421 et.

344 1455 478 1512 dare
507 1472 632 1512 eum
659 1457 891 1512 canibus
921 1455 1117 1529 (Marc.
1152 1458 1271 1530 vn).
1321 1459 1385 1513 Et
1427 1459 1673 1529 Apostoli
1707 1463 1940 1530 primum

344 1552 650 1622 praedicant
693 1552 878 1609 lsraeli
920 1554 1056 1623 (Act.
1106 1555 1248 1625 xm).
1296 1555 1358 1609 Et
1397 1553 1596 1608 Paulus
1630 1555 1782 1625 cupit
1821 1569 1943 1611 esse

344 1646 633 1703 anathema
666 1664 764 1718 pro
791 1647 1048 1703 fratribus
1081 1647 1195 1702 suis
1216 1689 1230 1713 ,
1275 1647 1523 1720 quigsunt
1555 1647 1835 1717 Israelitar,
1889 1657 1944 1703 et

342 1760 574 1816 quorum
607 1744 830 1816 adoptio
850 1756 904 1801 et.
925 1745 1120 1816 gloria,
1142 1753 1198 1802 et
1219 1745 1647 1811 Testamentum,
1675 1755 1731 1803 et
1753 1762 1940 1820 repro-

2047 525 2190 580 veni.
2231 524 2287 580 Si
2320 524 2729 582 misericordem
2767 529 3008 584 dicerem
3040 539 3202 600 atque
3231 529 3558 587 clementem
3589 540 3646 587 ct

2046 621 2416 694 ignoscentem
2446 623 2686 688 maiitiae,
2720 626 2904 680 nullus
2932 633 3124 695 ageret
3147 627 3522 696 paenitentiam
3556 645 3568 681 :
3597 628 3644 682 si

2043 717 2348 785 crudelem,
2383 727 2437 774 et
2469 728 2680 774 tantum
2702 717 2942 789 judicem
2973 720 3082 794 [ΑΙ.
3103 720 3394 794 judicium]
3425 721 3646 776 nuntia-

2045 828 2184 879 rem,
2213 813 2454 869 sciebam
2489 813 2591 868 hoc
2619 821 2720 868 ture
2745 828 2852 868 non
2885 828 3007 870 esse
3034 823 3260 870 naturae.
3294 815 3348 869 ln
3379 813 3482 873 hoc
3505 830 3642 885 ergo

2045 908 2297 976 ambiguo
2351 908 2580 977 positus,
2634 909 2799 964 malui
2849 907 3034 980 fugere
3076 912 3284 980 potius,
3341 925 3500 980 quam
3552 921 3640 964 aut

2045 1003 2371 1073 pwnitentes
2411 1004 2635 1058 lenitate
2664 1003 2920 1074 decipere
2944 1045 2959 1069 ,
3007 1014 3101 1058 aut
3128 1003 3196 1059 de
3235 1012 3290 1060 te
3337 1002 3643 1074 praedicare

2044 1096 2187 1168 quod
2207 1111 2312 1151 non
2333 1111 2479 1152 eras.
2499 1097 2654 1152 Tolle
2673 1097 2859 1168 igitur,
2886 1096 3139 1164 Domine,
3168 1097 3404 1153 animam
3431 1113 3640 1152 meam:

2046 1200 2069 1227 τι
2111 1190 2232 1258 quia
2265 1189 2456 1245 melior
2484 1189 2616 1245 mihi
2645 1199 2730 1245 est
2756 1205 2926 1253 mors,
2978 1205 3140 1260 quam
3171 1191 3301 1245 vita.
3335 1189 3491 1246 Tolle
3519 1189 3645 1244 ani-

2047 1299 2187 1337 mam
2243 1298 2441 1343 meam.
2500 1299 2620 1353 quae
2671 1283 2844 1337 tristis
2899 1283 3000 1336 fuit
3052 1299 3228 1352 usque
3271 1281 3338 1338 ad
3386 1292 3644 1337 mortem.

2043 1375 2198 1431 Tolle
2239 1375 2476 1430 animam
2521 1390 2699 1431 meam
2736 1392 2751 1430 :
2801 1375 2860 1430 lu
2894 1391 3085 1430 manus
3127 1375 3274 1430 enim
3319 1383 3442 1430 tuas
3489 1388 3640 1429 com-

2044 1469 2248 1524 mendo
2293 1469 2548 1540 spiritum
2597 1483 2777 1524 meum
2826 1467 2982 1536 (Luc.
3029 1469 3148 1538 xv),
3205 1466 3399 1523 melior
3444 1465 3646 1537 quippe

2046 1563 2174 1619 mihi
2230 1572 2313 1618 est
2367 1577 2534 1629 mors,
2591 1577 2751 1628 quam
2801 1561 2930 1616 vita.
2988 1559 3192 1615 Vivens
3243 1575 3405 1614 unam
3467 1557 3640 1613 Israel

2045 1669 2262 1731 gentem
2287 1658 2501 1713 Salvare
2525 1673 2632 1710 non
2664 1655 2846 1728 potui:
2877 1652 2905 1693 ι’
2938 1654 3164 1724 moriar,
3195 1663 3249 1708 et
3280 1651 3515 1708 mundus
3540 1651 3646 1706 sal-

2045 1751 2287 1807 Vabitur.
2338 1747 2575 1804 llistoria
2618 1747 2901 1802 manifesta
2941 1756 3050 1813 est,
3104 1756 3161 1801 et
3204 1760 3370 1815 super
3411 1757 3642 1814 persona

344 1838 662 1910 missiones,
714 1851 770 1895 et
821 1839 1108 1912 legislatio,
1157 1856 1223 1896 ex
1265 1841 1462 1911 quibus
1510 1853 1717 1911 patres,
1771 1851 1826 1897 et
1874 1857 1941 1898 ex
1975 1840 2021 1901 Β
2050 1843 2326 1916 pr0pbette
2354 1843 2432 1898 sic
2457 1851 2633 1912 potest
2659 1840 2915 1911 intelligi,
2950 1849 3007 1895 ut
3027 1839 3223 1895 crebro
3241 1842 3350 1909 jam
3377 1837 3644 1903 diximus,

341 1931 540 2003 quibus
587 1932 836 1987 Christus
877 1942 961 1988 est
1001 1932 1301 1988 secundum
1356 1949 1578 1990 carnem
1625 1933 1808 2005 (Rom.
1839 1937 1936 2008 Ix).

344 2026 577 2082 Pulchre
626 2037 806 2082 autem
852 2027 1034 2083 dolens
1085 2028 1252 2099 (quod
1298 2030 1697 2102 interpretatur
1748 2029 1941 2104 Jonas)

342 2119 604 2191 afﬂigitur
631 2120 857 2187 dolore,
903 2131 958 2178 et
988 2121 1159 2177 tristis
1195 2135 1280 2179 cst
1309 2124 1488 2179 anima
1521 2124 1636 2195 ejus
1671 2141 1844 2196 usque
1874 2126 1940 2181 ad

347 2225 612 2283 mortem;
641 2218 768 2288 quia
803 2233 872 2274 ne
900 2218 1104 2289 periret
1135 2219 1369 2290 populus
1406 2218 1744 2286 Judaeorum,
1771 2236 1942 2292 quan-

344 2321 456 2366 tum
486 2310 542 2364 in
564 2324 624 2365 se
650 2309 769 2377 fuit,
805 2310 974 2366 multa
992 2325 1286 2381 perpessus
1309 2323 1410 2367 est.
1438 2312 1696 2368 Historia:
1723 2329 1941 2384 quoque

347 2402 519 2473 magis
545 2402 782 2458 dolentis
811 2406 1066 2459 convenit
1096 2420 1291 2460 nomen
1311 2447 1328 2472 ,
1372 2405 1680 2474 signiticaus
1713 2406 1943 2460 laborio-

347 2509 468 2550 sum
510 2493 827 2566 pr0phetam
850 2541 864 2565 ,
898 2505 953 2552 et
981 2497 1438 2568 peregrinationis
1475 2509 1638 2569 atque
1674 2497 1941 2570 naufragii

343 2590 584 2646 miseriis
610 2602 1028 2660 prmgravatum.

417 2681 675 2752 (νει-ελ,
701 2683 784 2756 5.)
810 2682 1057 2751 Obsecro,
1081 2684 1330 2752 Domine,
1355 2688 1608 2758 numquid
1629 2704 1731 2742 non
1754 2688 1851 2743 hoc
1866 2698 1940 2743 est

342 2777 553 2831 verbum
580 2793 766 2846 meum,
795 2795 910 2834 cum
933 2779 1105 2833 adhuc
1125 2796 1284 2834 essent
1311 2781 1367 2834 in
1391 2791 1527 2836 terra
1555 2783 1708 2836 mea?
1732 2792 1942 2856 propter

343 2870 442 2925 hoc
469 2871 828 2942 pmoccupavi
859 2882 916 2926 ut
956 2875 1182 2944 fugerem
1229 2871 1391 2946 ﬁ23
1436 2876 1488 2927 in
1535 2873 1768 2929 Tharsis.
1819 2874 1943 2931 Scio

347 2966 483 3020 enim
513 2965 634 3037 quia
666 2975 722 3020 tu
752 2964 896 3021 Deus
923 2966 1146 3021 clemens
1173 2975 1219 3020 et
1251 2968 1541 3022 misericors
1570 2967 1753 3039 [Vulg.
1789 2968 1940 3023 addit

343 3061 440 3134 es],
472 3063 673 3134 patiens
699 3103 713 3126 ,
764 3073 813 3116 et
850 3062 1026 3117 mutue
1053 3063 1407 3118 miserationis
1428 3107 1441 3130 ,
1486 3064 1752 3135 ignoscens
1789 3081 1942 3133 super

343 3156 568 3221 malitia,
592 3167 638 3210 et
663 3172 823 3218 nunc,
847 3153 1090 3223 Domine,
1119 3157 1242 3211 tolle
1261 3173 1434 3228 quteso
1463 3159 1693 3211 anintam
1717 3175 1879 3212 meam
1910 3177 1941 3213 a

2044 1937 2188 2010 quod
2220 1948 2505 2006 propterea
2546 1933 2712 2007 424
2737 1931 3091 1988 contristetur
3119 1941 3173 1986 et
3205 1929 3341 1986 mori
3381 1928 3533 1992 velit,
3579 1944 3646 1984 ne

2045 2046 2308 2090 conversa
2334 2031 2686 2086 multitudine
2729 2028 2996 2100 gentium,
3043 2025 3096 2081 in
3146 2034 3412 2080 aeternum
3458 2032 3648 2095 pereat

2045 2128 2234 2184 Israel.

2117 2223 2300 2291 (Vers.
2325 2219 2408 2292 4.)
2436 2219 2500 2274 Et
2523 2219 2654 2272 dixit
2682 2215 2937 2270 Dominus
2963 2230 2981 2269 :
3010 2224 3232 2285 putasne
3259 2212 3383 2266 bene
3408 2211 3648 2265 irasceris

2047 2317 2143 2370 tn?
2185 2312 2328 2369 LXX
2363 2329 2372 2365 :
2405 2310 2471 2365 Et
2502 2310 2633 2364 dixit
2669 2308 2921 2362 Dominus
2965 2306 3033 2360 ad
3071 2303 3261 2358 Ionam
3296 2320 3313 2357 :
3359 2314 3380 2341 ε
3414 2303 3474 2358 Si
3505 2300 3651 2356 rebe-

2043 2419 2240 2464 ntenter
2263 2407 2603 2460 contristatns
2627 2421 2677 2457 es
2702 2413 2754 2456 tu
2771 2404 2792 2456 ?
2812 2401 3049 2457 Verbum
3078 2397 3404 2454 llcbraicum
3430 2413 3531 2452 Atta
3549 2411 3646 2451 LAC

2045 2484 2328 2583 (15am),
2361 2507 2416 2554 et
2442 2498 2604 2552 iratus
2639 2513 2694 2551 es
2730 2505 2808 2562 tu,
2835 2503 2892 2550 et
2913 2493 3246 2548 contristatus
3280 2508 3332 2546 es
3358 2499 3438 2558 tu,
3473 2500 3652 2545 trans-

2045 2593 2173 2650 ferri
2197 2602 2406 2664 potest:
2432 2591 2576 2662 quod
2601 2599 2895 2660 utrumque
2919 2599 2969 2642 et
2997 2585 3314 2656 prophetae,
3345 2592 3400 2639 et
3428 2583 3644 2638 Domini

2045 2701 2296 2759 persona:
2321 2685 2602 2748 convenit,
2632 2681 2774 2754 quod
2808 2681 2894 2736 vel
2927 2680 3100 2735 iratus
3128 2679 3230 2742 sit,
3269 2693 3338 2733 ne
3367 2675 3647 2732 videretur

2045 2783 2186 2855 apud
2216 2781 2487 2838 Ninivitas
2519 2780 2684 2835 fuisse.
2713 2779 2998 2844 mentitus,
3029 2774 3115 2831 vel
3138 2774 3510 2838 contristatus,
3545 2770 3648 2826 in—

2047 2878 2298 2950 telligens
2327 2876 2488 2932 Israel
2518 2889 2641 2930 esse
2671 2872 3001 2944 periturum.
3029 2871 3091 2927 Et
3119 2867 3520 2924 rationabiliter
3543 2881 3648 2921 non

2045 2973 2094 3030 ei
2125 2972 2279 3036 dicit,
2310 2971 2451 3024 male
2482 2969 2655 3023 iratus
2679 2981 2761 3032 es,
2794 2965 2880 3020 vel
2910 2963 3262 3018 contristatus
3283 2976 3368 3026 es,
3402 2975 3472 3016 ne
3495 2959 3651 3015 vide-

2047 3079 2198 3124 retur
2228 3063 2634 3136 reprehendere
2657 3061 3065 3117 contristatnm.
3101 3057 3208 3112 Nec
3231 3071 3476 3120 rursum,
3511 3054 3653 3110 bene

2047 3163 2219 3218 iratus
2251 3175 2329 3226 es,
2363 3170 2452 3214 aut
2480 3157 2838 3214 contristatns
2872 3151 2932 3208 :d
2964 3169 3031 3208 ne
3058 3167 3170 3207 sua:
3201 3149 3488 3206 sententiae
3515 3163 3650 3203 con-

343 3265 446 3315 me,
477 3249 602 3316 quia
633 3250 814 3304 melior
838 3258 913 3304 est
940 3251 1067 3304 mihi
1094 3266 1228 3305 mors
1252 3296 1266 3318 ,
1306 3268 1460 3320 quant
1491 3252 1615 3306 vita.
1661 3251 1806 3307 LXX
1834 3274 1845 3309 :
1897 3252 1942 3306 0
1971 3243 2017 3306 C
2050 3257 2277 3320 trairet;
2311 3252 2405 3309 sed
2439 3251 2747 3318 interrogat
2780 3247 2980 3316 ipsum,
3013 3245 3102 3314 qui
3133 3244 3304 3298 iratus
3332 3252 3415 3298 est
3436 3250 3491 3296 et
3521 3256 3654 3295 con-

345 3341 588 3405 Domine,
640 3359 809 3398 nonne
855 3344 942 3397 isti
988 3352 1106 3397 sunt
1143 3361 1404 3399 sermones
1435 3346 1558 3412 mei,
1615 3362 1730 3400 cum
1772 3346 1943 3402 adhuc

344 3451 506 3491 essem
533 3437 584 3490 in
615 3446 751 3490 terra
775 3438 934 3492 mea?
979 3447 1249 3510 prOpterea
1291 3441 1650 3508 prazoceupavi
1681 3441 1860 3512 fugere
1889 3441 1944 3495 in

343 3529 578 3586 Titanis.
633 3531 758 3586 Scio
795 3533 929 3586 enim
973 3532 1116 3603 quod
1145 3543 1201 3586 tn
1242 3533 1536 3588 misericors
1570 3544 1616 3588 et
1647 3535 1940 3602 ntiserator,

345 3626 548 3696 patiens
587 3634 636 3678 et
681 3625 856 3680 multa:
895 3626 1261 3690 miserationis,
1311 3636 1358 3680 et
1387 3644 1546 3697 agens
1592 3629 1945 3698 pwttilentinm

344 3734 500 3788 super
529 3718 765 3782 ntalitiis,
804 3728 852 3772 et
885 3735 1044 3785 nunc,
1080 3719 1376 3773 dominator
1404 3718 1641 3784 Domine,
1677 3720 1798 3774 tolle
1829 3722 1943 3774 ani-

344 3829 483 3866 mam
509 3827 678 3866 meam
705 3828 739 3865 a
760 3827 859 3878 me,
891 3813 1013 3882 quia
1039 3813 1223 3867 melius
1254 3823 1330 3866 est
1359 3813 1486 3866 mihi
1515 3815 1668 3879 mori,
1694 3830 1849 3886 quam
1871 3814 1945 3870 vi-

344 3923 479 3962 vere.
510 3906 622 3960 lloc
651 3905 794 3977 quod
836 3921 934 3961 nos
979 3907 1326 3976 interpretati
1373 3895 1592 3974 sumus,
1626 3910 1854 3970 obsecro,
1893 3920 1942 3962 et

350 4000 709 4072 Septuaginta
738 4002 1143 4056 transtulerunt
1173 3999 1212 4054 ὦ
1234 4001 1318 4069 δὴ,
1355 4003 1409 4055 in
1445 4001 1710 4056 llebraico
1745 4002 1946 4072 legitur

350 4108 492 4149 arma
511 4093 690 4165 (mu),
722 4109 847 4164 qua:
874 4094 1007 4150 mihi
1031 4094 1247 4150 videtur
1269 4095 1576 4163 interjectio
1597 4094 1946 4164 deprecantis

349 4184 664 4258 significare
703 4188 1034 4243 blandientis
1075 4187 1356 4243 atiecmm.
1397 4188 1538 4256 Quia
1572 4189 1734 4258 igitur
1771 4188 1946 4244 oratio

347 4286 485 4354 ejus,
530 4284 663 4339 dum
694 4299 754 4340 se
784 4284 921 4340 dicit
952 4285 1097 4353 juste
1128 4283 1313 4355 fugere
1359 4285 1597 4340 voluisse
1617 4328 1631 4352 ,
1676 4285 1943 4355 quodam-

350 4377 513 4433 modo
543 4377 820 4447 injustitiae
849 4378 1020 4449 arguit
1049 4378 1364 4441 Dominum,
1397 4377 1651 4447 querelas
1689 4393 1819 4434 suas
1848 4380 1946 4435 ob-

346 4470 672 4525 secrationis
694 4469 924 4524 exordio
948 4478 1236 4539 temperat.
1262 4469 1552 4540 Numquid,
1579 4471 1680 4535 ait,
1703 4486 1812 4526 non
1843 4471 1946 4527 hoc

347 4574 434 4620 est
461 4564 689 4618 verbum
717 4579 918 4626 meum.
947 4579 1074 4619 cum
1102 4565 1279 4619 adhuc
1310 4579 1489 4619 essem
1522 4565 1572 4619 in
1606 4575 1751 4619 terra
1785 4568 1944 4620 mea?

345 4654 488 4711 Scivi
521 4666 573 4711 te
599 4655 703 4711 hoc
733 4669 854 4711 esse
882 4655 1152 4711 facturum
1184 4673 1197 4709 :
1235 4670 1344 4711 non
1379 4657 1695 4725 ignorabam
1728 4657 1946 4713 miseri-

347 4745 592 4818 cdrdem,
625 4758 912 4820 propterea
942 4763 1198 4805 severum
1223 4759 1276 4803 et
1303 4753 1664 4803 trnenlcnunn
1694 4753 1946 4807 nnmiare

351 4842 601 4898 nolebam
638 4860 651 4898 :
681 4842 804 4898 ideo
830 4842 1016 4915 fugere
1043 4843 1191 4897 volui
1225 4842 1278 4896 in
1310 4841 1557 4909 Tharsis,
1591 4859 1784 4900 vacare
1814 4860 1947 4900 con-

353 4934 695 5006 templationi
743 4951 948 4999 rerum,
995 4945 1051 4991 et
1082 4936 1134 4991 in
1164 4935 1298 4991 mari
1345 4937 1502 4992 istius
1530 4932 1717 4992 saeculi
1762 4939 1945 5010 quiete

349 5031 533 5101 potius
563 5036 619 5084 et
644 5029 759 5085 otio
786 5029 1014 5100 perfrui.
1047 5027 1240 5084 Dimisi
1260 5029 1480 5085 domum
1513 5045 1710 5101 meam,
1741 5033 1939 5104 reliqui

423 5213 449 5243 τί
473 5205 604 5261 Tres
625 5204 1029 5276 subsequentes
1042 5219 1255 5270 versus,
1273 5205 1521 5275 ejusdem
1547 5209 1698 5265 vocis
1719 5213 1949 5266 animant

351 5293 577 5336 recursu
606 5274 892 5345 deceptus,
920 5274 1194 5332 Victorius
1219 5274 1591 5346 przetermisit.

427 5349 452 5387 ι’
485 5349 561 5421 Es
604 5363 736 5402 mss.
783 5348 1023 5413 nostris,
1053 5349 1226 5419 iisque
1261 5351 1514 5404 omnibus
1555 5369 1692 5421 quos
1733 5353 1946 5410 Victor.

349 5420 659 5483 consuluit,
687 5421 1028 5493 correximus
1073 5421 1288 5486 moriar,
1326 5437 1424 5488 pro
1456 5420 1951 5493 quomartianwus

349 5494 586 5550 retinnit
616 5491 827 5544 morior.

430 5575 452 5603 ε
483 5564 611 5619 Mss.
640 5563 868 5617 Palatin.
896 5563 938 5616 si
963 5564 1285 5634 particulam
1311 5580 1429 5634 qure
1457 5564 1651 5620 deerat
1671 5567 1946 5624 sufficiunt

351 5637 545 5725 Graeci:
575 5649 797 5705 quoque
828 5644 980 5690 textu
1020 5638 1355 5694 assentiente
1377 5678 1391 5703 ,
1426 5640 1469 5692 εἰ
1500 5638 1702 5716 σφόδρα
1731 5641 1951 5702 λελύπη-

353 5732 446 5767 σαι
471 5731 561 5765 συ.

425 5778 452 5818 ιι
483 5779 782 5850 Pericopen
815 5778 957 5851 hanc
986 5780 1274 5836 verborum
1308 5790 1500 5851 totam,
1527 5799 1588 5838 ne
1613 5800 1722 5839 sua:
1742 5797 1949 5842 senten-

356 5855 442 5911 tia'
467 5851 766 5921 contrairet,
796 5850 886 5907 sed
914 5852 1192 5924 interrogat
1242 5855 1411 5928 ipsum
1439 5857 1527 5926 qui
1563 5858 1726 5915 iratus
1767 5867 1872 5927 est,
1904 5870 1953 5914 et

2047 3350 2318 3412 tristatus,
2344 3357 2402 3401 ut
2420 3347 2502 3401 vel
2527 3358 2721 3399 causas
2746 3343 2842 3396 irtc
2865 3337 3221 3406 respondeat,
3248 3337 3330 3392 rel
3357 3333 3644 3390 mceroris:

2044 3451 2142 3498 aut
2167 3443 2210 3497 si
2242 3441 2332 3496 ille
2365 3438 2597 3495 tacuerit
2622 3480 2636 3504 ,
2685 3451 2870 3490 verum
2904 3431 2997 3489 Dei
3033 3430 3296 3503 judicium
3325 3443 3391 3483 ex
3423 3427 3542 3498 ejus
3573 3427 3648 3480 si-

2045 3536 2215 3593 lentio
2242 3533 2650 3603 comprobatur.

2119 3629 2303 3703 (Vers.
2337 3626 2417 3699 5.)
2455 3625 2520 3679 Et
2543 3640 2776 3696 egressus
2808 3629 2882 3676 est
2906 3620 3076 3674 Jonas
3101 3619 3164 3673 de
3190 3616 3416 3680 civitate,
3443 3625 3489 3668 et
3515 3614 3650 3669 sedit

2049 3733 2228 3778 contra
2256 3723 2502 3777 orientem
2532 3718 2781 3785 civitatis,
2814 3725 2862 3769 et
2900 3714 3020 3784 fecit
3050 3712 3250 3766 sibimet
3279 3707 3642 3763 umbraculum

2050 3819 2142 3883 ibi,
2187 3828 2233 3874 et
2270 3815 2476 3871 sedebat
2516 3812 2690 3867 subter
2728 3809 2862 3864 illud
2899 3809 2951 3863 in
3005 3806 3210 3872 umbra,
3258 3803 3422 3857 donec
3462 3799 3654 3854 uideret

2047 3913 2169 3980 quid
2200 3909 2449 3964 accideret
2477 3907 2692 3960 civitati.
2728 3915 2749 3936 ο
2778 3901 2916 3958 LXX
2947 3900 3217 3956 similiter.
3263 3895 3484 3951 Primus
3510 3893 3645 3948 Cain

2049 4002 2331 4059 fratricida
2357 4044 2370 4064 ,
2405 4010 2459 4056 et
2489 4000 2760 4054 homicida
2791 4005 3080 4052 cruentum
3114 3989 3372 4046 mundum
3403 3987 3651 4058 germani

2049 4098 2313 4169 sanguine
2351 4095 2612 4150 dedicans
2635 4135 2647 4156 ,
2681 4089 2971 4146 aedificavit
2999 4086 3278 4142 civitatem
3304 4127 3317 4151 ,
3349 4092 3401 4136 et
3443 4080 3652 4134 vocavit

2051 4208 2168 4249 eam
2199 4208 2263 4246 ex
2296 4190 2516 4244 nomine
2542 4187 2635 4242 lilii
2663 4186 2744 4241 sui
2773 4183 2790 4222 ί
2827 4181 3014 4238 Enoch
3041 4178 3255 4253 (Cenes.
3290 4175 3388 4248 ιν).
3416 4172 3574 4230 Unde
3603 4186 3652 4227 et

2049 4288 2190 4342 Osee
2213 4285 2480 4356 propheta
2509 4282 2664 4346 dicit,
2694 4278 2838 4336 Deus
2871 4295 2964 4351 ego
2994 4287 3041 4331 et
3063 4291 3167 4330 non
3191 4274 3344 4326 homo
3363 4313 3379 4335 ,
3405 4271 3460 4324 in
3487 4270 3658 4322 medio

2051 4382 2127 4436 tui
2155 4389 2364 4435 sanctus
2397 4393 2414 4434 :
2445 4385 2492 4430 et
2533 4393 2638 4430 non
2673 4372 2941 4444 ingrediar
2979 4369 3238 4422 ciuitatem
3268 4365 3434 4434 (Usee
3465 4377 3540 4429 χι,
3573 4361 3654 4432 9).

2050 4473 2269 4531 Domini
2300 4472 2470 4537 enim,
2503 4467 2792 4524 Psalmista
2825 4465 3066 4525 dicente,
3095 4468 3224 4516 sunt
3251 4457 3432 4513 exitus
3462 4457 3656 4510 mortis

2051 4567 2168 4638 (Ps.
2202 4570 2388 4632 vau).
2422 4562 2795 4628 Quamobrem
2835 4567 2892 4612 et
2940 4571 3043 4609 una
3077 4551 3432 4624 fugitivorum
3461 4550 3658 4605 civitas

1974 4638 2028 4698 Ῐ)
2057 4660 2366 4731 appellatur
2392 4655 2614 4710 Ramoth
2646 4651 2890 4724 (manu),
2919 4647 3063 4722 quod
3106 4647 3500 4716 interpretatur
3528 4645 3656 4698 uisio

2056 4753 2257 4809 ntortis.
2295 4751 2360 4805 Et
2386 4757 2535 4804 recte
2562 4749 2889 4819 quicumque
2923 4742 3181 4812 fugitivus
3212 4749 3318 4806 est,
3348 4748 3402 4793 et
3432 4746 3659 4808 propter

2057 4855 2275 4918 peccata
2309 4859 2414 4898 non
2449 4853 2693 4898 meretur
2724 4840 2971 4893 habitare
2989 4835 3296 4892 Jerusalem
3317 4876 3330 4898 ,
3365 4831 3575 4886 habitat
3604 4829 3654 4884 in

2048 4939 2185 4994 urbe
2217 4939 2425 5000 mortis,
2461 4943 2517 4990 et
2543 4943 2627 4989 est
2665 4942 2821 4987 trans
2853 4932 3091 4985 ﬂuentas
3123 4925 3413 4986 .Iordanis.
3449 4925 3542 4994 qui
3567 4921 3659 4976 de-

2049 5050 2261 5088 scensus
2291 5030 2647 5102 exprimitur.
2676 5027 2974 5099 Egreditur
3006 5039 3140 5095 ergo
3166 5015 3543 5084 columba,vel
3563 5015 3659 5071 do-

2053 5214 2419 5277 eontristatus,
2445 5229 2604 5282 quam
2631 5213 2764 5286 nihil
2791 5211 3014 5286 dubium
3045 5208 3119 5286 sit
3140 5203 3656 5286 itttegrutu_oralio_-

2055 5286 2140 5340 nis
2177 5277 2498 5340 contextum
2534 5283 2877 5347 attendenti,
2906 5283 2976 5338 ob
3009 5281 3252 5346 ejusdem
3284 5277 3437 5331 verbi
3466 5277 3660 5330 contri-

2056 5366 2218 5410 starus
2251 5373 2541 5410 uertit-sum
2575 5398 2588 5420 ,
2623 5371 2769 5430 saepe
2799 5355 2960 5409 obvio
2983 5351 3398 5430 amanuensium
3424 5363 3656 5430 errore,

2058 5434 2448 5498 praetermissa,
2475 5419 2598 5481 cum
2623 5426 2676 5481 in
2705 5419 2972 5480 hactenus
2999 5438 3214 5494 quoque
3243 5421 3476 5498 vulgatis
3504 5419 3661 5498 libris

2055 5491 2482 5562 desideraretur,
2531 5514 2630 5551 nos
2678 5501 2742 5551 ad
2787 5491 3163 5551 Palatinarutit
3207 5493 3457 5547 codicum
3499 5491 3660 5544 fidem

2059 5571 2373 5626 sull‘ecimus
2410 5590 2424 5627 :
2457 5572 2746 5640 locumque
2783 5569 2926 5624 adeo
2963 5567 3207 5638 pristinae
3237 5563 3538 5636 integritati
3575 5577 3659 5617 re-

2061 5655 2359 5699 stltumius.

2135 5725 2157 5753 ο
2187 5715 2364 5772 Verba
2392 5711 2539 5768 LXX
2564 5713 2822 5780 similiter,
2852 5727 2972 5784 qua:
3003 5724 3112 5767 tam
3156 5725 3303 5782 saepe
3329 5708 3497 5778 alibi,
3530 5723 3657 5764 nos-

2061 5789 2128 5844 tri
2160 5802 2292 5843 mss.
2317 5787 2617 5842 sufficiunt.

2137 5859 2154 5898 ῐ
2182 5860 2286 5916 Pro
2317 5857 2492 5914 Enoc/t
2520 5873 2652 5916 msS.
2681 5857 2852 5914 nostri
2879 5855 3174 5928 praeferunt
3206 5853 3426 5910 Cainan.
