4078 6342
346 327 486 383 1159

1207 320 1854 382 COMMENTARIORUM
1894 320 1960 378 IN
1987 319 2215 378 JONAM
2241 319 2470 379 LIBER.
2501 319 2656 379 CAP.
2702 322 2788 378 IV.

3507 311 3644 378 "50

343 440 458 492 lum
513 436 838 507 praibuerit,
891 443 955 492 et
1018 438 1315 506 potentiam
1383 436 1685 492 ostenderit
1735 433 1830 490 Dei
1891 436 1945 489 in
1973 436 2460 507 Atibusioquit-ur
2489 435 2691 493 Judzris
2720 454 2735 494 :
2769 437 3137 493 Paenitentiam
3159 437 3318 510 agite,
3344 445 3391 492 et
3413 437 3640 508 baptiza-

346 531 687 601 proiectione
731 529 960 586 virentis
997 530 1326 596 umbraculi,
1395 539 1449 585 et
1497 539 1744 584 nauiram
1779 542 1939 583 suam

347 635 530 680 secuta
599 632 702 680 est.
760 624 846 680 Ad
917 639 1205 694 personam
1268 639 1399 679 vero
1465 623 1678 678 Domini
1749 622 1944 678 Salva-

347 719 504 788 toris,
530 734 597 775 ne
623 717 835 788 peni-tus
867 726 1092 790 pmpter
1138 719 1563 790 φιλοκολύκηνθον,
1603 717 1940 773 cncurbitam

346 813 735 881 relinquamus,
768 812 846 867 sic
897 811 1086 866 referri
1115 820 1312 880 potest,
1349 821 1404 863 ul
1433 810 1563 864 illud
1612 824 1941 864 commemo-

344 922 529 962 rcmus
551 907 706 961 Isaia:
741 923 753 958 :
787 905 1124 974 Relinquetur
1147 904 1258 974 [ilia
1281 904 1414 960 Sion
1468 905 1597 960 sicut
1637 904 1944 959 tabernacu-

345 999 453 1054 lum
479 1000 533 1054 in
555 999 721 1061 uinea,
749 1010 799 1051 et
821 998 955 1052 uelut
985 999 1164 1052 casula
1193 998 1247 1050 in
1278 997 1655 1058 cucumerario,
1685 997 1832 1067 quasi
1861 998 1938 1048 ci-

341 1093 476 1147 vitas
495 1107 612 1162 qua:
637 1101 967 1162 expugnatur
997 1091 1154 1162 (lsai.
1185 1089 1325 1161 vni).
1361 1091 1430 1146 Et
1457 1091 1704 1146 dicamus
1731 1089 1852 1160 quia
1887 1089 1940 1142 in

342 1187 454 1241 alio
477 1185 777 1256 Scriptura:
802 1186 920 1242 loco
951 1185 1290 1248 cucurbitam
1320 1201 1425 1239 non
1451 1186 1772 1250 invenimus,
1797 1182 1942 1254 quod

343 1282 433 1335 ubi
475 1282 723 1335 cucumis
755 1281 1020 1342 nascitur,
1049 1281 1120 1336 ibi
1151 1281 1300 1335 nasci
1323 1283 1501 1336 soleat
1528 1291 1582 1335 et
1633 1280 1938 1336 cucurbita.

344 1375 413 1430 Et
443 1375 606 1430 Israel
629 1375 758 1429 huic
786 1375 973 1446 generi
1004 1383 1028 1412 ⁸
1057 1383 1459 1444 comparatum,
1489 1374 1630 1443 quod
1663 1374 1938 1444 quondam

343 1468 643 1538 protexeiit
705 1468 898 1523 Jonam
959 1468 1060 1523 sub
1114 1468 1308 1522 umbra
1367 1483 1461 1522 sua
1520 1468 1939 1522 conversionem

341 1564 582 1632 gentium
615 1563 1042 1630 praestolantem,
1073 1569 1262 1616 etnon
1296 1575 1514 1630 parvam
1555 1562 1799 1614 ill‘iiliillll
1847 1561 1945 1614 tri-

343 1655 524 1710 buerit
549 1655 598 1710 ei
627 1654 833 1708 faciens
861 1653 1238 1709 umbraculum
1275 1662 1335 1707 et
1365 1654 1796 1720 tabernaculum,
1837 1669 1940 1724 po-

344 1751 450 1802 tius
483 1762 645 1816 quam
679 1745 921 1811 domum,
957 1745 1172 1801 habens
1199 1754 1468 1801 tectorum
1491 1748 1809 1817 imaginem.
1841 1747 1942 1800 do-

2050 540 2133 584 tur
2159 531 2512 600 unusquisque
2541 541 2766 587 vestrum
2785 534 2840 588 in
2855 535 3065 588 nomine
3082 530 3211 587 .lesu
3240 529 3434 587 Christi
3465 533 3519 587 in
3561 549 3642 587 re—

2048 627 2338 680 missionem
2359 635 2690 698 pcrcatorum
2737 637 3040 693 vestrorum,
3083 635 3132 682 et
3170 627 3431 700 accipietis
3450 628 3644 682 donum

2051 718 2281 787 Spiritus
2309 721 2478 773 sancti
2523 719 2666 788 (Act.
2698 735 2756 784 ιι,
2799 720 2916 791 58).
2977 721 3117 776 Sunt
3169 721 3262 792 qui
3304 735 3542 776 vermem
3591 728 3647 777 et

2049 821 2295 865 urentem
2354 822 2595 874 ventum,
2629 811 2906 868 Romanos
2939 814 3247 883 intelligant
3295 812 3458 868 duces
3487 859 3501 881 ,
3551 814 3641 883 qui

2047 915 2169 975 post
2215 906 2674 962 resurrectionem
2710 904 2946 972 Christi,
2998 907 3165 963 Israel
3225 909 3438 978 penitus
3494 908 3643 964 dele-

2047 1009 2265 1053 verunt.

2109 1091 2459 1164 ﬁgswtirs.
2476 1092 2556 1165 9.)
2573 1093 2638 1148 Et
2653 1095 2784 1150 dixit
2799 1093 3054 1150 Dominus
3077 1097 3145 1150 ad
3168 1094 3642 1152 Jonam:Putasne

2049 1186 2172 1241 bene
2203 1171 2440 1241 irasceris
2473 1198 2526 1241 tu
2555 1205 2708 1260 super
2733 1188 2974 1243 hederam
2999 1192 3023 1244 ?
3065 1189 3127 1245 Et
3161 1190 3294 1244 dixit
3325 1206 3344 1244 :
3375 1190 3498 1245 bene
3531 1192 3643 1243 ira-

2046 1295 2161 1332 scor
2187 1296 2278 1349 ego
2309 1297 2469 1350 usque
2509 1282 2577 1335 ad
2615 1293 2854 1338 mortem.
2900 1282 3080 1338 LXX:
3115 1282 3183 1340 Et
3223 1284 3352 1338 dixit
3394 1284 3650 1342 Dominus

2049 1371 2188 1426 Deus
2213 1373 2279 1427 ad
2306 1371 2519 1440 Ionam,
2553 1387 2573 1413 (τ
2605 1375 2756 1430 valde
2797 1377 3119 1430 contristaris
3145 1386 3200 1430 tu
3231 1393 3386 1450 super
3408 1379 3646 1432 cucurbi-

2049 1478 2099 1520 ta
2129 1469 2150 1520 ?
2182 1466 2245 1520 Et
2297 1468 2369 1519 ait
2400 1482 2416 1520 .'
2451 1468 2601 1521 ralde
2649 1469 2925 1522 contristor
2957 1485 3048 1540 ego
3107 1486 3265 1537 usque
3300 1470 3368 1523 ad
3407 1479 3642 1526 mortem.

2049 1561 2221 1628 Snpia
2258 1559 2510 1614 Ninivitis
2532 1561 2822 1629 agentibus
2873 1562 3253 1631 pmnitentiam
3298 1573 3352 1618 et
3401 1564 3644 1634 gentium

2049 1653 2185 1707 urbe
2233 1653 2460 1716 salvata,
2507 1653 2877 1725 interrogatus
2920 1653 3154 1724 idipsum
3198 1655 3504 1726 propheta:
3541 1653 3647 1710 Pu-

2048 1755 2191 1800 tasne
2213 1747 2338 1799 bene
2361 1748 2599 1802 irasceris
2633 1751 2728 1803 tu?
2756 1748 2888 1802 nihil
2918 1749 3220 1819 respondit,
3264 1751 3357 1805 sed
3411 1753 3648 1806 interro-

343 1855 555 1896 morum
587 1856 695 1894 non
725 1839 935 1895 habens
963 1839 1339 1895 fundamenta.
1387 1840 1560 1895 Porro
1601 1855 1810 1896 eicsiou
1844 1857 1940 1894 no-
1969 1835 2018 1895 B
2043 1842 2316 1908 gationem
2351 1842 2446 1896 Dei
2474 1843 2694 1896 silentio
2725 1844 3120 1910 comprobavit.
3152 1843 3331 1899 sciens
3359 1846 3502 1899 enim
3532 1845 3646 1900 cle-

339 1947 454 1988 sua
481 1933 766 1990 arbuscula
801 1933 1037 2002 Inedica,
1059 1933 1173 1987 cito
1199 1947 1554 2003 consurgens,
1585 1932 1744 2005 427
1785 1943 1838 1988 et
1870 1935 1947 1988 ci-

343 2037 398 2082 to
447 2042 702 2083 crescens
749 2028 944 2082 ordine
977 2035 1037 2082 et
1080 2027 1187 2080 vita
1232 2025 1342 2098 [AL
1386 2025 1497 2100 via]
1539 2027 1946 2097 comparabitur

345 2120 555 2187 lsraeli,
599 2121 816 2177 radices
867 2136 1064 2192 parvas
1101 2123 1336 2176 mittenti
1381 2123 1436 2177 in
1467 2133 1701 2187 terram,
1741 2131 1797 2177 et
1847 2139 1943 2178 co-

344 2219 492 2271 nanti
547 2217 766 2288 quidem
807 2217 858 2270 in
905 2218 1119 2272 excelsa
1158 2217 1417 2283 sustolli;
1463 2218 1559 2272 sed
1599 2217 1943 2272 altitudinem

340 2311 630 2365 cedrorum
664 2310 760 2364 Dei
787 2321 843 2364 et
871 2309 1114 2366 abietum
1157 2325 1264 2364 non
1299 2312 1556 2379 :nqnanti.
1613 2311 1770 2379 Quod
1811 2311 1945 2366 mihi

345 2405 602 2459 videntur
627 2413 682 2458 et
717 2405 944 2458 locusta:
985 2403 1325 2474 signiﬁcare,
1364 2406 1560 2474 quibus
1624 2406 1948 2460 vescebatur

342 2498 602 2564 Joannes,
633 2499 728 2568 qui
761 2499 893 2552 dicit
921 2500 1028 2551 sub
1067 2507 1195 2568 typo
1228 2496 1449 2552 lsraelis
1487 2515 1499 2550 :
1538 2496 1706 2551 Illum
1746 2506 1946 2569 oportet

346 2609 590 2659 crescere,
615 2609 696 2647 me
723 2601 892 2647 atatem
919 2592 1082 2646 minui
1103 2589 1287 2662 (Joan.
1325 2607 1406 2657 ιιι,
1437 2592 1528 2662 50)
1556 2609 1569 2648 :
1602 2592 1801 2646 animal
1829 2605 1950 2660 par-

343 2701 492 2751 vum,
523 2687 766 2742 inlirmas
791 2685 1002 2739 habens
1028 2685 1163 2749 alas,
1195 2685 1264 2740 de
1290 2692 1432 2740 terra
1463 2685 1683 2756 quidem
1720 2700 1948 2739 consur-

343 2797 503 2852 gens,
527 2782 622 2835 sed
649 2781 814 2836 altius
839 2795 947 2832 non
973 2780 1159 2833 valens
1187 2780 1426 2840 avolare.
1455 2789 1512 2833 ut
1541 2781 1667 2849 plus
1693 2781 1760 2833 sit
1782 2793 1946 2850 quam

345 2875 507 2943 I't'plll
529 2895 562 2937 -,
597 2884 652 2928 et
683 2885 860 2927 tamen
895 2871 1087 2924 avibus
1116 2886 1220 2924 non
1253 2882 1517 2940 arquetur.

417 2969 596 3041 (Vers.
631 2969 662 3021 7
689 2977 745 3021 et
768 2967 848 3038 8.)
891 2966 959 3022 Et
989 2966 1191 3037 pararit
1233 2965 1484 3017 Dominus
1526 2980 1742 3016 rermem
1771 2979 1948 3016 ascen-

347 3065 492 3119 sione
513 3063 734 3116 diluculi
765 3064 817 3117 in
859 3063 1169 3128 crastinum,
1197 3070 1245 3115 et
1280 3059 1532 3128 percussit
1581 3058 1844 3125 hederam,
1899 3067 1948 3112 et

348 3161 550 3216 exaruit
579 3175 595 3216 .'
624 3170 673 3214 et
700 3175 816 3214 eum
866 3167 1010 3216 ortus
1041 3157 1222 3227 [uisset
1269 3153 1367 3216 sol,
1401 3153 1643 3224 praecepit
1692 3150 1947 3204 Dominus

2052 1942 2286 1986 tuentem
2319 1947 2442 1989 esse
2475 1934 2664 1997 Deum,
2695 1942 2752 1989 et
2775 1935 3209 2004 misericordem,
3243 1946 3300 1991 et
3330 1938 3642 2003 patientem,

2051 2035 2105 2080 et
2143 2027 2326 2080 multa!
2371 2027 2758 2092 miserationis,
2791 2039 2846 2082 et
2877 2029 3253 2096 ignoscentem
3285 2029 3529 2096 malitiis,
3564 2045 3647 2084 su-

2051 2120 2347 2190 persalute
2376 2122 2622 2191 gentium
2655 2137 2762 2176 non
2819 2122 3078 2177 dolebat:
3129 2122 3216 2178 hic
3272 2135 3452 2180 autem
3501 2135 3652 2195 post-

2050 2231 2210 2286 quam
2241 2218 2437 2271 siccata
2481 2216 2592 2289 {AL
2645 2217 2926 2292 insiccata]
2957 2217 3238 2273 cucurbita
3284 2219 3647 2288 arnitlsrael,

2049 2322 2104 2365 et
2131 2325 2254 2366 cum
2279 2312 2630 2367 distinctione
2673 2313 3081 2384 interrogatus:
3136 2313 3274 2370 Bene
3312 2318 3552 2373 irasceris
3595 2329 3649 2372 tu

2047 2423 2200 2474 super
2226 2406 2414 2460 hedera
2437 2409 2462 2461 ?
2489 2406 2830 2461 confidenter
2856 2407 3143 2476 respondit
3189 2419 3244 2464 et
3281 2411 3412 2465 dicit
3443 2429 3456 2466 :
3508 2410 3648 2468 Bene

2048 2501 2244 2554 irascor
2294 2517 2407 2572 ego,
2451 2501 2535 2555 vel
2583 2502 2866 2555 contristor
2913 2519 3079 2574 usque
3116 2505 3184 2557 ad
3229 2514 3492 2560 mortem:
3543 2523 3649 2563 non

2050 2593 2194 2649 enim
2228 2596 2305 2649 sic
2339 2595 2487 2650 volui
2517 2596 2729 2650 salvare
2761 2596 2922 2662 alios,
2972 2607 3030 2650 ut
3077 2597 3316 2668 perirent
3373 2599 3490 2665 alii,
3542 2614 3649 2654 non

2049 2690 2129 2742 sic
2162 2687 2369 2742 alienos
2403 2687 2746 2755 lucrifacere,
2778 2699 2836 2744 ut
2858 2704 3014 2744 meos
3047 2689 3355 2757 perderem.
3403 2692 3470 2746 Et
3498 2707 3652 2747 reve-

2050 2799 2106 2837 ra
2159 2798 2328 2854 usque
2380 2783 2449 2837 ad
2509 2791 2832 2853 praesentem
2880 2781 3021 2838 diem
3063 2780 3091 2819 ά
3147 2782 3398 2838 Christus
3443 2785 3654 2854 plangit

2050 2874 2214 2928 Israel
2248 2893 2260 2926 τ
2291 2886 2341 2928 et
2373 2875 2678 2930 Jerusalem
2708 2877 2914 2946 plangit
2945 2891 3116 2947 usque
3140 2876 3204 2929 ad
3253 2889 3508 2940 mortem,
3541 2893 3648 2932 non

2051 2985 2228 3032 suam,
2264 2969 2359 3024 sed
2406 2967 2744 3035 Judasoruin,
2803 2979 2862 3023 ut
2908 2972 3212 3023 moriantur
3253 2980 3540 3040 negantes.
3600 2978 3655 3026 et

2050 3070 2336 3130 resurgant
2369 3059 2469 3115 Dei
2496 3059 2691 3114 Filium
2727 3060 3070 3116 conﬁtentes.

2121 3154 2304 3227 (Vers.
2342 3153 2406 3210 i0
2433 3165 2488 3208 et
2511 3152 2626 3224 11.)
2662 3152 2728 3206 Et
2755 3153 2884 3208 dixit
2921 3153 3179 3208 Dominus
3204 3171 3224 3210 :
3270 3154 3353 3209 Tu
3383 3154 3531 3209 doles
3562 3173 3654 3208 sn-

347 3261 494 3308 reu’to
525 3253 696 3307 calido
723 3261 770 3305 et
802 3252 968 3304 urenti
997 3267 1016 3316 ;
1041 3257 1086 3302 et
1113 3249 1362 3317 percussit
1383 3246 1462 3300 sol
1490 3262 1643 3314 super
1675 3253 1828 3314 caput
1855 3242 1949 3296 Jo-
1978 3227 2024 3291 Ο
2055 3263 2144 3317 per
2173 3246 2386 3312 hedera,
2433 3249 2483 3298 in
2535 3262 2637 3317 qua
2681 3260 2782 3298 non
2841 3245 3090 3299 laborasti
3122 3261 3140 3300 :
3180 3261 3343 3316 neque
3393 3245 3557 3316 fecisti
3599 3255 3655 3302 ut

351 3366 450 3416 nm,
479 3359 526 3401 et
551 3346 803 3401 aestuabat
831 3361 848 3398 :
879 3354 928 3398 et
957 3343 1100 3415 petiit
1140 3342 1331 3395 animos
1363 3355 1474 3393 suae
1519 3347 1574 3391 ut
1631 3347 1945 3401 moreretur,

349 3450 394 3492 et
420 3439 550 3492 dixit
581 3455 599 3493 :
630 3437 820 3491 Melius
848 3447 919 3489 est
951 3433 977 3472 ι)
1009 3433 1136 3486 mihi
1166 3433 1318 3498 mori,
1350 3447 1502 3504 quam
1541 3429 1723 3481 t-iz'rre.
1758 3427 1895 3482 LXX
1934 3447 1945 3482 :

349 3531 417 3587 Et
462 3533 698 3603 prtecepit
734 3527 876 3584 Deus
917 3529 1075 3582 vermi
1122 3542 1271 3582 mane
1319 3526 1372 3580 in
1419 3526 1806 3588 crastinum,ct
1831 3539 1950 3590 per-

347 3627 504 3680 cussit
535 3625 885 3691 cucurbitam,
917 3634 962 3677 et
991 3626 1224 3692 arefacta
1251 3629 1324 3674 est
1359 3634 1376 3672 :
1417 3619 1694 3689 statuaque
1722 3627 1778 3672 ut
1807 3626 1949 3672 ortus

347 3730 421 3773 est
469 3719 568 3786 sol,
620 3720 863 3789 pra’cepit
894 3715 1148 3771 Dominus
1198 3715 1406 3781 spiritui
1427 3713 1630 3766 ardoris
1679 3713 1867 3776 urenti,
1901 3721 1948 3763 et

351 3813 599 3881 percussit
629 3815 709 3866 sol
737 3827 892 3884 super
913 3820 1070 3880 caput
1099 3808 1274 3873 Jonw,
1318 3817 1364 3862 et
1403 3808 1731 3877 angustiatus
1777 3815 1869 3871 est,
1902 3815 1949 3859 et

350 3914 398 3954 tu
418 3904 525 3955 duit
552 3919 664 3955 eum
683 3904 875 3956 anima:
895 3915 1026 3964 suae,
1050 3909 1098 3954 et
1118 3899 1250 3952 dixit
1275 3914 1291 3951 .·
1319 3897 1506 3951 Melius
1533 3905 1606 3950 est
1628 3897 1758 3950 mihi
1793 3898 1947 3958 mori,

347 4011 502 4065 quant
527 3995 711 4048 vivere.
747 3995 1052 4065 Antequam
1084 3994 1329 4048 oriretur
1356 3992 1438 4046 sol
1463 3990 1712 4059 justitiw,
1765 3991 1949 4044 virens

347 4097 467 4143 erat
496 4087 892 4154 umbrticulum,
928 4095 983 4141 et
1030 4103 1138 4142 non
1180 4084 1370 4140 arebat
1421 4083 1623 4138 Israel:
1659 4092 1947 4154 postquam

352 4182 442 4235 ille
469 4181 735 4245 surrexit,
789 4190 842 4234 ct
893 4179 1130 4234 tenebrre
1173 4176 1476 4231 Ninivitica‘
1526 4177 1642 4245 ejus
1688 4179 1808 4232 luce
1839 4177 1949 4230 dis—

351 4288 523 4328 cussm
547 4284 695 4339 sunt,
732 4283 953 4343 paratus
977 4273 1184 4328 vermis
1219 4275 1268 4325 in
1310 4271 1612 4325 crastinum
1671 4271 1950 4326 ascensio-

353 4384 420 4423 ne
458 4367 678 4422 diluculi
720 4366 813 4435 (de
859 4381 966 4438 quo
1007 4367 1300 4422 vicesimus
1356 4366 1561 4433 primus
1606 4365 1846 4431 psalmus
1872 4364 1952 4418 in-

350 4461 606 4516 scribitur
633 4478 643 4513 :
678 4460 785 4514 Pro
812 4461 1169 4528 assumptione
1195 4462 1450 4511 matutina
1480 4473 1499 4522 ;
1541 4469 1595 4512 et
1624 4459 1712 4526 qui
1745 4457 1951 4527 obitque

351 4555 461 4608 ullo
489 4554 695 4607 semine
723 4553 792 4606 de
821 4562 964 4607 terra
996 4552 1194 4615 oritur,
1229 4560 1284 4605 et
1303 4551 1436 4605 dicit
1461 4549 1606 4621 :Ego
1631 4568 1745 4604 sum
1768 4555 1949 4604 vernus

2053 3349 2302 3393 cresceret
2333 3355 2350 3393 :
2380 3355 2498 3410 qua:
2531 3339 2624 3392 sub
2671 3355 2776 3391 una
2815 3346 2964 3392 nocte
3017 3349 3141 3392 nata
3185 3347 3280 3401 est,
3330 3347 3378 3392 et
3403 3339 3498 3392 sub
3551 3353 3656 3392 una

2054 3443 2199 3487 nocte
2221 3436 2370 3503 periit
2403 3451 2422 3490 .'
2451 3442 2496 3487 et
2547 3450 2640 3506 ego
2681 3449 2784 3487 non
2817 3448 3032 3504 parcam
3074 3431 3270 3485 Ninive
3324 3432 3520 3485 cii-itali
3547 3449 3658 3485 ma-

2052 3541 2190 3597 gnae,
2219 3526 2272 3578 in
2301 3541 2402 3596 qua
2432 3534 2550 3580 sunt
2581 3525 2858 3597 plusquam
2888 3533 3093 3579 centum
3141 3526 3324 3594 viginti
3359 3524 3524 3578 millia
3562 3525 3657 3580 ho-

2054 3619 2271 3683 minam,
2304 3617 2394 3689 qui
2431 3618 2664 3672 nesciunt
2719 3617 2846 3688 quid
2886 3618 2951 3670 sit
2995 3618 3129 3670 inter
3185 3618 3418 3671 dextram
3447 3628 3492 3671 et
3523 3618 3655 3671 sini-

2053 3723 2210 3766 stram
2233 3729 2403 3773 suam,
2435 3722 2483 3767 et
2499 3715 2739 3786 jumeuta
2768 3712 2930 3765 multa
2957 3711 2982 3765 ?
3013 3710 3156 3766 LXX
3189 3730 3202 3765 :
3255 3712 3320 3765 Ει
3371 3713 3503 3766 dixit
3547 3710 3656 3767 Do-

2055 3805 2224 3858 minus
2251 3821 2268 3860 :
2294 3804 2371 3858 Tu
2413 3805 2690 3877 pepercisti
2732 3819 2885 3877 super
2916 3804 3210 3868 cucurbita,
3248 3821 3342 3873 pro
3389 3821 3489 3874 qua
3551 3821 3654 3858 non

2054 3897 2321 3961 luborasti,
2355 3913 2518 3967 neque
2558 3897 2769 3950 nutristi
2808 3914 2942 3963 eam,
2983 3913 3098 3968 qure
3137 3905 3258 3952 nata
3293 3906 3367 3950 est
3406 3898 3458 3950 in
3487 3908 3654 3964 nocte,

2054 4004 2100 4046 et
2129 3993 2183 4046 in
2205 4000 2351 4047 nocte
2381 3993 2534 4064 periit
2561 4007 2579 4046 :
2609 4007 2704 4062 ego
2725 4003 2901 4044 autem
2929 4007 3034 4044 non
3068 4007 3278 4058 parcam
3308 3990 3513 4045 Ninira:
3535 3992 3657 4046 ciri-

2056 4087 2148 4140 tati
2177 4103 2400 4156 magna’,
2429 4086 2480 4140 in
2511 4103 2614 4156 qua
2637 4085 2869 4140 habitant
2907 4085 3184 4155 plusquam
3207 4085 3483 4138 duodecim
3537 4101 3653 4155 uig-

2055 4179 2222 4232 riades
2251 4177 2356 4251 [AL
2393 4172 2586 4248 millia]
2632 4180 2858 4231 virorum
2907 4179 2998 4249 qui
3028 4177 3556 4251 ignorantdexteram
3606 4186 3655 4232 et

2053 4273 2316 4325 sinistram
2344 4289 2514 4340 suam,
2541 4281 2588 4324 et
2621 4288 2808 4341 pecora
2839 4273 3002 4324 multa
3028 4273 3051 4326 ?
3080 4271 3273 4325 Nimim
3320 4271 3655 4327 dillicultalis

2054 4372 2138 4419 est
2168 4380 2444 4434 esponcre
2467 4364 2742 4435 quomodo
2766 4363 2918 4434 juxta
2971 4364 3324 4435 tr0po10giam
3354 4365 3567 4420 dicatur
3587 4365 3654 4420 ad

2056 4457 2250 4514 Filium
2283 4474 2298 4514 :
2332 4467 2385 4511 tu
2410 4456 2553 4510 doles
2576 4473 2730 4528 super
2760 4457 2972 4520 hedera,
2998 4457 3050 4509 in
3075 4473 3176 4526 qua
3218 4473 3319 4510 non
3369 4455 3619 4510 laborasti
3639 4497 3655 4525 ,

2057 4550 2407 4631 uequefecisti
2431 4559 2484 4603 ut
2515 4557 2784 4614 cresceret,
2827 4564 2948 4603 cum
2974 4547 3155 4603 omnia
3192 4565 3288 4616 per
3313 4550 3486 4620 ipsum
3517 4549 3657 4606 facta

351 4656 535 4704 etnon
578 4648 731 4700 homo
763 4644 881 4715 (Ps.
933 4661 1046 4712 xu,
1101 4646 1155 4715 7)
1211 4644 1479 4715 percussit
1530 4643 1944 4709 umbraculum,
1975 4628 2185 4712 Dsint,
2223 4628 2296 4700 vet
2358 4644 2477 4700 sine
2529 4645 2648 4713 ipso
2703 4642 2902 4698 factum
2959 4653 3043 4697 est
3084 4641 3220 4697 nihil
3273 4641 3460 4715 (Joan.
3495 4657 3535 4710 ι,
3573 4643 3654 4715 5).

350 4740 490 4809 quod
521 4738 798 4802 desertum
828 4738 1035 4796 auxilio
1067 4735 1164 4792 Dei
1213 4751 1432 4792 onmem
1481 4737 1716 4791 virorem
1774 4735 1954 4804 perdi-

352 4833 452 4886 dit.
483 4831 856 4900 Pra'ccpitque
907 4829 1168 4888 Dominus
1200 4838 1363 4888 vento
1403 4828 1582 4884 calido
1622 4839 1675 4883 et
1730 4828 1949 4894 urenti,

351 4924 420 4979 de
449 4939 559 4996 quo
588 4940 702 4994 pro;
725 4922 938 4978 hetatnr
987 4924 1038 4978 in
1065 4923 1204 4978 Osee
1234 4938 1246 4976 :
1291 4923 1527 4976 Adducet
1567 4930 1798 4976 urentem
1833 4936 1953 4974 ven-

351 5027 462 5072 tum
491 5017 740 5074 Dminus
776 5017 838 5070 de
865 5016 1065 5072 deserto
1101 5015 1479 5081 ascendentem,
1535 5026 1580 5068 et
1619 5013 1832 5068 siccabit
1869 5030 1952 5067 ve-

349 5127 443 5166 nas
470 5113 586 5183 ejus
608 5150 622 5173 ,
657 5119 701 5164 et
735 5107 986 5166 desolabit
1010 5110 1202 5180 fonteu
1235 5109 1346 5179 ejus
1377 5106 1534 5178 (Osee
1566 5122 1676 5172 sui,
1726 5107 1844 5175 15).
1879 5107 1945 5164 Ει

353 5213 587 5260 :cstuare
616 5203 989 5274 cwpitJonas,
1022 5213 1076 5258 ct
1110 5203 1309 5258 iterum
1351 5201 1489 5256 velle
1517 5203 1654 5256 mori
1679 5204 1730 5256 in
1765 5201 1942 5270 bapti-

351 5307 527 5352 smate
550 5313 671 5354 cum
706 5298 930 5364 lsraele,
966 5308 1022 5351 ut
1054 5298 1105 5350 in
1133 5296 1350 5350 lavacro
1377 5294 1605 5364 recipiat
1637 5295 1942 5360 humorem,

350 5405 512 5462 quem
553 5392 608 5447 in
637 5393 927 5462 negatione
955 5391 1286 5462 perdiderat.
1324 5389 1480 5447 Unde
1502 5400 1558 5446 et
1582 5395 1771 5446 i‘etrns
1800 5408 1954 5446 aren-

425 5589 450 5618 α
494 5578 666 5634 Visus”
685 5588 769 5633 est
801 5577 1045 5634 Victorio
1070 5577 1294 5635 mutilus
1331 5591 1399 5632 ac
1428 5575 1699 5645 pendulus
1728 5592 1946 5642 sensus,

353 5653 456 5708 nisi
487 5653 630 5720 legas
658 5659 1009 5716 comparatur.
1043 5650 1247 5705 Verum
1289 5666 1315 5703 a
1349 5651 1643 5719 Superiori,
1691 5651 1948 5721 dicamus,
2030 5683 2043 5695 -

391 5724 610 5777 endeat.

353 5742 386 5796 Ρ
426 5795 451 5832 b
501 5797 597 5848 llic
627 5793 777 5857 mihi,
809 5791 950 5860 quod
981 5804 1161 5847 tamen
1193 5795 1244 5848 in
1281 5793 1507 5848 Hebra-o
1537 5801 1676 5856 mit:
1702 5805 1944 5856 resonat,

356 5869 527 5925 nostri
561 5882 692 5922 mss.
728 5865 1146 5936 praetermittunt
1177 5883 1189 5919 :
1233 5876 1345 5921 tum
1398 5879 1565 5936 penes
1595 5865 1950 5936 Septuaginta

2055 4739 2211 4795 Unde
2267 4738 2485 4808 quidam
2529 4736 2707 4792 locum
2771 4737 2932 4790 istum
3002 4737 3389 4806 interpretans,
3455 4747 3512 4792 nt
3557 4739 3658 4791 im-

2058 4834 2355 4888 minentem
2398 4830 2638 4886 solveret
2691 4830 3080 4899 quaastionem,
3120 4831 3353 4886 incurrit
3401 4832 3656 4902 blasphe-

2056 4928 2243 4980 miam.
2294 4925 2592 4981 Assumens
2643 4924 2790 4980 enim
2841 4925 2975 4980 illud
3023 4930 3090 4980 de
3139 4926 3440 4998 Evangelia
3471 4943 3484 4980 :
3521 4927 3660 4993 Quid

2057 5033 2135 5074 me
2179 5019 2312 5073 dicis
2350 5017 2590 5072 bonum?
2649 5017 2818 5071 Nemo
2867 5017 3031 5072 bonus
3075 5029 3151 5071 est
3188 5020 3287 5072 nisi
3341 5034 3478 5072 unus
3521 5016 3661 5071 Deus

2056 5112 2261 5184 (Marc.
2295 5129 2352 5177 x,
2396 5114 2512 5182 t8),
2564 5111 2782 5167 Patrem
2836 5113 3226 5182 interpretatus
3280 5119 3364 5166 cst
3427 5111 3654 5166 bonum.

2053 5206 2218 5279 429
2244 5206 2436 5262 Filium
2463 5220 2592 5260 vero
2604 5207 2669 5260 ad
2690 5206 3156 5272 comparationem
3177 5208 3292 5272 ejus
3312 5205 3402 5272 qui
3419 5202 3660 5273 perfecte

2055 5310 2110 5354 et
2137 5316 2262 5355 vero
2294 5300 2467 5353 bonus
2498 5299 2584 5366 sit,
2614 5299 2665 5354 in
2699 5300 2899 5355 minori
2929 5298 3100 5369 gradu
3128 5301 3392 5367 positum.
3446 5297 3511 5350 Et
3544 5312 3655 5351 non

2059 5393 2432 5448 t:utts‘.dt:t'nvll
2471 5395 2584 5448 iace
2610 5391 2824 5460 dicens,
2853 5390 3076 5460 quodin
3129 5389 3420 5444 Marcionis
3475 5388 3657 5459 potius

2053 5579 2258 5645 legunt.
2295 5579 2426 5632 mori
2452 5581 2618 5651 magis
2647 5597 2826 5649 quam,
2860 5589 2966 5634 etc.

2127 5663 2148 5688 ε
2196 5653 2308 5706 Duo
2366 5667 2497 5706 mss.
2533 5648 2557 5704 .’
2599 5648 2841 5712 aii-valde,
2868 5653 3020 5716 juxta
3047 5649 3296 5708 Griccnm
3320 5692 3333 5716 ,
3368 5648 3568 5706 Aldin
3596 5658 3654 5708 et

2054 5723 2350 5799 exemplari
2383 5727 2716 5799 διεθερῐῖηεί
2744 5723 2961 5799 σφόδρα.

2124 5793 2147 5830 ἀ
2192 5795 2359 5852 Iidem
2384 5792 2556 5862 mss.,
2591 5792 2829 5854 Christus
2851 5792 3052 5869 plangit
3074 5793 3390 5864 Jerusalem,
3425 5805 3473 5852 et
3504 5795 3657 5867 plau—

2051 5868 2123 5937 git
2153 5882 2336 5938 usque,
2369 5874 2478 5924 etc.
