4078 6342
421 271 553 327 1131

1679 268 1739 325 δ.
1783 267 2058 326 EUSEBII
2098 267 2483 325 HIERONYMI

3589 271 3722 329 M52

420 386 719 443 incurrerit
755 385 1007 443 haeresim
1048 385 1162 459 (qui
1191 384 1421 440 alterum
1468 384 1637 442 Deum
1667 394 1874 441 tantum
1918 385 2016 441 bo-
2042 390 2098 449 Α
2122 385 2211 441 ille
2227 385 2397 441 C(elos
2426 384 2766 442 ascenderet.
2795 386 2851 442 In
2885 386 3049 443 lsrael
3074 404 3205 444 vero
3235 389 3419 445 nullus
3443 398 3622 445 tantus
3649 390 3729 445 la-

424 496 575 548 num,
608 481 846 538 alterum
896 481 1059 536 infert
1106 478 1346 552 judicent
1376 489 1431 535 et
1460 480 1824 551 conditorem)
1855 494 2017 552 quam

422 575 559 639 Arii,
588 575 678 646 qui
706 590 829 631 cum
872 575 1132 643 majorem
1166 576 1383 630 Patrem
1416 584 1468 629 et
1501 574 1768 630 minorem
1817 574 2018 630 Filium

421 666 707 739 praedicet:
727 675 909 723 tamen
942 666 1137 722 Filium
1164 682 1272 722 non
1304 677 1465 738 negat
1485 667 1852 724 conditorem.
1876 668 2019 739 Ergo

424 774 547 815 cum
573 760 727 815 venia
757 760 1031 815 audienda
1056 770 1206 827 sunt,
1240 776 1360 831 qua:
1385 760 1582 817 dicturi
1616 777 1823 829 sumus,
1850 771 1905 817 et
1924 775 2020 817 co-

422 864 582 908 natus
611 853 786 909 nostri
818 862 845 890 ει
874 851 1063 909 favore
1087 853 1272 923 p0tius
1302 864 1357 909 et
1383 854 1722 910 orationibus
1759 854 2020 924 adjuvan-

421 948 496 1011 di,
521 962 683 1019 quam
727 947 1020 1018 spernendi
1047 963 1181 1004 aure
1230 948 1523 1015 malevola,
1556 949 1684 1019 quia
1712 963 1937 1019 carpere
1968 959 2023 1005 et

417 1038 712 1095 detrahere
741 1039 826 1094 vel
850 1039 1088 1110 imperiti
1112 1048 1375 1110 possunt;
1401 1040 1685 1095 doctorum
1714 1049 1895 1096 autem
1914 1050 2020 1109 est,

426 1142 483 1191 et
510 1135 601 1203 qui
629 1134 991 1192 laborantium
1026 1150 1229 1191 novere
1259 1137 1539 1203 sudorem,
1569 1135 1656 1190 vel
1698 1134 1856 1191 lassis
1904 1151 2021 1190 ma—

428 1242 557 1283 num
592 1226 896 1297 porrigere,
926 1228 1011 1282 vel
1037 1228 1347 1282 errantibus
1371 1227 1477 1282 iter
1504 1227 1814 1283 ostendere.
1839 1228 2023 1283 Domi-

426 1334 530 1375 nus
548 1330 734 1375 noster
761 1327 925 1389 atque
944 1319 1194 1377 Salvator
1217 1334 1327 1374 non
1353 1320 1425 1375 ita
1455 1319 1726 1375 laboravit
1754 1322 1806 1375 in
1829 1320 2021 1390 Israel,

423 1413 701 1483 quomodo
735 1413 995 1468 laboravit
1032 1413 1086 1467 in
1118 1412 1360 1482 gentium
1391 1413 1615 1484 p0pulo.
1670 1413 1917 1484 Denique
1946 1414 2024 1470 ls-

426 1505 543 1562 rael
574 1504 811 1576 loquitur
828 1504 1170 1560 conﬁdenter
1203 1524 1217 1559 :
1250 1504 1385 1560 Ecce
1412 1515 1485 1560 tot
1531 1507 1683 1561 annis
1709 1508 1873 1561 servio
1906 1507 2021 1576 tibi,

426 1611 474 1656 et
504 1618 787 1666 numquam
818 1603 1123 1656 mandatum
1170 1611 1317 1656 tuum
1356 1604 1629 1671 prteterivi,
1666 1611 1713 1655 et
1744 1619 2025 1673 numquam

425 1696 616 1749 dedisti
640 1695 767 1749 milii
791 1693 1020 1766 Itwdum,
1048 1706 1102 1749 ut
1123 1713 1241 1751 cum
1263 1697 1444 1751 amicis
1476 1697 1603 1751 meis
1635 1698 1875 1769 cpularer
1894 1714 1913 1753 :
1935 1697 2026 1751 sed

2123 478 2221 534 bor
2240 477 2521 535 {uit.Unde
2543 489 2598 535 et
2619 479 3037 551 invidetjuniori
3061 481 3283 551 fratri,b
3299 483 3442 553 quod
3468 494 3585 553 post
3601 484 3730 536 snh-

2122 572 2375 627 stantiam
2408 589 2533 628 cum
2558 575 2942 631 meretricibus
2969 576 3367 647 lenonibusque
3392 577 3729 648 prodactam,

2124 665 2355 737 recipiat
2381 667 2641 721 annulum
2656 678 2710 723 et
2737 668 2958 734 stolam,
2986 676 3043 724 et
3068 670 3270 739 polleat
3300 670 3524 739 pristina
3553 669 3735 741 digiti-

2127 768 2257 814 tate.
2299 759 2452 826 Quod
2482 770 2664 816 autem
2689 761 2787 827 ait,
2822 778 2943 830 quae
2968 762 3070 817 sub
3099 779 3203 817 una
3250 773 3413 818 nocte
3465 776 3590 818 nata
3624 774 3734 830 est,

2125 853 2396 923 signiﬁcat
2424 862 2636 925 tempus
2667 863 2795 911 ante
2815 856 3110 912 adventum
3143 856 3373 925 Christi,
3420 857 3514 928 qui
3545 857 3737 913 mundi

2125 949 2306 1002 lumen
2333 946 2454 1011 iuit,
2476 948 2667 1019 dequo
2689 948 2894 1004 dicitur
2920 968 2933 1003 :
2962 948 3086 1003 Non:
3110 950 3394 1017 prwcessit,
3426 951 3536 1003 dies
3562 960 3739 1003 autent

2126 1041 2561 1113 appmpinquavit
2602 1040 2781 1113 (Rom.
2814 1058 2933 1106 xm,
2962 1042 3072 1114 12).
3108 1042 3176 1098 Ει
3218 1058 3325 1097 una
3356 1054 3522 1098 nocte
3551 1042 3741 1113 periit,

2125 1134 2343 1205 quando
2387 1135 2743 1190 occubniteis
2793 1138 2877 1190 sol
2923 1136 3174 1205 justitiae,
3209 1147 3265 1193 et
3301 1138 3393 1193 Dei
3449 1136 3744 1206 perdidere

2126 1243 2457 1285 sermonem.
2476 1228 2682 1285 Civitas
2703 1246 2835 1287 vero
2861 1230 3054 1287 Ninive
3077 1248 3268 1301 magna
3291 1242 3455 1301 atque
3482 1232 3743 1302 pulcher—

2126 1322 2285 1388 rima,
2322 1323 2629 1393 praaiigurat
2660 1324 2983 1390 Ecclesium,
3018 1325 3071 1378 in
3094 1341 3199 1395 qua
3223 1324 3399 1395 major
3425 1336 3510 1380 est
3547 1340 3746 1380 nume-

2128 1431 2220 1469 rus
2274 1430 2435 1486 quam
2488 1416 2677 1471 decem
2727 1416 2843 1487 (Al.
2877 1417 3196 1489 duodecim)
3242 1418 3482 1473 tribuum
3523 1418 3687 1473 Israel
3726 1437 3742 1472 :

2128 1509 2271 1579 quod
2298 1519 2354 1564 et
2379 1510 2676 1579 fragmenta
2705 1511 2757 1566 in
2792 1512 3089 1566 solitudine
3113 1511 3423 1583 signiﬁcant
3444 1512 3741 1567 duodecim

2129 1602 2485 1672 Cophinorum
2514 1603 2707 1677 (Marc.
2734 1604 2829 1676 vt).
2855 1605 3111 1677 ignorant
3131 1614 3316 1662 autem
3353 1606 3481 1677 quid
3504 1606 3573 1660 sit
3598 1608 3749 1662 inter

2130 1694 2377 1750 dextram
2424 1706 2477 1751 et
2529 1695 2841 1761 sinistram,
2894 1698 2979 1752 vel
3009 1706 3231 1769 propter
3268 1700 3638 1755 innocentiam
3688 1708 3749 1754 et

428 1801 695 1861 postquam
741 1793 882 1861 [ilius
934 1802 1053 1846 tuus
1116 1780 1211 1847 hic
1244 1793 1337 1863 qui
1377 1793 1637 1848 devoravit
1681 1794 2027 1849 substantiam
2059 1794 2103 1856 Β
2132 1789 2563 1858 simplicitatem,
2592 1800 2651 1845 ut
2683 1792 2970 1846 lactentem
2994 1800 3265 1847 monstret
3294 1800 3540 1855 atatem,
3565 1802 3620 1847 et
3652 1806 3747 1846 re-

424 1902 573 1939 suam
611 1901 730 1940 cum
762 1886 1131 1953 meretricibus,
1183 1888 1342 1953 venit,
1396 1888 1628 1941 occidisti
1682 1888 1763 1943 illi
1805 1889 2027 1943 vitulum

427 1980 719 2053 saginatum
743 1977 894 2051 (Luc.
925 1981 1051 2050 xv):
1079 1996 1179 2037 nec
1208 1989 1385 2037 tamen
1421 1982 1740 2038 confutatur
1781 1998 1809 2037 a
1843 1993 2022 2053 patre,

431 2072 529 2126 sed
571 2073 871 2129 clementer
912 2073 961 2129 ei
1015 2072 1217 2129 dicitur
1244 2092 1257 2129 :
1288 2074 1422 2141 Fili,
1471 2086 1525 2130 tu
1569 2092 1773 2145 semper
1826 2093 2029 2133 mecum

422 2179 495 2230 es,
530 2172 576 2217 et
599 2165 769 2217 omnia
797 2181 908 2218 mea
933 2175 1020 2219 tua
1036 2167 1427 2239 sunt:epulari
1446 2177 1493 2221 et
1514 2170 1741 2240 gaudere
1783 2178 1829 2224 te
1872 2187 2029 2242 opor-

432 2255 587 2321 tebat,
630 2257 752 2327 quia
805 2256 889 2310 hic
931 2258 1092 2327 frater
1134 2269 1250 2314 tuus
1282 2270 1516 2316 mortuus
1553 2269 1687 2329 erat,
1717 2273 1766 2316 et
1797 2264 2027 2319 revixit:

431 2351 677 2421 perierat,
724 2361 770 2403 et
815 2352 1049 2406 inventus
1088 2363 1184 2408 est.
1243 2352 1348 2408 Pro
1395 2354 1635 2426 gentium
1680 2356 1883 2426 populo
1931 2356 2032 2412 im-

430 2444 667 2499 molatus
717 2454 800 2499 est
856 2444 1059 2500 vitulus
1112 2446 1423 2518 saginatus,
1485 2459 1541 2504 ct
1593 2449 1863 2518 pretiosus
1910 2466 2033 2504 san-

434 2538 554 2610 guis
625 2537 870 2605 ell‘nsus,
918 2539 988 2594 de
1052 2556 1159 2611 quo
1213 2542 1413 2596 Paulus
1478 2542 1547 2598 ad
1614 2544 1875 2599 liebrteos
1917 2542 2033 2613 ple-

433 2632 659 2687 nissime
682 2632 921 2701 diSputat
946 2632 1134 2705 (Hebr.
1158 2632 1236 2706 χ).
1262 2635 1327 2690 Ει
1348 2635 1512 2691 David
1542 2638 1595 2691 in
1627 2634 2029 2707 psalmo:Fra~

433 2734 530 2787 ter,
567 2726 762 2797 inqttit,
799 2742 901 2780 non
924 2727 1154 2797 redimit,
1184 2729 1399 2783 redimet
1421 2731 1575 2784 homo
1605 2728 1723 2801 (Ps.
1745 2729 2025 2802 XLVlli,8).

410 2816 601 2891 '530
628 2819 872 2874 Decrevit
904 2819 1173 2889 Christus,
1202 2831 1260 2876 ttt
1288 2821 1380 2877 ille
1414 2832 1688 2879 cresceret
1716 2840 1728 2877 :
1758 2824 1860 2879 iste
1885 2838 2033 2879 mor-

437 2920 561 2966 tuus
587 2921 691 2980 est,
718 2924 774 2967 ut
798 2912 890 2968 ille
915 2913 1159 2970 viveret:
1202 2914 1291 2970 hic
1324 2908 1605 2971 descendit
1628 2916 1695 2972 ad
1719 2916 1946 2982 inferos,
1973 2925 2035 2971 ut

513 3059 538 3086 ιι
565 3051 639 3104 Ex
663 3051 989 3107 Florentinis
1010 3053 1272 3123 quinque,
1292 3052 1631 3121 toﬁdemqne
1654 3053 1851 3108 Brixiae
1871 3053 2037 3108 etRo-

443 3125 623 3177 manis
656 3123 866 3192 aliquot
891 3123 1175 3179 codicibus
1211 3125 1435 3190 reponit
1478 3125 1773 3192 Victorius,
1828 3135 2043 3180 conatus

440 3194 605 3248 nostri
636 3194 840 3265 fovendi
868 3196 1059 3265 potius,
1086 3206 1135 3250 et
1161 3198 1485 3251 orationibus
1520 3197 1855 3266 adjuvandi:
1907 3197 2040 3252 oliut

2132 1881 2341 1952 linquat
2368 1882 2687 1949 intellectui,
2722 1894 2960 1954 quantus
2985 1886 3056 1939 sit
3112 1900 3375 1940 numerus
3405 1886 3581 1941 relatis
3608 1885 3750 1940 alte-

2133 1974 2279 2041 rius,
2313 1990 2434 2030 cum
2481 1985 2664 2031 tantus
2719 1976 2792 2031 sit
2834 1978 3211 2046 parvulorum.
3241 1977 3341 2033 Vel
3386 1988 3537 2033 certe
3582 1978 3747 2049 (quia

2137 2083 2335 2138 magna
2363 2077 2482 2123 erat
2538 2069 2698 2135 urbs,
2744 2078 2798 2125 et
2848 2071 2902 2125 in
2960 2071 3124 2126 domo
3173 2086 3372 2142 magna
3404 2088 3510 2126 non
3564 2072 3749 2127 solum

2136 2175 2263 2214 vasa
2292 2169 2419 2216 sunt
2460 2176 2628 2218 aurea
2671 2172 2725 2218 et
2754 2172 3033 2234 argentea,
3067 2164 3162 2220 sed
3192 2175 3248 2221 et
3285 2167 3465 2236 lignea
3507 2176 3563 2222 et
3603 2167 3751 2220 licti-

2143 2258 2211 2313 lia
2239 2256 2305 2330 (Il
2362 2256 2500 2313 Tim.
2528 2258 2617 2330 n))
2647 2268 2769 2315 erat
2798 2260 2852 2314 in
2880 2275 2944 2315 ea
2975 2260 3204 2329 plurima
3238 2260 3560 2329 multitudo,
3609 2276 3738 2332 quae

2135 2350 2421 2421 ignorabat
2461 2360 2587 2406 ante
2632 2359 2809 2406 actam
2861 2352 3239 2422 paenitentiam
3283 2353 3411 2423 quid
3470 2362 3616 2407 esset
3665 2353 3752 2407 in—

2138 2456 2221 2501 ter
2264 2447 2465 2501 bonum
2498 2456 2554 2501 et
2600 2446 2805 2501 malum
2830 2489 2843 2513 ,
2903 2447 3045 2503 inter
3075 2447 3323 2502 dextram
3354 2457 3410 2501 et
3439 2446 3746 2502 sinistram.

2138 2538 2244 2595 Sed
2258 2539 2566 2608 etjumenta
2583 2540 2774 2594 multa:
2794 2539 2996 2594 inultus
3010 2548 3095 2593 est
3115 2539 3259 2594 enim
3274 2539 3468 2595 Ninive
3487 2554 3755 2594 numerus

2131 2631 2505 2703 jumentornm
2539 2641 2595 2687 et
2644 2631 3098 2688 irrationabilium
3139 2634 3442 2696 hominum,
3478 2633 3566 2702 qui
3598 2646 3753 2685 eom—

2139 2736 2396 2798 parantur
2419 2724 2685 2795 jumentis
2729 2725 3138 2796 insipientibus,
3169 2734 3223 2782 et
3251 2723 3620 2781 assimilantur
3668 2722 3758 2778 eis

2142 2818 2261 2893 (Ps.
2289 2821 2501 2889 XLVIII).

2136 3062 2277 3112 erat,
2306 3050 2627 3105 orationibus
2654 3050 2925 3117 audiendi,
2964 3060 3010 3105 et
3032 3052 3347 3121 adiuvandi.

2211 3121 2239 3161 ι)
2264 3123 2472 3178 Vitiosa
2497 3121 2789 3178 metatbesi
2817 3123 2943 3192 legit
2973 3123 3224 3179 Martian.
3254 3133 3367 3193 post
3388 3124 3546 3196 quod.

487 3319 3723 3361 Μ

1028 3441 1181 3554 S.
1261 3436 1987 3554 EUSEBII
2074 3441 3157 3556 HIERONYMI

1531 3610 2101 3675 STBIDONENSIS
2145 3610 2641 3673 PRESBYTERI

1205 3749 2978 3890 COMMENTARIORUM

448 3970 694 4128 IN
830 3964 2083 4222 Mica/Eant
2155 3965 3755 4222 RBDPHETAM

1769 4205 2083 4289 LIBRI
2155 4207 2447 4290 DUO.

1778 4435 2337 4508 PROLOGUS
2375 4427 2435 4506 ει.

513 4617 868 4692 431-432
925 4615 1199 4683 Michaeas,
1262 4614 1319 4670 in
1365 4628 1525 4686 quem
1581 4630 1724 4669 nunc
1766 4630 2043 4670 commen-
2074 4617 2117 4679 C
2152 4618 2276 4675 hem
2311 4618 2615 4674 Palaestinae
2667 4618 2807 4673 haud
2842 4618 3063 4687 grandis
3105 4626 3189 4673 est
3229 4618 3462 4673 viculus.
3500 4617 3762 4673 Morasthi

445 4715 613 4769 tarios
632 4714 839 4767 dictare
892 4713 1077 4780 cupio,
1127 4710 1178 4763 in
1228 4708 1421 4763 ordine
1477 4708 1764 4764 duodecim
1813 4710 2044 4780 prophe-

444 4807 958 4871 tarnm,secuadntn
984 4804 1331 4873 Septuaginta
1356 4804 1685 4871 interpretes
1708 4804 1903 4856 tertius
1928 4812 2041 4865 est;

446 4898 743 4955 secundum
799 4896 1124 4953 llebraicum
1185 4895 1296 4963 (Al.
1329 4893 1653 4949 chraicam
1715 4891 2047 4962 veritatem),

440 5002 647 5052 sextus,
680 5004 730 5046 et
760 4992 1004 5060 sequitur
1031 4991 1223 5044 .lonam
1259 4990 1613 5059 prophetam,
1672 4988 1760 5057 qui
1806 4985 2051 5041 succedit

443 5088 655 5153 Abdite,
689 5098 854 5156 atque
887 5086 956 5140 ita
1013 5084 1070 5138 ﬁt
1111 5095 1167 5138 ut
1222 5086 1414 5138 tertius
1454 5084 1526 5137 sit
1575 5084 1766 5147 Amos,
1814 5090 1869 5133 et
1931 5077 2048 5132 Joel

446 5182 721 5239 secundus
740 5191 862 5251 post
883 5180 1044 5244 Osee,
1070 5178 1314 5249 qniapnd
1328 5193 1519 5234 omnes
1542 5178 1754 5248 primus
1777 5183 1879 5230 est.
1907 5173 2051 5243 Ergo

444 5282 597 5351 quasi
619 5280 671 5334 in
689 5276 855 5332 corde
879 5274 1170 5330 voluminis
1200 5275 1429 5343 positus,
1449 5272 1610 5327 debet
1626 5268 1889 5341 profunda
1913 5282 2016 5322 con
2032 5297 2046 5306 -

444 5375 620 5428 tinere
646 5372 926 5442 mysteria,
968 5380 1021 5422 et
1051 5384 1232 5422 sermo
1265 5368 1379 5432 Dei,
1414 5365 1506 5436 qui
1530 5380 1748 5435 semper
1770 5361 2054 5417 descendit

453 5464 520 5520 ad
580 5462 908 5535 prophetas,
973 5460 1256 5515 descendit
1319 5458 1385 5513 ad
1447 5456 1726 5513 Michzram
1790 5454 2042 5525 (n‘D’tC)

450 5571 687 5630 quoque,
720 5558 808 5627 qui
835 5559 1224 5624 interpretatur
1248 5552 1518 5607 humilitas
1546 5570 1560 5606 :
1583 5549 1649 5604 ad
1679 5548 1959 5604 Michwam
1983 5548 2053 5603 de

460 5651 743 5716 Morastlti,
774 5650 862 5722 qui
898 5665 1068 5719 usque
1094 5647 1252 5703 hodie
1275 5648 1427 5718 juxta
1452 5644 1918 5713 Eleutheropolim
1950 5660 2041 5698 ur-

520 5798 547 5825 ⁸
576 5788 904 5842 inscribitur
958 5788 1370 5857 φιλοπονοτὰταις
1410 5786 1595 5857 Paulae
1639 5785 1863 5857 ejusque
1918 5784 2044 5839 lilite

461 5859 783 5927 Eustochio,
812 5856 1047 5927 quodex
1091 5858 1408 5927 praefatione
1445 5856 1565 5911 Iihri
1602 5856 1744 5913 tertii
1770 5856 2062 5913 tionunen»

2151 4715 2431 4785 (iniu-117:3)
2448 4723 2625 4768 autem
2658 4714 2710 4768 in
2738 4714 2920 4782 lingua
2942 4723 3123 4767 nostra
3146 4712 3398 4767 Itwredem
3421 4722 3598 4768 sonat.
3623 4710 3764 4766 Pul-

2156 4806 2288 4861 chre
2315 4806 2482 4875 igitur
2523 4807 2822 4873 humilitas,
2853 4821 2971 4876 qua:
3002 4806 3147 4861 inter
3175 4809 3403 4861 virtutes
3427 4808 3511 4863 vel
3565 4808 3763 4877 princi-

2157 4911 2256 4967 pua
2283 4912 2387 4965 eSt,
2423 4912 2517 4966 spe
2546 4897 2885 4952 lwercditatis
2916 4899 3209 4954 Dominicac
3242 4900 3506 4955 nascitur.
3532 4900 3767 4954 llumili-

2159 5002 2240 5045 tas
2268 5003 2453 5046 autent
2481 5006 2587 5045 non
2618 4992 2709 5045 illa
2741 5007 2861 5063 qua:
2893 4993 3042 5047 venit
3068 4993 3136 5047 de
3164 4994 3504 5049 conscientia
3557 5008 3764 5065 pecca-

2155 5093 2331 5137 torum
2357 5100 2371 5149 ;
2397 5082 2491 5137 sed
2522 5099 2643 5154 quae
2681 5083 2823 5139 inter
2861 5086 3093 5139 virtutes
3128 5086 3373 5155 penitur,
3400 5085 3552 5156 juxta
3595 5102 3762 5155 quam

2153 5176 2355 5231 dicitur
2381 5196 2393 5230 :
2421 5176 2794 5231 Humiliamini
2834 5177 2931 5231 sub
2974 5179 3174 5246 potenti
3203 5194 3365 5232 manu
3411 5177 3541 5240 Dei,
3573 5191 3627 5231 ut
3674 5194 3766 5232 vos

2153 5269 2347 5325 exaltet
2376 5272 2431 5323 in
2463 5281 2691 5340 tempore
2718 5270 3025 5324 visitationis
3058 5271 3109 5342 (l
3143 5268 3348 5339 Petr.v,
3381 5271 3460 5342 6).
3494 5270 3562 5325 Et
3599 5288 3611 5324 :
3661 5271 3766 5335 Qui

2156 5377 2212 5418 se
2248 5361 2509 5425 humilior,
2564 5362 2883 5417 exaltubitur
2912 5363 2930 5434 (
2956 5362 3086 5418 Luc.
3121 5379 3270 5427 xvtu,
3302 5362 3412 5435 M).
3465 5363 3532 5418 Et
3564 5380 3578 5416 :
3632 5365 3765 5417 Ante

2153 5457 2513 5510 contritionem
2543 5455 2772 5510 elevatur
2790 5474 2877 5511 cor
2902 5458 2997 5510 viri
3008 5467 3083 5519 ,et
3113 5466 3232 5511 ante
3260 5459 3485 5528 gloriam
3512 5458 3763 5513 humilia-

2157 5561 2247 5606 tur
2281 5550 2578 5624 (Provntvt,
2610 5551 2888 5621 18).llnde
2919 5560 2973 5605 et
3002 5551 3260 5605 Dtllllltttls
3285 5571 3295 5605 :
3324 5552 3538 5618 Discite,
3566 5553 3762 5623 inquit,

2167 5660 2199 5697 a
2222 5660 2321 5713 me,
2352 5645 2475 5715 quia
2506 5647 2643 5698 mitis
2672 5661 2785 5698 sum
2817 5656 2865 5699 et
2895 5644 3110 5699 humilis
3132 5646 3283 5700 corde
3341 5645 3502 5719 (Mat.
3542 5662 3617 5713 χι,
3645 5646 3774 5719 29).

2155 5786 2417 5843 tariorum
2444 5788 2496 5842 in
2523 5788 2691 5844 Amos
2724 5800 3065 5860 compertum
3093 5799 3199 5846 est.
