4078 6342
282 284 408 340 “5'3

277 398 552 468 Quomodo
591 409 719 471 ergo
748 397 890 468 apud
921 412 1021 452 nos
1047 399 1250 464 vctiva,
1273 404 1330 453 et
1358 395 1512 467 quasi
1545 394 1616 449 ob
1639 390 1855 446 virtutis
1883 402 1938 463 Α
1963 388 2076 460 pria

1969 480 2088 536 dias
2121 490 2178 535 et
2221 475 2512 533 Zacharias
2543 485 2853 545 caeteraque
2883 471 2968 527 his
3022 469 3251 538 similia,
3276 483 3348 526 ex
3393 468 3568 523 virtu-

1971 582 2088 630 tum
2156 571 2423 628 vocabulo
2496 566 2688 624 liberis
2745 581 2774 620 a
2834 564 3150 636 parentibus
3192 563 3573 633 imponuntur.

277 491 564 562 auspicium
595 499 867 561 ponuntur
891 491 1149 546 vocabula
1181 509 1192 544 :
1219 489 1371 545 verbi
1393 489 1566 559 gratia
1599 483 1860 548 :uictoris,

276 585 419 651 casti,
465 584 559 656 pii,
583 584 850 655 probi:et
877 583 1019 653 apud
1069 581 1293 638 Grtecos
1335 583 1554 655 σώφρων
1605 583 1860 638 vocatur.

273 686 324 736 et
347 679 558 739 εὐσεϐής
582 695 596 732 :
624 686 681 734 et
711 677 1037 749 appellativa
1067 676 1287 732 nomina
1314 681 1605 730 vertuntur
1632 671 1687 727 in
1740 683 1867 740 pro-

1092 274 1738 336 COMMENTARIORUM
1777 271 1841 330 IN
1882 269 2209 329 MICHA'ZM!
2251 267 2378 326 LIB.
2420 269 2461 325 1.
2503 267 2660 326 CAP.
2704 266 2743 322 Ι.

3422 259 3561 316 ιιδι

2133 405 2144 440 :
2192 385 2271 441 sic
2335 383 2480 452 apud
2555 382 2822 438 Hebraeos
2883 385 2939 434 et
2991 375 3248 433 Michaias
3282 416 3297 440 ,
3357 380 3412 430 et
3459 372 3568 428 Ab-

271 772 3570 816 _________________________________________._..

1303 858 1782 970 LIBER
1854 843 2502 961 PRIMUS.

343 1051 498 1128 (Cap.
515 1053 556 1109 I.
572 1052 801 1109 —Vers.
823 1052 874 1107 1.
891 1053 910 1122 )
1116 1051 1150 1104 ν
1165 1050 1339 1106 erburn
1362 1048 1575 1104 Domini
1595 1047 1736 1118 quod
1755 1049 1867 1117 [ac-

273 1158 380 1204 tum
411 1156 485 1202 est
515 1145 582 1202 ad
607 1144 882 1201 Michteam
907 1145 1283 1210 Morasthiten,
1318 1145 1372 1197 in
1395 1142 1575 1197 diebus
1603 1139 1873 1203 Joatham,

272 1243 476 1305 Acltaz,
519 1248 568 1294 et
611 1237 882 1305 Ezechiic,
922 1253 1104 1309 regum
1135 1235 1278 1292 Juda
1309 1251 1327 1290 .'
1363 1235 1514 1302 Quod
1552 1234 1678 1288 uidit
1723 1246 1876 1301 super

275 1334 570 1390 Samariam
613 1343 658 1387 et
690 1330 984 1387 Jerusalem
1010 1375 1024 1398 ,
1063 1330 1194 1387 Sive
1217 1329 1368 1400 juxta
1398 1325 1750 1398 Septuaginta
1775 1369 1789 1392 ,
1815 1325 1877 1378 de

270 1428 455 1500 quibus
496 1427 622 1480 vidit
662 1442 818 1494 super
867 1425 1162 1481 Samariam
1211 1431 1258 1478 et
1300 1419 1608 1476 Jerusalem.
1641 1419 1876 1474 Verbum

273 1523 434 1595 igitur
467 1522 684 1578 Domini
726 1520 929 1577 factum
975 1519 1151 1576 estad
1186 1517 1499 1584 Micbteam,
1531 1526 1656 1590 post
1694 1515 1833 1572 Osee
1859 1556 1875 1580 ,

273 1615 440 1672 Amos
464 1656 478 1678 ,
510 1623 564 1670 et
604 1613 804 1669 lsaiam
829 1657 844 1682 ,
886 1613 981 1684 qui
1017 1613 1118 1668 sub
1145 1609 1274 1668 Ozia
1306 1610 1586 1665 vaticinati
1621 1618 1769 1663 sunt.
1802 1607 1878 1661 Ex

274 1725 380 1780 quo
425 1707 818 1778 intelligimus,
864 1706 1142 1761 Michazam
1193 1703 1338 1760 Ozia:
1383 1701 1726 1772 temporibus
1771 1717 1877 1755 non

277 1805 671 1877 prophetasse;
701 1803 796 1860 sed
841 1801 938 1856 lilii
970 1802 1091 1872 ejus
1134 1801 1418 1865 Joatham,
1455 1808 1575 1870 post
1609 1814 1769 1869 quem
1799 1813 1884 1852 re-
1915 1783 1958 1844 Β

275 1898 466 1970 gnavit
515 1895 696 1951 Achaz
732 1937 748 1960 ,
792 1894 1026 1949 Ezechia
1072 1894 1124 1948 in
1167 1894 1337 1963 patris
1367 1892 1550 1948 Achaz
1592 1890 1880 1960 imperium

277 1989 638 2053 succedente,
687 1985 790 2042 sub
831 2002 940 2057 quo
983 1986 1176 2041 decem
1221 1985 1398 2040 tribus
1444 1984 1513 2040 ab
1562 1983 1803 2054 Assyriis
1831 1982 1882 2036 in

280 2083 654 2154 captivitatem
687 2081 867 2137 ducta:
903 2089 1031 2135 sunt
1061 2078 1152 2148 (IV
1199 2078 1331 2150 Reg.
1383 2077 1565 2148 xvut).
1614 2077 1885 2146 Quantum

285 2195 418 2252 ergo
437 2178 505 2234 ad
538 2178 824 2234 historiam
849 2177 1090 2246 pertinet
1114 2175 1412 2231 secundum
1445 2173 1694 2230 ordinem
1717 2173 1889 2244 capti-

282 2273 468 2328 vitatis
491 2271 639 2344 (quia
666 2268 900 2341 primum
923 2278 1078 2338 capta
1097 2277 1181 2324 est
1205 2267 1452 2324 Samaria
1474 2267 1796 2336 metropolis
1814 2265 1889 2319 ls-

282 2369 397 2422 rael
420 2409 434 2432 ,
469 2377 655 2436 postea
683 2363 983 2420 Jerusalem
1010 2361 1143 2417 urbs
1171 2361 1347 2431 Judte)
1379 2359 1680 2430 prophetiae
1706 2358 1891 2413 titulus

286 2461 508 2531 ponitur
527 2461 761 2530 primum
790 2457 859 2512 de
886 2455 1136 2511 Samaria
1159 2498 1172 2521 ,
1201 2452 1445 2510 secundo
1471 2451 1540 2508 de
1560 2452 1886 2508 Jerusalem.

287 2555 560 2620 Quantum
584 2567 713 2607 vero
743 2549 811 2605 ad
833 2548 1100 2620 mysticos
1123 2547 1463 2613 intellectus,
1492 2546 1616 2617 quia
1645 2545 1891 2604 Samaria

289 2661 508 2716 semper
539 2646 590 2699 in
619 2643 927 2700 haeresibus
956 2641 1254 2710 accipitur,
1293 2640 1598 2696 Jerusalem
1624 2640 1678 2694 in
1705 2639 1895 2694 Eccle-

289 2740 369 2794 sia
391 2783 406 2808 ,
433 2738 666 2794 dicimus
697 2737 924 2792 verbum
957 2736 1174 2790 Domini
1217 2735 1334 2790 ﬁeri
1373 2735 1438 2788 ad
1471 2734 1728 2790 humilem
1767 2733 1891 2806 (Al.

289 2830 630 2902 Jerusalem)
670 2841 726 2887 et
749 2829 815 2885 ad
843 2829 1190 2886 eohaeredem
1222 2828 1462 2893 Christi,
1506 2828 1575 2882 de
1623 2828 1894 2897 perversis

290 2927 674 2998 dogmatibus,
722 2934 778 2980 et
821 2923 890 2979 de
933 2923 1216 2988 Ecclesia,
1265 2923 1310 2977 si
1342 2937 1446 2993 qua
1495 2921 1636 2977 forte
1675 2931 1895 2991 peccata

291 3019 667 3086 commiserit,
723 3028 777 3074 et
821 3018 1038 3073 totiusat
1076 3016 1368 3071 voluminis
1407 3014 1658 3070 ordinem
1711 3023 1898 3071 eonte-

293 3131 448 3172 xere.
487 3113 642 3181 Quod
684 3122 866 3168 autem
913 3110 1164 3168 Samaria
1192 3121 1247 3166 et
1285 3109 1474 3166 decem
1527 3110 1731 3173 tribus,
1776 3124 1895 3179 qtne

295 3208 482 3267 scissae
522 3217 650 3263 sunt
679 3206 781 3261 sub
822 3220 950 3276 rege
988 3203 1280 3259 Jeroboam
1311 3219 1338 3256 a
1371 3203 1538 3273 stirpe
1572 3201 1740 3257 David
1781 3203 1799 3273 (
1831 3200 1898 3257 ΙΙΙ
1927 3187 1973 3250 C

296 3301 427 3373 Reg.
473 3299 572 3372 xu)
598 3340 614 3365 ,
657 3299 1001 3369 accipiantur
1039 3297 1093 3352 in
1123 3310 1356 3366 persona
1394 3297 1801 3361 haereticorum,
1846 3304 1901 3351 et

298 3392 477 3450 omnis
515 3391 733 3462 quidem
768 3390 1050 3461 Scriptura
1091 3397 1354 3454 testatur,
1387 3387 1482 3443 sed
1513 3389 1748 3444 maxime
1779 3402 1901 3457 pro-

299 3487 461 3559 pheia
491 3486 663 3549 Osee,
698 3493 753 3540 et
784 3483 872 3538 hic
903 3483 1021 3552 ipse
1060 3481 1223 3547 liber,
1264 3480 1357 3552 qui
1387 3480 1678 3537 haereticos
1709 3480 1903 3550 impios

300 3592 359 3638 et
382 3579 794 3636 Ecclesiasticos
822 3584 1144 3648 peccatores
1171 3583 1352 3630 vocat.
1399 3572 1595 3630 Statim
1636 3576 1780 3627 enim
1813 3587 1902 3628 se-

299 3674 486 3746 quitur
524 3689 542 3726 :
573 3672 703 3739 Qute
730 3680 804 3725 est
834 3671 1070 3740 impietas
1102 3667 1303 3723 Jacob?
1333 3683 1504 3722 nonne
1535 3667 1827 3724 Samaria?
1855 3676 1904 3721 et

299 3767 442 3840 quod
461 3777 532 3821 es:
584 3773 853 3837 peccatum
894 3763 1078 3818 domus
1121 3759 1304 3815 Juda?
1355 3777 1524 3814 nonne
1566 3760 1908 3815 Jerusalem?

302 3859 423 3916 Hoc
452 3859 731 3915 dumtaxat
755 3856 905 3928 juxta
943 3853 1294 3926 Septuaginta
1333 3854 1706 3910 translatores.
1734 3854 1909 3910 (Stete-

303 3969 432 4012 rum
474 3953 528 4007 in
571 3951 834 4007 llebraico
877 3948 1154 4019 quomodo
1192 3947 1434 4019 legatur,
1475 3956 1602 4018 post
1631 3947 1905 4018 paululum

303 4046 680 4116 subjiciemus.
729 4043 836 4100 Sed
877 4051 933 4099 et
960 4041 1090 4098 illud
1139 4042 1284 4111 quod
1321 4042 1562 4098 haeretici
1593 4057 1814 4113 semper
1853 4043 1907 4100 in

303 4139 621 4210 dogmatum
650 4152 874 4194 suorum
905 4135 1006 4191 sibi
1039 4135 1194 4206 quasi
1225 4133 1562 4191 sublimitate
1593 4135 1870 4192 confidant
1893 4177 1908 4203 ,

304 4245 366 4294 et
392 4233 655 4290 Ecclesiae
681 4231 1090 4302 simplicitatem
1118 4230 1446 4301 despiciant,
1479 4231 1532 4286 in
1557 4231 1666 4286 alio
1686 4231 1809 4288 loco
1831 4230 1914 4287 di-

303 4325 449 4382 citur
488 4345 502 4382 :
538 4327 628 4382 Va:
665 4327 752 4396 qui
791 4325 1081 4397 despiciunt
1105 4323 1274 4391 Sion,
1303 4334 1350 4377 et
1372 4323 1640 4394 conﬁdunt
1662 4323 1717 4378 in
1743 4331 1914 4376 monte

306 4420 573 4477 Samaria:
594 4422 772 4489 (Amos
803 4434 878 4480 v1,
911 4417 967 4488 1)
994 4436 1007 4470 :
1041 4416 1109 4472 de
1133 4416 1264 4473 Sion
1287 4416 1433 4472 enim
1461 4416 1773 4487 egredietur
1801 4416 1912 4482 lex,

304 4525 366 4574 et
392 4514 616 4570 verbum
665 4511 872 4566 Domini
911 4510 978 4566 de
1001 4511 1307 4566 Jerusalem
1339 4509 1497 4580 (lsai.
1547 4525 1609 4577 ιι,
1635 4510 1714 4581 3).
1744 4508 1916 4564 Porro

1979 1038 2202 1094 Lernaea
2223 1035 2240 1106 (
2263 1032 2472 1106 Hydra)
2505 1031 2676 1088 bestia
2703 1032 2999 1099 szeviente,
3025 1032 3198 1088 sancti
3231 1030 3469 1102 Spiritus
3504 1031 3584 1087 in-

1983 1142 2246 1186 vocemus
2267 1127 2582 1182 adventum.
2613 1124 2752 1192 Vos,
2784 1141 2816 1179 o
2837 1124 3000 1179 Paula
3020 1135 3072 1181 et
3104 1124 3492 1192 Eustochium,
3514 1124 3581 1180 ad

1986 1226 2283 1281 Dominum
2323 1221 2662 1278 Salvatorem
2701 1217 2913 1274 fundite
2953 1233 3184 1290 preces,
3223 1233 3294 1272 ne
3321 1217 3456 1273 mihi
3483 1233 3589 1274 no-

1985 1328 2108 1376 ceat
2149 1317 2355 1372 invidia
2381 1358 2395 1383 ,
2443 1314 2539 1370 sed
2573 1323 2630 1370 ut
2665 1330 2820 1369 mens
2853 1313 3023 1370 libera
3055 1313 3108 1369 id
3140 1323 3346 1368 tantum
3389 1315 3593 1384 cogitet

1984 1412 2125 1485 quod
2150 1411 2343 1466 nititur
2373 1409 2700 1480 explanare,
2730 1423 2830 1464 nec
2860 1407 3058 1464 sentiat
3083 1407 3455 1465 conviciorum
3481 1406 3593 1461 ala-

1983 1523 2113 1580 pas,
2159 1522 2294 1578 quas
2335 1506 2598 1560 Dominus
2631 1505 2685 1558 in
2725 1508 2976 1576 passione
3003 1505 3336 1576 contempsit
3365 1502 3385 1576 (
3417 1502 3588 1558 Marc.

1988 1615 2096 1668 xiv,
2122 1611 2167 1654 et
2193 1599 2354 1654 Joan.
2381 1615 2491 1666 χιι,
2515 1598 2693 1668 xvttt).

2059 1714 2240 1784 (Vers.
2267 1713 2349 1785 '2.)
2372 1712 2559 1768 Audite
2579 1754 2592 1780 ,
2620 1711 2802 1785 pepuli
2829 1729 3026 1779 onmes,
3056 1724 3102 1768 et
3130 1714 3362 1768 attendat
3389 1722 3525 1769 terra
3547 1722 3592 1768 et

1987 1809 2259 1882 plenitudo
2287 1811 2400 1878 eius
2422 1848 2436 1872 ,
2471 1817 2519 1862 et
2563 1808 2629 1862 sit
2660 1806 2920 1861 Dominus
2951 1803 3094 1860 Deus
3121 1807 3257 1861 vobis
3280 1806 3335 1860 in
3373 1814 3592 1872 testem,

1987 1900 2014 1940 δ
2045 1901 2302 1955 Dominus
2332 1902 2395 1954 de
2416 1899 2606 1972 templo
2629 1907 2810 1955 sancto
2836 1915 2948 1953 suo.
2977 1896 3124 1954 LXX
3148 1916 3159 1952 :
3187 1897 3595 1970 Audite,populi

1990 2009 2166 2048 omnes
2185 2035 2201 2060 ,
2225 2004 2272 2047 et
2309 1992 2562 2048 auscultet
2586 2002 2720 2046 terra
2739 2037 2753 2062 ,
2780 2002 2829 2046 et
2859 2009 3034 2046 omnes
3055 1992 3144 2061 qui
3175 2003 3296 2047 sunt
3325 1993 3378 2046 in
3399 2008 3459 2046 ea
3488 2036 3502 2061 ,
3553 2000 3601 2046 et

1989 2091 2054 2145 sit
2081 2087 2336 2143 Dominus
2379 2087 2521 2142 Deus
2560 2087 2703 2142 vobis
2725 2088 2777 2142 in
2819 2088 3170 2142 testimonium
3201 2103 3220 2140 :
3253 2085 3505 2141 Dominus
3535 2101 3597 2140 ex

1991 2181 2146 2236 domo
2171 2191 2353 2236 sancta
2377 2198 2493 2235 sua.
2518 2181 2654 2247 Quia
2674 2180 2830 2250 juxta
2858 2179 3142 2236 historiam
3165 2180 3494 2235 manifestus
3517 2187 3601 2236 est

1993 2292 2210 2344 sensus,
2227 2276 2451 2332 lectoris
2477 2274 2779 2345 prudentia:
2803 2274 3224 2346 intelligentiam
3250 2273 3599 2345 derelinquo.

1992 2369 2152 2424 Juxta
2186 2367 2542 2440 tropologiam
2563 2377 2743 2422 autem
2771 2376 3039 2422 convocat
3068 2366 3132 2423 ad
3159 2366 3405 2421 auditum
3432 2381 3600 2438 popu-

1996 2462 2111 2526 los,
2143 2461 2194 2516 id
2226 2471 2307 2517 est
2327 2502 2342 2528 ,
2365 2460 2538 2515 totius
2581 2459 2736 2515 orbis
2767 2459 3080 2527 Ecclesias,
3112 2467 3169 2515 et
3199 2461 3264 2514 ad
3295 2461 3606 2515 auscultan-

1996 2559 2123 2615 duut
2173 2569 2406 2621 terram,
2461 2557 2583 2625 quia
2630 2565 2849 2610 terrena
2895 2556 2948 2610 in
2979 2571 3042 2610 ea
3077 2555 3465 2611 hmretieorum
3509 2570 3608 2608 ex~

1996 2659 2204 2708 structa
2225 2657 2352 2704 sunt
2371 2647 2816 2719 dogmata.Quod
2844 2657 3024 2702 autem
3051 2648 3290 2703 lnereses
3313 2648 3460 2703 inter
3485 2661 3606 2701 car-

1996 2746 2082 2802 nis
2107 2759 2269 2816 opera
2303 2751 2659 2798 numerentnr
2679 2781 2695 2808 ,
2724 2757 2844 2812 quae
2883 2755 3101 2812 semper
3132 2740 3368 2796 refertur
3393 2739 3462 2795 ad
3493 2748 3604 2795 ter—

1997 2857 2113 2898 ram
2134 2882 2148 2906 ,
2175 2849 2230 2895 et
2254 2838 2548 2910 Apostolus
2577 2836 2643 2890 ad
2673 2836 2908 2908 ,Galatas
2950 2851 3056 2891 non
3088 2844 3229 2891 tacet
3265 2834 3472 2908 (Galat.
3506 2833 3605 2904 v),

1998 2946 2054 2992 et
2078 2936 2339 2990 Dominus
2379 2931 2433 2986 in
2481 2929 2784 3000 Evangelia
2813 2929 3068 2998 prudenti
3101 2929 3302 2984 indicat
3330 2927 3604 2983 auditori:

2004 3032 2105 3100 Qui
2139 3031 2204 3085 de
2232 3041 2370 3085 terra
2392 3037 2494 3094 est,
2517 3027 2582 3082 de
2625 3038 2760 3081 terra
2807 3025 3056 3096 loquitur.
3084 3025 3151 3080 Et
3180 3023 3248 3080 ad
3295 3023 3608 3080 distinetio-

2004 3144 2122 3184 nem
2146 3143 2334 3184 eorum
2368 3139 2562 3181 rursus
2605 3124 2675 3180 de
2721 3121 3124 3179 Ecclesiasticis
3147 3122 3281 3179 dicit
3321 3139 3336 3178 :
3385 3124 3486 3192 Qui
3513 3141 3612 3180 au—

2005 3231 2103 3277 tem
2131 3221 2196 3275 de
2220 3220 2348 3275 coelo
2373 3219 2509 3274 venit
2527 3265 2540 3288 ,
2573 3234 2729 3287 super
2751 3234 2924 3272 omnes
2946 3229 3021 3273 est
3041 3215 3221 3288 (Joan.
3266 3233 3344 3285 ιιι,
3373 3217 3485 3291 5|).
3503 3219 3568 3275 Et
3593 3236 3607 3274 :

2008 3315 2163 3384 Quod
2185 3315 2312 3370 vidit
2336 3323 2382 3368 et
2404 3314 2623 3378 audivit,
2645 3312 2744 3368 hoc
2771 3321 3010 3368 testatur.
3037 3312 3093 3370 Si
3119 3321 3299 3369 autem
3345 3312 3446 3368 hoc
3467 3311 3612 3382 quod

2005 3409 2082 3462 ait
2116 3427 2126 3462 :
2161 3407 2371 3474 Audite,
2401 3405 2614 3478 populi,
2639 3413 2866 3476 pr0pter
2911 3404 3044 3460 illud
3078 3405 3418 3460 Dominicum
3450 3423 3464 3461 :
3508 3405 3616 3475 Qui

2007 3503 2160 3558 habet
2203 3520 2357 3558 aures
2397 3501 2667 3567 audiendi,
2702 3499 2886 3554 audiat
2925 3499 3080 3573 (Luc.
3107 3515 3222 3569 vut,
3251 3500 3334 3571 8),
3366 3499 3488 3570 plus
3513 3498 3616 3554 ali-

2009 3596 2136 3669 quid
2176 3606 2370 3661 Sonat,
2414 3611 2576 3668 quam
2624 3595 2773 3666 quod
2820 3603 3011 3666 postea
3058 3593 3334 3651 infertur:
3371 3595 3615 3650 Attendat

2010 3701 2179 3760 terra,
2221 3689 2534 3761 aptabimus
2588 3687 2882 3753 Ecclesiae,
2926 3688 3150 3754 Audite,
3202 3687 3383 3760 pepuli
3421 3704 3616 3745 omnes.

2013 3782 2300 3841 lltereticis
2329 3798 2460 3838 vero
2485 3781 2576 3853 qui
2619 3789 2890 3837 terrenam
2935 3795 3228 3852 suscepere
3258 3779 3563 3836 doctrinam
3600 3798 3614 3836 :

2011 3876 2256 3932 Attendat
2289 3884 2459 3941 terra,
2508 3879 2556 3928 et
2584 3890 2760 3929 omnes
2787 3873 2877 3945 qui
2907 3874 2960 3927 in
2979 3891 3038 3928 ea
3069 3882 3192 3927 sunt
3216 3889 3235 3928 :
3264 3882 3321 3928 ut
3349 3882 3406 3929 et
3434 3874 3555 3930 isti\
3569 3874 3617 3930 si

2013 3971 2318 4038 audierint,
2368 3979 2424 4026 et
2451 3969 2531 4024 illi
2574 3970 2620 4025 si
2665 3967 3035 4035 attenderint,
3081 3985 3186 4024 non
3234 3969 3512 4040 patiantur
3552 3986 3615 4027 ea

2013 4083 2135 4139 qua:
2182 4076 2370 4137 postea
2412 4079 2594 4121 sermo
2632 4061 2852 4119 Domini
2901 4062 3288 4119 comminatur.
3330 4063 3400 4119 Et
3423 4064 3492 4120 sit
3539 4065 3619 4120 eis

2017 4159 2276 4216 Dominus
2321 4159 2372 4214 in
2409 4156 2778 4214 testimonium
2802 4197 2818 4222 ,
2865 4157 2982 4214 sive
3011 4165 3073 4212 ut
3099 4155 3152 4212 in
3183 4155 3452 4213 llebraico
3483 4157 3616 4229 legi-

2018 4263 2136 4319 tur,
2189 4253 2243 4307 in
2293 4263 2504 4318 testem,
2557 4252 2641 4308 vcl
2697 4259 2757 4306 ut
2802 4251 3042 4322 apertius
3096 4251 3486 4322 interpretatus
3537 4260 3654 4316 est,

2015 4343 2404 4418 Symmachus,
2433 4344 2750 4416 testiﬁcans,
2785 4353 2839 4399 et
2881 4343 3177 4399 teSIilicaus
3204 4345 3322 4412 ξιιοιι
3370 4343 3620 4412 aliunde,

2020 4441 2122 4496 nisi
2146 4440 2214 4495 de
2240 4440 2404 4496 domo
2433 4454 2531 4495 sua
2557 4483 2572 4507 ,
2599 4456 2720 4511 qua:
2747 4449 2831 4495 est
2860 4439 3103 4495 Ecclesia
3121 4481 3136 4506 ,
3169 4450 3262 4495 aut
3283 4438 3446 4513 435
3475 4453 3625 4499 certe

2022 4537 2075 4591 in
2105 4535 2248 4591 Filio
2271 4578 2285 4602 ,
2320 4535 2370 4590 id
2393 4545 2513 4602 est,
2538 4533 2590 4589 in
2619 4535 2850 4590 Domino
2879 4543 3068 4590 nostro
3098 4533 3227 4591 Jesu
3251 4533 3502 4604 Christo,
3533 4542 3624 4611 qui

309 4608 561 4668 samum
594 4607 851 4662 [ειπεεειπ
901 4606 1119 4703 θεεεευε
1145 4605 1221 4703 ae
1264 4607 1492 4703 proprie
1529 4605 1916 4703 sensuum
1943 4585 1994 4646 ι)
2023 4585 3227 4701 .4."1...;au;.;‘.;.n:.;a;;.;3.1.5:;
3249 4585 3629 4703 .Iii'Iiiiaii;

310 4719 544 4768 aureos.
586 4702 853 4758 habentes
881 4699 1102 4772 quidem
1142 4699 1196 4754 in
1224 4698 1517 4769 superﬁcie
1550 4698 1912 4772 pulchritudi-

312 4815 473 4864 nem;
508 4797 606 4854 sed
638 4795 858 4850 vitalem
892 4793 1146 4863 spiritum
1187 4808 1295 4848 non
1327 4791 1592 4848 habentes
1628 4809 1643 4846 :
1675 4801 1730 4848 et
1753 4791 1920 4847 labri-

313 4903 436 4951 cata
462 4904 545 4949 est
573 4892 627 4947 in
652 4891 818 4946 domo
843 4890 966 4958 Dei,
996 4887 1142 4960 quod
1169 4888 1559 4958 interpretatur
1575 4885 1778 4942 Bethel.
1809 4886 1920 4942 Nec

317 4989 467 5044 enim
498 4988 746 5056 recipere
769 4993 978 5056 poterat
1000 4983 1230 5053 pepulus
1259 4981 1426 5038 Israel
1447 4981 1606 5046 deos,
1633 4980 1734 5036 nisi
1756 4979 1921 5054 434

314 5081 410 5152 qui
455 5080 523 5136 de
561 5077 900 5148 Scripturis,
951 5084 1008 5131 et
1051 5075 1106 5130 in
1138 5074 1301 5130 domo
1347 5075 1439 5130 Dei
1483 5073 1731 5130 fabricati
1773 5084 1924 5132 sunt.

317 5171 582 5240 Quamvis
619 5179 800 5227 autem
833 5168 1194 5226 conciliabula
1226 5182 1325 5222 sua
1354 5175 1549 5221 vocent
1589 5166 1778 5222 Betliel
1803 5209 1817 5232 ,
1852 5177 1930 5222 ta-

316 5280 446 5321 men
473 5273 594 5332 post
612 5261 1031 5318 fabricationem
1058 5259 1335 5315 idolorum
1364 5257 1530 5314 desiit
1551 5273 1676 5314 esse
1705 5257 1887 5314 Bethel
1910 5302 1926 5325 ,

322 5367 383 5414 et
405 5367 632 5412 vocatur
672 5356 963 5425 Bethaven,
998 5353 1143 5425 quod
1187 5351 1388 5409 dicitur
1417 5353 1599 5408 domus
1621 5354 1787 5417 idoli,
1831 5369 1930 5425 pro

319 5469 434 5522 qtto
451 5451 803 5522 Septuaginta
830 5450 1227 5507 transtulerunt
1257 5448 1452 5504 domus
1475 5445 1594 5503 Ὧν.
1626 5447 1740 5504 Hoc
1764 5447 1832 5505 dc
1864 5448 1932 5504 ti-

325 5545 492 5601 tulo:
535 5559 682 5600 nunc
729 5543 1010 5598 veniamus
1053 5542 1122 5598 ad
1163 5541 1448 5598 exordium
1494 5541 1828 5612 prophetia,
1874 5550 1929 5598 et

403 5671 428 5698 ει
459 5659 648 5716 Maluit
681 5658 955 5730 Victorius
984 5673 1052 5715 ex
1097 5658 1396 5715 Florentiae
1428 5657 1735 5730 Brixizrque
1776 5660 1928 5718 codi-

325 5732 506 5801 cibus,
534 5742 582 5787 et
611 5729 796 5788 norum
816 5730 1055 5786 volumen
1085 5733 1320 5786 ordinem
1351 5729 1783 5798 contexere,’etc.

402 5805 428 5846 ι’
471 5805 749 5862 Posuema
780 5802 971 5872 verba,
1003 5801 1259 5859 Dominus
1283 5804 1347 5860 de
1369 5803 1558 5876 templo
1586 5815 1764 5861 sancto
1793 5822 1887 5862 suo
1911 5822 1929 5861 :

2025 4723 2185 4780 Pater
2207 4768 2221 4790 ,
2257 4724 2469 4780 viscera
2493 4730 2786 4794 penetrans
2813 4733 2868 4778 et
2893 4723 3159 4780 medullas
3179 4740 3394 4794 eorum,
3419 4725 3511 4798 qui
3540 4737 3624 4782 at-

2029 4819 2255 4875 tendere
2285 4817 2563 4874 voluerint
2592 4827 2647 4876 et
2669 4819 2876 4876 audire.

2099 4934 2281 5005 (Vers.
2310 4936 2342 4989 5
2369 4932 2511 5006 seq.)
2538 4933 2677 5002 Quia
2701 4951 2818 4991 ecce
2846 4934 3106 4992 Dominus
3133 4937 3427 5011 egredietur
3444 4936 3631 5010 [Vulg.

2028 5027 2328 5102 egreditur]
2354 5026 2419 5081 de
2445 5029 2558 5084 loco
2587 5046 2716 5096 suo,
2757 5040 2803 5084 et
2834 5030 3108 5086 descendet
3149 5040 3196 5086 et
3227 5031 3449 5087 calcabit
3476 5049 3633 5104 super

2030 5129 2234 5186 excelsa
2273 5142 2458 5196 terrae,
2502 5140 2548 5186 et
2587 5145 2958 5188 consumentur
3008 5145 3204 5189 montes
3259 5134 3442 5190 subtus
3480 5151 3630 5204 eum,

2030 5245 2080 5288 et
2109 5232 2271 5289 valles
2293 5234 2599 5290 scindentur
2628 5235 2764 5291 sicut
2786 5252 2904 5291 cera
2929 5253 2962 5290 a
2989 5238 3125 5308 [acie
3143 5237 3301 5308 ignis,
3331 5237 3466 5292 sicut
3487 5255 3636 5311 aqua:

2030 5354 2147 5409 qua:
2182 5337 2470 5392 decurrunt
2497 5339 2551 5393 in
2585 5354 2815 5411 praeceps
2845 5355 2863 5394 :
2895 5339 2950 5392 in
2979 5339 3176 5394 scelere
3195 5338 3362 5395 Iacob
3387 5357 3538 5396 omne
3563 5343 3635 5397 is-

2034 5443 2158 5512 tud,
2191 5452 2238 5498 et
2266 5445 2322 5498 in
2350 5444 2576 5513 peccatis
2607 5443 2794 5498 domus
2825 5440 3020 5498 Israel.
3059 5441 3215 5509 Quod
3241 5443 3409 5499 scelus
3432 5444 3638 5502 Jacob?

2032 5561 2204 5601 nonne
2235 5546 2479 5603 Samaria
2500 5546 2527 5600 ?
2556 5543 2622 5599 Et
2649 5560 2766 5616 qua:
2783 5545 2988 5600 excelsa
3013 5541 3214 5601 Judte?
3235 5562 3400 5602 nonne
3419 5546 3636 5603 Jerusa-

2040 5671 2152 5720 tum
2180 5709 2196 5733 ,
2223 5665 2364 5739 apud
2409 5664 2596 5748 LXX:
2619 5662 2880 5748 Dominus
2909 5679 2973 5718 ex.
3002 5663 3156 5720 donto
3186 5674 3366 5720 sancta
3395 5684 3509 5742 sua,
3539 5685 3635 5727 ex-

2039 5749 2283 5810 pungunt
2299 5753 2434 5795 mss.
2463 5746 2656 5796 nostri.
