4084 6340
540 270 681 332 “55

1794 271 1853 329 8.
1894 269 2167 330 EUSEBll
2207 271 2590 333 HIERONYMI

3695 274 3816 336 "50

533 387 677 442 lem?
712 384 852 441 LXX
885 400 898 441 :
932 384 1069 442 Ecce
1099 388 1235 441 enim
1283 386 1539 442 Dominus
1584 388 1880 459 cgredietur
1926 389 1989 442 de
2030 389 2142 441 loco
2173 397 2217 453 Α
2249 394 2386 464 ejus,
2420 393 2509 464 qui
2544 394 2828 448 Dominum
2861 392 3180 462 conﬁtetur,
3208 405 3314 448 non
3342 400 3426 448 est
3445 390 3590 449 aliud
3611 390 3710 447 nisi
3736 394 3815 447 ,Ιο-

528 498 645 545 suo,
670 491 718 535 et
746 465 1018 535 descendet
1038 524 1052 547 ,
1085 492 1130 535 et
1173 482 1415 535 ascendet
1438 498 1595 554 super
1626 484 1830 537 excelsa
1871 492 2021 537 terra:
2042 524 2056 548 ,
2092 494 2138 536 et

526 577 983 632 commovebuntur
1008 588 1208 632 montes
1236 577 1408 633 subter
1441 595 1556 632 eum
1584 622 1595 642 ,
1628 587 1674 631 ct
1702 579 1860 633 valles
1884 579 2141 633 tabesccnt

529 670 659 723 sicut
689 686 803 723 cera
834 688 864 724 a
886 671 1020 741 facie
1046 670 1185 740 ignis
1212 712 1225 737 ,
1255 680 1300 724 et
1330 672 1459 724 sicut
1490 689 1624 742 aqua
1650 672 1914 743 pro/luens
1958 672 2021 723 in.
2046 672 2137 724 dc-

543 776 785 814 sccnsum
815 776 832 815 :
859 770 1074 833 propter
1121 763 1433 834 impietatem
1454 762 1618 818 Jacob
1637 805 1650 830 ,
1698 765 1873 818 omnia
1916 763 2026 819 lucc
2046 805 2059 829 ,
2093 775 2140 817 et

532 863 745 923 propter
769 865 1035 921 peccatum
1061 855 1243 907 domus
1271 852 1456 909 Israel.
1484 857 1610 924 Quae
1637 862 1713 911 est
1738 856 1975 925 impietas
1992 858 2017 893 α
2045 857 2138 910 dd-

532 960 646 998 mus
669 941 876 998 Iacob?
908 962 1077 1000 nonne
1101 945 1385 1001 Samaria?
1411 947 1474 1001 Et
1492 938 1637 1020 quod
1660 960 1734 1004 est
1757 960 2023 1019 peccatum
2045 932 2137 1002 do-

530 1054 646 1092 mus
675 1038 858 1094 Iuda?
907 1058 1079 1095 nonne
1105 1041 1447 1097 Jerusalem?
1480 1046 1522 1098 0
1560 1045 1806 1100 Samaria
1835 1055 1889 1100 et
1914 1046 2138 1099 Jerusa—

527 1128 661 1191 lem,
702 1132 889 1187 audite
909 1176 923 1201 ,
955 1144 1008 1189 et
1036 1132 1329 1205 diligenter
1356 1136 1624 1193 attendite
1667 1138 1953 1191 Dominum
1981 1138 2139 1191 voltis

527 1225 596 1280 de
628 1228 834 1295 templo
863 1244 962 1283 suo
995 1230 1378 1286 testiﬁcantem
1399 1278 1410 1299 ,
1458 1241 1513 1287 et
1556 1232 1943 1303 praedicentem
1990 1248 2140 1303 qua}-

529 1336 769 1393 cumque
822 1324 1064 1379 facturus
1119 1335 1223 1382 est.
1278 1325 1409 1379 Ecce
1438 1326 1731 1396 egredietur
1776 1325 2027 1381 Dominus
2076 1327 2141 1381 de

532 1417 646 1472 loco
689 1434 805 1472 suo.
837 1418 939 1486 Qui
971 1419 1117 1474 enim
1166 1419 1315 1474 mitis
1346 1430 1427 1475 est
1472 1431 1527 1477 et
1556 1422 1862 1491 benignus,
1892 1430 1947 1476 et
1985 1422 2140 1491 cujus

533 1524 727 1567 natura
776 1512 1064 1569 clementia
1111 1522 1229 1579 est,
1266 1515 1431 1568 vestri
1483 1530 1652 1569 causa
1694 1515 1906 1585 cogitur
1945 1528 2137 1582 perso-

528 1622 688 1673 nam,
738 1622 899 1677 quam
945 1624 1052 1661 non
1106 1608 1298 1673 habet,
1353 1606 1695 1662 crudelitatis
1740 1621 2043 1662 assumere.
2069 1604 2138 1659 Et

528 1703 803 1781 descendet
831 1716 876 1759 et
921 1703 1141 1758 calcabit
1185 1721 1342 1775 super
1380 1704 1586 1758 cxcelsa
1634 1713 1805 1758 terrm.
1842 1702 2139 1759 Desceusio

2244 488 2483 541 rusalem
2513 529 2526 550 ,
2564 490 2617 541 in
2667 502 2767 558 qua
2819 487 2986 541 multa
3018 486 3253 543 crimina
3284 487 3649 557 reperiuntur.
3680 486 3815 553 Quml

2242 594 2424 635 autem
2456 580 2808 636 domus-Iuda
2844 580 3111 635 relera'lur
3140 580 3206 635 ad
3231 579 3531 647 Christum,
3563 581 3713 649 cujus
3739 580 3819 635 Ec-

2240 674 2410 729 clesia
2465 684 2571 741 est,
2630 682 2687 729 et
2711 690 2855 744 sape
2900 674 3156 733 diximus,
3186 681 3242 728 et
3287 673 3419 727 illud
3465 680 3721 742 ponamus
3762 672 3817 726 ad

2240 783 2485 839 praesens
2515 787 2526 822 :
2560 766 2727 834 Juda,
2763 778 2810 821 te
2850 766 3139 822 laudabunt
3170 767 3358 836 fratres
3386 766 3461 819 tui
3486 781 3505 819 .'
3526 780 3706 818 manus
3733 774 3819 818 tua!

2240 863 2394 934 super
2422 862 2632 915 dorsum
2678 862 3003 915 inimicorum
3030 870 3235 914 tuorum
3273 856 3425 930 (Cen.
3459 874 3605 922 xm,
3630 855 3705 927 8).
3734 856 3822 909 Po-

2243 952 2347 1010 lesl
2392 956 2609 1025 quoque
2638 950 2689 1010 el
2720 954 2801 1009 sic
2825 953 3081 1024 intelligi,
3105 952 3246 1022 quod
3281 962 3504 1023 propter
3535 949 3822 1018 itnpietates

2242 1050 2499 1103 Samarim
2530 1059 2582 1103 et
2611 1051 2815 1103 scelera
2844 1048 3001 1103 Judtc
3032 1089 3046 1113 ,
3089 1062 3345 1118 egressus
3388 1046 3461 1100 sit
3493 1046 3740 1099 Dominus
3764 1045 3822 1098 tle

2243 1146 2363 1200 loco
2403 1146 2677 1215 quondam
2727 1160 2825 1198 suo
2853 1188 2866 1211 ,
2918 1150 2970 1197 et
3026 1142 3227 1197 dixerit
3264 1142 3330 1195 ad
3376 1139 3592 1195 Iudaeos
3625 1138 3820 1207 (litanti.

2241 1255 2400 1307 χχιιι,
2434 1239 2524 1309 58)
2544 1257 2557 1294 :
2579 1238 2706 1292 Ecce
2731 1240 3044 1310 relinquetur
3073 1237 3212 1291 vobis
3240 1237 3429 1290 domus
3456 1246 3618 1289 vestra
3644 1236 3825 1289 deserta

2246 1335 2401 1407 (Luc.
2439 1350 2561 1395 xm.
2597 1332 2713 1403 55).
2752 1332 2819 1386 Et
2852 1332 3204 1387 descenderit
3229 1330 3300 1386 de
3324 1330 3515 1395 oculis,
3565 1339 3618 1386 et
3645 1344 3823 1384 ascen-

2242 1427 2383 1483 derit
2418 1440 2582 1494 super
2608 1426 2824 1478 excelsa
2851 1432 3013 1479 terrm
3040 1470 3053 1493 ,
3086 1423 3141 1477 id
3172 1431 3255 1477 est
3280 1467 3294 1492 ,
3333 1438 3506 1494 super
3535 1435 3631 1478 eos
3660 1421 3741 1490 qui
3770 1436 3828 1473 ex

2243 1519 2486 1591 gentium
2519 1519 2820 1571 humilitate
2865 1517 3154 1572 credentes
3176 1558 3190 1579 ,
3225 1517 3431 1571 excelsi
3467 1530 3589 1570 esse
3630 1530 3827 1570 merue-

2244 1619 2392 1665 runt.
2427 1612 2489 1664 Et
2520 1611 2776 1664 commoti
2812 1618 2939 1663 sunt
2971 1617 3205 1673 montes,
3240 1607 3684 1677 philosophorum
3714 1605 3827 1676 dog-

2246 1713 2410 1773 mata,
2442 1715 2495 1758 et
2523 1719 2693 1774 regna
2717 1702 2998 1769 sublimia,
3031 1713 3087 1756 et
3119 1702 3173 1755 hi
3201 1703 3294 1770 qui
3328 1701 3565 1755 humiles
3597 1715 3828 1771 perman-

529 1798 624 1855 Dei
658 1811 779 1861 est,
815 1812 869 1854 et
909 1799 1208 1869 majestatis
1254 1800 1374 1869 ejus
1413 1798 1479 1853 ad
1526 1798 1786 1853 inferiora
1826 1798 2132 1865 decursus,
2167 1797 2216 1859 B
2243 1805 2469 1864 serunt,
2514 1798 2828 1866 consumpti
2874 1805 3003 1851 sunt
3054 1806 3110 1851 et
3151 1795 3373 1849 contriti
3423 1794 3722 1850 Salvatoris
3750 1794 3829 1848 ad-

530 1894 746 1948 calcare
779 1901 1016 1960 terram,
1068 1903 1121 1947 et
1155 1902 1405 1963 potentes
1451 1906 1695 1962 quosque
1726 1900 2035 1947 conterere.
2072 1890 2140 1943 Et

531 2000 900 2044 consumentur
922 2034 934 2055 ,
973 1989 1177 2060 inquit,
1206 1992 1322 2045 sive
1353 1988 1609 2044 tabescent
1646 1999 1841 2042 montes
1862 2030 1875 2054 ,
1910 1996 1957 2041 et
1980 1986 2140 2040 valles

529 2084 623 2138 sub
652 2102 708 2139 eo
732 2128 745 2151 ,
790 2100 927 2155 quos
960 2085 1242 2154 principes
1275 2085 1645 2154 intelligamus
1685 2091 1738 2136 et
1772 2082 2024 2153 pepulos.
2073 2080 2141 2134 Et

529 2178 807 2248 quomodo
838 2178 1093 2233 viciniam
1122 2178 1262 2248 ignis
1288 2194 1410 2231 cera
1441 2191 1547 2231 non
1580 2175 1818 2231 sustinet
1844 2219 1857 2241 ,
1893 2185 1945 2229 et
1971 2187 2140 2243 prono

531 2287 695 2325 cursu
728 2288 880 2340 aqua)
915 2271 1163 2326 feruntur
1193 2272 1245 2326 in
1279 2286 1532 2342 praeceps
1581 2288 1594 2326 :
1633 2272 1702 2324 ita
1738 2270 1913 2323 omnis
1946 2267 2139 2337 impio-

530 2376 650 2417 rum
682 2364 962 2433 superbia,
994 2364 1226 2418 Dnmiuu
1248 2364 1527 2426 veniente,
1547 2363 1799 2417 'sulvctur
1828 2371 1883 2414 et
1912 2360 2135 2415 delluet.

534 2456 648 2511 Hoc
667 2465 847 2512 autem
876 2468 1041 2511 tutum
1076 2458 1169 2513 lict
1192 2465 1414 2527 prepter
1434 2457 1641 2512 scelera
1662 2457 1848 2511 decem
1876 2455 2135 2520 tribuum,

528 2563 667 2615 quas
695 2559 857 2603 vocat
886 2548 1056 2605 Jacob
1085 2560 1137 2603 et
1171 2550 1335 2605 Israel
1356 2592 1369 2615 ,
1398 2559 1450 2604 et
1475 2561 1703 2621 propter
1736 2550 2141 2618 praevaricatio-

532 2656 655 2695 nem
686 2641 858 2708 Juda;
889 2644 1015 2712 quia
1046 2645 1096 2697 in
1128 2644 1321 2699 decem
1359 2644 1614 2697 tribubus
1643 2643 1889 2698 Samaria
1940 2653 2141 2697 metro-

532 2735 675 2804 polis
705 2735 839 2804 luit,
873 2747 925 2791 et
956 2738 1008 2790 in
1040 2752 1209 2807 regno
1240 2736 1397 2792 Judae
1436 2736 1744 2792 Jerusalem
1788 2736 2137 2791 excelsorum

532 2825 675 2881 idola
715 2826 975 2883 fabricata
1008 2838 1133 2884 est:
1169 2828 1272 2883 hoc
1300 2829 1454 2899 juxta
1488 2830 1745 2884 litteram.
1778 2828 2140 2898 Tropologice

530 2931 715 2993 autem
761 2921 1075 2991 egredietur
1120 2922 1380 2977 Dominus
1412 2923 1480 2979 de
1508 2923 1631 2977 loco
1671 2938 1803 2985 suo,
1859 2939 2021 2993 quem
2056 2923 2140 2977 vel

531 3016 770 3085 Filium,
812 3020 899 3072 vel
952 3034 1145 3071 omnes
1195 3027 1416 3073 sanctos
1470 3017 1779 3087 intelligere
1827 3032 2135 3087 possumus.

528 3112 653 3183 Ipse
676 3114 821 3168 enim
854 3111 1028 3167 Filius
1059 3112 1136 3167 ait
1166 3130 1176 3166 :
1216 3111 1326 3184 Ego
1357 3130 1411 3165 tn
1446 3111 1607 3166 Patre
1632 3154 1646 3177 ,
1699 3122 1743 3164 et
1775 3110 1931 3165 Pater
1974 3112 2026 3165 in
2062 3127 2141 3165 me

532 3206 717 3278 (Joan.
756 3224 867 3274 xw,
904 3206 1015 3278 10).
1052 3209 1115 3263 Et
1143 3208 1211 3262 de
1242 3208 1441 3262 sanctis
1487 3224 1499 3259 :
1533 3206 1795 3261 Ilubitobo
1826 3217 1870 3260 et
1901 3206 2140 3259 inatnbu—
2166 3192 2211 3256 C

529 3301 648 3356 labo
679 3301 734 3355 in
763 3303 860 3367 eis,
892 3312 939 3357 et
956 3318 1043 3357 ero
1071 3318 1246 3357 eorum
1273 3302 1437 3369 Deus,
1462 3311 1507 3356 et
1532 3302 1631 3373 ipsi
1659 3312 1809 3356 erunt
1828 3302 1953 3355 milii
1972 3319 2141 3373 papu-

533 3394 616 3449 lus
645 3394 831 3467 (Lavit.
866 3412 1013 3461 xxvi,
1046 3395 1158 3467 l2).
1203 3396 1368 3468 [‘36
1396 3396 1470 3451 De
1500 3396 1585 3450 his
1627 3411 1755 3466 ergo
1784 3396 2095 3464 egredietur
2121 3438 2136 3461 ,

534 3505 641 3545 non
669 3490 810 3560 quod
837 3490 1177 3560 derelinquat
1200 3506 1329 3553 eos;
1358 3504 1480 3543 nam
1508 3496 1565 3544 et
1590 3489 1658 3545 de
1687 3490 1950 3559 aposmlis
1981 3504 2137 3559 egue-

533 3583 793 3638 dieltatur
824 3599 1006 3638 sermo
1029 3583 1239 3637 Domini
1282 3583 1347 3637 ad
1381 3583 1702 3649 audientes,
1736 3593 1789 3637 et
1821 3593 1997 3639 tamen
2031 3599 2134 3637 non

536 3678 881 3748 relinquebat
903 3692 999 3731 eos
1034 3695 1044 3730 :
1081 3688 1135 3731 et
1157 3675 1534 3747 hujuscemodi
1558 3678 1697 3743 loca,
1722 3676 1772 3731 id
1796 3687 1898 3740 est,
1925 3692 1985 3731 ea
2016 3693 2137 3747 qua:

537 3772 704 3825 Deum
728 3772 995 3841 hospitem
1022 3770 1225 3825 habere
1252 3770 1754 3840 mereantur,qnasi
1781 3786 1902 3823 eum
1918 3769 2138 3824 Christo

538 3866 902 3935 resurgentia,
932 3873 989 3919 et
1017 3879 1140 3918 cum
1172 3879 1236 3917 eo
1268 3863 1318 3916 in
1361 3863 1679 3920 cmlestibus
1710 3865 1980 3929 sedentia,
2011 3879 2133 3918 sur-

535 3973 656 4013 sum
685 3959 861 4026 posita
887 3967 1035 4013 sunt.
1070 3956 1229 4013 Unde
1259 3964 1314 4011 et
1338 3957 1675 4013 descendere
1705 3957 1904 4011 dicitur
1944 3958 2012 4011 ad
2042 3973 2136 4014 eos

534 4052 623 4121 qui
677 4050 983 4105 doctrinam
1036 4049 1153 4119 ejus
1187 4051 1239 4104 in
1279 4059 1461 4104 monte
1502 4050 1690 4103 audire
1733 4064 1837 4102 non
1882 4061 2133 4119 possunt.

534 4148 779 4216 (Iamque
808 4145 1198 4211 descenderit,
1237 4161 1343 4199 non
1386 4144 1643 4200 aScendet
1674 4145 1728 4199 in
1761 4144 2055 4200 humilibus
2082 4155 2136 4201 et

533 4238 586 4293 in
635 4239 719 4292 his
741 4279 753 4302 ,
798 4237 887 4307 qui
916 4236 1173 4293 deorsum
1208 4238 1367 4306 positi
1402 4247 1555 4301 sunt;
1603 4237 1698 4291 sed
1730 4237 1819 4307 qui
1853 4249 2013 4292 terra:
2040 4254 2135 4293 vo—

532 4342 722 4387 cantur
751 4331 969 4386 excelsa
999 4371 1014 4397 ,
1057 4338 1115 4385 et
1143 4332 1231 4401 qui
1268 4330 1632 4401 intelligentes
1665 4330 2005 4386 advenientis
2034 4332 2137 4386 Do-

532 4427 665 4482 mini
724 4426 1062 4497 majestatem
1099 4466 1112 4491 ,
1172 4425 1685 4480 commovebuntur.
1751 4426 1819 4479 Et
1887 4426 2134 4495 quamvis

533 4530 750 4577 montes
780 4522 909 4587 sint,
939 4530 1116 4575 tamen
1144 4519 1210 4574 ad
1246 4519 1372 4573 talis
1402 4518 1607 4589 auriga:
1630 4526 1685 4573 et
1704 4522 2016 4573 ascensoris
2038 4534 2133 4589 pa-

531 4617 735 4671 vehuut
784 4613 1154 4684 prmscntiam.
1181 4613 1360 4670 Valles
1390 4623 1570 4668 autem
1602 4655 1617 4680 ,
1672 4612 1723 4667 id
1770 4622 1893 4681 est,
1936 4614 2129 4669 animat
2159 4587 2210 4647 D

535 4717 733 4781 χσῑκοῖς
756 4707 1036 4780 [terrenis]
1067 4709 1286 4763 inserta:
1316 4707 1643 4777 corporibus
1670 4748 1683 4771 ,
1734 4722 1834 4763 nec
1862 4723 1983 4762 cum
2013 4723 2128 4764 eoe-

534 4802 659 4857 leSti
691 4801 911 4855 homine
937 4810 1307 4872 resurgentes,
1334 4801 1679 4871 praesentiam
1704 4801 1821 4870 ejus
1851 4798 1996 4856 ferre
2024 4818 2130 4857 non

534 4901 828 4963 poterunt;
857 4894 952 4949 sed
985 4893 1245 4964 quidquid
1272 4893 1323 4948 in
1353 4894 1432 4947 eis
1460 4893 1653 4947 durum
1679 4894 1861 4955 fuerit,
1897 4893 2137 4949 resolve-

537 4995 622 5041 tur
649 5028 662 5051 ,
697 4994 751 5040 et
775 4986 845 5039 ita
891 4984 1090 5051 liuent,
1140 4985 1414 5055 quomodo
1446 4984 1493 5040 si
1522 4988 1675 5055 aqua:
1705 4984 1867 5055 plana
1896 5002 2001 5039 non
2036 4983 2133 5039 lla-

534 5080 725 5141 beant,
758 5072 1115 5149 feranturque
1142 5078 1451 5148 praecipites
1476 5078 1528 5131 in
1556 5078 1909 5149 profundum.
1939 5078 2133 5135 Veniet

532 5188 666 5244 ergo
698 5172 963 5227 Dominus
1013 5171 1275 5227 terribilis
1306 5170 1370 5225 ad
1406 5170 1708 5226 ducendum
1735 5211 1749 5236 ,
1801 5170 1852 5225 id
1884 5181 1973 5225 est
1998 5212 2013 5237 ,
2063 5171 2130 5227 ad

532 5268 840 5323 movendus
868 5272 1081 5321 montes
1109 5292 1123 5329 ,~
1155 5270 1210 5320 et
1237 5265 1455 5319 vallium
1489 5263 1710 5319 humilia
1761 5264 2083 5320 resolvenda
2112 5309 2125 5333 ,

531 5365 657 5435 quia
703 5362 1037 5434 impietatem
1082 5361 1213 5415 fecit
1261 5360 1461 5425 Iacob,-
1513 5368 1567 5414 cl
1610 5370 1888 5431 peceatum
1938 5358 2125 5415 lsrael.

531 5457 789 5529 Impietas
812 5458 955 5512 enim
979 5455 1153 5510 Jacoh
1180 5453 1543 5510 conciliabula
1573 5452 1957 5509 hereticorum
1980 5466 2125 5521 sunt,

529 5567 652 5621 qum
684 5557 953 5605 vocantur
999 5547 1267 5604 Samaria.
1298 5545 1367 5602 Et
1391 5555 1675 5619 peccatum
1720 5545 1884 5612 Juda,
1918 5546 1969 5601 id
2022 5555 2123 5613 est,

604 5697 629 5723 ιι
673 5685 903 5741 Palatini
940 5700 1100 5753 mss.,
1146 5698 1261 5757 quae
1292 5694 1365 5738 est
1409 5684 1647 5751 impietas
1688 5682 1888 5749 Iacob;
1934 5683 2122 5739 Grmca

528 5773 746 5828 quoque
757 5758 1091 5827 exemplaria
1110 5758 1593 5828 pleraquevocem,
1613 5757 1819 5823 domus,
1844 5758 2120 5826 ignorant.

601 5827 629 5868 δ
662 5829 790 5885 Mss.
820 5829 1088 5896 Palatini,
1110 5827 1375 5883 universas
1408 5830 1664 5885 mercedes
1685 5828 1800 5900 ejus
1830 5828 2125 5883 comburent

2243 1900 2434 1955 ventu,
2452 1898 2506 1943 et
2521 1899 2808 1945 crescente
2828 1889 3097 1955 Ecclesia,
3120 1888 3510 1956 montibusque
3546 1888 3599 1942 in
3619 1887 3830 1942 sublime

2242 1984 2615 2054 surgentibus,
2651 1984 2795 2037 idnla
2822 1989 3153 2037 corruerunt
3177 1982 3230 2036 in
3264 1981 3621 2051 profundum.
3655 1982 3830 2051 Egres-

2243 2090 2337 2132 sus
2383 2084 2468 2130 est
2515 2090 2647 2146 ergo
2690 2075 2951 2129 Dominus
2996 2074 3066 2129 de
3100 2074 3223 2127 loco
3253 2088 3353 2128 suo
3375 2115 3388 2135 .
3417 2083 3471 2128 et
3497 2072 3571 2128 de
3595 2072 3832 2144 gentibus

2242 2176 2554 2223 constructa
2604 2168 2847 2221 Ecclesia
2877 2175 2988 2233 est,
3025 2177 3081 2219 ut
3107 2165 3267 2237 537
3303 2175 3661 2220 moverentur
3690 2180 3829 2220 mon-

2244 2272 2327 2317 tes
2358 2264 2459 2316 sult
2487 2261 2712 2332 pedibus
2740 2261 2891 2331 ejus,
2919 2268 2975 2315 et
3003 2260 3273 2329 profunda
3306 2258 3527 2313 vallium
3568 2258 3832 2312 solveren-

2243 2364 2361 2420 tur,
2416 2356 2541 2424 quia
2588 2354 2754 2423 impie
2805 2352 2917 2423 egit
2940 2352 3144 2418 Jacob,
3189 2362 3243 2406 et
3290 2350 3831 2421 peccavitlsrael,et

2243 2462 2437 2501 omnes
2469 2446 2650 2500 tribus
2684 2446 2971 2500 Dominum
3007 2454 3372 2515 negaverunt.

2319 2560 2497 2629 (Vers.
2532 2558 2565 2614 ϐ
2597 2558 2740 2630 seq.)
2786 2578 2796 2612 :
2835 2558 2899 2611 Et
2943 2574 3135 2630 ponam
3181 2558 3478 2612 Samariam
3520 2559 3668 2625 quasi
3709 2572 3830 2610 acer-

2242 2671 2357 2709 vum
2386 2654 2620 2725 lapidum
2640 2655 2693 2707 in
2720 2670 2864 2724 agro,
2897 2651 3484 2724 cumplantaturrinea,
3503 2661 3550 2703 et
3580 2649 3829 2704 detraham

2242 2750 2294 2802 in
2338 2748 2525 2802 vallem
2572 2747 2772 2816 lapides
2803 2748 2942 2818 cjus,
2975 2756 3022 2798 et
3064 2744 3403 2811 fundamenta
3435 2746 3553 2817 ejus
3582 2743 3825 2805 rcvelubo,

2244 2852 2291 2895 et
2339 2843 2513 2895 omnia
2558 2839 2825 2909 sculptilia
2861 2841 2978 2911 ejus
3019 2839 3359 2892 concidentur
3385 2879 3398 2903 ,
3434 2849 3481 2888 et
3514 2852 3687 2890 ontues
3717 2850 3827 2887 mer-

2244 2936 2392 2988 cedes
2441 2933 2548 3005 [AL
2596 2932 2814 3004 merces]
2858 2933 2971 3003 ejus
3017 2933 3380 2986 comburantur
3424 2931 3566 3005 igni,
3599 2941 3646 2992 et
3677 2932 3830 2984 omnia

2244 3027 2388 3080 idola
2414 3030 2524 3097 ejus
2554 3042 2745 3097 ponam
2779 3026 2829 3077 in
2858 3023 3193 3095 perditionem
3214 3066 3227 3089 ,
3272 3026 3395 3095 quia
3436 3026 3496 3077 de
3530 3024 3830 3077 mercedibus

2246 3120 2527 3173 meretricis
2574 3128 2883 3191 congregata
2943 3127 3092 3181 sunt,
3140 3128 3187 3172 et
3234 3134 3398 3187 usque
3447 3118 3515 3171 ad
3568 3116 3829 3171 mercedem

2244 3212 2526 3266 meretricis
2554 3220 2891 3265 revertentur.
2926 3210 3100 3279 Super
3127 3210 3223 3264 hoc
3246 3212 3487 3283 plangam
3524 3219 3575 3264 et
3606 3211 3825 3272 nlulabo,

2244 3304 2431 3358 vadum.
2456 3304 2711 3370 spoliatus
2738 3313 2785 3355 et
2816 3303 3017 3371 nudus,
3048 3303 3238 3371 faciam
3265 3303 3535 3372 planctum
3566 3302 3699 3356 relut
3720 3302 3829 3354 dra-

2244 3412 2466 3463 conum,
2510 3405 2554 3450 et
2588 3395 2780 3449 luctum
2812 3396 2960 3465 quasi
2991 3397 3343 3450 strui/donum
3366 3439 3379 3459 ,
3425 3397 3547 3459 quia
3580 3396 3828 3465 desperata

2242 3502 2317 3545 est
2361 3492 2517 3562 plaga
2565 3495 2711 3559 ejus,
2754 3492 2875 3559 quia
2918 3492 3052 3543 venit
3096 3506 3255 3559 usque
3295 3490 3364 3542 ad
3398 3488 3639 3553 ludam,
3684 3485 3830 3557 tetigit

2244 3595 2445 3655 portam
2496 3586 2675 3656 populi
2730 3585 2829 3637 ηιρὶ
2882 3600 3042 3654 usque
3094 3585 3161 3638 ad
3204 3582 3519 3638 Jerusalem.
3553 3583 3695 3639 LXX
3728 3600 3740 3636 :
3770 3579 3828 3634 Et

2243 3697 2431 3748 ponam
2466 3680 2708 3734 Samaria
2735 3680 2789 3733 in
2820 3694 3092 3748 pomorum
3132 3678 3421 3732 custodiam
3448 3680 3502 3732 in
3526 3690 3683 3752 agro.
3713 3688 3757 3731 et
3785 3677 3829 3727 in

2240 3773 2616 3845 plantationem
2640 3774 2800 3826 vinea:
2834 3788 2851 3826 :
2881 3780 2927 3825 et
2956 3770 3223 3825 detraham
3250 3773 3305 3825 in
3325 3772 3622 3841 voraginem
3650 3769 3831 3843 lapides

2241 3868 2353 3935 cjus
2379 3911 2391 3931 ,
2421 3874 2469 3919 et
2496 3866 2835 3933 fundamenta
2865 3865 2974 3930 ejus
3002 3863 3241 3918 revelabo
3268 3904 3281 3927 ,
3306 3872 3353 3916 et
3378 3872 3564 3916 cuncta
3584 3860 3831 3933 sculptilis

2242 3961 2353 4029 ejus
2403 3958 2704 4023 concident,
2738 3968 2784 4011 et
2824 3955 2851 3995 ι’
2888 3957 3145 4011 universae
3183 3956 3439 4010 mercedes
3480 3956 3593 4025 ejus
3633 3952 3829 4007 combu-

2240 4063 2419 4107 rantur
2444 4054 2548 4123 igni
2570 4095 2582 4116 ,
2607 4061 2655 4105 et
2689 4068 2874 4105 cuncta
2898 4049 3043 4104 idola
3065 4052 3175 4119 ejus
3199 4062 3385 4118 ponam
3402 4049 3453 4101 in
3477 4048 3825 4119 perditionem,

2239 4149 2362 4217 quia
2414 4162 2477 4199 er
2526 4144 2840 4199 mercedibus
2887 4144 3248 4213 fornicationis
3286 4144 3653 4215 congregavit,
3692 4150 3735 4194 et
3777 4150 3831 4191 ca

2240 4237 2560 4291 mercedibus
2576 4238 2937 4308 fornicationis
2965 4237 3238 4290 destruxit.
3268 4234 3487 4305 Propter
3510 4234 3609 4287 Itoc
3633 4234 3830 4304 plangct

2239 4341 2391 4402 atque
2417 4331 2642 4402 lugebit,
2676 4332 2767 4385 ibit
2796 4329 3105 4384 discalciala
3127 4339 3172 4383 et
3203 4330 3371 4395 nuda,
3402 4330 3554 4399 faciet
3579 4330 3830 4401 planctum

2237 4428 2388 4499 quasi
2415 4426 2731 4491 draconum,
2750 4436 2797 4480 et
2822 4426 3015 4479 luctum
3043 4425 3191 4493 quasi
3213 4423 3341 4493 ﬁlice
3363 4423 3667 4478 Sirenurum
3684 4466 3697 4489 ,
3721 4421 3831 4492 quia

2239 4522 2460 4574 obtinuit
2510 4521 2665 4591 plaga
2707 4521 2846 4589 ejus,
2890 4519 3010 4585 quia
3040 4518 3175 4571 venit
3210 4532 3370 4587 usque
3408 4516 3478 4570 ad
3507 4517 3705 4571 ludam
3733 4556 3746 4577 ,
3788 4521 3830 4567 et

2238 4613 2402 4683 tetigit
2432 4629 2593 4683 usque
2631 4612 2699 4665 ad
2728 4620 2926 4683 portam
2957 4610 3139 4682 populi
3174 4610 3273 4663 mei
3306 4624 3465 4679 usque
3496 4607 3604 4681 [ΑΙ.
3652 4606 3727 4680 in]
3749 4605 3832 4660 le:

2236 4706 2482 4761 rnsalem.
2526 4705 2840 4762 Secundum
2887 4705 3137 4759 ordinem
3168 4713 3515 4773 peccatorum
3543 4746 3558 4771 ,
3610 4703 3669 4757 lit
3705 4700 3831 4756 ordo

2237 4812 2541 4868 pinnarum.
2581 4798 2819 4852 Primum
2852 4798 3088 4867 peccavit
3138 4796 3425 4863 Samaria,
3467 4804 3522 4851 et
3574 4795 3829 4851 fabricata

2234 4905 2318 4947 est
2368 4892 2546 4955 idola,
2589 4902 2642 4945 et
2674 4905 2772 4961 pro
2804 4892 3035 4946 Domino
3076 4891 3276 4945 vitulos
3318 4890 3566 4945 adoravit
3606 4908 3621 4945 :
3663 4889 3830 4960 prima

2231 5000 2363 5055 ergo
2390 4994 2445 5039 et
2472 4994 2679 5055 pereat.
2713 4985 2995 5039 Dcstruam
3022 4999 3141 5039 eam
3161 5026 3174 5050 ,
3198 4984 3550 5040 venientibus
3572 4982 3828 5055 Assyriis,

2236 5089 2288 5135 et
2344 5094 2541 5149 ponam
2588 5081 2742 5147 quasi
2797 5093 3059 5133 acervqu
3105 5078 3345 5148 lapidum
3390 5090 3513 5134 cum
3563 5081 3830 5149 plantatur

2239 5172 2425 5229 vinea.
2458 5182 2513 5225 ut
2542 5168 2650 5243 [ΑΙ.
2683 5170 2761 5242 et]
2787 5170 3064 5241 redigatur
3091 5172 3395 5226 iutumulos
3422 5189 3435 5226 :
3460 5171 3531 5226 Et
3553 5170 3827 5226 detraham

2237 5267 2290 5321 in
2324 5266 2515 5320 vallem
2543 5264 2754 5333 lapides
2779 5264 2917 5333 ejus.
2953 5264 3302 5334 Eratquippe
3333 5264 3384 5318 in
3406 5264 3681 5318 mentibus
3706 5262 3827 5324 sita,

2235 5362 2324 5415 ubi
2359 5374 2501 5414 nunc
2531 5360 2758 5415 Sebaste
2785 5369 2903 5425 est,
2939 5360 2990 5413 in
3017 5374 3119 5430 qua
3150 5367 3205 5414 et
3231 5360 3408 5415 sancti
3439 5359 3667 5415 Joannis
3696 5357 3831 5424 Bap-

2234 5454 2379 5509 tism
2400 5470 2521 5509 ossa
2545 5463 2671 5509 sunt
2698 5453 2937 5509 condita.
2967 5452 3036 5507 Et
3063 5453 3405 5522 fundamentd
3437 5457 3551 5527 ejus
3576 5448 3823 5506 revelabo.

2234 5548 2407 5604 Tanta
2445 5550 2643 5621 quippe
2684 5550 2839 5605 ruina
2872 5548 2977 5605 erit
3002 5590 3016 5613 ,
3049 5557 3104 5603 et
3129 5557 3274 5604 tanta
3304 5549 3454 5605 urbis
3486 5544 3780 5603 subversio
3812 5558 3825 5594 :

2232 5688 2373 5755 igni,
2405 5688 2597 5745 Graeco
2627 5689 2950 5745 concinente
2989 5696 3156 5746 textu.
3200 5676 3427 5746 Leviora
3467 5685 3605 5743 infra
3645 5698 3829 5742 emcn-

2233 5776 2450 5817 (tamus.
