4078 6342
306 278 443 335 “37

1088 274 1904 351 I'COMMENrAmoaUthN
1943 262 2283 335 tineam»!
2322 264 2445 335 Lis.
2490 277 2532 335 ι.
2579 276 2733 336 CAP.
2776 279 2817 335 ι.

3484 276 3627 338 “5'8

304 410 357 452 ut
394 412 505 453 non
530 397 704 452 solum
740 400 972 468 parietes
998 406 1051 455 et
1075 401 1295 455 aedilicia
1328 410 1621 464 corruant;
1657 399 1749 454 sed
1785 402 1910 452 fun-
1941 402 1985 459 A
2017 375 2400 466 divitiasquas
2446 390 2515 453 de
2566 386 2926 453 fornirati'oltc
2980 396 3270 453 videbatur
3309 397 3513 453 habere
3568 412 3623 455 et

301 491 559 547 damcuta
589 507 803 563 quoque
834 504 1007 564 usrpte
1050 496 1115 550 ad
1154 494 1457 549 extremum
1492 494 1724 564 lapidem
1760 511 1913 549 reve-

303 584 500 638 leatur.
534 585 599 639 Et
631 585 811 639 omnia
843 586 1118 652 sculptilia
1152 588 1297 656 ejus,
1328 596 1647 657 cunctaeque
1679 584 1907 651 divitim,

299 691 435 747 quas
477 678 677 732 diversi
718 688 873 747 reges
915 679 968 732 in
1004 693 1121 733 eam
1154 688 1631 749 Cotnporfat'eran‘l
1667 721 1680 741 ,
1720 684 1907 733 conci-

299 773 497 828 dentur
552 776 615 828 et
661 775 1056 828 comburantur
1100 775 1243 845 igni,
1293 783 1346 828 et
1387 778 1452 825 ait
1503 773 1735 827 nihilum
1768 773 1909 827 redi-

298 876 514 936 gentur.
551 866 833 936 Siquidem
864 882 997 936 opes
1038 876 1091 921 et
1140 867 1423 937 multiplex
1456 868 1697 934 supellex
1725 910 1738 933 ,
1787 881 1910 934 qua:

299 974 363 1016 ex
401 961 757 1018 fornicatione
794 960 959 1033 438
992 964 1073 1033 (ut
1100 960 1453 1033 putabantur)
1484 962 1753 1017 idolomm
1785 960 1906 1015 fue-

298 1068 422 1109 rant
462 1066 813 1126 congregata,
858 1056 1124 1111 ducentur
1156 1059 1219 1110 ad
1254 1057 1411 1111 aliam
1449 1056 1817 1119 meretricem,
1855 1050 1909 1108 id

300 1156 413 1213 est,
468 1147 532 1201 ad
576 1147 777 1203 Ninive
812 1166 823 1201 :
855 1158 911 1202 ut
938 1149 1216 1218 quomodo
1249 1150 1299 1203 in
1348 1158 1491 1204 terra
1528 1163 1622 1202 sua
1657 1147 1910 1201 fornicati

299 1249 425 1295 sunt
475 1256 597 1296 cum
655 1241 812 1297 idolis
847 1254 965 1312 qua!
1005 1242 1283 1311 fecerunt,
1318 1245 1395 1297 sic
1424 1244 1621 1295 variant
1653 1241 1716 1295 ad
1745 1241 1902 1295 aiiam

298 1344 503 1390 terram
532 1336 800 1390 idolorum
849 1343 902 1391 et
940 1336 1347 1407 fornicationis,
1394 1336 1443 1390 id
1476 1346 1558 1389 est
1582 1378 1595 1401 ,
1629 1335 1695 1389 ad
1738 1337 1905 1405 Assy«

296 1430 432 1483 rios.
486 1429 771 1499 fluensque
829 1430 898 1484 de
944 1428 1209 1485 Samaria.
1258 1430 1323 1484 Et
1368 1431 1492 1500 quia
1522 1427 1719 1484 ea’dcm‘
1747 1428 1903 1497 plaga

299 1534 621 1594 perventura
653 1525 719 1577 sit
750 1523 815 1578 ad
846 1522 1149 1578 Jerusalem
1181 1523 1257 1595 (et
1287 1524 1400 1593 ipsa
1431 1523 1576 1579 enim
1608 1521 1775 1576 simili
1817 1536 1902 1575 er-

296 1632 421 1672 rore
473 1618 721 1687 peccavit
748 1659 762 1683 ,
814 1617 1206 1686 derelinquens
1262 1619 1429 1671 Deum
1472 1631 1627 1671 suum
1662 1622 1717 1670 et
1760 1615 1899 1669 idola

296 1706 599 1779 fabricatis)
652 1714 938 1779 propterea
1001 1711 1261 1778 propheta
1310 1709 1435 1764 facit
1485 1710 1636 1776 quasi
1691 1730 1902 1787 προσω-

2016 506 2205 546 errore
2232 506 2363 553 suo.
2397 494 2515 561 igne
2550 509 2668 547 meo
2702 496 3119 563 eo'n‘sumeutur,
3157 495 3223 549 de
3265 510 3371 561 quo
3412 495 3521 548 dixi
3570 496 3620 549 in

2015 582 2314 652 Evangelio
2365 601 2378 639 :
2432 580 2614 656 Igntn‘t
2675 588 2785 640 veni
2838 587 3037 641 mittere
3087 605 3245 658 super
3303 600 3489 642 terram
3522 632 3533 652 ,
3577 600 3623 644 ct

2017 682 2043 710 α
2073 684 2229 746 quam
2252 673 2365 729 rolo
2397 684 2449 729 ut
2480 676 2663 730 ardeat
2694 676 2850 747 (Luc.
2889 692 2958 731 χιι
2988 721 3001 743 ,
3034 677 3133 748 49)
3160 696 3173 735 :
3211 689 3373 750 atque
3404 681 3627 735 combu-

2014 768 2673 839 rcntttr,-etredigentt1r
2714 769 2778 822 ad
2815 770 3076 839 nihilum,
3116 773 3240 843 quia
3288 789 3391 827 non
3430 772 3498 828 de
3536 790 3625 827 ve-

2012 866 2174 919 ritate
2206 868 2483 919 contracta
2509 868 2636 919 sn‘nt
2666 864 3011 934 dogmatum;
3048 868 3143 921 sed
3173 868 3239 921 de
3272 866 3628 923 fornicatione

2011 959 2209 1011 animm
2234 1000 2249 1023 ,
2280 967 2333 1012 et
2369 968 2555 1014 errore
2594 959 2718 1014 hinc
2759 962 2882 1016 inde
2914 962 3144 1016 eollecta
3177 972 3327 1015 sunt.
3373 961 3626 1017 llmretici

2011 1052 2215 1120 quippe
2266 1067 2371 1105 non
2422 1052 2623 1107 habent
2664 1052 2882 1107 divitias
2918 1053 2985 1109 de
3032 1064 3258 1121 paterna
3308 1053 3629 1108 hatreditate

2010 1142 2329 1209 venientes,
2382 1144 2475 1197 sed
2523 1136 2769 1214 quotidie
2804 1148 2946 1216 quod
2979 1148 3161 1201 colant
3211 1147 3490 1218 reperiunt
3524 1189 3539 1213 ,
3572 1158 3625 1201 et

2011 1235 2151 1290 idola
2184 1236 2287 1291 sibi
2334 1237 2533 1292 artifici
2590 1254 2791 1296 manu.
2840 1250 2894 1295 et
2934 1241 3151 1294 curiosa
3205 1250 3390 1295 mente
3421 1240 3631 1294 confin-

2009 1340 2162 1399 gttnt.
2197 1328 2427 1399 Propter
2460 1333 2560 1385 hoc
2590 1346 2715 1385 cntn
2755 1347 3053 1387 conversos
3081 1335 3249 1387 fuerit
3277 1348 3405 1401 ager
3431 1348 3621 1387 eorum

2009 1425 2065 1478 in
2118 1428 2401 1490 pomorum
2444 1427 2746 1478 custodiam
2775 1466 2789 1490 ,
2826 1426 2881 1481 et
2912 1436 3247 1496 prmparatus
3294 1424 3359 1479 ad
3394 1424 3584 1479 vineas
3612 1467 3626 1489 ,

2010 1526 2067 1571 et
2099 1516 2306 1587 lapides
2346 1518 2542 1588 qdibus
2583 1518 2842 1573 aedificata
2870 1531 2988 1573 erat
3015 1520 3204 1574 civitas
3232 1560 3244 1581 ,
3290 1517 3520 1573 detracti
3575 1519 3626 1572 in

2009 1611 2334 1681 profundum
2367 1656 2379 1677 ,
2416 1622 2469 1666 et
2500 1612 2741 1667 revelata
2777 1612 2979 1667 fuerint
3008 1604 3360 1667 fundamenta
3384 1616 3573 1667 eorum
3604 1655 3618 1677 ,

2012 1715 2066 1760 et
2105 1706 2285 1758 omnia
2323 1706 2595 1773 sctilptilia
2632 1708 2852 1761 concisa
2875 1716 2930 1761 et
2961 1708 3215 1765 inrensa.
3250 1715 3305 1759 et
3336 1705 3624 1759 mercedes

294 1804 517 1857 ποποίαν
565 1802 653 1856 Dei
679 1834 695 1865 ,η
726 1810 782 1856 et
812 1804 912 1855 sub
942 1816 1174 1873 persona
1217 1818 1313 1855 sua
1358 1802 1564 1857 inducit
1596 1803 1647 1872 pl
1669 1804 1902 1873 ingentis
1937 1800 1993 1868 Βῖ
2015 1816 2151 1868 quas
2180 1798 2280 1854 sibi
2318 1808 2447 1852 rana
2481 1814 2577 1869 spe
2617 1800 3017 1869 pollicebantur
3041 1841 3053 1862 ,
3087 1811 3134 1856 et
3170 1798 3428 1869 quidquid
3477 1800 3626 1852 velut

293 1894 545 1949 adactum
578 1912 590 1949 :
621 1906 675 1949 et
719 1894 853 1950 dicit
902 1913 915 1949 :
962 1896 1135 1965 Super
1160 1897 1254 1950 hoc
1283 1896 1529 1967 plangam
1558 1886 1605 1950 et
1638 1896 1861 1949 ululabo
1889 1913 1906 1949 :

292 1989 475 2041 radam
496 1989 747 2057 spoliatus
785 1999 827 2041 et
864 1990 1034 2043 nudus
1063 1990 1270 2059 (decem
1298 1997 1438 2045 enim
1469 1991 1637 2044 tribus
1674 1989 1907 2061 perdidi)

291 2091 344 2135 et
400 2080 592 2135 faciam
655 2082 929 2150 planctum
988 2082 1137 2136 velut
1197 2082 1543 2147 draconum,
1601 2094 1657 2137 et
1704 2084 1905 2136 luctum

290 2173 441 2242 quasi
473 2171 864 2227 strutltionutn.
899 2174 1185 2240 Quomodo
1211 2176 1357 2229 enim
1379 2174 1648 2229 dracones
1669 2174 1907 2229 terribili

290 2266 452 2320 sibilo
510 2276 835 2334 persmant,
903 2266 1056 2335 juxta
1114 2268 1371 2323 historias
1423 2284 1611 2323 eorum
1643 2311 1655 2333 ,
1703 2269 1793 2338 qui
1839 2268 1908 2323 de

288 2359 527 2430 physicis
566 2363 1016 2429 conscripserunt
1042 2404 1055 2427 ,
1098 2378 1163 2418 eo
1205 2372 1450 2433 tempore
1480 2378 1586 2431 quo
1618 2364 1911 2416 vincuntur

288 2451 354 2504 ab
385 2451 698 2520 elephantis
732 2470 744 2505 :
774 2463 827 2506 et
860 2454 1000 2507 sicut
1024 2455 1364 2508 strntltiones
1398 2455 1750 2509 immemores
1782 2463 1909 2509 sunt

289 2559 516 2599 ovorum
548 2560 769 2599 suorum
800 2590 814 2615 ,
848 2557 905 2600 et
933 2548 1088 2617 quasi
1120 2564 1227 2602 non
1264 2548 1577 2617 pepereriut
1601 2592 1615 2615 ,
1652 2550 1705 2602 itt
1737 2563 1902 2603 arena

299 2637 592 2691 calcandos
640 2637 869 2707 pedibus
924 2639 1221 2693 bestiarum
1297 2638 1442 2709 (Job
1505 2637 1707 2711 xxxtx)
1758 2639 1903 2695 fetus

286 2730 603 2799 relinquunt
628 2773 641 2794 ,
691 2729 759 2785 de
786 2747 891 2797 quo
931 2734 983 2785 in
1017 2731 1121 2785 Job
1155 2732 1367 2801 plenius
1395 2734 1656 2787 scribitur
1692 2751 1704 2788 :
1734 2735 1804 2788 ita
1847 2744 1902 2789 et

289 2837 390 2890 ego
422 2825 541 2877 sine
583 2824 707 2878 ﬁliis
733 2826 999 2893 spoliatus
1054 2837 1108 2880 et
1142 2828 1318 2881 nudus
1366 2826 1634 2881 incedam.
1688 2828 1756 2882 Et
1803 2828 1907 2881 hoc

286 2916 483 2973 faciam
511 2958 535 2987 ,η
570 2919 694 2989 quia
741 2920 1033 2990 desperata
1067 2933 1145 2975 est
1180 2921 1336 2990 plaga
1366 2922 1485 2988 ejus
1516 2962 1528 2982 ,
1562 2921 1612 2974 id
1646 2931 1729 2975 est
1757 2962 1772 2987 ,
1807 2924 1903 2974 Sa-

287 3014 495 3068 marize.
535 3014 597 3067 Et.
626 3013 767 3068 idem
802 3027 1079 3082 peccaturo
1111 3058 1121 3077 ,
1160 3016 1326 3068 immo
1360 3014 1551 3067 eadem
1588 3029 1744 3083 poena
1784 3030 1905 3083 pec-

289 3107 395 3161 cati
428 3151 441 3175 ,
482 3122 603 3176 quin
651 3109 848 3161 evertit
892 3107 1242 3174 Samariam,
1286 3108 1466 3162 veniet
1498 3123 1669 3178 usque
1699 3106 1766 3161 ad
1812 3108 1915 3161 Ju-

2022 1892 2195 1946 Deum
2238 1892 2421 1946 colere
2471 1891 2834 1951 videbantur.
2897 1890 3178 1947 redacttnn
3238 1891 3301 1945 ad
3354 1889 3625 1955 nihilum,

2017 1990 2144 2056 quia
2197 1985 2265 2040 de
2329 1984 2691 2039 fornicatione
2742 1986 2981 2053 animae,
3039 1999 3201 2038 omne
3240 1984 3339 2038 sibi
3395 1986 3626 2053 pretium

2017 2088 2403 2148 compararant
2439 2098 2451 2133 :
2484 2088 2609 2133 tunc
2634 2078 2999 2148 intelligentes
3023 2092 3265 2133 errorem
3295 2077 3625 2147 pristinum,

2020 2172 2072 2225 in
2104 2182 2278 2227 semet
2312 2172 2518 2226 reversi
2550 2173 2807 2241 p'lan'gent
2833 2218 2847 2242 ,
2881 2173 2934 2226 in
2964 2173 3161 2243 quibus
3185 2181 3309 2226 ante
3342 2172 3621 2237 ridebant,

2019 2274 2075 2318 et
2108 2264 2366 2335 lu‘gelmnt
2390 2312 2403 2334 ,
2466 2267 2518 2320 in
2567 2267 2765 2335 quibus
2798 2269 2948 2337 prius
2980 2268 3313 2321 fornicantes
3359 2268 3622 2335 quodam-

2021 2358 2184 2412 tnodo
2213 2360 2551 2414 lmtabatttur.
2582 2359 2972 2431 Deponentqne
2996 2362 3062 2415 de
3089 2361 3316 2430 pedibus
3340 2364 3452 2416 suis
3474 2362 3630 2431 quid-

2016 2454 2149 2523 quid
2201 2454 2547 2510 mortiferum
2606 2455 2941 2523 habuerant,
2996 2466 3050 2509 et
3090 2452 3254 2510 erunt
3283 2456 3586 2510 discalciati
3614 2497 3629 2521 ,

2016 2547 2141 2617 quia
2175 2556 2316 2602 terra
2348 2549 2401 2601 in
2432 2564 2534 2614 qtta
2570 2550 2759 2601 staturi
2792 2559 2915 2602 sunt
2943 2590 2957 2610 .
2988 2548 3141 2601 locus
3172 2558 3253 2601 est
3284 2558 3504 2601 sanctus
3531 2590 3543 2607 ,
3578 2560 3631 2601 et

2020 2641 2343 2697 vestimenta
2389 2641 2767 2696 fornicationis
2836 2656 2946 2695 sua»,
3007 2644 3261 2696 universa
3310 2642 3632 2711 projicient;

2017 2749 2290 2808 eruntque
2324 2737 2485 2802 nudi,
2524 2746 2581 2791 ut
2610 2740 2822 2807 possint
2850 2736 3057 2793 Christi
3092 2739 3242 2792 indui
3276 2739 3627 2805 vestimento,

2018 2841 2074 2885 et
2091 2829 2289 2886 facient
2315 2832 2583 2900 p‘lanc.um
2604 2832 2759 2901 qnasi
2780 2831 3100 2887 draconum.
3120 2832 3397 2886 Piancturi
3428 2832 3630 2903 quippe

2023 2931 2152 2977 sunt
2196 2924 2484 2994 aliquando
2540 2934 2593 2979 et
2640 2924 2944 2991 dracones,
2982 2927 3201 2995 quando
3235 2925 3465 2979 viderint
3502 2922 3632 2979 dra-

2022 3032 2217 3073 cenem
2267 3022 2561 3075 maximum
2600 3030 2851 3087 captum,
2884 3032 2937 3075 et
2970 3022 3019 3075 in
3056 3020 3215 3075 hamo
3248 3021 3490 3092 pendere
3520 3022 3630 3091 pis-

2020 3111 2197 3166 cantis
2224 3152 2238 3178 ,
2273 3120 2327 3165 et
2356 3126 2503 3166 mare
2531 3110 2695 3184 440
2722 3112 3049 3167 desolatam.
3090 3114 3153 3167 Et
3183 3114 3442 3183 lugebunt
3472 3115 3628 3184 quasi

291 3200 414 3255 dam
445 3244 457 3265 ,
491 3212 544 3256 ct
583 3218 752 3271 usque
780 3203 845 3255 ad
880 3214 1101 3273 portant
1125 3204 1275 3258 urbis
1310 3220 1442 3258 mete
1474 3202 1799 3258 Jerusalem.
1838 3204 1916 3259 Ut
1945 3200 1992 3265 C
2026 3203 2152 3257 filia:
2210 3203 2524 3259 Sirenarum
2557 3249 2571 3273 ,
2643 3204 2816 3260 dulcia
2870 3206 3016 3259 enim
3068 3216 3194 3261 sunt
3248 3206 3627 3261 haereticorum

290 3292 434 3348 enim
485 3294 732 3349 Samaria
782 3297 1044 3350 subversa
1088 3307 1174 3351 est
1219 3297 1288 3350 ab
1332 3296 1573 3367 Assyriis
1614 3315 1625 3349 :
1662 3298 1732 3350 ita
1761 3296 1907 3351 Juda

292 3400 348 3443 et
402 3388 707 3445 Jerusalem
742 3393 1133 3446 subvertentur
1187 3410 1215 3445 a
1271 3390 1562 3446 Chaldzeis.
1596 3391 1734 3459 Quia
1768 3407 1908 3446 vero

294 3480 603 3537 Samariam
626 3530 638 3551 ,
678 3484 1059 3539 hmrcticnrum
1094 3486 1263 3540 semel
1311 3485 1684 3540 intelleximus
1716 3486 1912 3541 Eccle-

294 3577 462 3643 siam,
495 3593 615 3647 quae
660 3587 909 3647 separata
938 3595 967 3633 a
1013 3579 1123 3632 Deo
1154 3620 1168 3645 ,
1199 3580 1382 3649 populi
1419 3578 1555 3632 facta
1589 3588 1672 3634 est
1714 3583 1904 3635 conci-

292 3668 552 3724 liabulum
579 3712 592 3735 ,
640 3670 756 3738 ipse
812 3672 1072 3726 Dominus
1102 3674 1321 3726 commit
1346 3686 1470 3726 atur
1503 3674 1807 3742 positurum
1842 3688 1906 3729 se

292 3778 413 3817 eam
468 3764 519 3817 in
570 3779 854 3833 pomorum
883 3763 1185 3817 custodiam
1217 3808 1230 3830 ,
1275 3766 1326 3818 in
1364 3780 1551 3834 agrum
1583 3774 1637 3820 et
1670 3766 1721 3819 in
1751 3766 1907 3835 plan-

294 3858 559 3912 tationem
588 3857 781 3911 vinea}.
817 3858 984 3912 Multo
1011 3860 1154 3912 enim
1188 3859 1386 3912 melius
1408 3868 1491 3913 est
1518 3859 1759 3913 subverti
1783 3860 1905 3913 inu-

291 3952 443 4005 tilem
504 3950 826 4017 civitatem,
870 3959 926 4006 et
981 3952 1188 4021 lapides
1224 3952 1341 4021 ejus
1387 3953 1585 4022 quibus
1628 3962 1905 4007 exstructa

290 4046 510 4110 fuerat,
569 4045 620 4099 in
670 4061 915 4117 prieceps
947 4047 1193 4114 detrahi,
1237 4056 1288 4102 et
1332 4048 1625 4116 praeparari
1682 4063 1799 4101 eam
1851 4051 1903 4099 in

293 4138 604 4209 pomarium
675 4139 1179 4210 plantationemque
1243 4143 1560 4207 vinearum,
1636 4155 1797 4209 quam
1850 4140 1905 4193 in

294 4232 658 4287 mdiﬁcatione
708 4236 957 4301 pessima
1013 4250 1355 4304 permanere.
1408 4234 1544 4290 Cum
1606 4238 1750 4290 enim
1810 4235 1905 4289 de-

295 4336 503 4379 structa
557 4328 751 4394 fuerit,
788 4338 841 4381 et
889 4328 1131 4382 revelata
1162 4328 1368 4383 fuerint
1409 4329 1756 4384 fundamenta
1787 4329 1906 4399 ejus

297 4417 521 4487 (quibus
554 4434 648 4472 sua
681 4419 973 4473 videbatur
1000 4422 1178 4475 celare
1208 4424 1466 4493 mysteria
1493 4463 1507 4488 ,
1541 4432 1595 4475 et
1636 4422 1786 4476 firma
1819 4423 1915 4474 ba-

2019 3299 2299 3363 carmina‘,
2350 3308 2405 3353 et
2450 3300 2605 3353 Suavi
2651 3313 2787 3353 voce
2838 3300 3066 3368 populos
3118 3300 3471 3369 decipientia.
3520 3300 3630 3355 Nec

2020 3398 2203 3462 potest
2234 3406 2421 3447 eorum
2449 3394 2659 3447 cantica
2686 3393 2967 3461 praeterire
2992 3437 3006 3460 ,
3044 3394 3144 3446 nisi
3169 3396 3257 3464 qui
3290 3394 3636 3449 obturaverit

2024 3500 2217 3540 anrcm’
2259 3502 2446 3552 suam,
2493 3497 2545 3541 et
2595 3489 2753 3556 quasi
2807 3487 3003 3541 surdus
3044 3488 3304 3541 evaserit.
3338 3487 3635 3553 Proiiterea

2023 3593 2204 3635 autem
2230 3577 2347 3634 haec
2371 3579 2678 3634 istiusmodi
2702 3578 2953 3634 Samaria
2981 3579 3200 3649 plaogct
3220 3584 3383 3650 atque
3408 3581 3635 3649 lugebit,

2024 3678 2282 3747 quoniam
2332 3677 2522 3746 sagitta
2568 3674 2781 3730 Domini
2828 3676 3139 3740 vulnerata,
3176 3686 3229 3731 et
3270 3676 3480 3746 plagam
3522 3688 3640 3728 ser-

2029 3774 2205 3827 monis
2260 3772 2573 3841 accipiens,
2634 3786 2792 3825 suum
2839 3779 3135 3839 cognosCet
3187 3770 3456 3824 errorem.
3518 3766 3635 3821 Non

2028 3866 2205 3919 solum
2256 3872 2436 3918 autem
2481 3864 2593 3933 ipsa
2641 3865 2924 3934 peccavit.
2969 3862 3065 3917 sed
3100 3863 3439 3933 iniQuitatent
3470 3868 3523 3915 et
3553 3874 3639 3914 er—

2030 3971 2211 4011 rorem
2264 3971 2419 4011 suum
2469 3954 2522 4010 in
2570 3954 2723 4010 Judze
2763 3966 2979 4026 quoque
3022 3966 3211 4024 portas
3247 3955 3419 4009 voluit
3468 3955 3639 4007 intro-

2030 4048 2253 4102 ducere.
2287 4047 2445 4103 Unde
2476 4047 2678 4102 dicitur
2708 4048 2776 4101 de
2809 4065 2870 4103 ea
2908 4066 2920 4101 :
2964 4047 3113 4101 Venit
3140 4060 3297 4117 usque
3325 4046 3395 4099 ad
3418 4044 3637 4115 ludam,

2032 4151 2080 4194 et
2110 4141 2275 4213 tetigit
2304 4156 2457 4211 usque
2497 4141 2565 4193 ad
2598 4150 2775 4210 portas
2810 4143 2989 4213 populi
3014 4143 3111 4196 mei
3139 4185 3152 4208 ,
3194 4158 3355 4211 usque
3382 4142 3449 4193 nd
3485 4139 3644 4194 Jeru-

2034 4233 2217 4286 salem.
2274 4234 2498 4302 Portas,
2545 4234 2755 4303 inquit,
2787 4235 2962 4305 tetigit
3007 4249 3141 4302 quas
3183 4249 3345 4289 aures
3387 4233 3645 4305 intelligi-

2036 4341 2175 4382 mus.
2226 4328 2493 4383 Caeterum
2535 4330 2724 4383 urbem
2771 4328 3007 4383 mediam
3050 4327 3257 4382 intrare
3287 4338 3390 4381 n’on
3420 4328 3637 4398 potuit:

2022 4419 2178 4489 quod
2219 4421 2263 4475 si
2294 4421 2551 4476 intrasset
2579 4463 2593 4485 ,
2639 4420 2857 4475 fecisset
2884 4422 2952 4476 de
2975 4420 3283 4475 Jerusalem
3315 4421 3642 4475 Samariam.

296 4510 430 4565 bere
461 4511 714 4582 dogmata
749 4512 801 4567 in
834 4515 1033 4584 quibus
1065 4515 1280 4581 stabat,
1314 4524 1369 4569 et
1396 4514 1575 4569 omnia
1610 4515 1751 4569 idola
1785 4530 1917 4582 quin:
2024 4513 2263 4579 Quoties
2309 4513 2609 4569 viderimus
2652 4514 2720 4568 de
2770 4513 3013 4569 Ecclesia
3053 4514 3269 4583 aliquos
3314 4515 3379 4568 ad
3426 4515 3646 4570 lucreti-

298 4608 538 4674 speciem
590 4607 933 4661 videbantur
960 4607 1195 4673 habere,
1236 4619 1291 4661 et
1321 4608 1785 4678 pulchritudinem
1819 4623 1916 4663 au—
1944 4608 1999 4671 1)
2024 4614 2220 4664 eurum
2265 4621 2549 4663 sermones
2584 4605 2944 4661 sca‘ndaliZari
2972 4649 2982 4669 ,
3017 4616 3339 4677 etquterere
3367 4607 3642 4679 quomodo

299 4701 428 4754 tilici
455 4717 714 4756 sermone
743 4704 1126 4771 roiupositam,
1151 4710 1249 4757 eta
1285 4702 1551 4757 ministris
1574 4704 1671 4757 Dri
1707 4703 1915 4759 fuerint
2027 4714 2227 4758 eorum
2259 4701 2626 4770 respondeant
2656 4702 3049 4770 quaestionibus
3077 4744 3091 4767 ,
3126 4716 3226 4757 nec
3265 4713 3445 4757 tamen
3492 4718 3646 4757 recc-

299 4797 516 4846 coucisa
548 4838 560 4858 ,
594 4792 646 4847 id
680 4806 765 4849 est
788 4837 801 4861 ,
828 4812 856 4847 a
881 4792 1011 4848 viris
1044 4795 1469 4864 Ecclesiasticis)
1502 4804 1631 4849 tunc
1657 4793 1827 4866 [.39
1850 4796 1913 4851 in-
2028 4799 2171 4853 'dere
2228 4796 2298 4852 de
2352 4796 2599 4851 Ecclesia
2628 4839 2641 4864 ,
2693 4795 2973 4863 dicamus,-
3010 4797 3149 4850 vem’t
3195 4797 3440 4856 Samaria
3464 4838 3480 4864 ,
3536 4796 3651 4851 sive

298 4886 423 4942 loco
479 4886 856 4943 :edificationis
897 4888 1185 4959 pessimze,
1237 4888 1381 4942 varia
1438 4890 1696 4943 Ecclesiae
1747 4905 1911 4958 poma
2040 4892 2195 4961 plaga
2262 4889 2525 4945 Samaria:
2577 4906 2744 4959 usque
2801 4890 2867 4945 ad
2940 4892 3196 4961 populum
3255 4891 3649 4957 Confitentem,

299 4990 593 5035 nascentur
620 5024 633 5047 ,
685 4989 740 5038 et
785 4999 888 5036 non
928 4983 1103 5037 solum
1152 4994 1477 5047 nascentur,
1512 4999 1702 5038 verum
1736 4986 1913 5038 etiam.
2036 4996 2209 5053 usque
2246 4982 2313 5037 ad
2342 4997 2501 5037 aures
2540 4983 2729 5053 populi
2760 4983 2888 5047 Dei,
2922 4998 3097 5054 usque
3127 4983 3192 5039 ad
3225 4988 3389 5037 aures
3419 4981 3642 5037 Jerusa-

297 5074 718 5138 eustodientur,
769 5083 824 5130 et
862 5075 1195 5145 plantabitur
1234 5077 1389 5131 vinea
1423 5076 1595 5131 Sorec
1620 5118 1633 5143 ,
1684 5076 1753 5131 de
1800 5093 1915 5146 qua:
2039 5078 2170 5132 lem.
2208 5078 2320 5132 Hoc
2347 5078 2489 5132 enim
2539 5077 2680 5147 quod
2726 5072 2927 5133 dicitur
2960 5078 3133 5148 tetigit
3175 5074 3437 5148 usquead
3465 5084 3650 5147 portas

301 5164 398 5219 fiat
450 5168 629 5220 viuum
657 5214 670 5236 ,
701 5170 843 5238 quod
881 5185 939 5223 se
978 5169 1235 5222 Dominus
1275 5171 1325 5221 in
1354 5184 1519 5239 regno
1549 5170 1731 5225 Patris
1768 5171 1916 5226 bibi»
2043 5173 2224 5241 populi
2267 5173 2372 5227 mei
2402 5215 2415 5238 ,
2456 5173 2557 5228 ἀπὸ
2584 5180 2749 5228 κοινοῦ
2782 5172 3187 5243 intelligendum
3217 5182 3299 5228 est
3325 5213 3340 5239 ,
3366 5170 3423 5226 ut
3452 5174 3650 5228 subau-

300 5266 483 5312 turnm
533 5272 659 5315 esse
702 5262 947 5329 promisit
974 5261 1169 5333 (Marc.
1204 5262 1339 5335 xiv).
1376 5264 1487 5316 l\'on
1516 5264 1689 5318 solum
1718 5275 1911 5320 autcm-
2028 5266 2245 5332 adiatur,
2278 5266 2636 5336 tetigitetiam
2667 5282 2833 5338 usque
2855 5266 2921 5321 ad
2948 5279 3134 5337 portas
3152 5267 3477 5322 Jerusalem.
3511 5269 3653 5321 llae-

298 5351 654 5408 fuodamenta
708 5354 825 5423 ejus
855 5399 867 5422 ,
930 5370 1048 5423 quin
1104 5357 1251 5426 prius
1291 5367 1433 5411 terra
1474 5358 1862 5427 premebantur
1891 5404 1915 5427 ,λ
2049 5376 2223 5430 usque
2268 5370 2459 5415 contra
2511 5362 2815 5417 Samariam
2862 5369 2915 5415 et
2947 5370 3137 5416 eontra
3175 5360 3515 5430 Jerusalem,
3573 5363 3655 5418 vi-

299 5447 620 5516 aperientur
652 5459 705 5504 et
736 5449 1077 5519 proferentur
1106 5451 1159 5505 in
1190 5451 1426 5505 medium
1461 5493 1474 5515 ,
1512 5462 1564 5507 et
1608 5452 1751 5508 idola
1784 5470 1915 5523 quae
2028 5452 2274 5509 ~deamus
2304 5465 2353 5511 et
2386 5467 2615 5523 caetera,
2649 5472 2771 5525 quae
2797 5462 3116 5525 sequuntur.

300 5538 407 5594 sibi
457 5538 763 5609 tinxerant,
812 5542 1209 5609 coneidentur;
1254 5543 1350 5598 sed
1395 5544 1567 5615 gloria
1608 5561 1823 5617 quoque
1854 5557 1920 5603 etr
2123 5548 2304 5621 (Vers.
2340 5550 2405 5606 10
2427 5552 2575 5621 seq.)
2606 5549 2672 5604 In
2694 5549 2825 5607 Geth
2859 5548 3019 5603 nolite
3043 5547 3379 5612 annuntiare,
3410 5549 3653 5621 lu‘crgmis

306 5812 319 5825 ε
378 5752 430 5829 ειῇ
465 5743 648 5829 Alias,
693 5750 747 5798 et
792 5744 842 5829 in
897 5752 1015 5829 ungi“
1048 5745 1441 5829 l’alatin;_eod.‘
1483 5756 1658 5821 queui.
1709 5749 1929 5819 Con’jer
1954 5753 2180 5829 quae-dc
2224 5742 2384 5825 hujus
2405 5756 2643 5813 lectione
2692 5738 2985 5813 testimonii
3014 5756 3250 5813 diximus
3276 5744 3341 5813 ad
3393 5757 3580 5813 liomil.

301 5814 360 5871 in
391 5814 735 5872 Ezceltielem
759 5854 774 5883 ,
809 5825 940 5871 tom.
976 5816 1015 5871 V
1039 5858 1052 5884 ,
1083 5818 1189 5874 col.
1224 5820 1352 5879 927.
