4084 6340
290 258 419 316 1161

1090 257 1743 318 COMMENTARIORUM
1786 254 1850 313 IN
1887 255 2231 315 MICHEAM
2276 259 2405 315 LIB.
2447 260 2488 317 ι.
2533 260 2683 317 CAP.
2728 260 2771 317 Ι.

3449 265 3589 325 "62

288 375 588 447 possidebit
627 375 848 431 domum
884 375 1211 432 idololatria:
1242 379 1545 446 urbemque
1593 375 1882 439 mendacii,
1912 372 1963 433 Α
1991 384 2118 427 sunt
2148 373 2217 427 de
2239 374 2557 445 alienigenis
2587 386 2642 431 et
2670 376 2760 431 alii
2792 375 3015 449 (multas
3053 377 3199 434 enim
3225 379 3389 438 habet
3418 384 3596 454 regio-

285 488 407 545 qute
428 472 483 529 in
508 474 951 543 supplantatione
1001 473 1100 529 fuit
1127 476 1348 544 regibus
1392 476 1576 530 Israel.
1603 474 1757 542 Quod
1790 490 1885 528 au-

286 577 394 624 tem
422 567 584 642 ω
600 569 871 640 sequitur:
889 569 1339 625 Adhuehteredem
1360 570 1615 625 adducam
1646 570 1755 635 tibi,
1772 585 1886 641 qua:

288 663 494 718 habitas
518 666 572 718 in
606 662 836 727 Maresa,
871 663 1098 733 pulchre
1129 664 1314 720 allusit
1371 664 1435 719 ad
1480 679 1674 719 nomen
1711 681 1723 716 :
1758 663 1883 732 quia

284 758 433 815 enim
468 773 700 823 IABESA,
732 758 1015 813 hereditas
1068 758 1290 821 dicitur,
1338 759 1632 815 adventum
1682 758 1733 812 in
1762 772 1885 812 eam

285 852 524 908 hostium
550 868 648 923 pro
679 852 989 908 haeredibus
1020 853 1335 924 appellavit,
1363 863 1416 908 et
1446 868 1616 925 usque
1638 853 1882 907 Odollam

284 945 474 1002 urbem
503 943 657 1001 Iuda“:
685 949 871 1002 veniet
896 963 1108 1003 IABBSA
1131 944 1380 1015 (mo-tn),
1401 946 1452 1002 id
1467 948 1883 1015 est,ha:reditas:

285 1055 406 1112 qure
427 1040 615 1097 Odolla
647 1039 886 1110 gloriosa
909 1050 994 1096 est
1020 1041 1072 1095 in
1097 1041 1323 1096 urbibus
1349 1051 1374 1080 ι
1395 1042 1511 1099 suis
1562 1039 1749 1096 Israel.
1782 1039 1887 1095 De-

285 1137 452 1204 nique
475 1148 532 1193 et
580 1137 943 1208 Symmachus
976 1138 1047 1193 ita
1083 1139 1358 1195 transtulit
1386 1157 1400 1193 :
1452 1137 1563 1195 ἐτι
1592 1140 1887 1216 κληρονόμον

284 1228 392 1298 ἄξω
416 1234 497 1287 καὶ
524 1254 608 1289 σοι
636 1234 866 1289 κατοικία
891 1234 1128 1308 Μαρίσα,
1153 1234 1248 1296 ἕως
1269 1232 1516 1304 Ὀδολλὰμ
1548 1236 1653 1299 ἥξει
1686 1242 1778 1295 τῆς
1803 1231 1887 1289 36-

284 1325 375 1390 ξης
398 1325 610 1401 lupae),
636 1324 739 1378 hoc
770 1334 874 1391 est,
909 1325 1080 1379 adhuc
1107 1325 1363 1380 hteredem
1398 1326 1654 1380 adducant
1679 1335 1726 1378 et
1769 1325 1882 1391 tibi,

287 1416 542 1472 habitatio
573 1415 804 1481 Maresa,
834 1434 993 1488 usque
1023 1417 1273 1472 Odollam
1294 1420 1453 1473 veniet
1481 1417 1663 1491 gloria?
1692 1417 1883 1485 Israel,

286 1506 392 1564 hoc
417 1519 523 1572 est,
550 1526 670 1580 qua:
692 1510 934 1580 gloriosa
965 1526 1024 1566 es
1055 1509 1107 1565 in
1133 1512 1356 1566 urbibus
1380 1512 1571 1567 Israel.
1597 1512 1665 1567 Et
1687 1512 1779 1566 ubi
1805 1511 1885 1566 di-

281 1600 429 1658 citur
458 1602 661 1672 glorite.
695 1602 972 1672 genitivus
1010 1617 1169 1658 casus
1223 1605 1293 1658 sit
1323 1604 1536 1660 numeri
1567 1604 1881 1675 singularis,

287 1694 447 1767 hujus
475 1694 678 1767 glorias,
708 1707 759 1752 et
782 1712 889 1751 non
915 1696 1281 1751 nominativus
1305 1696 1554 1768 pluralis,
1585 1698 1665 1751 ha:
1683 1699 1880 1769 gloriar.

1993 482 2089 520 nes
2118 475 2171 521 et
2198 468 2361 522 urbes
2385 469 2802 542 Alluphylorum
2835 469 3134 541 provincia)
3184 475 3274 543 qui
3309 490 3404 543 pur
3447 477 3589 530 mala

1990 576 2151 630 opera
2176 571 2229 616 et
2260 577 2453 618 sensus
2481 565 2791 619 contrarios
2834 566 2946 620 Deo
2977 567 3271 638 loquuntur
3311 587 3323 622 :
3364 568 3589 624 Destru—

1991 655 2059 708 cti
2088 670 2286 722 sumus,
2310 657 2401 709 sed
2455 665 2761 712 revertentes
2805 659 3117 729 tedi/icemus
3168 678 3282 730 qua:
3330 662 3591 720 destructa

1990 758 2129 802 sunt.
2167 747 2323 805 Unde
2346 760 2401 803 et
2429 759 2694 805 vocantur
2742 753 2958 807 termini
2988 755 3308 825 impietatis,
3334 767 3392 812 et
3422 774 3593 829 popu-

1992 842 2077 897 lus
2105 843 2191 896 cui
2220 844 2389 898 iratus
2441 852 2525 899 est
2579 844 2862 899 Dominus.
2891 846 3096 902 Dicitur
3135 849 3203 904 ad
3235 866 3331 907 eos
3365 868 3376 905 :
3413 851 3516 919 Qui
3539 854 3591 906 in

1990 933 2209 989 Bachim
2256 934 2415 991 nolite
2461 937 2725 1006 wdiﬁcare
2754 938 2818 992 de
2862 939 3015 994 domo
3059 941 3308 999 derisum.
3359 943 3587 1000 Bat'him

1992 1028 2176 1101 (una)
2212 1028 2238 1067 ι)
2271 1030 2323 1084 itt
2370 1042 2556 1085 nostra
2588 1031 2767 1103 lingua
2811 1032 3077 1104 planctum
3107 1046 3162 1091 et
3190 1040 3367 1106 [letum
3409 1051 3590 1096 sooat.

1992 1122 2236 1192 Denique
2284 1124 2530 1194 exceptis
2584 1125 2968 1196 Septuaginta,
3003 1144 3197 1186 omnes
3237 1132 3509 1205 κλαυθμὸν,
3535 1134 3586 1190 id

1990 1228 2075 1272 est
2104 1221 2285 1287 ﬂetum
2310 1220 2733 1276 transtulerunt.
2767 1221 2867 1288 Qui
2893 1225 3026 1278 estis
3058 1225 3221 1296 igitur
3250 1228 3304 1280 in
3338 1228 3591 1297 hujusce-

1992 1311 2141 1365 modi
2170 1312 2431 1382 operibus
2477 1323 2642 1383 atque
2695 1318 2980 1371 sententiis
3011 1359 3025 1384 ,
3077 1335 3197 1387 quae.
3246 1320 3375 1375 ﬂetu
3429 1323 3588 1393 digna

1991 1415 2138 1473 sunt,
2164 1406 2331 1461 nolite
2352 1407 2764 1464 :edilicationem
2805 1410 3097 1479 pessimam
3132 1414 3457 1477 instaurare,
3490 1432 3590 1472 nec

1992 1512 2212 1553 sensum
2242 1509 2487 1554 vestrum
2511 1502 2939 1557 exstructionem
2974 1504 3066 1558 Ι)ιοὶ
3089 1505 3458 1572 arbitremini,
3494 1525 3592 1565 ne-

1989 1609 2094 1665 que
2135 1593 2417 1650 aediﬁcetis
2459 1610 2624 1666 super
2678 1613 2904 1652 arenam
2950 1597 3173 1670 (Matth.
3206 1604 3328 1669 vn),
3361 1617 3428 1658 ne
3465 1618 3593 1660 cum

1994 1696 2299 1757 tempestas
2322 1689 2561 1753 venerit,
2580 1689 3082 1760 domusqueveSIra
3112 1693 3436 1760 conciderit,
3467 1712 3592 1752 cas-

286 1785 388 1843 vel
415 1799 563 1843 certe
593 1789 667 1843 ita
693 1788 1060 1859 intelligamus
1091 1788 1420 1849 :Captivitas
1447 1789 1611 1844 Israel
1642 1804 1765 1859 qua;
1793 1804 1885 1844 γε-
1916 1776 1965 1835 Β
2002 1799 2100 1837 sus
2131 1785 2284 1838 labor
2306 1783 2476 1839 risum
2503 1784 2807 1840 videntibus
2835 1786 3097 1855 praebeat.
3131 1787 3273 1854 Quin
3307 1790 3485 1859 potius
3515 1791 3597 1845 in-

285 1880 370 1937 uit
413 1881 468 1936 itt
525 1882 740 1949 Lacltis,
778 1891 834 1938 et
863 1881 1028 1947 Gelli,
1073 1892 1127 1938 et
1180 1882 1410 1947 Maresa,
1444 1898 1617 1951 usque
1639 1882 1886 1938 Odullam

285 1989 503 2045 quoque
526 1973 725 2029 veniet.
752 1974 815 2028 Et
845 1976 1085 2044 pressius
1109 1975 1395 2046 legendum
1420 1976 1603 2048 gloriae
1624 1974 1814 2034 Israel.
1830 1984 1889 2029 ut

286 2069 415 2123 κατά
438 2069 741 2148 ἀντίφρασιν
760 2069 1053 2139 ignominia
1072 2070 1156 2124 vel
1181 2072 1404 2124 vastitas
1420 2069 1703 2124 senLiatur.
1718 2069 1890 2124 Porto

283 2160 432 2229 quod
468 2174 628 2228 supra
678 2160 870 2216 urbem
911 2162 1191 2233 propheta:
1226 2163 1486 2218 Morasthi
1532 2163 1888 2218 htereditatem

292 2253 639 2324 interpretati
674 2271 885 2321 sumus,
916 2256 1056 2312 sciat
1100 2256 1272 2311 lector
1322 2257 1372 2311 in
1398 2255 1590 2311 eodem
1619 2257 1888 2311 versiculo

283 2362 445 2418 quem
464 2349 741 2418 posuimus
758 2366 770 2403 :
792 2348 1075 2421 Propterea
1089 2350 1230 2404 dabit
1251 2350 1545 2404 emissarios
1559 2366 1712 2423 super
1723 2348 1862 2404 htere
1874 2379 1887 2389 ο

285 2441 500 2497 ditatem
521 2442 673 2511 Geth,
693 2445 742 2496 in
768 2444 997 2499 llebrteo
1012 2460 1111 2515 pro
1124 2446 1421 2500 haereditate
1433 2444 1587 2511 Geth,
1606 2460 1889 2501 “msera

256 2552 431 2592 .ceru
459 2547 530 2599 ns
560 2546 748 2597 nim:
779 2537 887 2611 [ΑΙ.
922 2537 1258 2612 κυηλςεετιι]
1284 2540 1538 2606 positum.
1572 2539 1688 2594 Huc
1719 2557 1891 2610 usque

288 2628 590 2685 secundum
612 2629 937 2685 Hebraicum
968 2641 1024 2685 ut
1049 2635 1343 2701 pomimus,
1360 2640 1416 2688 et
1445 2641 1504 2687 ut
1535 2632 1691 2687 nobis
1716 2633 1887 2688 visum

286 2733 563 2789 est,certe
595 2736 650 2779 ut
680 2726 749 2781 ab
778 2725 1022 2783 Hebraeis
1046 2729 1380 2795 audivimus,
1409 2730 1569 2801 quasi
1603 2730 1744 2785 inter
1760 2744 1889 2784 saxa

284 2826 345 2875 et
370 2819 716 2876 acuti~simos
746 2823 1003 2891 scopulos
1029 2824 1333 2878 naviculam
1358 2833 1602 2878 nostram
1626 2824 1887 2889 reximus,

292 2926 414 2983 quae
438 2924 619 2968 utrum
648 2913 935 2969 intraverit
967 2926 1210 2983 portum,
1233 2933 1302 2971 an
1335 2916 1513 2971 adhuc
1559 2917 1611 2971 in
1643 2917 1759 2971 salo
1785 2916 1888 2972 ﬂu-

292 3015 467 3071 ctuet,
499 3006 721 3062 lectoris
749 3009 853 3063 erit
884 3008 1188 3078 prudentite
1209 3009 1477 3078 judicare.
1506 3009 1659 3065 Nunc
1685 3011 1889 3065 oratio-

290 3098 449 3154 nibus
472 3099 671 3155 vestris
697 3115 986 3171 pergamus
1015 3101 1081 3155 ad
1108 3102 1245 3155 alios
1266 3102 1550 3168 lluctus,ct
1576 3102 1894 3159 imminente

2004 1876 2312 1947 telligentes
2335 1876 2755 1932 aediﬁcationem
2798 1888 3037 1933 vestram
3081 1878 3299 1949 dignam
3331 1896 3454 1937 esse
3500 1882 3595 1939 de-

1997 1971 2131 2039 risu,
2164 1970 2336 2025 ruinis
2366 1970 2485 2039 ejus
2534 1980 2590 2025 et
2621 1970 2846 2039 pulvere
2876 1975 3222 2043 conspergite
3273 1976 3448 2045 capita
3504 1992 3597 2030 ve-

1993 2073 2131 2129 stra,
2167 2073 2223 2119 et
2277 2064 2424 2137 agite
2485 2065 2881 2134 paenitentiam,
2915 2068 3057 2137 quod
3111 2068 3316 2138 absque
3364 2069 3599 2125 Consilio

1994 2176 2245 2216 casuram
2277 2161 2502 2216 domum
2535 2162 2807 2217 aediﬁcare
2830 2163 3109 2218 voluistis.
3141 2164 3404 2233 Sequitur
3430 2183 3441 2218 ;
3467 2165 3597 2233 Qua:

1994 2253 2192 2310 habitat
2225 2257 2346 2309 bene
2375 2256 2428 2309 in
2467 2256 2755 2311 ciuitatibus
2788 2257 2919 2321 suis,
2947 2273 3055 2311 non
3103 2267 3177 2312 est
3207 2275 3412 2327 egressa
3438 2258 3592 2314 habio

1996 2347 2176 2399 lamin
2202 2345 2462 2401 Sennam.
2486 2346 2644 2414 Quod
2680 2348 2811 2403 mihi
2848 2350 3067 2403 videtur
3089 2349 3229 2405 hanc
3247 2352 3448 2406 habere
3473 2368 3570 2408 sen

1997 2439 2227 2494 tentiam
2262 2457 2275 2493 :
2311 2438 2438 2506 Vos,
2473 2440 2566 2509 qui
2598 2440 2894 2509 superbitis
2919 2441 2973 2495 in
2996 2440 3159 2510 Getb,
3183 2453 3236 2497 et
3262 2444 3313 2497 in
3348 2443 3592 2511 Bachim,

1995 2532 2197 2588 frustra
2224 2532 2442 2587 domum
2475 2533 2589 2587 risu
2619 2533 2840 2604 dignam
2868 2532 3143 2591 :editicare
3173 2537 3445 2591 conamini
3474 2555 3485 2591 :
3517 2554 3599 2595 as-

1998 2626 2210 2697 pergite
2236 2641 2332 2679 vos
2364 2626 2617 2695 pulvere,
2647 2636 2702 2681 et
2729 2626 2875 2697 agite
2932 2630 3334 2696 panitentiam,
3363 2630 3489 2701 quia
3519 2631 3601 2686 vi-

1998 2735 2125 2773 num
2153 2718 2480 2774 detestabile
2509 2734 2779 2787 premere,
2804 2722 3290 2777 eta-dilicationem
3320 2723 3428 2778 Deo
3458 2740 3594 2779 con-

2000 2814 2221 2868 trariam
2252 2823 2574 2870 construere
2602 2814 2879 2870 voluistis.
2908 2814 3204 2870 Ecclesiam
3230 2830 3408 2872 autem
3441 2819 3600 2875 Chri-

1996 2904 2238 2977 sti,qu:e
2287 2905 2493 2962 habitat
2554 2907 2713 2971 bene,
2767 2915 2821 2962 et
2878 2908 2930 2960 in
2980 2915 3099 2963 toto
3152 2910 3286 2967 orbe
3327 2910 3597 2967 Ecclesias

2000 3010 2021 3036 ε
2058 3001 2319 3068 possidet,
2364 3001 2592 3069 spiritus
2621 3001 2826 3055 unitate
2855 3000 3147 3069 conjuncta
3196 3015 3297 3071 est,
3353 3017 3405 3060 et
3434 3009 3596 3063 liabet

1997 3093 2161 3168 M5
2189 3094 2352 3148 urbes
2391 3094 2573 3164 Legis,
2602 3095 3013 3164 prOpIietarum,
3042 3094 3343 3165 Evangelii,
3368 3108 3421 3153 et
3465 3116 3595 3171 apo-

293 3194 655 3264 expositionis
677 3194 803 3249 hinc
826 3195 952 3250 inde
975 3194 1273 3264 naufragio,
1304 3196 1349 3251 si
1371 3195 1894 3263 possumus,evatla-
1918 3174 1966 3236 (ἶ
1999 3189 2424 3255 ειοΙυτιιηι,,ιιοη
2457 3197 2539 3242 est
2568 3202 2788 3257 egressa
2818 3186 2884 3241 de
2908 3186 3108 3242 finibus
3139 3189 3274 3256 suis,
3311 3189 3361 3245 id
3393 3201 3499 3259 est,
3528 3194 3595 3250 de

289 3302 432 3343 mus.
492 3303 633 3343 cura
673 3286 790 3362 (ru)
830 3288 1230 3359 interpretatur
1258 3290 1508 3351 torcular,
1536 3290 1626 3360 qui
1677 3305 1805 3360 ergo
1838 3291 1890 3344 in

287 3378 450 3449 Grtb,
487 3380 537 3433 id
569 3390 675 3445 est,
703 3381 756 3435 in
800 3381 1059 3436 turculari
1104 3388 1255 3449 sono,
1306 3389 1556 3452 putantes
1594 3397 1655 3437 se
1702 3382 1893 3439 vinde-

287 3473 491 3530 miasse
519 3478 754 3531 fructum
800 3474 950 3543 vitae,
998 3486 1055 3531 et
1103 3474 1345 3531 calcasse
1375 3476 1592 3531 botrum
1622 3476 1691 3531 de
1733 3476 1889 3532 vinea

288 3566 483 3632 Sorec,
531 3567 869 3623 extolluntur
903 3568 954 3622 in
998 3569 1336 3635 superbiam,
1383 3569 1696 3639 ignorantes
1747 3570 1891 3639 quod

286 3657 479 3715 botrus
511 3669 669 3715 terrre
694 3661 899 3717 Judrea:
921 3661 976 3715 in
1001 3660 1421 3733 Allophylorum
1446 3662 1641 3717 ﬁnibus
1668 3678 1776 3717 non
1807 3678 1893 3719 re-

288 3755 557 3825 periatur.
590 3753 796 3819 Nolite,
832 3754 1027 3823 inquit,
1069 3754 1261 3809 extolli
1291 3755 1382 3824 qui
1411 3756 1545 3810 estis
1572 3756 1623 3810 in
1658 3757 1891 3811 torcula~

285 3848 479 3905 ribus:
512 3849 650 3916 Quia
683 3848 753 3905 de
802 3848 961 3904 vinea
981 3848 1348 3905 Sodomorum
1385 3850 1541 3907 vinea
1572 3861 1753 3908 vestra
1783 3863 1887 3919 est,

287 3953 345 3997 et
404 3956 646 4013 prepago
699 3951 883 3996 vestra
932 3940 1004 3997 de
1060 3941 1382 3999 Gomorrhis
1412 3962 1426 3998 :
1457 3954 1512 4001 et
1557 3961 1659 4000 uva
1706 3956 1890 4003 vestra

285 4033 695 4103 amaritudinis,
721 4042 778 4089 et
809 4034 996 4090 botrus
1026 4032 1174 4090 fellis
1223 4036 1399 4100 vobis,
1431 4046 1487 4093 et
1516 4037 1668 4093 furor
1697 4038 1891 4096 draco-

285 4142 416 4181 num
471 4126 659 4181 viuum
715 4134 1006 4195 vestrum,
1050 4126 1203 4183 furor
1253 4129 1498 4197 aSpidum
1546 4131 1885 4186 insanabilis.

285 4218 421 4276 Nam
455 4221 500 4275 si
532 4221 698 4275 etiam
728 4219 971 4277 feceritis
1020 4220 1261 4277 fructum
1295 4222 1573 4295 (quoniam
1618 4225 1886 4282 vindemia

285 4322 468 4370 vestra
504 4328 609 4369 non
640 4315 815 4369 solum
831 4314 899 4369 de
919 4313 1153 4370 Sodoma
1173 4314 1339 4389 Μή,
1359 4327 1414 4373 et
1430 4316 1761 4383 Gomorrha,
1791 4318 1887 4375 sed

286 4406 356 4462 de
385 4404 618 4478 Egypto
645 4422 864 4477 quoque
887 4419 970 4463 est
999 4419 1056 4464 et
1084 4410 1302 4465 caeteris
1326 4411 1563 4467 inimicis
1610 4413 1883 4485 gentibus)

286 4500 439 4556 dabit
472 4501 731 4557 Dominus
763 4503 989 4574 aerugini
1024 4502 1258 4559 fructum
1284 4512 1554 4571 vestrum,
1591 4515 1645 4560 et
1669 4506 1888 4561 labores

1997 3280 2297 3350 Scripturis
2345 3278 2578 3344 sanctis;
2628 3279 2722 3333 sed
2771 3288 3003 3349 cteptam
3060 3279 3255 3337 retinet
3285 3288 3589 3352 possessio-

1995 3391 2159 3440 nem;
2192 3374 2316 3446 quia
2366 3374 2577 3429 habitat
2610 3374 2661 3426 in
2706 3374 2944 3439 Seuuau,
2993 3375 3136 3445 quod
3192 3376 3587 3448 interpretatus

1995 3477 2105 3534 est,
2139 3476 2197 3521 ut
2241 3481 2405 3537 supra
2451 3466 2717 3531 diximus,
2768 3463 3129 3537 Symmachus
3177 3468 3594 3541 abundantiam;

1995 3563 2161 3620 habet
2199 3564 2343 3619 enim
2376 3563 2616 3625 Patrem,
2667 3572 2721 3616 et
2774 3562 2993 3627 Fllllllll,
3028 3573 3083 3618 et
3124 3562 3385 3634 Spiritum
3426 3583 3583 3625 sanc-

1995 3666 2131 3723 tum,
2157 3672 2281 3711 cum
2304 3656 2500 3728 quibus
2524 3670 2714 3709 omnes
2747 3654 3064 3725 spirituales
3091 3659 3277 3727 gratia:
3300 3660 3588 3732 copia-que

1994 3753 2256 3807 virtutum
2289 3762 2435 3807 sunt.
2470 3749 2621 3807 Unde
2648 3750 2851 3804 dicitur
2880 3751 2947 3803 ad
2980 3766 3100 3806 eam
3146 3769 3160 3806 :
3225 3751 3346 3808 Fiat
3399 3774 3505 3828 pax
3534 3759 3588 3812 in

1994 3847 2178 3901 virtute
2200 3856 2314 3909 ttta,
2337 3854 2386 3899 et
2412 3845 2733 3898 abundantia
2758 3844 2811 3897 in
2838 3844 3065 3899 turribus
3089 3846 3189 3900 tuis
3217 3848 3233 3919 (
3262 3846 3409 3904 Psal.
3439 3865 3586 3917 cxxt,

1995 3943 2073 4015 7).
2107 3943 2215 3998 Vos
2260 3956 2425 4009 vero,
2459 3941 2550 4012 qui
2600 3940 2861 3995 habitatis
2886 3942 3036 4008 juxta
3090 3942 3329 4009 Sennan,
3386 3944 3437 3998 id
3481 3955 3585 4013 est,

1990 4038 2143 4109 juxta
2173 4036 2538 4091 abundantem
2564 4033 2892 4101 Ecclesium,
2925 4050 2958 4088 o
3004 4034 3272 4099 haeretici,
3302 4053 3335 4089 ο
3365 4047 3587 4095 eontra.

1992 4130 2072 4186 ria
2103 4130 2379 4202 dogmata,
2437 4128 2680 4199 plangite
2733 4143 2850 4192 vos,
2888 4128 3008 4198 quia
3057 4127 3366 4184 acditieastis
3425 4132 3585 4187 vobis

1991 4223 2213 4280 domum
2245 4225 2297 4278 in
2329 4223 2592 4288 derisum,
2627 4229 2682 4276 et
2719 4220 2995 4291 pressistis
3027 4223 3266 4277 torcular
3297 4223 3347 4276 in
3380 4239 3574 4293 super-

1990 4318 2167 4388 biam,
2196 4335 2298 4376 nec
2321 4320 2373 4373 in
2395 4316 2718 4389 Scripturis,
2744 4315 2841 4372 sed
2875 4316 2928 4370 in
2953 4317 3150 4373 vicinia
3179 4318 3582 4389 Scripturarum

1992 4414 2214 4470 domum
2232 4422 2491 4476 vestram,
2521 4411 2629 4482 jam
2665 4425 2771 4465 non
2806 4410 2939 4475 risu,
2975 4411 3066 4464 sed
3094 4411 3315 4480 planctu
3346 4412 3585 4482 dignam,

1991 4516 2045 4562 et
2069 4506 2323 4577 lacrytnis
2352 4502 2760 4561 construxistis.
2822 4501 2980 4557 Unde
3021 4502 3381 4575 sulijungitur,
3435 4506 3589 4574 plan.

286 4605 504 4654 vestros
525 4597 776 4663 locustae,
808 4609 865 4654 et
904 4598 1120 4654 occidet
1146 4600 1201 4654 in
1246 4601 1517 4671 grandine
1550 4601 1755 4655 vineas.
1792 4616 1887 4655 ve-
1913 4575 1970 4638 Β
1992 4602 2101 4671 gite
2124 4575 2347 4655 domum
2380 4615 2501 4670 qua:
2529 4607 2611 4653 est
2636 4596 2796 4667 juxta
2820 4609 2964 4663 eam,
2996 4594 3047 4649 id
3092 4605 3197 4663 est,
3242 4596 3395 4667 juxta
3439 4599 3579 4657 Sen-

285 4698 452 4758 stras,
485 4700 541 4746 et
573 4708 756 4747 moros
787 4700 1000 4747 vestros
1037 4692 1090 4747 in
1133 4696 1346 4763 pruina.
1380 4694 1496 4748 Non
1525 4708 1622 4749 vos
1647 4693 1890 4764 decipiat

286 4783 593 4840 similitudo
618 4784 754 4852 vini,
802 4801 903 4841 nec
930 4784 1124 4842 dicatis
1154 4802 1400 4842 amarum
1430 4788 1593 4844 dulce
1628 4806 1640 4841 :
1674 4796 1888 4859 gustate

285 4877 577 4949 diligenter
599 4880 784 4934 vinum
813 4890 1078 4947 vestrum,
1109 4890 1165 4935 et
1192 4881 1480 4938 invenietis
1503 4899 1604 4954 pro
1627 4883 1755 4937 vino
1782 4884 1883 4940 So-

286 4987 400 5037 rec,
435 4970 672 5029 l'nrorem
696 4973 998 5028 draconum
1024 4982 1079 5028 et
1122 4989 1395 5030 venenum
1426 4976 1699 5045 aspidum.
1732 4976 1887 5034 Unde

286 5065 459 5120 nolite
481 5064 787 5136 superbire,
824 5065 921 5121 sed
951 5066 1121 5136 magis
1152 5066 1518 5123 Itumiliatnini
1543 5069 1643 5123 sub
1674 5070 1885 5139 potenti

286 5171 454 5211 manu
484 5157 722 5224 Domini,
755 5167 810 5212 et
853 5158 918 5211 ad
946 5156 1077 5212 illud
1136 5159 1365 5213 transite
1395 5160 1641 5214 torcular
1669 5161 1737 5215 de
1778 5178 1885 5231 quo

287 5251 590 5307 ascendens
620 5266 686 5307 ex
730 5251 949 5325 Edom,j-
979 5260 1034 5306 et
1074 5251 1410 5308 rubicundus
1462 5270 1529 5309 ex
1577 5254 1739 5311 Ilosra
1773 5257 1883 5331 [ΑΙ.

286 5342 510 5415 Bosor],
541 5345 785 5414 loquitur
811 5344 865 5398 in
901 5343 1034 5399 Isaia
1065 5345 1330 5416 propheta
1366 5363 1379 5399 :
1407 5346 1663 5403 Torcular
1689 5351 1886 5406 calcaui

286 5434 446 5502 solus,
477 5446 523 5489 et
550 5435 612 5489 de
639 5438 874 5509 gentibus
898 5452 997 5491 non
1031 5446 1106 5490 est
1132 5437 1209 5490 rir
1243 5453 1463 5492 mecum.
1496 5438 1732 5497 Rursum
1759 5445 1883 5513 quia

363 5607 386 5633 ιι
420 5597 547 5652 libs.
576 5598 748 5652 Palat.
786 5605 985 5663 tacent,
1011 5599 1119 5650 suis
1143 5612 1160 5651 :
1188 5612 1315 5650 mox
1345 5596 1413 5652 ad
1462 5595 1780 5668 Symmachi
1808 5602 1888 5656 in-

288 5670 992 5745 terpretationeutstupris-at
1023 5685 1121 5745 pro
1152 5670 1376 5745 alapigst
1409 5679 1621 5739 legunt,
1662 5682 1727 5745 _et
1756 5672 1901 5745 ὀδολέ

289 5741 415 5813 λάμ,
470 5757 567 5810 pro
597 5758 705 5811 quo
735 5740 983 5813 Maritan.
1010 5740 1245 5813 ὀδώὰμί
1291 5740 1449 5812 Saepe
1500 5756 1630 5797 vero
1660 5743 1799 5800 levia
1821 5744 1898 5813 ,td

288 5811 465 5884 genus
490 5813 686 5869 menda
714 5811 864 5867 taciti
884 5811 1237 5883 castigamus.

661 5907 932 5967 ΡΑτιιοι..
982 5904 1185 5966 XXV.

1990 4710 2118 4749 nan.
2153 4693 2260 4749 Sed
2284 4692 2466 4747 ethoc
2496 4688 2637 4759 quod
2668 4686 2912 4757 additur,
2944 4688 3162 4759 accipiet
3198 4706 3262 4743 ex
3292 4691 3435 4745 vobis
3465 4693 3579 4764 pla-

1991 4804 2108 4860 gam
2135 4785 2354 4853 doloris,
2403 4783 2468 4837 ad
2518 4781 2742 4838 eosdem
2789 4779 3081 4836 haereticos
3136 4782 3356 4849 dicitur,
3389 4786 3587 4854 quibus

1992 4881 2296 4950 imperatur
2327 4884 2385 4931 ut
2429 4875 2688 4946 plangant
2740 4874 2960 4929 domum
3011 4876 3244 4931 vicinam
3302 4877 3584 4947 Ecclesite,

1991 4975 2135 5045 quod
2183 4971 2437 5028 inimicus
2467 4982 2521 5027 et
2550 4970 2692 5025 ultor
2721 4968 2992 5032 diabolus,
3022 4972 3107 5025 cui
3158 4970 3409 5026 tradendi
3455 4983 3582 5027 sunt

1996 5071 2048 5127 in
2080 5069 2431 5139 supplicium,
2461 5069 2573 5137 ipse
2606 5065 2686 5121 eis
2718 5062 2918 5120 inferat
2947 5065 3149 5135 plagas,
3177 5075 3231 5120 et
3262 5073 3591 5135 extorqueat

1993 5178 2098 5236 pro
2138 5161 2496 5216 aediﬁcatione
2550 5159 2783 5230 pessima
2826 5159 3100 5228 plagarum
3132 5157 3395 5213 dolorem.
3444 5158 3578 5228 Quae

1994 5265 2283 5327 propterea
2313 5253 2643 5320 interuntur,
2681 5261 2741 5307 ut
2770 5252 3071 5307 sentientes
3101 5259 3321 5319 peccata
3370 5266 3491 5321 qua:
3515 5253 3586 5307 le-

1994 5359 2203 5416 cerant,
2235 5357 2398 5419 agant
2425 5347 2824 5418 paenitentiam,
2857 5355 2911 5401 et
2931 5345 3182 5399 dolorum
3212 5345 3477 5400 habitatio
3516 5348 3593 5403 sit

1995 5449 2078 5505 eis
2110 5447 2375 5501 bonorum
2409 5444 2645 5498 occasio.
2672 5444 2800 5501 Sive
2827 5441 3091 5497 Ecclesia:
3117 5440 3391 5499 indicatur
3409 5443 3585 5513 dolor,

2073 5600 2096 5639 ι)
2127 5599 2326 5656 Confer
2343 5600 2563 5653 Librum
2593 5597 2662 5650 de
2688 5596 2804 5649 Situ
2826 5594 3205 5652 etnominibus
3232 5596 3504 5654 Locorum
3526 5601 3593 5656 ad

2005 5688 2193 5729 vocent
2224 5671 2464 5725 Inachim
2487 5669 2557 5723 de
2588 5668 2892 5738 Regnorum
2920 5668 3091 5722 libris.

2084 5757 2106 5784 ε
2135 5744 2281 5800 Unus
2308 5743 2565 5806 Palatin.,
2598 5737 2861 5793 Ecclesias
2898 5740 3167 5808 possidens
3196 5741 3433 5798 Christus
3475 5748 3595 5800 uui-

2013 5827 2135 5883 tate,
2171 5827 2279 5872 etc.

2958 5906 3039 5968 37
