4078 6342
486 245 627 303 ms

1766 229 1828 288 S.
1869 223 2141 287 EUSEBII
2176 218 2558 286 HIERONYHI

3632 235 3775 293 “61'

492 361 635 433 quod
666 356 885 431 plangat
913 357 1187 429 quondam
1219 353 1360 410 lilios
1389 362 1537 416 suos,
1576 356 1632 407 et
1658 350 1775 420 ipsa
1826 348 1897 404 sit
1922 358 2082 401 causa
2111 342 2165 405 Α
2188 343 2405 413 domus,
2435 346 2490 400 in
2515 358 2707 400 vanum
2739 345 2894 401 tactae
2916 353 3047 401 sunt
3075 345 3128 403 in
3146 340 3367 419 regibus
3384 346 3570 406 ignei.
3594 350 3756 420 Quan-

493 454 687 511 saiutis
719 453 1129 515 haereticorum,
1157 450 1201 503 si
1232 448 1296 502 ad
1329 448 1602 517 lugentem
1631 452 1862 499 matrem
1884 438 2086 496 reverti

490 550 786 605 voluerint.
823 548 996 603 Porro
1037 543 1184 615 quod
1233 542 1465 598 infertur
1499 554 1513 595 :
1546 541 1684 607 Quia
1714 537 2085 593 descenderunt

492 644 634 699 mata
673 660 703 696 ιι
729 638 953 695 Domino
978 653 1134 709 super
1161 645 1338 709 portas
1358 633 1655 690 Jerusalem
1707 646 1725 688 :
1772 640 1827 688 et
1856 631 2086 687 Marcio-

495 736 626 791 nita:
656 748 720 789 ac
749 730 1037 788 Manichaei
1065 739 1290 785 utuntur
1318 728 1426 783 hoc
1458 728 1688 796 scripto,
1714 740 1781 779 eo
1808 719 1953 794 quod
1982 722 2087 777 Le-

489 830 573 901 gis
612 828 756 884 Deus
795 825 1064 880 malorum
1105 824 1173 879 sit
1201 822 1469 877 conditor.
1500 818 1593 875 Sic
1620 818 1867 873 dicamus
1896 815 2031 871 mala
2054 828 2085 870 a

492 919 723 975 Domino
744 916 1124 985 descendisse,
1157 913 1435 987 quomodo
1458 920 1513 968 et
1553 909 1806 968 Salvator
1848 907 2088 980 loquitur

484 1015 544 1073 in
574 1014 910 1086 Evangelia:
946 1013 1194 1069 Videbam
1217 1008 1471 1068 Satanam
1502 1010 1651 1079 quasi
1672 1006 1850 1078 fulgur
1872 1006 1935 1060 de
1958 1005 2085 1060 mlo

489 1110 759 1165 cadentem
785 1106 954 1182 (Luc.
988 1123 1043 1173 ι,
1093 1104 1204 1178 18).
1235 1104 1519 1173 Quomodo
1562 1102 1706 1159 enim
1745 1102 1818 1157 ibi
1864 1099 2082 1164 cecidit,

488 1204 558 1259 de
586 1202 728 1258 caelo
767 1200 982 1265 lucifer,
1017 1198 1108 1271 qui
1140 1212 1298 1253 mane
1329 1197 1609 1253 oriebatur
1654 1193 1821 1267 (Isal.
1866 1190 2002 1257 XIV),
2032 1198 2088 1246 et

490 1298 757 1354 contritus
785 1304 868 1351 est
891 1309 1059 1364 super
1086 1301 1313 1359 terram,
1339 1290 1432 1359 qui
1476 1289 1729 1344 mittebat
1756 1285 1874 1358 [ΑΙ.
1906 1284 2088 1339 mitte—

492 1387 698 1461 batur]
720 1387 788 1443 ad
816 1396 1010 1459 gentes
1038 1402 1051 1438 :
1081 1384 1161 1439 sic
1190 1391 1247 1438 et
1292 1382 1409 1437 haec
1434 1381 1576 1437 mala
1608 1394 1730 1450 qum
1775 1394 1804 1432 a
1857 1376 2087 1431 Domino

492 1480 831 1547 ceciderunt,
859 1487 916 1534 et
938 1485 1212 1533 venerunt
1240 1475 1307 1530 ad
1364 1482 1551 1546 portas
1576 1472 1903 1536 Jerusalem,
1935 1478 2086 1524 ante-

494 1589 658 1645 quam
689 1572 952 1629 caderent
982 1580 1089 1625 non
1116 1576 1276 1625 erant
1301 1568 1469 1632 mala;
1497 1566 1592 1622 sed
1625 1564 1751 1635 quia
1779 1580 1808 1618 a
1857 1561 2087 1617 Domino

494 1671 843 1731 corruerunt,
878 1662 1086 1718 idcirco
1116 1661 1256 1716 iacta
1285 1669 1413 1716 sunt
1452 1658 1614 1713 mala.
1647 1657 1718 1711 Et
1763 1664 1822 1710 ut
1849 1656 2087 1711 sciamus

493 1758 760 1814 malorum
793 1755 1021 1811 insidias
1050 1771 1064 1807 :
1096 1762 1365 1818 venerunt,
1396 1752 1591 1823 inquit,
1635 1750 1703 1804 ad
1724 1758 1900 1823 portas
1929 1747 2088 1802 Jeru~
2120 1741 2166 1802 B

492 1851 677 1915 salem,
706 1865 829 1920 qua:
872 1849 997 1919 quia
1033 1847 1204 1902 ftrmte
1231 1854 1383 1911 sunt,
1438 1855 1495 1901 et
1524 1844 1905 1908 adamantinae,
1938 1841 2090 1896 clau-

493 1944 695 2001 duntur
725 1942 794 1998 ab
823 1941 1113 2013 apostolis,
1156 1941 1352 2013 quibus
1382 1940 1687 1995 Jerusalem
1710 1940 1892 1994 claves
1935 1953 2085 1992 com-

491 2037 675 2093 missae
704 2044 876 2090 sunt:
909 2044 1040 2091 ante
1087 2050 1183 2090 eas
1226 2044 1516 2091 versantur
1566 2032 1794 2099 inimici,
1831 2030 1998 2104 (‘56
2036 2040 2091 2088 et

493 2142 634 2203 quos
665 2129 819 2187 exire
848 2131 1265 2201 conspexerint,
1299 2128 1653 2184 interficiunt.
1695 2126 1754 2183 Si
1779 2130 1901 2196 quis
1929 2126 2093 2197 igitur

497 2235 583 2282 est
627 2223 698 2278 de
746 2221 1079 2288 Jerusalem,
1120 2238 1241 2293 quae
1292 2220 1502 2276 habitat
1529 2220 1667 2276 bene
1700 2219 1752 2274 in
1782 2218 2093 2275 civitatibus

410 2312 415 2317 ”
502 2317 640 2382 suis,
672 2331 778 2372 non
811 2315 1090 2387 egreditur
1110 2330 1234 2370 cum
1262 2313 1466 2370 habitet
1495 2314 1547 2368 in
1597 2311 1964 2379 abundantia;
1997 2310 2092 2366 sed

504 2427 723 2481 semper
748 2410 1077 2467 intrinsecus
1099 2416 1301 2475 manet,
1329 2422 1428 2463 nec
1446 2407 1725 2478 egreditur
1743 2416 1926 2478 portas
1948 2406 2091 2477 ejus,

504 2519 638 2575 quas
665 2504 758 2574 qui
783 2516 1041 2573 egressus
1074 2501 1234 2557 fuerit
1263 2499 1575 2556 occiditur:
1606 2498 1874 2554 occiditur
1912 2510 2093 2553 autem

504 2596 573 2651 ab
602 2596 684 2651 his
712 2596 803 2666 qui
833 2610 892 2651 se
921 2596 1136 2651 elevant
1164 2596 1215 2649 in
1246 2592 1484 2655 Geth,et
1510 2592 1826 2648 itabitantin
1851 2590 2094 2657 Bachim,

502 2699 557 2744 et
584 2688 862 2745 aedificant
888 2688 1113 2744 domum
1144 2687 1197 2742 in
1224 2686 1487 2741 derisum.
1518 2685 1763 2756 Denique
1813 2685 1950 2739 maia
1977 2699 2099 2755 quas

503 2781 916 2838 descenderunt
943 2797 971 2835 a
1005 2781 1235 2836 Domino
1268 2779 1332 2834 ad
1359 2789 1545 2850 portas
1597 2778 1927 2845 Jerusalem,
1960 2786 2100 2833 stre.

506 2875 681 2944 pitum
713 2884 919 2929 tantum
952 2872 1155 2929 habent
1200 2887 1457 2928 curruum
1505 2879 1561 2927 et
1604 2884 1867 2941 equorum
1903 2872 2101 2926 tumul-

505 2975 644 3031 tum,
676 2966 1080 3035 confusumque
1110 2966 1357 3021 sonitum
1414 2978 1513 3035 pro
1543 2962 1747 3019 foribus
1775 2963 2097 3029 Jerusalem,

507 3073 566 3117 ut
593 3061 707 3117 oris
739 3061 820 3116 sui
850 3061 1037 3117 lancea
1068 3074 1447 3131 quoscumque
1500 3060 1682 3129 vagari
1712 3057 1974 3126 viderint,
2023 3059 2104 3113 in-

510 3152 806 3209 terficiant.
836 3151 965 3208 Post
990 3128 1108 3206 inec
1136 3128 1400 3222 scriptum
1439 3160 1523 3207 est
1542 3169 1555 3206 :
1576 3128 1726 3218 iQuaz
1755 3151 1959 3206 habitas
2000 3149 2103 3205 ιη-
2131 3128 2177 3192 C

516 3247 660 3301 citis:
684 3250 922 3319 princeps
946 3248 1142 3316 peccati
1170 3254 1243 3301 est
1267 3246 1395 3315 ﬁlia:
1425 3246 1574 3301 Sion.
1608 3246 1805 3302 Laeliis
1837 3247 2108 3318 interpre-

511 3352 655 3397 tatur
676 3342 865 3419 πορεία
886 3342 1027 3397 ieris
1046 3380 1060 3405 ,
1088 3340 1143 3396 id
1175 3350 1278 3407 est,
1318 3340 1625 3395 ambulatio.
1650 3340 1715 3396 Et
1747 3342 1799 3395 lti
1830 3341 1991 3412 igitur
2016 3342 2107 3413 qui

521 3436 887 3493 ascenderunt
912 3436 963 3489 in
990 3434 1239 3489 curribus
1266 3434 1402 3499 suis,
1437 3444 1493 3490 et
1518 3436 1831 3490 habuerunt
1872 3436 2108 3504 equites,

517 3540 571 3586 et
600 3530 894 3599 strepitum
926 3538 1134 3583 tantum
1169 3527 1497 3599 inanetnque
1528 3529 1788 3594 sonitum,
1814 3529 2009 3599 quibus
2034 3530 2112 3584 ιο-

515 3632 639 3678 cuta
668 3631 772 3688 est,
803 3636 928 3693 qua:
958 3620 1170 3676 habitat
1212 3621 1350 3676 bene
1383 3620 1435 3675 in
1466 3621 1777 3677 civitatibus
1820 3621 1935 3677 suis
1964 3638 1978 3676 :
2023 3622 2108 3676 isti

522 3720 575 3774 in
601 3717 856 3772 curribus
884 3725 941 3771 et
971 3716 1061 3771 isti
1090 3716 1142 3770 in
1165 3715 1322 3785 equis
1356 3731 1368 3767 :
1421 3729 1519 3769 nos
1563 3724 1742 3770 autem
1790 3716 1844 3769 in
1894 3715 2114 3770 nomine

525 3813 737 3869 Domini
778 3811 873 3866 Dei
908 3811 1081 3866 nostri
1113 3809 1487 3865 invocabimus
1514 3807 1647 3879 (Ps.
1705 3810 1938 3879 six-,8);
1988 3809 2115 3878 quia

523 3915 812 3961 moverunt
844 3902 1012 3974 pedes
1040 3918 1192 3967 suos,
1220 3912 1274 3957 et
1302 3901 1608 3957 circumlati
1632 3911 1761 3959 sunt
1778 3904 1926 3958 omni
1953 3914 2116 3959 vento

519 3998 785 4056 doctrina:
817 3996 970 4051 falsae
1000 3995 1229 4069 (Ep/tes.
1292 3994 1414 4065 tv),
1465 4004 1520 4050 et
1564 3995 1631 4050 de
1681 3995 1923 4052 Ecclesia
1968 3998 2119 4053 exire

522 4093 836 4156 voluerunt,
871 4104 994 4159 quae
1021 4087 1417 4157 interpretatur
1445 4087 1688 4156 specula,
1719 4087 1769 4142 id
1809 4097 1914 4155 est,
1960 4088 2115 4154 Sion,

529 4184 805 4256 principes
834 4181 1044 4251 peccati
1092 4182 1243 4235 luere
1270 4180 1393 4234 filia:
1424 4180 1574 4234 Sion.
1628 4179 1695 4234 Et
1733 4180 1783 4234 in
1837 4180 1974 4248 ipsa,
2017 4180 2121 4236 hoc

524 4286 630 4347 est,
663 4277 719 4331 in
749 4274 980 4342 Latinis,
1016 4275 1258 4329 inventae
1289 4282 1417 4327 sunt
1447 4272 1757 4344 impietates
1781 4271 1974 4341 israel,
2001 4289 2123 4343 qua:

531 4386 559 4424 a
600 4384 769 4439 regno
816 4367 1049 4437 pristino
1083 4365 1177 4420 Dei
1210 4365 1466 4435 ροιιυιιιιιι
1514 4378 1923 4433 separaverunt.
1961 4364 2120 4419 Prin-

533 4474 661 4530 ceps
690 4475 821 4531 ergo
853 4458 1059 4529 peccati
1088 4466 1171 4512 cst
1209 4455 1333 4511 filia:
1358 4456 1511 4522 Sion,
1543 4471 1665 4526 qua:
1702 4455 1909 4512 habitat
1936 4456 1990 4512 in
2023 4457 2127 4513 La-

530 4554 673 4621 citis,
719 4552 771 4607 id
804 4564 911 4618 est,
942 4550 1241 4607 ambulatio
1288 4550 1548 4619 pessima,
1575 4549 1744 4620 gradu
1769 4550 1973 4621 iugiter
1994 4551 2125 4608 fiuc-

535 4656 748 4713 tuante,
783 4658 837 4702 et
871 4648 1121 4717 impietas
1146 4644 1315 4700 Israel
1343 4645 1393 4699 ιιι
1424 4645 1508 4698 his
1533 4655 1615 4700 est
1643 4646 1732 4713 qui
1760 4661 1977 4717 semper
2004 4662 2121 4704 tuo-

533 4750 664 4797 vent
717 4740 881 4810 pedes
932 4754 1082 4802 suos,
1137 4748 1191 4793 et
1246 4737 1497 4793 habitare
1544 4738 1797 4793 dicuntur
1825 4742 1877 4795 in
1903 4740 2123 4798 Lacltis.

538 4835 816 4890 Dabuntur
846 4849 1062 4904 quoque
1091 4831 1361 4888 emissarii
1420 4848 1587 4903 usque
1635 4835 1701 4890 ad
1749 4835 2123 4895 hwreditatem

538 4928 678 4984 Geth
705 4946 717 4981 :
750 4928 889 4983 Geth
914 4928 1229 4997 pessimam,
1257 4936 1313 4982 et
1332 4930 1569 4983 torcular
1598 4943 1957 5000 venenorum,
1982 4933 2125 5003 quod

535 5023 841 5078 a'diiicatur
890 5033 1079 5077 contra
1125 5022 1346 5076 domum
1377 5023 1493 5087 Dei,
1539 5023 1630 5078 ubi
1675 5036 1800 5079 sunt
1829 5041 1984 5081 vana:
2033 5028 2133 5084 do-

536 5132 679 5183 mus,
715 5132 837 5186 quae
860 5116 1143 5171 mdilicotat
1174 5124 1302 5169 sunt
1330 5116 1381 5171 in
1411 5115 1674 5173 derisum.
1718 5118 1788 5172 Et
1829 5117 1948 5174 ista:
1978 5136 2132 5178 vanas

604 5287 629 5314 ιι
660 5272 934 5347 Victorius
966 5276 1057 5339 ait,
1085 5275 1331 5347 juventus
1380 5286 1489 5344 tua,
1520 5292 1626 5331 non
1658 5288 1910 5341 senectus,
1945 5291 2027 5337 est
2061 5284 2111 5338 in

528 5350 743 5404 cunctis
794 5346 1123 5403 editiouiiuts
1178 5348 1461 5411 liebrait-a,
1526 5348 1737 5411 Graeca,
1793 5359 1846 5405 et
1898 5352 2109 5409 Latina.

530 5421 673 5495 Nihil
702 5433 884 5495 tamen
911 5421 1272 5495 imitat-imus,
1306 5421 1429 5490 quia
1456 5435 1677 5475 sensum
1732 5422 1910 5490 potius
1953 5440 2115 5495 quant

532 5493 760 5547 verbum
794 5490 1021 5544 reddere
1054 5493 1315 5564 voluisse,
1351 5502 1577 5559 apparet
1602 5509 1665 5547 ex
1710 5508 1796 5553 eo,
1852 5490 1997 5564 quod
2048 5498 2116 5553 de

524 5565 722 5639 aquila:
754 5571 1032 5617 senectute
1066 5574 1135 5615 ex
1170 5563 1428 5639 Terentio
1480 5566 1661 5639 siulittt
1696 5563 2115 5639 mlditJAliuqui

528 5634 714 5687 Matth.
750 5648 894 5696 xxxv,
929 5648 1112 5686 veram
1139 5633 1294 5687 nobis
1327 5634 1497 5689 refert
1517 5634 1831 5700 lectionem,
1854 5638 1983 5694 dum
2011 5633 2114 5695 ait:

530 5704 733 5772 Aquila
760 5712 936 5757 autem
961 5703 1291 5825 appellantur
1323 5708 1509 5771 sancti,
1538 5708 1720 5775 quibus
1751 5710 1995 5763 innovata
2046 5723 2117 5767 est

530 5779 781 5825 iuventus.
816 5783 869 5825 ut
900 5775 1019 5825 aaui
1047 5788 1091 5825 ω
1114 5789 1130 5825 .·
1161 5784 1205 5825 et
1234 5777 1319 5825 aui
1352 5778 1495 5825 iuxta
1522 5775 1743 5825 Isaiam-
1769 5781 2103 5825 ηιιιηιιιηηηι

511 5779 781 5841 juventus,
816 5783 869 5826 ut
900 5775 1091 5841 aquila:
1114 5789 1130 5827 :
1161 5784 1205 5827 et
1234 5777 1319 5843 qui
1341 5778 1495 5845 juxta
1522 5775 1743 5845 Isaiam,
1769 5781 2112 5851 plumam,

2190 444 2302 491 tum
2336 437 2402 491 ad
2427 436 2712 493 historiam
2738 438 2996 509 pertinet,
3027 438 3111 494 bis
3145 438 3365 512 regibus
3395 456 3617 512 quorum
3647 454 3757 513 pec-

2189 540 2309 585 cata
2338 531 2390 586 in
2433 531 2748 601 Regnorum
2794 541 2851 587 et
2883 532 3338 604 Paralipdmenon
3389 535 3541 590 libris
3576 538 3757 608 scripta

2190 634 2320 679 sunt
2376 635 2687 696 :quautum
2743 634 2924 684 autem
2979 627 3046 683 ad
3089 638 3392 700 anagogen.
3451 630 3760 701 principibus

2192 718 2605 787 haereticorum,
2634 721 2977 795 ducibusque
3014 736 3395 794 perversurum
3428 726 3757 796 dogmatum;

2193 812 2279 869 his
2301 815 2446 870 enim
2472 814 2670 872 domus
2697 830 2853 874 vana:
2882 828 3013 874 sunt
3040 830 3096 875 et
3128 818 3325 874 frustra
3367 827 3672 875 osstructte.
3703 818 3763 875 Et

2190 907 2394 962 tamdiu
2422 914 2862 978 perseverantes,
2880 910 3056 967 donec
3071 921 3226 969 teneo
3236 921 3291 967 ut
3311 927 3405 968 cus
3422 911 3661 969 heredes
3681 915 3761 983 qui

2190 1016 2218 1055 a
2246 1002 2481 1058 Domino
2512 1004 2821 1060 adducendi
2852 1016 3006 1061 sunt.
3041 1007 3168 1063 l'nst
3196 1006 3312 1062 haec
3334 1008 3610 1077 sequitur:
3651 1007 3766 1074 Qu

2192 1097 2395 1151 habitas
2416 1097 2630 1166 Lachis,
2659 1098 2939 1154 hwrcditas
2951 1115 3111 1172 usque
3132 1098 3378 1155 Odollam
3390 1099 3572 1154 veniet.
3592 1098 3764 1156 Odolla

2191 1197 2581 1265 interpretatur
2638 1198 2988 1252 testimonium
3036 1194 3288 1264 haustas,
3338 1196 3423 1251 vel
3471 1194 3762 1253 hauritionis

2191 1306 2392 1355 eorum,
2423 1289 2568 1360 quod
2617 1289 2668 1344 in
2701 1289 2899 1346 Graeco
2950 1286 3350 1360 significantius
3403 1285 3563 1360 M7
3586 1286 3768 1344 dicitur

2191 1385 2460 1460 μαρτυρία
2485 1382 2775 1446 durities»;
2814 1385 3004 1440 αὐτῶν.
3035 1380 3292 1451 Legimus
3322 1382 3375 1435 in
3426 1381 3725 1437 Proverbiis
3752 1398 3763 1437 :

2193 1476 2257 1533 Si
2284 1478 2454 1532 malus
2478 1478 2660 1548 (ueris,
2690 1477 2835 1533 solus
2865 1476 3076 1531 haurias
3122 1476 3265 1530 mala
3302 1473 3491 1545 (Prov.
3540 1486 3615 1539 ts,
3662 1474 3763 1545 nil).

2194 1571 2327 1639 Quae
2356 1572 2521 1642 igitur
2552 1571 2759 1627 habitat
2786 1571 2839 1625 iu
2874 1569 3090 1633 Lacbis,
3125 1568 3178 1625 ιιι
3204 1575 3312 1635 est,
3350 1566 3407 1623 in
3440 1566 3632 1622 itinere
3660 1566 3795 1637 pes-7

2193 1664 2357 1731 simo,
2391 1663 2575 1719 veniet
2616 1676 2790 1734 usque
2842 1662 2909 1717 ad
2979 1661 3357 1719 testimonium
3415 1658 3768 1717 exhaustionis

2193 1772 2328 1822 smn,
2381 1755 2526 1827 quod
2566 1754 2864 1812 exhauriet
2918 1762 3081 1825 atque
3132 1754 3319 1809 ebibat
3363 1753 3514 1822 juxta
3562 1766 3767 1823 operum

2192 1864 2417 1906 suorum
2442 1865 2777 1907 mensuram.
2808 1848 2906 1906 νει
2938 1858 3096 1905 certe
3126 1846 3201 1904 ita
3242 1846 3696 1919 distinguendum,
3723 1858 3773 1903 ut

2194 1943 2300 2000 hoc
2330 1942 2475 2013 quod
2504 1943 2727 2011 dicitur,
2783 1957 2900 2014 quis
2944 1942 3146 1996 habitas
3176 1939 3389 2005 Lac/iis,
3414 1936 3482 1995 ad
3512 1942 3770 2010 superiora

2195 2037 2490 2103 referatur,
2516 2044 2573 2091 et
2611 2037 2682 2091 sit
2709 2035 2847 2091 ordo
2876 2048 2940 2090 ac
2968 2048 3168 2090 sensus
3194 2052 3206 2088 :
3234 2032 3518 2089 Adducam
3546 2029 3773 2088 heredes

2198 2130 2294 2185 tibi
2327 2132 2395 2185 tie
2422 2128 2695 2197 Ecclesia,
2726 2144 2851 2198 qua!
2876 2127 3090 2183 habitas
3122 2126 3340 2194 Lachis,
3377 2126 3505 2195 quia
3530 2124 3597 2181 de
3620 2126 3774 2180 liuere-

2197 2224 2370 2281 ditate
2400 2224 2612 2280 Domini
2641 2234 2695 2279 et
2727 2234 2779 2280 tu
2808 2223 2942 2289 eris,
2972 2236 3098 2277 cum
3130 2219 3413 2288 hauseris,
3439 2231 3495 2278 et
3522 2221 3776 2292 receperis

2196 2334 2317 2393 qua:
2344 2320 2596 2376 mereris.
2643 2319 2888 2374 Obsecro
2911 2316 2964 2372 in
2995 2314 3220 2387 capituli
3253 2316 3367 2371 line
3418 2315 3690 2381 lectorem,
3717 2328 3777 2370 ne

2199 2414 2609 2479 necessitatem,
2658 2412 2997 2467 voluntatem
3052 2418 3227 2481 putet,
3281 2416 3338 2465 et
3394 2406 3776 2479 expositionem

2200 2508 2487 2579 prolixam,
2509 2506 2900 2561 verbositatem
2923 2504 3224 2567 existimet,
3259 2503 3548 2573 magisque
3572 2502 3778 2556 miretur
3816 2530 3829 2542 -

2201 2601 2255 2655 in
2304 2601 2438 2655 locis
2473 2608 2582 2654 tam
2628 2600 2851 2669 asperis
2896 2612 2985 2653 Ine
3041 2595 3247 2668 aliquid
3296 2595 3577 2664 invenire,
3631 2608 3778 2664 quam

2199 2693 2495 2765 quidquam
2534 2707 2751 2759 eorum,
2778 2705 2903 2762 qua:
2928 2689 3162 2746 dicenda
3214 2696 3367 2756 sunt,
3425 2702 3532 2743 nou
3576 2697 3780 2760 praster-

2201 2790 2444 2844 mittere.

2278 2884 2299 2955 (
2323 2882 2479 2938 Vers.
2515 2882 2636 2952 16.)
2664 2881 2955 2937 Docalvarc
2974 2889 3021 2936 et
3051 2880 3324 2936 deto‘mlere
3351 2892 3512 2952 super
3543 2879 3674 2948 ﬁlios
3700 2877 3782 2932 dc-

2209 2975 2451 3030 liciarum
2494 2984 2726 3043 tuarum,
2754 2974 2923 3029 dilata
2952 2973 3221 3028 calvitium
3251 2983 3398 3027 tuum
3426 2974 3564 3027 sicut
3597 2970 3777 3042 aquila,

2205 3071 2452 3143 quoniam
2502 3072 2691 3142 captivi
2740 3069 2886 3124 ducti
2931 3075 3140 3123 suntex
3167 3078 3235 3121 te.
3268 3066 3418 3122 LXX
3459 3064 3680 3121 :Gloria
3717 3069 3766 3131 -ί-

2211 3165 2338 3235 ﬁlia:
2364 3167 2382 3231 ζ
2410 3161 2602 3229 Israel,
2631 3163 2897 3219 decalvare
2946 3171 2995 3217 et
3024 3158 3300 3216 ἀρεσκίαν
3348 3175 3508 3233 super
3532 3158 3664 3229 ﬁlios
3710 3157 3787 3212 de.

2210 3259 2393 3314 (iratos
2420 3268 2532 3312 tuos
2557 3273 2574 3310 :
2601 3257 2769 3311 dilata
2795 3255 3059 3311 calvitium
3088 3265 3236 3311 tuam
3270 3256 3409 3309 sicut
3444 3253 3638 3321 natale,
3664 3266 3780 3324 quo.

2211 3352 2352 3404 nim
2394 3350 2581 3421 captivi
2609 3350 2753 3402 ducti
2781 3352 2987 3404 sum
3009 3357 3076 3404 te.
3107 3348 3223 3403 Hoc
3250 3346 3398 3418 quod
3431 3346 3635 3402 dictum
3664 3352 3740 3400 est
3762 3359 3787 3399 a

2212 3442 2586 3512 Septuaginta,
2637 3439 2809 3511 gloria
2859 3439 2986 3508 ﬁlia:
3034 3438 3221 3505 Israel,
3275 3438 3604 3494 uddcntibus
3660 3436 3785 3507 ﬁliis,

2215 3538 2431 3594 Hebraei
2464 3537 2518 3592 in
2550 3538 2654 3593 line
2680 3538 2987 3608 superioris
3028 3536 3250 3608 capituli
3284 3539 3499 3609 legunt.
3526 3536 3684 3594 Nobis
3710 3551 3792 3590 au-

2218 3642 2325 3687 tem
2345 3648 2467 3704 qua
2497 3633 2577 3688 sic
2596 3634 2867 3692 voluistis.
2902 3645 2957 3689 et
2984 3633 3157 3689 semei
3203 3630 3569 3704 suscepimus,
3601 3629 3794 3687 incum-

2218 3727 2297 3782 bit
2324 3726 2631 3782 necessitas
2661 3727 2733 3780 ita
2783 3727 3132 3798 interpretari
3176 3724 3515 3797 Scriptores,
3544 3723 3793 3797 quomodo

2221 3819 2476 3891 leguntur
2502 3820 2552 3873 in
2580 3818 2843 3885 Ecclesia,
2878 3829 2933 3873 et
2961 3818 3315 3875 nihilominus
3349 3818 3671 3876 Hebraicam
3699 3830 3792 3872 non

2220 3912 2474 3966 omittere
2503 3911 2809 3967 veritatem.
2844 3911 3054 3968 Dicitur
3083 3925 3213 3983 ergo
3271 3912 3339 3966 ad
3398 3911 3564 3968 israel
3592 3909 3790 3965 interim

2219 4000 2518 4057 secundum
2550 4003 2808 4079 litteram,
2842 4013 2902 4058 ut
2932 4003 3017 4058 vel
3038 4002 3231 4059 decem
3275 4003 3452 4059 tribus
3476 4002 3790 4074 accipiamus

2223 4098 2278 4153 in
2310 4099 2577 4166 Samaria,
2611 4098 2695 4154 vel
2726 4098 2781 4153 in
2822 4110 3116 4154 commune
3168 4110 3387 4154 omnem
3431 4096 3633 4163 isroel;
3686 4095 3791 4166 quia

2224 4194 2472 4262 captivus
2522 4193 2718 4248 ductus
2762 4203 2848 4249 est
2883 4192 3137 4263 populus,
3179 4198 3238 4247 et
3289 4192 3474 4247 omnis
3516 4188 3695 4248 Judaa
3737 4188 3795 4243 ab

2225 4285 2465 4358 Assyriis
2507 4283 2934 4359 Babyloniisquc
2957 4294 3163 4341 vastata
3205 4292 3312 4354 est,
3336 4294 3617 4341 assumunt
3657 4284 3795 4353 plan-

2227 4386 2372 4433 ctum
2402 4386 2459 4432 et
2485 4378 2703 4448 plorent
2730 4376 2872 4433 lilios
2906 4391 3057 4433 suos.
3087 4377 3155 4432 Et
3180 4377 3455 4455 quomodo
3482 4375 3661 4446 aquila
3690 4386 3797 4445 quae

2235 4472 2422 4543 regina
2448 4482 2533 4527 est
2553 4473 2736 4527 avium
2761 4479 2919 4527 certo
2948 4479 3194 4540 tempore
3234 4472 3430 4527 amittit
3454 4468 3611 4542 pilos,
3642 4477 3694 4525 et
3721 4481 3797 4522 re-

2233 4574 2418 4621 manet
2448 4565 2724 4637 impiumis
2751 4581 2765 4617 :
2814 4564 2894 4619 sic
2926 4564 3092 4619 etiam
3124 4562 3291 4618 lsracl
3316 4563 3560 4634 deponat
3603 4572 3799 4617 omnem

2231 4659 2459 4732 gloriam
2504 4674 2686 4725 suam,
2736 4672 2844 4729 qua
2895 4666 3024 4714 ante
3076 4657 3257 4713 fuerat
3316 4656 3698 4720 circumdatus,
3754 4659 3803 4707 ot

2234 4754 2453 4825 plangat
2502 4752 2668 4817 filios,
2716 4751 2953 4807 hostium
3016 4750 3269 4807 subditos
3326 4750 3601 4822 potestati.
3660 4742 3800 4815 Quod

2232 4856 2414 4904 autem
2444 4846 2623 4917 aquila
2655 4852 2809 4901 certo
2831 4854 3077 4915 tempore
3105 4845 3285 4900 soleat
3308 4844 3561 4899 amittere
3586 4841 3800 4913 plumas,

2237 4951 2292 4995 et
2321 4940 2375 4994 in
2403 4938 2672 4993 Psalterio
2701 4938 2959 5008 scriptum
2989 4946 3108 4992 est:
3142 4936 3486 4991 Iunovabitur
3529 4944 3584 4989 ut
3628 4931 3805 5004 aquila

2240 5039 2266 5069 α
2291 5039 2525 5086 senectus
2563 5038 2650 5083 tua
2680 5032 2701 5101 (
2726 5028 2818 5083 Ps.
2849 5045 2946 5097 cu,
2977 5027 3075 5100 5).
3110 5027 3137 5067 ³³
3180 5030 3249 5083 Et
3272 5028 3530 5084 Comicus
3558 5027 3610 5080 in
3641 5024 3803 5079 Heau-

2241 5122 2703 5179 tontimorumeno
2729 5138 2744 5176 :
2784 5120 2915 5176 Visa
2937 5131 3033 5188 est,
3068 5120 3268 5190 inquit,
3302 5135 3414 5175 vere
3433 5117 3574 5191 quod
3600 5116 3701 5171 dici
3723 5128 3801 5169 so-

2223 5295 2270 5338 (τι
2295 5293 2566 5338 assumunt
2594 5285 2729 5347 alas,
2756 5293 2810 5337 ut
2852 5284 2920 5337 ad
2952 5280 3144 5352 Christi
3168 5282 3372 5337 veniant
3401 5281 3711 5352 passionem.

2297 5356 2321 5394 δ
2364 5353 2651 5410 Terentius
2700 5355 2917 5423 scripsit
2973 5350 3313 5408 Commiliam
3370 5350 3453 5409 cui
3505 5351 3700 5423 titulus
3728 5354 3801 5401 est

2227 5425 2273 5480 Η
2282 5419 2865 5493 cautordimornmenot,
2894 5424 2943 5480 id
2968 5434 3071 5493 est,
3090 5426 3314 5494 seipsum
3335 5423 3653 5479 excrucians.
3678 5419 3801 5494 Actu

2224 5499 2402 5570 itaque
2433 5514 2519 5565 ιιι,
2543 5513 2711 5570 scena
2742 5498 2799 5564 9.,
2842 5489 3291 5570 leguntur‘verba
3342 5498 3566 5570 recitata
3598 5495 3661 5570 ab
3691 5489 3805 5561 Hie'

2224 5564 2452 5642 rou'ymo
2484 5564 2513 5642 ξί
2538 5569 2662 5625 Visa
2686 5585 2802 5623 vero
2834 5564 2932 5636 est,
2973 5568 3114 5635 quod
3155 5568 3280 5621 dicit
3311 5568 3457 5633 solet,
3501 5564 3686 5637 aquila:
3730 5575 3798 5642 tc-

2224 5636 2418 5696 ncct'uc.
2453 5641 2561 5697 Nec
2585 5642 2799 5697 mireris
2827 5643 2872 5696 si
2896 5655 2997 5711 pro
3028 5654 3162 5695 voce
3185 5642 3432 5712 juventus
3455 5647 3564 5703 tua,
3586 5650 3704 5705 qua:
3733 5636 3800 5712 le:

2221 5714 2366 5780 gitur
2403 5715 2456 5767 iu
2487 5717 2697 5769 cunctis
2743 5700 2913 5768 libris‘
2946 5700 3369 5783 hagiograpltis,
3425 5700 3643 5783 legatur
3671 5700 3796 5774 apud

2222 5777 2614 5855 Hieronymum
2646 5784 2751 5840 hoc
2780 5784 2901 5840 loco
2930 5777 3166 5840 sentietis
3194 5777 3316 5850 tua,
3351 5777 3574 5853 quia'S.
3616 5777 3799 5834 Doctor
