4078 6342
378 240 522 303 1103

1180 238 1831 305 COMMENTARIORUM
1868 234 1939 296 IN
1977 232 2319 296 IIICHEAM
2360 235 2489 294 LIB.
2532 235 2575 293 ι.
2616 232 2769 292 CAP;
2800 232 2865 290 ll.

3531 231 3671 290 “66

380 362 471 427 let,
501 361 691 435 aquila
714 370 948 420 senectus
972 362 1216 437 (Terent.
1241 367 1356 421 Act.
1390 380 1469 433 ut,
1502 380 1573 418 rc.
1602 362 1684 434 ἓ).
1712 362 1767 420 Si
1792 370 1970 415 autem
2003 360 2046 418 Α
2080 374 2178 427 pro
2192 371 2301 428 quo
2316 356 2665 426 Septuaginta
2683 352 3161 419 transtulerunt,in
3175 349 3670 415 EcclesiaDomiui;

380 456 713 511 roluerimus
744 456 849 513 hoc
876 458 1052 529 ipsum
1092 458 1243 516 etde
1273 460 1532 531 praesenti
1586 468 1829 526 tempore
1877 453 1970 509 Ju-

376 548 549 606 daica:
572 549 741 624 m
764 553 1075 608 eversionis
1103 555 1377 623 accipere,
1416 552 1727 607 videbimus
1749 563 1967 604 onmem

376 645 757 718 gratiam,qua
789 647 1060 717 quondam
1099 648 1246 719 apud
1305 647 1473 703 Deum
1523 644 1727 711 tloruit,
1776 644 1845 698 ab
1889 642 1969 697 eis

378 737 601 807 penitus
620 739 944 795 recessisse.
975 738 1076 795 Ubi
1106 747 1189 794 est
1210 739 1357 795 enim
1381 737 1689 809 propheta?
1719 736 1811 792 ubi
1841 736 1969 790 doc-

378 840 463 887 tor
511 832 715 903 Legisl
760 832 851 888 ubi
904 833 1235 903 Angelorum
1289 832 1584 905 praesidia?
1634 830 1728 887 ubi
1775 840 1965 886 contra

377 928 562 998 plures
587 943 619 986 a
650 929 840 998 paucis
869 929 1148 998 insperata
1204 927 1332 1002 [At.
1391 925 1651 1001 sperata]
1694 922 1967 981 rictoria‘l

379 1020 670 1078 Deealvata
702 1032 787 1076 est
834 1021 1140 1077 Jerusalem
1171 1037 1289 1093 quae
1330 1036 1550 1078 omnem
1589 1034 1803 1075 comam
1854 1018 1969 1089 pri-

374 1116 533 1170 stinae
561 1116 752 1185 gloriae
775 1116 1016 1186 perdidit
1046 1114 1199 1189 (Isai.
1244 1131 1433 1181 xum,
1470 1117 1569 1181 l8;
1602 1116 1623 1169 l
1670 1114 1792 1169 Cor.
1823 1112 1886 1181 ι),
1915 1120 1972 1167 et

374 1210 472 1265 lilii
501 1210 620 1281 ejus
646 1210 739 1280 qui
766 1210 1147 1267 clamaverunt
1197 1219 1388 1266 contra
1435 1208 1751 1269 Dominum,
1798 1207 1968 1261 cruci-

373 1302 495 1374 ﬁge,
514 1303 762 1377 cruciﬁge
779 1319 899 1359 eum
920 1301 1105 1375 (Joan.
1124 1319 1240 1371 xix,
1256 1302 1337 1371 6),
1359 1302 1799 1373 in‘captivitatem
1819 1298 1966 1354 ducti

372 1405 519 1453 sunt.
551 1396 681 1468 Legi
714 1399 767 1451 in
797 1396 1089 1468 cujusdam
1121 1398 1551 1454 Commentariis
1582 1396 1686 1452 hoc
1716 1394 1859 1464 quod
1886 1394 1970 1449 di-

372 1491 539 1560 citur,
574 1492 847 1547 deculcare
892 1503 944 1548 et
981 1494 1259 1549 detondere
1286 1509 1442 1564 super
1485 1493 1624 1563 ﬁlios
1660 1491 1967 1547 deliciarum

372 1596 601 1654 tuarum,
624 1585 698 1642 de
716 1584 1034 1643 conditione
1060 1586 1293 1665 humana
1326 1600 1491 1659 posse
1516 1587 1688 1657 accipi
1716 1604 1728 1640 :
1766 1594 1821 1640 ttt
1868 1584 1967 1640 Dei

373 1678 438 1734 ad
495 1678 696 1744 Adam,
729 1680 845 1736 sive
893 1680 961 1735 ad
1014 1680 1316 1737 Jerusalem
1366 1681 1645 1736 caelestem
1697 1678 1966 1750 dirigatur

2070 453 2224 523 juxta
2252 452 2546 508 editionem
2582 450 2863 522 Vulgatam
2898 448 3181 518 sequentis
3206 446 3432 518 capituli
3466 446 3674 517 princi-

2073 546 2221 618 pium
2253 557 2356 602 est.
2408 545 2477 601 Et
2504 545 2702 600 ideoin
2736 544 2832 599 illo
2858 544 2902 597 sl
2930 542 3195 598 Dominus
3238 542 3503 612 jusserit,
3554 540 3669 595 dis-

2073 653 2336 696 seremus.
2364 638 2457 693 Vae
2495 637 2661 707 igitur
2684 636 2875 703 vobis,
2902 634 3216 691 .lullueorum
3247 642 3419 691 cretus
3444 675 3458 700 ,
3487 633 3581 705 qui
3614 643 3671 687 et

2072 732 2323 802 cogitatis
2348 731 2545 785 malum
2569 768 2584 792 ,
2628 738 2683 784 et
2706 742 2877 797 opere
2922 727 3340 781 consummatis.
3373 726 3435 780 Et
3468 725 3663 781 cubilia

2071 822 2137 875 ad
2168 820 2559 892 quiescendum
2610 819 2739 876 data
2781 820 2987 889 stupris
3006 819 3288 890 polluitis:
3323 827 3378 875 et
3407 817 3666 889 quidquid

2073 915 2370 987 iniquitatis
2398 923 2561 971 nocte
2590 913 2863 980 tractatis,
2899 914 3055 984 quasi
3096 912 3320 969 differre
3350 928 3456 968 non
3484 912 3663 977 liceat,

2072 1010 2254 1064 statim
2285 1020 2341 1063 ut
2390 1009 2510 1067 dies
2560 1009 2863 1073 claruerit,
2914 1006 3191 1063 festinatis
3233 1007 3506 1078 implere:
3551 1024 3659 1063 non

2070 1101 2485 1159 considerantes
2516 1101 2661 1169 quod
2692 1100 2982 1157 adversum
3036 1098 3328 1155 Dominum
3375 1100 3534 1156 fortis
3577 1111 3665 1157 est

2071 1209 2262 1250 manus
2294 1204 2492 1250 vestra.
2526 1194 2595 1249 Et
2634 1203 2693 1249 ut
2734 1196 2963 1250 doceret
3002 1192 3288 1262 Scriptura
3330 1192 3460 1265 quid
3515 1203 3669 1250 esset

2070 1288 2215 1359 quod
2245 1289 2298 1341 in
2328 1298 2491 1343 nocte
2532 1288 2866 1358 cegitarent,
2903 1295 2959 1340 et
2987 1287 3039 1340 in
3073 1285 3165 1341 die
3193 1284 3472 1351 facerent,
3503 1302 3671 1357 expo-

2071 1379 2151 1435 nit
2201 1379 2254 1434 in
2309 1379 2580 1449 partibus.
2638 1378 3021 1449 Concupierunt
3052 1416 3066 1442 ,
3119 1379 3334 1449 inquit,
3380 1394 3575 1452 agros,
3626 1390 3672 1433 et

2070 1475 2316 1529 violenter
2346 1474 2572 1529 tulerunt
2602 1491 2619 1529 :
2649 1484 2702 1529 et
2725 1474 2943 1540 domos,
2971 1473 3295 1529 subauditur
3321 1519 3335 1542 ,
3371 1475 3672 1544 concupie-

2070 1578 2199 1625 runt
2221 1610 2235 1634 ,
2287 1580 2342 1625 et
2373 1585 2510 1639 quas
2531 1570 2964 1641 concupierant,
3022 1570 3372 1641 diripuerunt
3404 1587 3418 1626 :
3471 1578 3529 1625 et
3558 1585 3665 1626 non

2070 1664 2246 1718 solum
2275 1663 2751 1719 calumniabantur
2782 1662 3031 1720 homines
3060 1706 3074 1731 ,
3107 1674 3161 1718 et
3197 1665 3394 1719 domos
3431 1678 3620 1720 eorum
3649 1706 3664 1729 ,

372 1773 679 1843 eloquium.
711 1774 757 1830 Ο
786 1773 968 1833 anima
1001 1777 1233 1831 humana
1260 1776 1275 1831 ι
1315 1788 1347 1831 o
1376 1776 1505 1831 urbs
1536 1774 1805 1844 quondam
1839 1788 1967 1827 san-

2076 1754 2169 1810 sed
2216 1763 2475 1825 posteros
2523 1771 2743 1827 quoque
2795 1758 2886 1826 qui
2953 1754 3385 1812 misericordiam
3442 1766 3667 1827 propter

371 1878 584 1923 ctorum
616 1877 815 1934 mater,
845 1883 971 1938 quae
998 1869 1146 1938 prius
1173 1882 1296 1924 eras
1336 1870 1390 1923 in
1423 1868 1702 1939 paradiso,
1735 1875 1787 1923 et
1816 1866 1965 1924 fruec

372 1961 523 2017 baris
548 1961 765 2018 deliciis
795 1962 1053 2018 arborum
1086 1963 1452 2032 diversarum,
1484 1972 1538 2020 et
1580 1963 1822 2019 habebas
1847 1977 1969 2034 spe-

371 2055 735 2111 ciosissimam
764 2071 979 2112 comam
1006 2075 1018 2111 :
1051 2072 1197 2113 nunc
1227 2058 1350 2127 quia
1386 2057 1626 2127 proiecta
1674 2073 1734 2113 es
1782 2056 1850 2113 de
1876 2071 1967 2112 su-

374 2150 630 2207 blimibus
684 2160 739 2206 et
789 2151 1020 2208 deducta
1075 2152 1129 2208 in
1161 2150 1515 2226 Babylonem,
1571 2162 1622 2208 et
1666 2152 1862 2207 venisti
1912 2152 1966 2206 in

374 2241 553 2298 locum
584 2243 941 2313 captivitatis,
980 2251 1039 2300 et
1085 2244 1371 2315 perdidisti
1413 2259 1627 2300 comam
1670 2253 1840 2310 tuam,
1883 2259 1970 2297 ra-

374 2335 507 2392 dere
535 2346 591 2392 et
643 2350 861 2393 assume
890 2337 1131 2393 habitum
1163 2338 1505 2408 paenitentis,
1547 2346 1599 2391 et
1651 2351 1771 2408 quae
1820 2337 1969 2406 prius

374 2429 723 2500 quasiaquila
753 2429 1044 2485 volabasiu
1068 2430 1329 2497 excelsis,
1360 2431 1555 2501 plango
1579 2429 1741 2496 filios,
1775 2429 1971 2499 plunge

374 2523 620 2580 sobolem
649 2529 819 2590 tuam,
853 2538 975 2595 quae
1012 2538 1082 2579 ex
1109 2531 1159 2579 te
1190 2522 1352 2579 ducta
1384 2530 1469 2578 est
1497 2523 1732 2590 captiva.

445 2615 927 2689 (Cap.ll.-—-Vers.
952 2616 975 2670 l
1004 2615 1149 2687 seq.)
1179 2614 1269 2671 Vat
1289 2615 1377 2686 qui
1405 2615 1643 2685 cogitatis
1684 2614 1889 2677 inutile.
1923 2621 1970 2667 et

375 2708 665 2780 operamini
678 2708 879 2763 malum
902 2711 953 2763 in
965 2708 1220 2764 cubilibus
1247 2709 1430 2762 uestris
1454 2724 1471 2761 :
1504 2708 1557 2761 in
1585 2708 1700 2761 luce
1716 2707 1971 2760 matutina

376 2803 573 2874 faciunt
594 2802 755 2871 illud,
768 2805 1015 2874 quoniam
1034 2812 1215 2859 contra
1231 2802 1399 2861 Deum
1414 2812 1492 2859 est
1508 2819 1690 2858 manus
1702 2819 1901 2869 eorum,
1923 2810 1969 2854 et

378 2897 787 2969 “concupierunt
801 2914 977 2971 agros,
1007 2907 1056 2951 et
1080 2896 1330 2952 violenter
1350 2896 1600 2964 tulerunt,
1626 2906 1674 2952 et
1689 2896 1869 2950 domos
1893 2912 1972 2949 ra-

375 2998 619 3061 puerunt,
630 2998 679 3043 et
694 2989 1150 3044 calumm'abantur
1165 2990 1351 3058 uirum,
1368 3000 1414 3045 et
1429 2989 1641 3043 domum
1656 2991 1789 3059 ejus,
1803 2990 1971 3043 virum

375 3093 422 3138 et
448 3082 807 3153 hcercditotesn
824 3088 955 3159 ejus.
982 3083 1191 3140 Idcirco
1215 3086 1323 3140 hac
1347 3084 1476 3139 dicit
1505 3082 1763 3139 Dominus
1787 3100 1803 3137 :
1838 3082 1974 3137 Ecce

376 3150 684 3249 egowcogito
712 3150 871 3244 super
898 3177 1156 3249 familiam
1206 3178 1364 3232 istam
1410 3178 1630 3244 malum,
1678 3176 1814 3231 unde
1867 3192 1972 3231 non
1999 3150 2044 3217 Ο

378 3270 629 3340 auferetis
674 3269 813 3325 colla
862 3279 1053 3337 vestra,
1102 3282 1150 3326 et
1198 3286 1300 3325 non
1350 3268 1680 3325 ambulabitis
1728 3270 1971 3341 superbi:

376 3363 623 3433 quoniam
652 3372 850 3436 tempus
895 3365 1175 3431 pessimum
1204 3357 1299 3419 esi.
1336 3361 1401 3416 In
1433 3364 1515 3417 die
1552 3363 1649 3417 illa
1686 3378 1841 3435 super
1884 3377 1973 3417 vos

375 3467 605 3513 sumetur
636 3459 909 3528 parabola,
937 3468 990 3514 et
1016 3458 1311 3514 cantabitur
1341 3456 1602 3514 canticum
1645 3474 1759 3512 cum
1801 3457 1969 3511 suasi-

377 3561 482 3607 tate
511 3552 793 3608 dicentium
818 3569 838 3609 :
870 3552 1296 3627 Depopulatione
1335 3552 1520 3607 uastati
1560 3566 1739 3607 sumus
1781 3566 1800 3605 :
1852 3566 1973 3622 pars

380 3643 561 3714 populi
589 3644 689 3699 mei
733 3653 1048 3700 commutata
1101 3654 1201 3699 est.
1254 3643 1527 3709 Quomodo
1575 3643 1774 3697 recedet
1810 3657 1842 3695 α
1870 3657 1969 3705 me,

378 3753 495 3793 cum
525 3747 818 3794 revertatur
842 3739 934 3810 qui
959 3738 1193 3808 regiones
1214 3746 1419 3793 nostras
1467 3736 1712 3791 diuidat?
1752 3734 1974 3803 Pr0pter

377 3826 473 3881 hoc
504 3844 608 3885 non
641 3829 735 3884 erit
761 3827 857 3883 tibi
887 3829 1094 3883 mittens
1114 3828 1411 3899 funiculum
1436 3830 1590 3884 sortis
1620 3828 1676 3883 in
1705 3838 1837 3883 coetu
1866 3825 1975 3883 Do.

377 3921 524 3975 mini.
559 3919 702 3977 LXX
728 3941 743 3975 ς
777 3919 926 3977 Facti
954 3930 1074 3977 sunt
1099 3922 1602 3994 cogitauteslabores
1629 3932 1675 3975 et
1702 3930 1975 3990 operantcs

376 4013 520 4068 male
544 4014 598 4069 in
627 4013 889 4070 cubilibus
913 4016 1043 4083 suis,
1077 4024 1124 4069 et
1148 4017 1304 4071 simul
1346 4017 1401 4070 in
1431 4017 1516 4071 die
1544 4016 1974 4073 consummabant

375 4123 439 4161 ea
458 4123 478 4163 :
497 4108 619 4179 quia
639 4123 741 4163 non
769 4110 1068 4167 levaverunt
1093 4111 1162 4165 ad
1188 4109 1353 4167 Deum
1380 4128 1565 4167 manus
1593 4129 1740 4179 suas,
1764 4121 1813 4167 et
1841 4112 1975 4167 desi-

374 4202 624 4257 derabant
647 4218 827 4272 agros,
846 4214 894 4257 et
916 4204 1229 4277 diripiebant
1256 4204 1507 4277 pupillos,
1532 4215 1579 4260 et
1591 4206 1774 4261 domos
1795 4203 1976 4273 Oppri-

374 4295 601 4374 mebant,
618 4306 665 4351 et
683 4296 956 4363 rapiebant
971 4298 1135 4351 virum
1159 4308 1208 4352 et
1228 4298 1437 4353 Marum
1456 4302 1592 4368 eius,
1610 4299 1779 4353 virum
1802 4307 1851 4353 et
1868 4296 1977 4352 hae-

373 4389 643 4445 reditatem
655 4393 786 4463 ejus.
802 4390 968 4465 ιω
983 4390 1259 4463 Propterea
1276 4396 1383 4449 nec
1394 4394 1518 4448 dicit
1533 4392 1787 4449 Dominus
1801 4409 1819 4448 :
1841 4391 1976 4450 Ecce

374 4497 471 4553 ego
483 4483 657 4553 cogito
671 4500 828 4555 super
839 4485 1029 4540 tribum
1048 4487 1202 4540 istam
1232 4487 1393 4551 mala,
1422 4488 1488 4542 de
1504 4487 1688 4558 quibus
1704 4504 1807 4543 non
1827 4489 1974 4558 anfe-

2072 1856 2290 1906 aetatem
2315 1848 2603 1919 parvulam
2626 1849 3002 1917 merebantur,
3026 1850 3222 1906 rabido
3239 1864 3337 1907 ore
3360 1848 3666 1906 vastabant.

2071 1941 2207 2010 Quia
2241 1941 2404 2010 igitur
2429 1941 2529 1997 ista
2562 1941 2770 1998 fecistis
2792 1984 2810 2008 ,
2841 1950 2899 1999 et
2920 1944 3201 2012 cogitastis
3224 1942 3452 2011 inutile,
3487 1953 3540 1998 et
3570 1960 3675 2016 ego

2072 2034 2335 2090 Dominus
2363 2035 2620 2105 cogitabo
2641 2050 2813 2106 super
2838 2036 3094 2092 familiam
3114 2038 3272 2092 istam
3298 2038 3499 2093 malum
3527 2057 3539 2091 :
3564 2053 3672 2093 non

2072 2128 2218 2199 quod
2250 2129 2450 2183 malum
2482 2128 2553 2185 sit
2586 2128 2731 2201 quod
2762 2140 2865 2201 ego
2892 2128 3115 2201 cogito;
3138 2130 3234 2185 sed
3263 2130 3406 2200 quod
3433 2130 3681 2201 patienti-

2075 2220 2175 2276 bus
2200 2222 2401 2276 malum
2434 2221 2685 2277 videatur
2712 2234 2735 2263 ο
2759 2223 2903 2293 quod
2924 2225 3108 2295 irrogo
3132 2240 3146 2277 :
3180 2224 3411 2293 quodita
3435 2238 3532 2279 vos
3557 2239 3681 2295 pre-

2076 2323 2209 2379 met,
2234 2323 2289 2367 ut
2313 2313 2453 2369 colla
2475 2323 2656 2370 vestra
2677 2330 2788 2369 non
2807 2316 3031 2385 possitis
3048 2317 3250 2384 levare,
3275 2332 3374 2373 nec
3388 2318 3677 2373 ambuletis

2077 2407 2323 2478 superbi,
2341 2408 2554 2463 scilicet
2565 2423 2705 2479 quos
2719 2416 2936 2479 tempus
2949 2410 3282 2479 captivitatis
3299 2418 3672 2481 oppresserat.

2148 2518 2301 2575 Tunc
2328 2518 2457 2592 [Αἰ.
2494 2517 2646 2593 tum]
2678 2519 2889 2577 dicetur
2916 2536 3080 2593 super
3124 2536 3222 2577 vos
3269 2522 3524 2593 parabola
3556 2566 3571 2592 ,
3625 2532 3679 2580 et

2078 2614 2312 2669 miserize
2356 2624 2552 2670 vestra:
2594 2622 2881 2671 vertentur
2907 2614 2960 2672 in
3009 2617 3282 2673 canticum
3319 2635 3331 2671 :
3366 2616 3676 2692 Depopula-

2077 2709 2215 2763 tione
2261 2709 2448 2763 rastati
2502 2726 2680 2765 sumus
2706 2752 2722 2777 ,
2772 2726 2893 2782 pars
2938 2710 3119 2784 populi
3170 2714 3315 2767 mei:
3345 2712 3669 2783 Templum,

2075 2800 2276 2871 inquit,
2327 2818 2507 2858 meum
2540 2803 2683 2874 quod
2709 2802 2885 2860 solum
2915 2804 3057 2860 inter
3081 2814 3269 2876 gentes
3292 2815 3522 2862 cmteras
3550 2806 3671 2875 plus

2077 2894 2375 2956 habebam.
2406 2896 2700 2952 mutabitur
2727 2897 2781 2950 in
2812 2898 3048 2952 ruinam.
3082 2896 3373 2966 Quomodo
3414 2914 3440 2954 a
3469 2916 3555 2955 me
3588 2915 3671 2955 re-

2076 2988 2235 3045 cedet
2258 2987 2517 3063 Assyrius
2539 3032 2553 3056 ,
2605 3004 2727 3045 cum
2759 2998 3065 3047 revertatur
3093 2993 3154 3046 itt
3185 3007 3345 3063 agros
3375 3007 3527 3048 meos
3570 2993 3673 3048 sibi

2076 3090 2227 3138 sorte
2256 3081 2595 3137 distribuat?
2635 3082 2958 3153 Propterea,
2995 3098 3027 3137 o
3055 3084 3264 3139 familia
3306 3083 3474 3140 Israel
3504 3128 3517 3149 ,
3580 3102 3676 3139 su-

2078 3187 2364 3246 perquam
2415 3188 2517 3244 ego
2550 3175 2753 3230 malum
2802 3176 2985 3246 cogito
3014 3223 3026 3244 ,
3089 3192 3194 3232 non
3234 3175 3399 3250 450
3450 3176 3675 3233 habebis

2080 3276 2287 3337 partem
2329 3268 2382 3324 in
2416 3269 2739 3325 haereditate
2765 3269 3064 3341 iustorum.
3099 3271 3204 3328 Sed
3238 3282 3288 3327 et
3328 3273 3396 3327 de
3429 3279 3672 3327 extrema

2078 3361 2391 3431 captivitate
2428 3362 2535 3417 hoc
2591 3363 2766 3434 ipsum
2801 3362 2971 3435 accipi
3018 3370 3237 3433 potest,
3292 3363 3439 3435 quod
3492 3367 3673 3419 omnia

2076 3455 2157 3511 eis
2190 3456 2475 3511 evenerint
2503 3456 2628 3526 quia
2657 3455 2952 3511 Dominum
2987 3454 3381 3512 cruciﬁxcrunt
3412 3474 3425 3511 :
3466 3460 3539 3511 ita
3598 3469 3677 3512 ta-

2077 3565 2201 3607 men
2232 3557 2291 3605 ut
2341 3548 2693 3620 Septuaginta
2744 3550 3110 3621 interpretum
3143 3551 3311 3606 editio
3343 3549 3673 3608 disseratur.

2076 3640 2264 3697 Gloria
2291 3656 2524 3711 namque
2552 3640 2675 3696 tilia:
2705 3641 2875 3698 Israel
2907 3640 3188 3698 decalvata
3220 3652 3300 3697 cst
3329 3685 3341 3706 ,
3377 3652 3431 3699 et
3460 3653 3675 3699 attonsa

2076 3750 2242 3806 super
2276 3736 2399 3791 filiis
2425 3735 2698 3807 quondam
2724 3735 3136 3793 delicatissimis
3156 3779 3169 3803 ,
3202 3746 3256 3791 et
3288 3737 3333 3792 si
3364 3738 3495 3809 quid
3520 3739 3674 3794 dein-

2076 3846 2205 3899 ceps
2234 3839 2488 3887 renatum
2514 3831 2751 3901 pilorum
2775 3830 2876 3887 fuit
2900 3874 2914 3900 ,
2959 3831 3061 3887 alia
3092 3830 3352 3903 deinceps
3385 3849 3573 3890 rasura
3617 3843 3671 3890 ct

2077 3926 2392 3982 attonsione
2420 3932 2729 3982 truncatum
2764 3935 2868 3982 est.
2899 3922 3054 3981 Tunc
3095 3923 3277 3982 omnia
3320 3924 3545 3982 consilia
3576 3944 3671 3984 eo-

2079 4033 2201 4074 rum
2236 4033 2394 4075 versa
2434 4019 2641 4074 suntin
2676 4018 2951 4087 laborem,
2990 4029 3045 4075 et
3081 4034 3201 4087 quae
3233 4022 3623 4091 cogitaverunt
3663 4064 3675 4088 ,

2078 4121 2258 4169 mente
2286 4124 2340 4169 et
2369 4112 2546 4168 anima
2576 4112 2895 4168 dormiente
2923 4155 2937 4178 ,
2963 4112 3264 4170 attulerunt
3288 4116 3370 4169 eis
3416 4113 3627 4170 labores
3661 4135 3673 4169 :

2076 4220 2307 4277 quaeque
2358 4207 2569 4276 operati
2622 4211 2786 4272 sunt,
2845 4204 3026 4259 statim
3085 4214 3142 4259 ut
3199 4205 3289 4260 lux
3349 4203 3552 4261 Christi
3621 4216 3672 4262 et

2076 4300 2220 4355 ultio
2251 4299 2541 4370 apparuit,
2598 4296 2920 4355 conturbata
2952 4305 3100 4353 sunt.
3142 4297 3277 4353 Cum
3309 4300 3456 4355 enim
3508 4300 3673 4372 legis-

2075 4404 2197 4451 sent
2226 4393 2428 4448 vicisse
2460 4390 2626 4447 Israel
2649 4434 2664 4460 ,
2707 4390 2925 4461 quando
2978 4389 3195 4463 Moyses
3224 4407 3417 4447 manus
3468 4392 3675 4448 levavit

2077 4489 2144 4545 ad
2175 4487 2466 4543 Dominum
2497 4528 2513 4554 ,
2565 4494 2881 4557 superatum
2908 4499 3033 4541 esse
3065 4486 3132 4539 ab
3162 4485 3385 4542 Amalec
3410 4530 3423 4555 ,
3457 4487 3675 4557 quando

374 4576 503 4632 retis
524 4574 666 4631 colla
716 4586 917 4643 vestra,
969 4589 1145 4633 utnon
1193 4578 1472 4635 mbulatis
1502 4581 1631 4636 recti
1660 4585 1713 4648 έ-
1762 4582 1970 4643 subito:
2000 4562 2057 4626 Π
2078 4582 2294 4651 Moyses
2322 4581 2463 4635 lassa
2494 4578 2717 4634 brachia
2748 4576 3062 4647 deponehat
3084 4575 3293 4649 (Exod.
3325 4578 3477 4649 xvn)
3504 4620 3520 4647 ,
3562 4595 3669 4635 non

373 4672 496 4739 quia
515 4680 713 4744 tempus
736 4674 1016 4739 pessimum
1041 4683 1133 4730 est.
1162 4674 1228 4730 In
1249 4678 1333 4730 die
1347 4676 1442 4731 illa
1458 4688 1689 4733 sumetur
1707 4694 1862 4749 super
1877 4694 1965 4734 vos

373 4764 653 4836 parabole,
682 4774 730 4820 et
752 4767 1024 4839 plangetur
1045 4770 1282 4841 planettts
1308 4772 1363 4824 in
1408 4771 1606 4825 cantico
1628 4772 1907 4827 dicentium
1950 4790 1966 4827 :

377 4853 593 4912 Miseria
615 4855 643 4896 ι)
673 4858 851 4914 miseri
873 4858 1001 4929 facti
1019 4877 1197 4916 sumus
1214 4906 1228 4930 ,
1254 4878 1375 4935 pars
1394 4862 1581 4935 populi
1612 4864 1711 4917 mei
1734 4864 1970 4919 dimensa

374 4959 447 5003 est
487 4950 540 5004 in
579 4952 845 5021 funiculo,
897 4963 1078 5009 etnon
1126 4966 1235 5010 erat
1264 4958 1352 5025 qui
1392 4956 1686 5029 prohiberet
1725 4974 1872 5024 eum,
1911 4967 1969 5012 ut

373 5051 708 5100 averteretur.
748 5042 875 5117 Agri
906 5048 1069 5101 nostri
1111 5048 1266 5103 divisi
1290 5058 1411 5103 sunt
1441 5065 1460 5104 :
1489 5061 1699 5123 propter
1729 5050 1826 5106 hoc
1866 5068 1968 5106 non

372 5136 471 5190 erit
500 5136 591 5191 tibi
621 5139 827 5193 mittens
848 5140 1144 5210 funiculum
1172 5142 1225 5195 in
1256 5140 1580 5198 haereditate.
1610 5143 1765 5211 Quod
1794 5144 1847 5201 in
1864 5144 1971 5201 line

373 5231 775 5301 capitulijuxta
799 5233 1127 5289 llebraicum
1160 5234 1474 5305 posuimus,
1497 5237 1551 5291 in
1579 5246 1711 5291 cestu
1738 5238 1969 5302 Domini,

372 5373 463 5430 ltic
488 5373 591 5431 loci
621 5374 688 5430 ad
717 5389 936 5430 sensum
963 5372 1284 5443 Scripturte,
1316 5389 1422 5430 non
1451 5375 1517 5429 ad
1558 5374 1723 5431 verba
1782 5384 1962 5432 atten-

371 5445 566 5513 debat;
598 5460 697 5502 nec
722 5444 999 5519 Comicum
1032 5454 1225 5501 testem
1254 5460 1367 5501 sum
1417 5445 1704 5519 sententiae
1746 5445 1966 5502 habuis-

372 5529 479 5581 set,
515 5519 618 5574 nisi
678 5517 908 5575 verbum
968 5519 1268 5574 senectutis
1318 5517 1591 5588 posuisset
1642 5520 1693 5573 in
1739 5519 1970 5575 recitato

373 5590 573 5661 psalmi
597 5606 669 5646 cn
706 5590 1001 5645 versiculo.
1045 5590 1222 5645 MART.

449 5672 473 5701 ⁸·
514 5662 575 5718 In
601 5663 824 5718 instanti
851 5663 1055 5718 habent
1082 5662 1194 5717 duo
1251 5676 1383 5717 mss.
1431 5660 1519 5717 hic
1549 5662 1883 5733 concupiunt,
1917 5672 1970 5718 et

371 5748 499 5791 mox
538 5735 946 5791 calumniantur.

448 5806 472 5845 ι’
506 5807 735 5863 Palatio.
770 5822 902 5861 mss.
937 5805 1143 5861 miseria
1164 5806 1355 5859 vastati
1375 5820 1573 5862 smus.

2076 4676 2399 4732 levaverunt
2420 4673 2488 4730 ad
2520 4672 2808 4728 Dominum
2842 4687 3031 4726 manus
3062 4682 3188 4726 snas
3217 4714 3231 4736 ,
3284 4670 3381 4727 sed
3405 4673 3588 4728 omnia
3615 4673 3665 4727 in

2077 4783 2344 4840 pauperes
2380 4776 2437 4825 et
2468 4767 2681 4838 plebem
2734 4766 2951 4822 Domini
2998 4765 3204 4822 scelera
3249 4779 3663 4838 perpetrantes,

2072 4862 2523 4919 desideraverunt
2546 4875 2706 4931 agros
2728 4904 2740 4927 ,
2774 4866 2829 4914 et
2858 4856 3189 4929 pupillorum
3217 4857 3408 4916 domos
3432 4858 3665 4930 diripie-

2075 4954 2203 5009 bant
2227 4997 2242 5021 ,
2284 4967 2348 5008 ac
2381 4954 2555 5007 virum
2606 4952 2813 5022 pariter
2845 4959 2901 5006 et
2948 4966 3174 5006 uxorem
3208 4951 3667 5023 liberosque‘ejus

2074 5059 2130 5107 et
2160 5049 2523 5105 substantiam
2555 5047 3049 5117 depopulabantur.
3078 5047 3376 5120 Propterea
3406 5048 3669 5118 cogitavit

2078 5143 2203 5217 [ΑΙ.
2231 5140 2540 5213 cegitabat]
2567 5140 2829 5195 Dominus
2860 5140 2999 5195 mala
3033 5150 3198 5210 super
3228 5140 3427 5195 tribuni
3476 5140 3619 5194 illam
3653 5159 3665 5189 :

2078 5216 2418 5309 nequaquam
2450 5234 2476 5271 ά
2509 5216 3003 5290 ᾰοοιιροὶηῐίνίδυε
3028 5274 3041 5299 ,
3088 5232 3182 5288 sed
3230 5231 3428 5285 tribum
3471 5230 3672 5287 malitia

2152 5388 2173 5447 ς
2207 5374 2388 5447 verba
2406 5375 2545 5447 quod
2573 5374 2747 5447 irroga
2782 5371 2844 5447 in
2878 5369 3082 5447 nostris
3113 5383 3249 5447 mss.
3269 5366 3672 5447 desiderantur.

2148 5444 2174 5484 ἀ
2208 5440 2427 5502 Nostri'
2460 5461 2588 5501 mss.
2642 5440 2703 5499 5ιὶ
2759 5442 3030 5497 duodecim
3093 5440 3344 5496 tribubus.
3406 5440 3673 5498 (Ia-torum

2078 5534 2200 5574 cum
2260 5517 2502 5573 Victorio
2556 5532 2621 5571 ex
2680 5524 2889 5584 septem
2940 5510 3279 5572 Florentiae,
3329 5519 3391 5584 ct
3443 5526 3677 5583 quatuor

2080 5591 2287 5647 Brixim
2336 5604 2471 5644 mss.
2508 5583 2784 5655 legimus,
2838 5585 2927 5640 sed
2956 5586 3143 5641 tribum
3172 5583 3370 5638 malitia
3399 5594 3444 5638 et
3492 5589 3679 5641 scelere

2086 5664 2372 5736 foedatam,
2407 5675 2505 5736 pro
2534 5674 2640 5736 quo
2676 5657 2925 5713 Martiali.
2961 5657 3205 5723 retinuit,
3237 5656 3421 5713 tribum
3446 5657 3677 5729 malitia',

2087 5730 2131 5790 et
2163 5739 2214 5787 in
2246 5733 2433 5788 scelere
2466 5730 2781 5802 fa'deratnnt.
