4084 6340
480 261 622 318 “67

1732 256 1790 315 s.
1836 254 2113 316 unseen
2150 251 2528 343 HlERONYMI

3629 257 3746 319 1168

485 391 542 438 et
573 381 783 436 scelere
811 378 1064 436 lmdatatu
1085 420 1098 444 ,
1157 376 1226 434 de
1248 377 1446 449 quibus
1474 389 1582 432 non
1627 384 1927 446 potuerunt
1974 376 2085 432 ele-
2113 375 2167 438 Α
2191 377 2368 432 versis
2397 378 2541 434 vitiis
2568 392 2695 435 esse
2725 380 3053 450 possessas?
3082 377 3238 436 Alius
3272 377 3575 434 datmonum
3604 378 3749 432 mittit

483 492 614 532 vare
637 476 906 531 cervicem
934 516 950 540 ,
997 489 1100 528 nec
1131 483 1279 528 recte
1324 472 1604 529 incedere.
1637 471 1880 542 Denique
1909 485 2084 540 usque

485 572 556 627 ad
587 578 915 642 prtesentem
940 568 1082 623 diem
1105 567 1310 623 subditi
1343 577 1469 622 sunt
1520 567 1772 622 Romano
1805 565 2036 636 imperio
2067 605 2081 628 ,

485 674 543 720 et
585 671 906 735 premuntur
955 662 1293 734 captivitatis
1319 661 1490 732 jugo,
1547 670 1603 716 et
1638 660 1780 716 colla
1824 675 1931 715 non
1975 659 2088 714 cle-

484 768 637 814 vant.
672 755 825 823 Quod
855 764 1034 811 autem
1065 754 1310 824 sequitur
1341 757 1643 829 εὲξαίφνης,
1674 753 1725 808 id
1748 762 1828 808 est
1852 797 1866 821 ,
1893 751 2085 816 subito,

484 852 542 908 in
569 850 854 907 Hebraicis
901 848 1272 904 voluntinibus
1318 864 1424 903 non
1475 847 1742 912 habetur,
1795 855 1853 902 et
1908 857 2088 900 tamen

486 954 673 1018 potest
699 959 823 1001 cum
844 944 1102 1014 praesenti
1129 943 1248 997 loco
1273 942 1346 996 ita
1367 956 1671 1012 congruere
1689 983 1703 1006 ,
1736 950 1795 995 ut
1819 940 2087 995 dicamus:

487 1040 791 1108 Propterea
820 1037 940 1092 haec
971 1036 1103 1092 dicit
1137 1037 1404 1091 Dominus
1431 1055 1444 1090 :
1486 1037 1627 1092 Ecce
1653 1051 1756 1104 ego
1790 1034 1973 1106 cogito
1993 1049 2090 1089 su-

486 1147 588 1204 per
623 1128 827 1185 tribum
857 1129 1017 1184 istam
1045 1129 1185 1184 mala
1231 1129 1450 1195 subito,
1501 1129 1570 1184 de
1599 1129 1798 1197 quibus
1829 1143 1935 1181 non
1967 1141 2094 1198 pos-

492 1223 606 1280 sint
638 1221 754 1295 [AL
791 1219 1300 1292 possunt]elevare
1340 1223 1588 1278 cervices
1618 1235 1782 1286 suas,
1832 1228 1887 1276 et
1922 1219 1991 1275 ob
2039 1219 2092 1274 id

493 1318 716 1372 elevare
744 1329 853 1370 non
879 1322 1164 1386 poterunt,
1196 1317 1322 1387 quia
1351 1325 1570 1386 tempus
1601 1316 1804 1371 malum
1838 1323 1944 1370 est.
1977 1315 2096 1370 Sic-

489 1419 550 1466 ut
579 1410 728 1467 enim
774 1408 917 1462 mala
946 1409 1161 1476 Operati
1190 1421 1319 1463 sunt
1341 1419 1534 1464 contra
1568 1410 1854 1464 Dominum
1882 1407 2092 1472 Iesum,

490 1499 573 1554 sic
618 1499 758 1554 mala
788 1500 1123 1568 captivitatis
1173 1511 1451 1571 perpetuae
1495 1501 1878 1567 sustinebunt,
1935 1508 1992 1555 et
2041 1500 2096 1554 in

501 1601 706 1648 tantam
731 1594 949 1648 venient
973 1597 1315 1664 angustiam,
1347 1602 1405 1649 ut
1434 1594 1621 1650 omnia
1644 1609 1832 1650 eorum
1863 1593 2095 1661 cantica,

497 1697 554 1742 et
583 1687 774 1758 psalmi
805 1697 1087 1743 vertantur
1119 1689 1172 1742 in
1223 1688 1448 1744 luctum.
1481 1689 1733 1761 Nihilque
1759 1691 1904 1744 aliud
1935 1704 2104 1745 nove-

2187 469 2569 528 lornicationis
2600 472 2937 536 funiculum,
2967 474 3109 528 alius
3150 473 3397 528 avaritia
3429 490 3442 526 :
3483 472 3570 528 ille
3603 471 3750 527 homi-

2189 566 2355 636 cidii,
2417 567 2503 623 hic
2532 568 2764 638 perjurii
2817 569 2992 626 lineas
3037 569 3213 626 tendit
3254 584 3423 640 :pars
3470 567 3639 640 populi
3666 567 3750 624 Dei

2189 657 2364 714 divisa
2387 669 2474 716 est
2496 661 2550 715 in
2575 661 2814 716 funiculo
2839 680 2850 716 :
2887 669 2943 717 et
2963 662 3078 732 agri
3101 661 3376 732 quondam
3399 659 3686 716 sanctitatis
3706 668 3753 714 et

2191 753 2466 824 paradisi,
2499 770 2730 825 quorum
2764 755 2935 812 odore
2961 755 3343 812 delectabatur
3369 755 3517 810 lsaac
3547 755 3596 810 in
3613 753 3756 811 Jacob

2189 845 2304 900 ﬁlio
2334 862 2436 902 suo
2465 846 2632 919 (Gen.
2667 865 2779 905 xvn
2801 849 2819 921 )
2842 895 2857 919 ,
2896 849 3086 906 traditi
3118 862 3244 905 sunt
3273 850 3538 923 Assyriia,
3559 850 3757 918 regique

2192 941 2519 1013 Babylonio.
2554 944 2616 998 Et
2653 945 2982 1000 habentibus
3009 944 3267 1015 vulpibus
3293 943 3481 999 foveas
3500 989 3514 1013 ,
3542 941 3689 1016 452
3713 950 3760 998 et

2191 1032 2508 1089 volucribus
2553 1035 2678 1091 cmli
2733 1036 2889 1091 nidos
2917 1080 2933 1104 ,
2991 1035 3168 1090 Filius
3201 1035 3440 1090 hominis
3471 1051 3575 1090 non
3619 1035 3758 1090 habet

2192 1126 2285 1181 ubi
2314 1135 2478 1197 caput
2511 1142 2668 1182 suum
2695 1129 2933 1184 reclinet
2962 1127 3143 1201 (Matt.
3176 1145 3274 1184 vm
3299 1129 3338 1200 ).
3371 1129 3604 1200 Exposui
3629 1127 3759 1198 juxta

2193 1223 2338 1290 quod
2369 1223 2476 1278 mei
2509 1222 2767 1294 ingenioli
2788 1225 3140 1293 patiebantur
3157 1225 3456 1296 angustiae,
3488 1224 3758 1294 etprimam

2195 1313 2264 1368 ab
2293 1313 2567 1386 Assyriis,
2600 1315 3029 1388 Babyloniisque
3056 1317 3246 1387 populi
3275 1315 3640 1388 captivitatem
3665 1358 3678 1382 ,
3717 1325 3766 1371 et

2195 1406 2491 1462 secundam
2521 1422 2552 1462 a
2576 1406 2866 1475 Romanis,
2899 1410 3026 1478 quia
3050 1409 3342 1464 Dominum
3371 1408 3762 1473 cruciﬁxeruut,

2198 1507 2254 1554 et
2292 1499 2510 1554 tertiam
2559 1500 2942 1571 spiritualem,
2997 1517 3105 1573 qna
3140 1502 3518 1573 unusquisque
3546 1511 3765 1556 nostrum

2200 1607 2324 1648 cum
2356 1592 2528 1648 Adam
2561 1593 2630 1649 de
2657 1593 2914 1664 paradiso
2943 1595 3179 1661 cecidit,
3219 1603 3276 1650 et
3305 1596 3358 1650 in
3405 1593 3567 1663 hujus
3612 1594 3768 1650 mundi

2199 1688 2516 1758 captivitate
2538 1700 2792 1744 versatur
2814 1731 2830 1756 ,
2881 1691 2953 1745 de
2981 1705 3084 1761 qua
3112 1706 3240 1746 cum
3263 1693 3484 1745 venerit
3513 1689 3768 1752 Dominus,

494 1781 571 1836 rit
593 1781 826 1850 populus
857 1781 1038 1851 loqui,
1073 1782 1178 1836 nisi
1212 1784 1316 1838 hoc
1347 1801 1359 1837 :
1409 1783 1618 1837 miseria
1653 1785 1826 1838 miseri
1854 1784 1980 1852 [acti
2002 1801 2092 1837 su-
2125 1771 2173 1831 Β
2199 1781 2372 1852 eriget
2398 1780 2568 1836 elisos
2598 1826 2613 1850 ,
2655 1790 2714 1837 et
2754 1781 2934 1839 solvet
2972 1783 3320 1854 compeditos
3344 1781 3532 1855 (Psal.
3574 1781 3768 1855 cxuv):

494 1891 632 1930 mus.
658 1874 831 1931 Terra
855 1875 1062 1946 quippe
1087 1877 1534 1946 repromissionis
1555 1895 1680 1950 quze
1711 1880 1862 1949 prius
1884 1879 2096 1935 duabus

499 1976 554 2024 et
601 1967 767 2022 semis
804 1968 1055 2024 tribubus
1096 1980 1248 2025 sorte
1297 1969 1470 2026 divisa
1509 1971 1685 2027 fuerat
1719 1983 1867 2028 trans
1904 1972 2099 2028 Jorda-

496 2077 620 2116 nem
645 2103 659 2127 ,
691 2061 877 2134 Moyse
904 2065 1155 2120 mittente
1177 2063 1477 2120 funiculum
1505 2108 1519 2130 ,
1561 2075 1617 2121 et
1648 2076 1840 2137 postea
1873 2067 1942 2121 ab
1967 2066 2096 2122 Jesu

493 2154 641 2211 Nave
692 2155 947 2211 tribubus
996 2156 1224 2226 reliquis
1249 2155 1411 2230 451
1442 2157 1761 2230 dispertita,
1797 2160 1914 2215 haec
1967 2176 2099 2230 gen-

488 2249 639 2306 tibus
681 2249 928 2304 Romano
985 2265 1242 2307 mensure
1288 2251 1461 2305 divisa
1519 2261 1603 2307 est
1640 2271 1654 2307 :
1688 2261 1742 2308 et
1792 2267 1952 2308 nemo
1997 2251 2100 2306 fuit

491 2341 585 2412 qui
620 2342 979 2411 prohiberet,
1012 2343 1144 2412 quin
1177 2344 1364 2412 potius
1392 2358 1514 2399 cum
1540 2346 1825 2400 universas
1854 2345 2100 2400 obtineat

495 2434 782 2500 nationes,
827 2435 1018 2490 nullus
1041 2443 1128 2490 est
1153 2451 1221 2490 ex
1246 2435 1454 2491 Judaeis
1481 2438 1574 2507 qui
1597 2437 1878 2508 antiquum
1909 2438 2100 2507 pristi-

495 2543 566 2584 na
596 2528 848 2584 libertate
881 2528 1158 2597 possideat
1187 2530 1386 2584 solum.
1412 2529 1567 2598 Quod
1600 2532 1646 2586 si
1689 2531 1904 2586 tertiam
1931 2547 2102 2601 expo-

502 2623 759 2678 sitionem
802 2623 957 2692 sequi
995 2623 1366 2690 voluerimus,
1397 2637 1618 2677 omuem
1640 2666 1655 2690 ,
1688 2623 1756 2679 de
1802 2640 1904 2695 qua
1938 2639 2101 2695 supra

499 2714 748 2769 dixeram
775 2755 790 2780 ,
841 2713 908 2768 ad
941 2714 1180 2768 animam
1214 2716 1509 2770 humanam
1543 2730 1855 2772 sermonem
1884 2715 2048 2787 dirigi
2083 2760 2098 2784 ,

502 2823 625 2878 qute
679 2805 748 2862 de
803 2805 1056 2876 paradiso
1095 2821 1362 2863 corruens
1414 2807 1470 2862 in
1526 2808 1896 2878 captivitatem
1945 2809 2104 2878 hujus

501 2900 691 2957 mundi
717 2900 966 2956 venerit:
1001 2900 1310 2956 videbimus
1333 2901 1476 2972 quod
1500 2902 1678 2956 omnis
1704 2901 2104 2973 Cogitationes-

504 3004 589 3050 tra
640 2994 798 3049 labor
825 3002 880 3049 et
925 2993 1216 3062 dolorsit,
1265 3005 1321 3051 et
1351 2995 1553 3050 cubilia
1585 3006 1767 3050 nostra
1801 2997 1963 3067 plena
1993 2998 2103 3052 sint

503 3087 704 3152 malis,
755 3094 813 3141 et
852 3086 945 3142 lux
997 3086 1116 3156 ipsa
1162 3102 1284 3158 quae
1327 3087 1584 3153 videtur,
1639 3089 1806 3143 mixta
1849 3089 1922 3144 sit
1949 3101 2102 3146 tene—

2197 1883 2252 1928 et
2273 1873 2523 1944 captivos
2548 1874 2830 1946 quondam
2861 1875 3104 1944 diaboli,
3135 1877 3366 1932 reducet
3390 1875 3444 1932 in
3489 1877 3768 1946 possessio-

2198 1985 2325 2024 nem
2360 1985 2516 2025 suam
2547 2012 2563 2038 ,
2617 1979 2673 2026 et
2725 1971 3092 2042 complebitur
3119 1987 3305 2029 sermo
3352 1971 3657 2028 Psalmistae
3698 1969 3771 2026 di-

2197 2063 2414 2117 centis:
2457 2064 2751 2118 Ascendens
2795 2065 2852 2119 in
2895 2063 3095 2132 altum,
3144 2067 3402 2138 captivam
3452 2065 3602 2120 duxit
3637 2063 3776 2132 capti-

2199 2156 2407 2211 vitatem
2433 2156 2453 2228 (
2475 2155 2621 2211 Psal.
2650 2173 2816 2220 LXVII,
2852 2157 2918 2213 l9
3011 2156 3178 2213 Juxta
3210 2173 3372 2229 quam
3399 2155 3776 2228 expOsitionem

2199 2259 2382 2321 potest
2429 2258 2484 2306 et
2519 2251 2591 2306 de
2636 2250 2886 2307 Ecclesia
2911 2262 3105 2321 quarta
3134 2252 3425 2322 captivitas
3466 2250 3681 2321 accipi,
3723 2248 3778 2304 de

2201 2359 2304 2417 qua
2333 2345 2706 2416 unusquisque
2731 2345 3012 2417 egreditur
3041 2361 3137 2417 per
3167 2356 3457 2417 peccatum
3483 2388 3501 2412 ,
3535 2355 3585 2401 et
3613 2353 3777 2416 postea

2201 2437 2273 2492 ab
2302 2437 2440 2492 Eara
2461 2479 2476 2504 ,
2500 2438 2591 2508 qui
2617 2437 3018 2510 interpretatur
3040 2440 3256 2510 adjutor
3275 2480 3291 2504 ,
3321 2439 3376 2494 id
3400 2448 3485 2494 est
3512 2480 3528 2504 ,
3557 2451 3779 2494 sermone

2202 2529 2300 2586 Dei
2351 2532 2635 2588 reducitur
2677 2532 2731 2588 in
2777 2531 3084 2589 Jerusalem
3117 2532 3181 2605 (l
3209 2531 3400 2588 Eadm:
3431 2530 3570 2603 ut).
3601 2531 3654 2588 Si
3681 2529 3782 2600 quis

2203 2634 2381 2680 autem
2417 2626 2471 2680 in
2503 2626 2649 2696 Lege
2683 2627 2899 2682 Domini
2931 2627 3022 2683 die
3045 2642 3110 2683 ac
3140 2637 3305 2683 nocte
3335 2626 3661 2693 meditatus,
3683 2639 3776 2680 ma-

2198 2718 2289 2787 jus
2323 2719 2512 2776 habuit
2537 2720 2808 2786 studimn,
2854 2723 3034 2793 majus
3067 2723 3350 2794 ingenium
3372 2765 3389 2790 ,
3421 2725 3631 2790 otium,
3675 2736 3780 2794 gra-

2206 2815 2443 2883 tiamque
2461 2854 2476 2877 ,
2503 2823 2558 2870 et
2580 2823 2760 2884 potest
2796 2815 2868 2872 de
2891 2819 3156 2886 prmsenti
3199 2817 3442 2890 capitulo
3469 2818 3780 2890 probabilius

2205 2907 2414 2976 aliquid
2445 2907 2635 2964 dicere
2659 2949 2675 2974 ,
2725 2925 2833 2965 non
2865 2910 3120 2978 invideo,
3172 2928 3282 2968 non
3311 2927 3589 2984 aspernor
3614 2953 3628 2977 ,
3673 2910 3780 2982 quin

2207 3001 2388 3070 potius
2418 3003 2580 3072 cupio
2608 3003 2678 3058 ab
2703 3017 2771 3059 eo
2800 3003 3013 3060 discere
3044 3006 3191 3077 quod
3225 3007 3451 3076 ignoro,
3487 3015 3548 3063 et
3577 3005 3780 3062 libenter

2208 3109 2295 3148 me
2323 3095 2652 3165 discipulum
2675 3096 2975 3166 proﬁtebor
2993 3139 3008 3165 ,
3039 3099 3341 3156 dummodo
3362 3099 3562 3156 doceat
3584 3140 3598 3162 ,
3625 3106 3780 3156 etnon

500 3179 659 3235 bris:
693 3194 924 3250 quaeque
947 3189 1108 3233 nocte
1140 3157 1434 3236 tractemus
1454 3223 1471 3250 ,
1497 3182 1552 3236 in
1575 3183 1806 3253 caligine
1831 3183 2105 3254 complea-
2129 3157 2176 3222 C
2208 3157 2484 3241 detrahat:
2535 3157 2690 3242 Nihil
2727 3187 2872 3243 enim
2913 3157 3022 3244 tam
3053 3189 3239 3259 facile,
3286 3206 3450 3260 quam
3495 3157 3715 3248 Otiosum
3739 3199 3784 3246 et

503 3289 647 3330 mus.
681 3273 812 3342 Quis
864 3273 1012 3329 enim
1064 3282 1316 3329 nostrum
1367 3275 1433 3330 ad
1465 3276 1636 3332 Deum
1681 3288 1900 3333 sanctas
1929 3280 2107 3333 elevat

504 3382 703 3424 manus
729 3367 848 3423 sine
872 3367 954 3422 ira
999 3376 1056 3424 et
1090 3367 1466 3439 cogitatione?
1513 3370 1648 3439 Quis
1679 3386 1785 3425 non
1830 3371 2108 3427 desiderat

505 3461 668 3516 villas
693 3461 850 3516 istius
886 3459 1075 3516 saeculi
1099 3505 1114 3530 ,
1150 3459 1357 3516 oblitus
1385 3465 1791 3532 possessionum
1820 3464 2104 3534 paradisi?

515 3554 708 3610 Videas
734 3553 871 3610 alios
916 3569 1075 3625 agros
1106 3555 1254 3626 agris
1279 3597 1295 3621 ,
1328 3568 1383 3612 et
1414 3558 1679 3612 terminos
1719 3558 1947 3630 juugere
1997 3567 2108 3615 ter-

508 3646 706 3713 minis,
762 3654 818 3701 et
847 3661 1014 3716 parvo
1062 3645 1304 3703 hominis
1355 3650 1684 3720 corpusculo
1716 3666 1844 3704 rura
1891 3652 2103 3707 urbium

509 3757 617 3794 non
651 3738 925 3796 sufﬁcere.
951 3739 1246 3811 Propterea
1272 3743 1474 3813 cogitat
1515 3743 1774 3799 Dominus
1797 3760 1966 3815 super
2005 3762 2104 3802 nos

508 3834 650 3889 mala
671 3875 686 3900 ,
742 3835 811 3887 de
833 3833 1032 3902 quibus
1065 3841 1286 3888 nostras
1311 3835 1531 3891 elevare
1558 3851 1899 3906 nequeamus
1938 3839 2103 3894 cervi-

507 3943 602 3984 ces
629 3968 643 3992 ,
692 3942 795 3982 nec
841 3927 1126 3982 ambulare
1167 3927 1344 3995 recti,
1391 3929 1517 3998 quia
1551 3939 1764 4000 tempus
1805 3931 2103 4001 pessimum

511 4031 598 4078 est
623 4063 637 4084 ,
683 4021 841 4089 juxta
863 4019 1090 4076 Joannis
1117 4022 1281 4075 verba
1307 4063 1323 4089 ,
1349 4023 1580 4077 dicentis
1614 4041 1626 4077 :
1665 4023 1896 4080 Mundus
1919 4027 1971 4080 in
2000 4043 2106 4080 ma-

510 4112 657 4182 ligno
698 4112 897 4182 positus
937 4121 1011 4166 est
1045 4111 1091 4184 (Ι
1109 4111 1273 4168 Joan.
1303 4131 1358 4182 ν,
1395 4114 1525 4187 19).
1558 4115 1794 4186 ldipsum
1835 4120 2107 4188 signiﬁcat

512 4215 566 4261 et
616 4204 703 4259 illa
753 4205 806 4259 itt
846 4205 1142 4276 Evangelia
1172 4206 1288 4261 ﬁlia
1330 4209 1604 4265 Abraham
1656 4213 1852 4270 nobilis
1882 4213 2103 4282 anima,

512 4313 678 4368 quam
708 4296 942 4352 Satanas
968 4297 1220 4352 vinxerat
1258 4309 1311 4354 et
1335 4299 1754 4372 incurvaverat,
1807 4315 1864 4362 et
1907 4307 2008 4361 nisi
2038 4308 2106 4364 ad

504 4390 801 4446 adventum
834 4390 1048 4445 Domini
1081 4393 1132 4445 in
1160 4391 1398 4449 sublime
1415 4395 1552 4466 erigi
1578 4407 1708 4452 ante
1737 4413 1845 4454 non
1879 4400 2058 4470 potuit
2087 4443 2102 4468 ,

510 4503 614 4543 nec
675 4502 832 4543 suum
881 4488 1162 4556 suspicere
1213 4487 1342 4560 [AL
1383 4491 1708 4568 suscipere]
1763 4495 2103 4552 Creatorem.

2208 3277 2576 3335 dormientem
2623 3280 2693 3336 de
2759 3282 3000 3338 aliorum
3057 3283 3246 3341 labore
3310 3294 3366 3341 et
3429 3285 3638 3356 vigiliis
3689 3283 3783 3340 dis-

2209 3384 2426 3442 putare.
2923 3379 2939 3394 '

2278 3465 2297 3536 (
2322 3465 2476 3520 Vere.
2506 3465 2665 3538 6-8.)
2700 3467 2784 3522 Ne
2808 3469 3096 3540 loquamini
3125 3472 3396 3543 loquentes
3424 3518 3439 3542 ,
3505 3492 3610 3530 non
3632 3475 3780 3530 stilla-

2208 3560 2278 3614 bit
2303 3575 2454 3628 super
2477 3561 2598 3616 istos
2623 3603 2639 3625 ,
2672 3578 2775 3616 non
2804 3565 3204 3635 comprehendet
3230 3567 3473 3637 confusio
3506 3613 3520 3637 ,
3559 3570 3680 3624 dicit
3699 3569 3778 3622 do-

2207 3670 2320 3708 mus
2346 3651 2528 3709 Iacob.
2564 3653 2834 3723 Numquid
2853 3657 3180 3715 abbreviatus
3211 3671 3286 3715 est
3313 3663 3536 3732 spiritus
3569 3664 3782 3728 Domini,

2207 3755 2297 3801 aut
2327 3748 2453 3802 tales
2474 3757 2596 3801 sunt
2617 3748 2955 3822 cegitationes
2975 3752 3086 3823 ejus
3109 3754 3132 3807 ?
3155 3753 3348 3809 Nonne
3365 3758 3524 3811 verba
3545 3774 3652 3812 mea
3675 3757 3784 3810 bona

2205 3852 2323 3896 sunt
2345 3858 2462 3895 cum
2481 3858 2542 3898 eo
2560 3843 2651 3912 qui
2681 3852 2816 3898 recte
2837 3844 3076 3913 graditur
3096 3849 3122 3901 ?
3159 3846 3228 3900 Et
3259 3851 3560 3906 econtrario
3591 3851 3787 3921 papulas

2208 3952 2352 3990 meus
2399 3937 2454 3990 in
2510 3937 2864 3992 adversarium
2915 3943 3276 4010 consurrexit,
3327 3944 3552 4018 desuper
3588 3945 3784 4000 (unicast

2205 4028 2428 4100 pallium
2453 4031 2769 4094 sustulistis,
2809 4041 2859 4086 et
2881 4049 2966 4087 eos
3003 4035 3094 4101 qui
3141 4036 3434 4092 transibant
3471 4039 3784 4108 simpliciter,

2206 4124 2527 4179 convenistis
2553 4125 2604 4178 in
2626 4123 2838 4182 bellum.
2873 4125 3015 4182 LXX
3049 4144 3063 4182 :
3092 4127 3160 4183 In
3200 4127 3440 4186 Ecclesia
3468 4129 3680 4187 Domini
3709 4147 3785 4184 no-

2207 4215 2299 4269 lite
2325 4217 2452 4286 ﬂere
2472 4215 2749 4288 lacrymis,
2780 4233 2942 4287 neque
2970 4220 3174 4290 plorent
3193 4238 3349 4294 super
3375 4222 3460 4277 his
3481 4225 3512 4278 .’
3560 4241 3660 4278 non
3676 4222 3787 4278 enim

2207 4307 2409 4380 objiciet
2438 4309 2718 4379 opprobria
2739 4354 2753 4378 ,
2797 4326 2916 4382 quas
2935 4311 3060 4366 dicit
3084 4328 3104 4368 :
3133 4313 3333 4369 Domus
3356 4313 3528 4372 Iacob
3556 4332 3780 4389 proma-

2207 4404 2279 4458 vit
2328 4405 2570 4477 spiritum
2599 4403 2844 4472 Domini,
2895 4407 2941 4460 si
2966 4407 3047 4462 Ita:
3069 4417 3190 4464 sunt
3238 4410 3628 4467 adirwentiones
3651 4415 3787 4484 ejus:

2211 4515 2382 4553 nonne
2406 4516 2670 4554 sermones
2690 4501 2804 4571 ejus
2828 4500 2950 4554 boni
2970 4511 3095 4555 sunt
3124 4519 3239 4557 cum
3269 4521 3327 4559 eo
3352 4545 3368 4567 ,
3421 4514 3473 4559 et
3493 4507 3620 4560 recti
3646 4504 3672 4544 δ
3695 4519 3789 4556 ant-

511 4582 667 4640 Unde
708 4583 961 4637 Salvator
1004 4582 1113 4637 ait:
1161 4582 1317 4638 Hanc
1339 4625 1356 4652 ,
1416 4585 1629 4656 inquit,
1681 4562 1844 4658 filiam
1884 4591 2106 4646 Abralue
2129 4562 2186 4625 D
2209 4591 2554 4647 bulaverunt?
2587 4591 2656 4646 Et
2685 4562 2832 4666 prius
2867 4595 3094 4666 populus
3125 4613 3266 4653 meus
3305 4562 3593 4655 inimicitiis
3628 4597 3789 4654 restitit

509 4692 668 4748 quam
710 4676 1020 4748 alligaverat
1048 4678 1275 4734 Sanatas
1295 4723 1308 4747 ,
1361 4696 1464 4735 non
1489 4683 1714 4754 oportuit
1741 4685 1870 4739 solri
1902 4686 1967 4741 de
1992 4689 2106 4743 vin-

516 4774 636 4828 culo
660 4775 760 4828 ista
787 4774 871 4828 die
885 4773 1083 4828 sabbati
1109 4773 1128 4846 (
1152 4774 1279 4829 Luc.
1311 4791 1433 4841 xm,
1461 4777 1596 4847 16)?
1624 4779 1755 4847 Quia
1780 4797 1910 4853 ergo
1941 4783 2112 4852 gloria

512 4875 698 4921 nostra
727 4866 904 4922 omnis
930 4873 1144 4922 attonsa
1171 4876 1297 4933 est,
1339 4879 1395 4924 et
1433 4869 1780 4928 dilatat-imus
1822 4892 2064 4930 rasuram
2090 4921 2105 4945 ,

510 4960 598 5013 vel
629 4970 649 4994 τ’
676 4960 964 5014 nuditatem
987 4970 1221 5016 nostram
1243 4962 1262 5032 (
1285 4963 1365 5018 sic
1389 4965 1534 5019 enim
1566 4964 1621 5020 in
1663 4968 1990 5036 quibusdam
2017 4986 2111 5025 co-

509 5051 727 5109 dicibus
780 5053 1096 5125 invenitur)
1143 5053 1292 5109 missi
1342 5065 1469 5111 sunt
1515 5057 1607 5128 qui
1651 5073 1750 5114 nos
1790 5061 2106 5132 plangerent

508 5160 630 5200 Cllnl
661 5145 895 5201 Jeremia
925 5192 939 5215 ,
983 5156 1037 5200 et
1074 5156 1364 5203 sumerent
1403 5164 1567 5219 super
1607 5167 1706 5206 nos
1745 5156 2062 5222 parabolam
2091 5200 2107 5225 ,

510 5242 567 5286 et
606 5230 852 5286 dicerent
886 5246 1010 5286 cum
1049 5231 1314 5302 Apostolo
1340 5251 1354 5287 :
1377 5234 1588 5306 Lugebo
1612 5237 1796 5294 multos
1820 5245 1906 5308 qui
1928 5260 2111 5313 pecca-

503 5331 688 5376 uerunt
713 5364 728 5388 ,
761 5331 809 5375 et
853 5331 1188 5392 nonegerunt
1218 5327 1576 5394 paenitentiam
1605 5327 1674 5392 (Il
1699 5327 1818 5383 Cor.
1845 5348 1948 5398 xu,
1971 5335 2035 5389 2|
2065 5338 2106 5406 ).

501 5414 638 5482 Quis
696 5415 840 5470 enim
885 5430 991 5470 non
1053 5417 1276 5487 plangat
1331 5419 1524 5474 videns
1584 5419 1848 5478 humanas
1901 5428 2112 5488 animas

501 5507 657 5577 quasi
694 5507 901 5563 variam
961 5510 1399 5580 suppellectilem
1445 5529 1476 5568 a
1535 5513 1875 5573 daemonibus
1919 5532 1970 5576 et
2027 5524 2112 5580 di-

574 5653 599 5679 α
620 5643 922 5720 Ρτωῐετιιῃι
945 5644 1052 5700 duo
1074 5644 1306 5702 Palatio.
1336 5664 1466 5704 mss.
1490 5650 1887 5711 viduitatem:in
1907 5657 2098 5720 Graeco

509 5724 699 5790 autem
719 5728 803 5770 est
827 5717 1112 5790 γύμνωσιν.
1154 5720 1459 5777 nuditatem.

573 5784 597 5825 ιι
627 5784 792 5840 iidem
836 5784 984 5844 'm'ss.
1044 5788 1131 5843 hic
1156 5830 1172 5857 ,
1220 5793 1366 5860 jam,
1423 5794 1672 5853 voculam
1715 5795 2050 5865 interserunt
2079 5851 2094 5878 ,

2208 4696 2386 4742 contra
2428 4703 2606 4756 pacem
2644 4706 2789 4743 suam
2817 4706 2836 4744 :
2871 4691 3060 4762 pellem
3103 4693 3219 4760 ejus
3268 4694 3692 4761 excoriavertmt,
3741 4699 3787 4745 ut

2209 4780 2474 4849 auferrent
2499 4798 2641 4852 spem
2669 4782 3034 4837 contritionem
3061 4782 3206 4839 belli.
3239 4785 3316 4841 Ne
3341 4786 3641 4857 loquamini
3670 4827 3685 4852 ,
3713 4784 3791 4839 in-

2210 4876 2358 4944 quit,
2394 4875 2684 4945 loquentes
2712 4891 2729 4942 ;
2763 4891 2863 4948 pro
2892 4893 3002 4948 quo
3031 4878 3428 4950 interpretatus
3455 4889 3541 4936 est
3571 4877 3787 4949 Aquila:

2213 4985 2276 5023 ne
2329 4968 2534 5024 stilletis
2577 4968 2856 5035 stillantes,
2886 4970 3162 5041 quondam
3193 4971 3456 5028 idiomate
3500 4972 3788 5032 Hebraico.

2213 5061 2489 5131 eloquium
2560 5062 2629 5116 ab
2690 5077 2760 5118 eo
2832 5062 2974 5132 quod
3029 5063 3163 5119 ﬂuat
3208 5074 3264 5119 et
3316 5064 3385 5120 ad
3449 5079 3618 5121 aures
3683 5077 3790 5132 per-

2213 5157 2398 5212 veniat
2480 5155 2818 5212 audientium
2867 5201 2882 5225 ,
2969 5157 3023 5212 in
3108 5157 3522 5214 similitudinem
3613 5155 3790 5228 pluvia:

2209 5249 2372 5322 453
2401 5249 2806 5316 descendentis,
2831 5249 3190 5307 stillationem
3217 5266 3443 5308 vocans.
3475 5251 3660 5307 Nolite
3701 5260 3789 5302 vos

2211 5342 2488 5413 decipere,
2517 5359 2549 5397 o
2578 5344 2772 5398 domus
2802 5341 2998 5412 Jacob,
3023 5353 3080 5399 et
3118 5344 3172 5398 in
3219 5344 3654 5399 consolationem
3687 5355 3791 5396 mu-

2213 5445 2361 5492 tuam
2389 5436 2596 5505 dicere,
2632 5437 2774 5492 Deus
2801 5437 2976 5492 bonus
3004 5447 3090 5492 est
3125 5455 3139 5494 :
3174 5453 3281 5493 non
3310 5436 3487 5493 veniet
3517 5433 3792 5502 captivitas

2211 5545 2374 5601 quam
2428 5531 2722 5599 titnemus.‘
2741 5529 2879 5586 Num
2905 5531 3054 5601 larga
3101 5530 3220 5600 ejus
3264 5529 3688 5596 misericordia,
3743 5533 3791 5581 ct

2208 5669 2371 5747 paulo
2408 5679 2595 5747 autem
2636 5679 2760 5747 post
2803 5669 3019 5747 delent,
3063 5687 3226 5742 spem.
3261 5671 3784 5747 Pro_coutritionent.

2218 5739 2489 5818 Victorius
2511 5739 2894 5818 contritionmn
2913 5743 3043 5818 legit
3061 5758 3076 5809 ;
3093 5739 3193 5801 'est
3221 5759 3354 5802 vero
3379 5744 3436 5801 in
3458 5743 3648 5801 Greco
3693 5739 3788 5792 uli-

2206 5813 2329 5870 nori
2354 5824 2585 5871 numero
2608 5816 2949 5894 συντριμμὸν.
