4078 6342
382 351 517 409 “69

1173 351 1825 413 COMMENTARIURUM
1865 356 1929 411 ΙΝ
1971 352 2313 414 ΜΙϐΗιΕΑΜ
2351 358 2483 416 LIB.
2529 362 2571 417 Ι.
2613 362 2768 419 CAP.
2810 363 2875 420 ll.

3544 364 3681 424 H70

373 466 845 524 clementissimus
871 468 1123 538 spiritus,
1155 470 1247 541 qui
1276 474 1387 526 late
1426 480 1483 527 et
1510 472 1857 528 abundanter
1887 487 1974 528 or-
2000 474 2051 536 Α
2081 489 2204 531 nem
2237 478 2439 546 putetis
2468 497 2478 531 :
2511 482 2884 553 unusquisque
2914 499 2973 539 se
3013 500 3078 541 ex
3124 485 3238 540 suis
3270 485 3477 542 viribus
3508 529 3522 551 ,
3575 503 3685 543 non

374 573 462 621 tus
485 576 567 621 est
588 565 867 632 omnibus;
895 575 1105 621 tantum
1131 567 1185 621 in
1209 568 1370 622 nobis
1391 568 1801 624 abbreviabitur
1817 579 1870 623 et
1892 584 1979 625 sc-

374 675 538 716 verus
568 661 829 716 erit?aut
863 662 1245 729 hujuscemodi
1278 672 1409 716 sunt
1439 662 1805 732 cogitationes
1832 662 1975 733 ejus,

373 758 563 829 quales
591 758 642 811 in
676 756 990 811 hominibus
1012 756 1294 812 cernimus
1319 796 1336 825 ,
1381 765 1442 811 ut
1463 757 1741 827 antiquam
1789 765 1981 812 teneat

376 848 741 914 iracundiam,
777 860 831 904 et
858 848 924 903 ad
958 848 1254 903 vindictam
1292 850 1476 905 lurore
1510 850 1692 905 subito
1721 851 1975 906 concite-

375 943 501 998 tur?
545 943 628 998 Ad
670 957 788 1013 qua:
820 942 1104 1011 reSpondit
1150 942 1467 999 Dominus:
1510 942 1694 998 Bonus
1750 943 1973 1013 quidem

372 1052 515 1104 sum,
542 1048 596 1094 et
626 1037 790 1094 verba
821 1052 940 1093 mea
967 1047 1169 1093 sonant
1199 1037 1550 1093 clementiam
1583 1054 1596 1091 :
1628 1038 1723 1091 sed
1750 1037 1817 1091 ad
1851 1051 1973 1103 eos,

370 1134 465 1204 qui
494 1140 647 1188 recto
680 1131 881 1188 itinere
925 1133 1273 1203 gradiuntur.
1324 1132 1427 1200 Qui
1455 1145 1638 1188 autem
1662 1177 1675 1199 ,
1715 1148 1819 1186 non
1852 1132 1976 1187 dico

370 1228 521 1294 olim,
555 1228 650 1283 sed
686 1227 951 1283 hesterno
977 1227 1065 1282 die
1096 1226 1149 1281 in
1183 1227 1576 1283 contumeliam
1610 1242 1786 1281 meatu
1815 1241 1975 1280 vene-

373 1332 526 1378 ratus
551 1330 637 1377 est
659 1322 801 1377 idola
827 1363 841 1389 ,
873 1334 931 1378 et
959 1330 1222 1392 quantum
1250 1323 1301 1375 in
1340 1321 1461 1391 ipsn
1509 1322 1609 1374 fuit
1634 1362 1649 1386 ,
1683 1319 1968 1392 tyrannica

372 1414 667 1472 adversum
702 1432 788 1471 me
837 1431 988 1470 arma
1030 1415 1339 1485 corripuit,
1368 1415 1459 1486 qui
1490 1414 1760 1469 infelicem
1794 1427 1968 1482 popu-

374 1510 483 1564 lum
514 1509 849 1579 exsmiliavit
875 1507 1082 1564 auxilio
1113 1508 1241 1572 Dei,
1267 1519 1324 1563 et
1367 1509 1526 1579 quasi
1559 1506 1795 1577 desuper
1820 1506 1968 1560 tuni-

374 1618 522 1672 cam,
559 1614 585 1641 ⁸
614 1605 836 1676 pallium
870 1603 1019 1670 tulit,
1040 1604 1132 1676 qui
1164 1603 1446 1673 simplices
1474 1617 1720 1673 quosque
1741 1602 1970 1657 creden-

370 1697 504 1753 tium
560 1707 616 1755 et
659 1698 1081 1771 acquiescentes
1128 1699 1445 1753 auctoritati
1474 1698 1741 1765 majorum
1772 1707 1963 1752 contra

368 1808 456 1848 tne
486 1795 652 1848 vertit
694 1795 745 1848 in
799 1793 1004 1850 bellum
1034 1834 1049 1861 ,
1093 1794 1356 1864 numquid
1389 1808 1497 1848 non
1542 1792 1769 1847 stillabit
1799 1806 1965 1862 super

2077 583 2145 624 ex
2178 570 2547 628 imbecillitate
2574 576 2799 630 alterius
2840 579 3121 634 metiatur.
3173 580 3390 650 Alioqui
3438 597 3559 651 qua:
3598 590 3688 637 est

2078 663 2433 734 istajustitia,
2467 682 2653 724 ramos
2693 671 2925 726 oleastri
2976 674 3239 731 insultare
3282 677 3453 731 ramis
3502 676 3687 743 olivae,

2079 757 2167 828 qui
2199 768 2423 826 promer
2452 761 2830 818 infidelitatem
2863 781 3015 820 suam
3047 770 3203 824 fracti
3237 768 3465 826 fuerunt
3493 770 3676 843 (Rom.

2081 846 2188 917 χι),
2222 860 2276 905 et
2298 852 2506 919 dicere,
2537 853 2731 910 domus
2758 855 2929 911 Jacob
2960 860 3026 913 ad
3060 861 3395 917 iracundiam
3424 862 3681 931 Spiritum

2081 944 2295 998 Domini
2332 949 2666 1015 provocavit,
2700 950 3037 1006 interficiens
3066 954 3382 1024 prophetas,
3410 955 3553 1010 idola
3581 970 3676 1010 co-

2079 1036 2221 1105 lens,
2256 1038 2345 1092 Dei
2380 1040 2546 1094 tilium
2579 1042 2951 1113 crucifigens?
2980 1044 3082 1111 Qui
3113 1047 3214 1101 hoc
3241 1046 3364 1103 facit
3391 1088 3406 1115 ,
3442 1063 3549 1102 non
3572 1049 3682 1102 erit

2075 1131 2145 1185 ah
2171 1132 2467 1201 opprobrio
2496 1135 2704 1189 alienus
2726 1178 2739 1201 ,
2764 1148 2817 1191 et
2850 1151 2912 1192 ea
2940 1152 3198 1193 mensura
3248 1156 3351 1210 qua
3381 1140 3674 1210 judicavit,

2070 1226 2406 1297 judicabitur
2431 1228 2500 1283 de
2531 1245 2598 1283 eo
2627 1250 2640 1284 :
2671 1239 2726 1286 et
2755 1232 3029 1300 quomodo
3062 1233 3185 1299 ipse
3226 1235 3295 1290 de
3325 1238 3561 1304 peccatis
3583 1238 3672 1289 lo-

2075 1321 2257 1392 quitur
2286 1322 2627 1387 cet-ruentis;
2683 1325 2752 1379 ita
2780 1325 2923 1379 alius
2951 1326 3122 1380 ruinie
3154 1325 3301 1382 illius
3352 1327 3664 1383 insultabit.

2074 1417 2334 1485 Sequitur
2363 1438 2375 1472 :
2401 1417 2461 1472 Si
2482 1416 2564 1472 hie
2583 1418 2969 1474 adinrentiones
2990 1423 3105 1493 ejus
3135 1429 3257 1474 sunt
3286 1435 3494 1475 :nonne
3520 1419 3677 1473 verba

2072 1511 2185 1581 ejus
2212 1508 2344 1562 bona
2373 1519 2496 1563 sunt
2519 1527 2635 1564 cum
2678 1527 2737 1565 eo
2764 1552 2778 1578 ,
2821 1521 2869 1565 et
2902 1514 3025 1566 recti
3055 1511 3491 1567 ambulaverunt?
3519 1510 3675 1579 Qttod

2070 1601 2319 1664 offendit,
2344 1603 2442 1669 ait,
2466 1602 2723 1659 Judaicus
2752 1604 3007 1674 populus,
3033 1615 3092 1660 ut
3120 1605 3400 1675 plenitudo
3428 1608 3673 1676 gentium

2068 1695 2426 1758 suliintraret,
2460 1694 2886 1765 dispensationis
2919 1696 3015 1753 Dei
3037 1705 3144 1765 est,
3189 1709 3246 1753 ut
3278 1707 3466 1768 postea
3488 1740 3503 1763 ,
3552 1713 3678 1753 cre-

2066 1785 2231 1842 dente
2262 1786 2463 1855 lsrael,
2508 1804 2703 1845 omnes
2743 1791 2879 1844 salvi
2914 1790 3136 1855 fierent,
3186 1801 3239 1846 et
3278 1790 3518 1846 universi
3574 1789 3672 1845 Dei

365 1902 491 1943 eum
526 1888 818 1954 Dominus,
875 1896 931 1943 et
970 1886 1352 1957 apprehendat
1386 1902 1509 1942 eum
1537 1885 1823 1940 confusio?
1853 1885 1961 1939 ΙΙοο
1993 1872 2042 1931 Β
2069 1879 2443 1935 misericordia
2469 1881 2792 1952 indigerent.
2820 1881 2977 1939 Unde
2998 1893 3054 1938 et
3080 1884 3377 1954 Apostolus
3403 1884 3469 1938 ad
3505 1883 3670 1953 hujus

365 1991 547 2037 autem
597 1981 741 2051 quod
791 1995 892 2036 nos
944 1982 1207 2036 vertimus
1250 2000 1264 2037 :
1306 1979 1371 2035 Et
1409 1981 1701 2036 econtrorio
1740 1980 1963 2051 populus

366 2089 509 2127 meus
540 2074 594 2127 in
616 2073 974 2128 adversarium
1007 2075 1377 2140 consurrexit;
1420 2072 1545 2144 quia
1580 2072 1803 2126 verbum
1856 2086 1961 2126 IUL

361 2151 538 2239 (Bm),
569 2177 629 2224 et
656 2169 998 2236 contrarium,
1023 2179 1079 2223 et
1107 2168 1243 2223 diem
1270 2167 1572 2223 hesternum
1598 2178 1782 2232 sonat,
1804 2167 1964 2237 Sym-

364 2263 594 2318 machus
640 2264 886 2333 apertius
930 2263 1211 2318 transtulit
1251 2273 1311 2318 ut
1354 2264 1566 2319 diceret
1598 2280 1611 2316 :
1642 2270 1759 2316 ante
1804 2277 1962 2315 unam

367 2354 504 2408 diem
532 2354 749 2426 populus
781 2371 922 2409 meus
943 2357 1096 2427 quasi
1125 2355 1370 2409 inimicus
1400 2356 1613 2419 restitit,
1640 2364 1698 2409 ut
1719 2354 1962 2409 solveret

363 2448 750 2521 quaestionem,
773 2449 919 2522 quod
950 2450 1093 2505 Deus
1125 2465 1230 2504 non
1258 2448 1541 2521 praeterita
1564 2449 1693 2503 vitia
1738 2450 1965 2518 imputa-

365 2553 451 2602 ret
472 2548 696 2617 populo,
721 2546 815 2602 sed
849 2549 1116 2613 recentia,
1144 2557 1199 2602 et
1220 2561 1344 2617 quae
1369 2546 1521 2615 quasi
1550 2545 1639 2600 die
1668 2546 1961 2599 commissa

365 2640 685 2696 viderentur
713 2642 993 2696 hesterno.
1039 2640 1167 2695 Haec
1195 2639 1348 2708 juxta
1396 2638 1712 2693 llebraicam
1760 2636 1964 2691 intelli-

360 2738 597 2808 gentiam
623 2778 638 2802 ,
690 2746 951 2792 cteterum
1004 2734 1360 2805 Septuaginta
1407 2735 1740 2803 interpretes
1771 2731 1823 2786 in
1859 2731 1961 2785 hoc

361 2830 483 2884 loco
529 2828 749 2899 penitus
794 2828 899 2884 sibi
942 2826 1377 2882 noncoharrent.
1432 2825 1511 2879 Ad
1560 2825 1611 2879 id
1642 2823 1786 2878 enim
1814 2822 1960 2893 quod

361 2925 703 2995 praemissum
724 2932 831 2989 est,
859 2923 914 2977 in
934 2922 1172 2977 Ecclesia
1199 2921 1413 2976 Domini
1441 2920 1603 2974 nolite
1638 2921 1764 2990 ﬂere
1792 2961 1806 2984 ,
1840 2933 1960 2988 qua:

362 3017 754 3089 consequentia
783 3026 889 3082 est,
917 3026 975 3071 ut
1002 3017 1292 3078 inferatur,
1325 3031 1430 3069 non
1462 3016 1599 3068 enim
1620 3014 1826 3085 objiciet
1866 3029 1962 3081 op-

364 3111 575 3183 probria
601 3125 718 3183 qua:
758 3110 884 3164 dicit
906 3151 922 3175 ,
966 3109 1152 3163 domus
1178 3106 1344 3161 Jacob
1372 3106 1669 3178 provocavit
1719 3106 1959 3177 spiritum

365 3201 615 3257 Domini?
642 3202 749 3259 Sed
778 3212 832 3258 et
860 3201 992 3257 illud
1023 3201 1165 3272 quod
1194 3200 1443 3270 sequitur
1470 3217 1483 3252 :
1518 3198 1578 3253 Si
1611 3197 1693 3252 lue
1716 3198 1956 3250 adiuven-

2067 1972 2169 2028 loci
2201 1975 2427 2029 veniens
2457 1979 2814 2046 quaestionem
2844 1975 3060 2049 (Ibid.),
3090 1976 3416 2046 profundunt
3448 1977 3677 2047 sapien-

2068 2066 2155 2121 tiae
2206 2076 2261 2122 et
2300 2068 2544 2123 scientia:
2577 2080 2627 2124 et
2656 2070 2987 2140 judiciorum
3020 2070 3120 2124 Dei
3152 2071 3410 2141 abyssum
3444 2072 3671 2125 investi-

2063 2160 2296 2230 gabilem
2328 2176 2453 2217 esse
2479 2163 2802 2232 proclamat.
2858 2163 2914 2218 Si
2970 2178 3100 2234 ergo
3151 2162 3569 2219 adiuventiones
3609 2174 3668 2218 et

2064 2252 2427 2322 Cogitationes
2461 2254 2553 2309 Dei
2586 2265 2749 2323 sunt,
2782 2256 2957 2327 frangi
2990 2257 3205 2327 priores
3234 2273 3418 2312 ramos
3465 2258 3660 2322 olivae,

2065 2364 2115 2405 et
2141 2350 2311 2405 inseri
2353 2352 2489 2405 alios
2511 2351 2583 2406 de
2609 2352 2873 2417 oleastro,
2908 2368 3016 2407 non
3048 2352 3225 2408 debes
3254 2352 3544 2419 insultare,
3575 2353 3673 2407 sed

2066 2442 2261 2498 timere
2320 2458 2389 2497 ne
2434 2459 2700 2511 corruas,
2750 2460 2854 2499 nec
2898 2444 3139 2501 mstimes
3170 2447 3224 2500 in
3256 2462 3323 2502 eo
3365 2457 3417 2501 te
3450 2446 3670 2516 placere

2066 2535 2210 2601 Deo,
2245 2537 2291 2591 si
2331 2551 2649 2601 sermones,
2689 2536 2741 2591 id
2781 2547 2900 2601 est,
2951 2538 3266 2608 Scripturas
3308 2538 3455 2592 illius
3494 2538 3667 2608 legas.

2063 2627 2217 2684 Tunc
2269 2628 2571 2699 Scriptura:
2610 2638 2838 2698 prosunt
2886 2630 3119 2701 legenti,
3168 2630 3217 2684 si
3265 2628 3407 2699 quod
3439 2630 3660 2698 legitur,

2062 2736 2231 2789 Opere
2272 2722 2631 2791 compleatur.
2674 2721 2731 2776 Si
2779 2722 3011 2793 loquens
3044 2722 3115 2777 de
3154 2721 3456 2789 Scripturis
3492 2724 3668 2790 possis

2062 2814 2243 2870 dicere
2275 2832 2286 2867 :
2316 2815 2397 2868 An
2426 2814 2838 2880 experimentum
2867 2815 3100 2884 quaeritis
3129 2813 3294 2888 ﬁ55
3320 2816 3435 2886 ejus
3478 2814 3566 2886 qui
3610 2814 3666 2868 in

2063 2926 2142 2963 me
2194 2909 2457 2981 loquitur,
2506 2907 2744 2964 Christus
2776 2908 2857 2980 (ll
2888 2907 3010 2963 Cor.
3050 2925 3186 2975 xm,
3238 2908 3354 2980 5)?
3405 2909 3673 2964 Dominus

2062 3005 2262 3074 quippe
2289 3004 2439 3058 dabit
2470 3005 2696 3058 verbum
2734 3003 3242 3073 evangelizantibus
3273 3003 3469 3058 virtute
3496 3002 3666 3056 multa

2062 3097 2183 3167 (Ps.
2219 3113 2390 3167 vau,
2413 3099 2501 3168 1'2)
2533 3115 2546 3151 :
2576 3105 2634 3153 et
2662 3114 2825 3167 super
2854 3110 3096 3153 montem
3130 3097 3406 3154 excelsum
3430 3096 3667 3153 ascende

2067 3200 2144 3257 tu,
2185 3194 2273 3262 qui
2298 3192 2640 3262 evangelizas
2668 3192 2798 3249 Sion
2821 3234 2838 3260 ,
2880 3203 2935 3247 et
2969 3192 3087 3247 leva
3122 3206 3312 3247 vocem
3364 3192 3416 3245 in
3448 3190 3665 3245 fortitu-

365 3296 525 3350 tiones
556 3300 668 3368 ejus
694 3303 811 3351 sunt
840 3311 858 3349 :
890 3257 1067 3349 nonne
1105 3293 1216 3367 [AL
1250 3257 1376 3364 non]
1407 3307 1667 3347 sermones
1698 3291 1806 3359 ejus
1838 3297 1960 3343 sunt
1988 3257 2034 3322 C
2065 3285 2194 3340 dine
2215 3287 2304 3354 qui
2343 3285 2689 3355 evangelizas
2714 3283 3021 3339 Jerusalem
3047 3282 3208 3355 (Isai.
3246 3299 3337 3348 xu,
3370 3283 3449 3353 9).
3479 3282 3664 3353 Atque

366 3386 483 3441 boni
512 3403 632 3441 cum
658 3403 738 3455 eo,
771 3394 819 3441 et
841 3386 971 3441 recti
997 3385 1390 3440 ambulaverunt
1418 3382 1531 3456 [ΑΙ.
1564 3379 1963 3453 ambulabunt]?

363 3479 430 3534 ad
486 3480 791 3549 posteriora
823 3479 955 3549 quid
1016 3480 1330 3549 pertinent,
1380 3492 1503 3547 quae
1563 3476 1857 3531 dicuntur:
1893 3474 1962 3528 Et

366 3574 510 3641 prius
540 3572 767 3644 pOpulus
788 3589 930 3626 meus
960 3572 1011 3625 in
1040 3572 1394 3625 adversarium
1423 3570 1640 3635 restitit,
1670 3579 1848 3623 contra
1873 3586 1964 3638 pa-

367 3680 475 3718 cem
501 3681 673 3733 suam,
696 3665 883 3737 pellem
904 3666 1015 3736 ejus
1045 3664 1456 3729 excoriaverunt,
1486 3671 1540 3716 ut
1562 3662 1825 3733 auferrent
1843 3677 1966 3715 con-

368 3758 630 3813 tritionem
658 3757 821 3813 belli?
848 3757 1074 3812 Videtur
1102 3766 1287 3811 autem
1322 3755 1452 3809 mihi
1482 3796 1496 3820 ,
1542 3753 1570 3791 ι)
1602 3755 1654 3808 in
1707 3754 1826 3809 loco
1875 3754 1963 3808 vel

368 3852 716 3918 difﬁcillimo,
747 3852 829 3906 sic
859 3865 1019 3920 posse
1045 3865 1240 3905 sensus
1284 3850 1439 3904 reddi
1471 3849 1554 3905 vel
1583 3849 1817 3918 exprimi
1843 3889 1860 3914 ,
1915 3848 1964 3903 si

372 3956 554 4001 tamen
584 3945 827 4015 prudens
857 3944 1029 3998 lector
1055 3954 1259 3997 nostrae
1303 3941 1470 4015 454.
1508 3942 1709 3997 rationi
1748 3942 1964 4011 acquie-

372 4037 532 4090 verit.
580 4035 904 4106 Praecipitur
952 4036 1134 4104 itaque
1183 4035 1447 4091 Ecclesiae
1475 4081 1489 4104 ,
1522 4044 1582 4090 ut
1624 4049 1729 4090 non
1770 4034 1965 4090 habeat

373 4129 650 4185 tt'iStitiam
685 4139 742 4186 et
772 4128 1200 4185 sollicitudinem
1225 4144 1390 4200 super
1434 4132 1598 4185 rebus
1642 4130 1824 4186 saeculi
1850 4173 1864 4195 ,
1913 4140 1966 4186 et

370 4222 583 4279 damnis
611 4239 733 4294 quae
761 4223 814 4279 in
845 4223 948 4279 hoc
974 4224 1176 4279 mundo
1208 4224 1433 4279 evenire
1460 4234 1879 4289 consueverunt,
1910 4232 1966 4280 et

370 4317 566 4373 dicitur
590 4318 994 4375 habitatoribus
1026 4319 1167 4386 ejus,
1198 4336 1230 4370 ο
1260 4335 1380 4387 vos,
1415 4320 1504 4389 qui
1537 4319 1671 4376 estis
1693 4318 1747 4373 iu
1786 4318 1967 4376 Eccle-

372 4413 451 4466 sia
487 4413 722 4477 Domini,
755 4429 973 4483 semper
1005 4413 1235 4483 gaudete
1264 4455 1277 4478 ,
1331 4421 1387 4467 et
1411 4412 1670 4484 quidquid
1706 4412 1858 4467 vobis
1897 4412 1965 4469 de

365 4504 585 4574 judiciis
615 4505 915 4571 acciderit,
944 4505 1315 4576 gratulamini.
1352 4504 1462 4559 Nec
1513 4506 1616 4560 hoc
1660 4505 1783 4561 dico
1818 4505 1966 4575 quod

372 4597 506 4651 flere
562 4615 666 4652 non
714 4598 999 4653 debeatis:
1031 4597 1180 4652 Beati
1225 4596 1429 4668 quippe
1458 4601 1675 4668 ﬂentes,
1722 4598 1963 4667 quoniam

372 4688 471 4761 ipsi
497 4690 734 4746 ridebunt
759 4690 920 4764 (Luc.
955 4707 1027 4759 vi,
1060 4691 1189 4762 21);
1223 4693 1317 4747 sed
1348 4691 1475 4746 illud
1532 4692 1809 4746 admoneo
1834 4735 1847 4757 ,
1898 4706 1965 4747 ne

371 4781 427 4837 iu
463 4783 547 4837 his
575 4798 696 4854 quae
728 4794 854 4839 sunt
902 4784 1085 4839 sreculi
1112 4825 1125 4850 ,
1177 4784 1421 4854 lugeatis.
1474 4783 1533 4839 Si
1574 4785 1695 4853 quis
1720 4796 1966 4840 mortuus

372 4874 538 4930 fuerit
563 4878 1017 4947 propinquorum,
1051 4877 1096 4931 si
1129 4876 1494 4931 substantiam
1536 4877 1698 4931 fiscus
1750 4878 1967 4934 invase-

374 4968 466 5032 rit,
496 4970 539 5023 si
564 4985 764 5038 corpus
784 4970 869 5025 vel
901 4969 1168 5040 podagra,
1202 4970 1287 5025 vel
1320 4969 1459 5023 alius
1484 4970 1717 5040 quilibet
1748 4971 1967 5027 morbus

374 5063 736 5131 oppresserit,
767 5062 942 5118 nolite
972 5061 1136 5128 flere,
1170 5062 1341 5117 nolite
1394 5062 1663 5134 lacrymas
1715 5062 1964 5133 fundere,

376 5170 475 5210 nec
506 5156 865 5212 consideretis
894 5155 1183 5224 praesentia
1207 5198 1221 5221 ,
1252 5155 1347 5210 sed
1376 5154 1551 5211 futura
1577 5195 1593 5222 ,
1637 5163 1694 5211 et
1727 5166 1748 5193 ε
1776 5170 1969 5226 aggra-

379 5249 577 5303 vamini
606 5249 778 5320 magis
808 5249 951 5320 quod
982 5249 1187 5305 diutius
1218 5249 1268 5303 in
1301 5248 1404 5304 hoc
1434 5249 1789 5304 tabernaculo
1822 5265 1969 5305 inor-

379 5342 449 5395 tis
482 5343 760 5399 habitetis.
792 5345 932 5413 Quin
966 5345 1150 5416 petitis
1176 5344 1310 5400 illud
1345 5354 1534 5399 cavete
1559 5386 1573 5410 ,
1600 5360 1666 5399 ne
1698 5344 1973 5401 insultetis

376 5434 718 5505 cadentibus,
751 5450 806 5495 et
851 5439 1083 5495 alienam
1114 5439 1329 5495 ruinam
1382 5452 1620 5493 veSIram
1652 5437 1974 5494 aediﬁcatio-

454 5594 472 5615 '
532 5599 879 5657 Martianteus
921 5601 1152 5657 retinnit
1192 5600 1547 5671 palliumque,
1584 5597 1743 5671 quod
1796 5607 1978 5653 tamen

381 5678 545 5725 antea
566 5672 631 5725 ad
662 5671 861 5726 Brixiae
886 5673 1046 5728 codd.
1078 5672 1355 5727 Victorius
1404 5669 1789 5726 etnendaverat
1812 5716 1826 5740 ,
1861 5671 1980 5739 ipso

387 5754 547 5816 sacro
577 5755 723 5798 IeXIU
746 5744 1100 5816 sull‘ragante,
1125 5745 1215 5816 qui
1237 5744 1334 5808 ait,
1358 5742 1839 5816 Desupertunicam
1867 5745 1982 5811 pal-

389 5812 515 5866 lium
544 5817 847 5871 sustulistis.

468 5881 495 5921 b
527 5885 699 5953 Quam
733 5888 819 5944 hic
850 5887 1093 5945 obtrudit
1131 5888 1381 5944 Martian.
1413 5899 1500 5955 ut,
1536 5886 1857 5959 particulam
1887 5902 1983 5942 ex-

1995 4648 2043 4710 ι)

2066 3377 2169 3433 hoc
2201 3376 2366 3432 modo
2394 3392 2683 3431 sermones
2709 3376 2805 3432 Dei
2833 3377 2966 3432 boni
2996 3386 3127 3431 sunt
3155 3418 3169 3441 ,
3211 3377 3254 3430 si
3297 3391 3480 3432 secum
3526 3375 3664 3441 sint,

2065 3468 2168 3524 hoc
2199 3478 2303 3535 est,
2328 3469 2372 3523 si
2405 3469 2544 3523 Deus
2570 3484 2676 3523 non
2699 3468 2920 3524 deserat
2948 3468 3359 3539 praedicantem,
3392 3467 3546 3539 cujus
3566 3482 3668 3522 cor

2065 3561 2315 3633 lahiaque
2367 3561 2737 3618 consentiunt.
2791 3560 3068 3618 Caeterum
3107 3562 3201 3633 qui
3241 3561 3537 3618 confitetur
3581 3562 3663 3616 la-

2066 3656 2194 3721 biis,
2220 3667 2274 3712 et
2303 3673 2396 3711 cor
2422 3657 2541 3726 ejus
2567 3658 2729 3728 longe
2762 3667 2849 3713 est
2875 3672 2904 3710 a
2937 3657 3050 3712 Deo
3072 3702 3086 3726 ,
3119 3668 3175 3713 et
3200 3667 3395 3712 narrat
3419 3658 3665 3728 justitias

2067 3752 2209 3821 ejus,
2243 3763 2299 3806 et
2323 3752 2547 3806 assumit
2584 3759 2976 3807 testamentum
3009 3768 3108 3822 per
3136 3767 3198 3807 os
3227 3767 3387 3808 suum
3408 3795 3422 3820 ,
3452 3762 3509 3808 et
3536 3768 3665 3823 pec-

2066 3856 2313 3902 catorum
2354 3847 2609 3902 sordibus
2658 3847 3009 3916 inquinatur,
3060 3863 3184 3903 cum
3236 3849 3339 3903 hoc
3379 3865 3485 3903 non
3538 3858 3665 3904 sunt

2067 3939 2192 3994 boni
2220 3954 2505 3995 sermones
2539 3940 2658 3995 Dei.
2694 3940 2804 3996 Nec
2832 3941 3008 3996 solum
3031 3942 3103 3997 de
3133 3950 3443 4013 peccatore,
3472 3942 3568 3999 sed
3594 3944 3664 3999 de

2066 4048 2135 4089 eo
2162 4050 2377 4104 quoque
2401 4077 2413 4099 ,
2447 4034 2537 4103 qui
2559 4034 2790 4104 gratiam
2824 4050 2931 4089 non
2989 4034 3153 4090 habet
3207 4036 3575 4106 spiritualeni,
3608 4036 3664 4091 id

2067 4135 2174 4193 est,
2207 4126 2508 4197 prephetize
2536 4143 2599 4183 ac
2625 4128 2914 4193 doctrinm,
2944 4139 2999 4184 et
3031 4128 3521 4199 interpretationis,
3549 4145 3664 4185 ma-

2061 4220 2355 4291 iorumque
2376 4220 2801 4287 charismatum,
2837 4226 2940 4277 hoc
2984 4221 3276 4278 dicendum
3329 4232 3454 4289 est,
3513 4224 3663 4294 quod

2068 4313 2444 4384 hujuscemodi
2478 4315 2644 4370 homo
2672 4318 2719 4370 si
2745 4317 2978 4371 voluerit
3011 4318 3409 4373 elementorum
3439 4334 3661 4389 causas,

2069 4408 2305 4481 fideique
2334 4425 2445 4465 sua:
2491 4411 2719 4466 reddere
2750 4412 3024 4466 rationem
3044 4455 3059 4479 ,
3090 4421 3145 4467 et
3174 4428 3343 4482 quare
3374 4412 3541 4480 Deus,
3572 4414 3667 4485 qui

2070 4504 2246 4559 bonus
2268 4514 2323 4558 et
2350 4502 2578 4560 Creator
2621 4513 2705 4560 est
2734 4505 3012 4571 omnium,
3054 4505 3121 4559 ad
3149 4504 3297 4562 solos
3328 4515 3537 4561 tantum
3566 4508 3667 4563 Ju-

2068 4598 2217 4653 daios
2244 4599 2483 4660 venerit,
2509 4608 2563 4653 et
2592 4599 2644 4652 in
2675 4598 2870 4653 ultimo
2898 4598 3010 4665 jam
3043 4600 3244 4653 saeculo
3275 4602 3555 4655 vocaverit
3575 4617 3672 4655 na-

2072 4691 2275 4757 tiones,
2307 4708 2414 4746 non
2446 4691 2643 4747 habeat
2674 4706 2859 4747 secum
2890 4691 3060 4747 bonos
3083 4692 3180 4747 Dei
3210 4707 3535 4759 sermones;
3567 4694 3667 4749 sed

2073 4783 2141 4841 de
2169 4786 2385 4855 prepria
2416 4784 2683 4852 imperitia
2712 4784 2875 4839 etiam
2905 4800 2966 4841 ea
2992 4827 3006 4849 ,
3051 4801 3171 4856 qua:
3207 4786 3347 4841 bona
3379 4797 3535 4852 sunt,
3572 4786 3671 4842 Dei

2076 4878 2242 4934 verba
2288 4878 2672 4944 contaminet,
2730 4894 2852 4949 qua:
2902 4879 3066 4935 verba
3123 4892 3274 4936 recte
3310 4882 3588 4936 ambulant
3615 4891 3673 4937 et

2078 4983 2254 5028 rectas
2308 4987 2470 5026 aures
2527 4972 2835 5042 requirunt.
2877 4972 2943 5026 Et
2990 4973 3105 5027 haec
3149 4973 3363 5043 quidem
3413 4972 3676 5029 Dominus

2078 5065 2326 5136 pra-cipit
2352 5065 2555 5136 populo
2584 5066 2915 5127 successori,
2950 5073 3005 5120 et
3038 5065 3304 5120 Ecclesia:
3332 5065 3400 5120 de
3427 5064 3679 5134 gentibus

2076 5170 2461 5229 congregatae,
2514 5174 2581 5213 ne
2616 5158 2841 5213 insultet
2884 5158 3232 5228 generationi
3281 5157 3563 5227 pristinae,
3614 5167 3672 5214 et

2076 5252 2251 5307 aliena
2279 5262 2301 5289 ο
2327 5265 2432 5306 non
2464 5250 2534 5305 sit
2555 5252 2625 5306 ab
2651 5251 2964 5323 upprobriis
2994 5250 3325 5306 insultando.
3362 5250 3554 5305 Refert
3583 5266 3672 5305 au-

2078 5355 2184 5401 tem
2211 5346 2326 5414 ipse
2355 5344 2446 5414 qui
2477 5359 2639 5399 verus
2681 5354 2763 5400 est
2799 5344 2965 5415 judex
3000 5352 3051 5399 et
3085 5343 3205 5398 sine
3256 5343 3676 5413 perturbatione

2076 5440 2337 5510 loquitur,
2371 5438 2646 5508 quomodo
2676 5439 2731 5492 in
2759 5440 3014 5509 passione
3045 5451 3144 5492 sua
3177 5436 3345 5492 Israel
3376 5437 3426 5492 ei
3456 5445 3677 5492 contra-

2088 5597 2386 5669 pnnximus
2414 5615 2427 5653 :
2460 5597 2621 5667 paulo
2644 5605 2766 5667 post
2788 5595 2899 5652 duo
2926 5596 3121 5664 verba,
3167 5597 3243 5651 vel
3276 5598 3530 5669 exprimi,
3583 5612 3683 5653 no-

2090 5670 2186 5726 slri
2217 5684 2351 5725 mss.
2386 5684 2491 5724 non
2526 5677 2849 5738 agnasctint.

2163 5752 2186 5782 ο
2218 5740 2509 5797 Contraria
2529 5756 2694 5795 sensu
2733 5740 2842 5795 duo
2884 5740 3120 5796 Palatio.
3158 5755 3316 5809 mss.,
3360 5750 3407 5797 et
3450 5738 3686 5812 gratula-

2091 5814 2229 5887 mini
2243 5814 2438 5887 magis.

2159 5884 2187 5923 ἀ
2214 5884 2455 5955 Negandi
2496 5886 2818 5957 particulam
2854 5886 3131 5944 Victorius
3161 5886 3370 5943 reticet.
