4078 6342
399 335 530 390 ΗἹΙ

1647 329 1700 387 8.
1746 328 2021 387 EUSEBII
2060 324 2440 388 HIERONYMI

3560 326 3698 383 H7!

402 452 515 505 tius
547 448 733 515 fuerit,
767 448 947 504 ethoc
971 446 1163 503 fecerit
1197 459 1311 501 non
1350 443 1494 514 quod
1525 457 1624 499 suo
1655 457 1856 500 nocere
1899 457 1993 513 po—
2022 443 2075 507 Α
2100 441 2127 480 ι)
2149 443 2296 515 ejecti
2343 451 2484 495 sunt.
2529 439 2714 496 Potest
2746 441 2848 497 hoc
2895 448 2952 497 et
2995 440 3327 511 generaliter
3370 443 3439 499 de
3486 442 3697 503 Judaici

400 544 574 598 tuerit
600 540 870 607 Creatori,
898 539 996 597 sed
1020 538 1166 610 quod
1191 545 1383 595 contra
1411 551 1599 607 pacem
1633 551 1787 591 suam
1813 537 1994 592 omnia

398 635 754 706 perpetrarit.
790 633 945 690 Unde
998 642 1054 689 et
1094 632 1159 688 ad
1206 632 1509 688 Jerusalem
1558 645 1741 687 sermo
1771 640 1854 687 est
1887 648 1901 689 :
1934 630 1995 687 Si

398 731 555 786 scires
602 746 663 787 ea
686 745 802 801 quae
823 730 889 783 ad
917 744 1094 796 pacem
1116 737 1233 783 sunt
1258 727 1349 783 tibi
1382 725 1535 799 (Luc.
1570 741 1677 787 λιι.
1704 724 1822 796 42).
1858 724 1994 781 Pace

396 834 575 880 autem
606 823 843 894 perdita,
877 824 1073 893 pellem
1099 837 1253 877 suam
1279 822 1703 878 excoriaverunt
1731 862 1745 885 ,
1782 819 1835 874 id
1883 827 1987 886 est,

396 918 692 973 tuleruuta
723 932 783 973 se
816 916 911 972 Dei
939 932 1050 988 quo
1088 915 1513 987 protegebantur
1541 953 1554 976 .
1589 911 1850 969 auxilium
1878 954 1891 975 ,
1940 922 1995 968 et

393 1011 551 1083 quasi
579 1011 755 1067 nudas
774 1026 971 1067 carnes
997 1010 1203 1082 absque
1243 1018 1369 1066 cute
1400 1019 1454 1066 et
1484 1011 1721 1079 tegmine
1749 1009 1989 1079 relique-

394 1117 546 1174 runt,
582 1114 640 1160 ut
669 1103 929 1175 quidquid
982 1103 1270 1160 videbatur
1312 1118 1433 1157 esse
1478 1102 1761 1170 pulchrum
1791 1144 1804 1166 ,
1862 1116 1993 1171 ope-

395 1200 573 1255 riente
593 1198 830 1268 desuper
850 1196 1229 1253 misericordia
1254 1196 1378 1262 Dei,
1401 1195 1524 1259 hoc,
1554 1195 1643 1250 illa
1673 1195 1991 1261 recedente,

398 1292 669 1362 praeberet
698 1289 1016 1345 videntibus
1063 1288 1484 1359 turpitudinem.
1536 1286 1852 1343 Recedente
1897 1302 1991 1342 au~

394 1395 505 1439 tem
539 1399 674 1454 pace
694 1392 748 1440 et
777 1382 979 1439 auxilio
1008 1382 1129 1448 Dei,
1152 1382 1278 1454 quia
1299 1381 1616 1437 restiterant
1637 1380 1894 1447 Domino,
1924 1380 1993 1436 de

396 1495 502 1550 quo
533 1478 737 1536 dicitur
767 1496 782 1532 :
818 1477 1072 1532 Dominus
1103 1487 1372 1532 conterens
1399 1477 1532 1531 bella
1558 1518 1572 1542 ,
1608 1476 1865 1532 Dominus
1896 1494 1992 1532 uo-

401 1592 517 1630 men
539 1575 585 1629 ei
610 1573 837 1647 (Juditlt.
865 1589 974 1638 xvi,
1000 1571 1080 1646 5),
1107 1571 1440 1627 adversariis
1459 1572 1573 1627 suis
1591 1572 1850 1629 resistere
1881 1588 1990 1627 non

396 1676 713 1739 potuerunt,
746 1666 843 1723 sed
884 1667 935 1720 in
978 1666 1126 1721 onmi
1165 1666 1466 1721 certamine
1506 1666 1634 1722 victi
1679 1676 1837 1733 sunt,
1891 1680 1993 1723 nec

397 1762 496 1816 fuit
524 1763 612 1830 qui
638 1769 949 1816 contereret
977 1758 1265 1815 adversum
1304 1773 1400 1815 eos
1426 1758 1570 1816 bella
1592 1757 1993 1831 ﬁsanascen-

2100 535 2285 608 pepuli
2353 534 2687 604 principibus
2718 577 2732 602 ,
2809 532 3220 591 sacerdotibus.
3258 549 3323 592 ac
3400 534 3698 595 Pharismia

2099 626 2261 701 457
2316 627 2530 697 accipi,
2588 626 2679 698 qni
2733 638 2858 697 poet
2904 628 3213 696 passionem
3287 628 3501 685 Domini
3572 643 3701 698 pro.

2094 720 2224 793 jecti
2254 729 2384 776 sunt
2413 720 2481 778 de
2526 720 2662 777 urbe
2692 719 3015 775 deliciarum
3045 735 3291 782 suarum.
3326 720 3380 779 in
3408 736 3515 792 qua
3549 722 3699 793 prius

2099 819 2451 876 laseivierant
2506 826 2733 891 propter
2780 819 2952 876 maias
2988 818 3413 876 adinventiones
3463 833 3613 885 suas,
3640 827 3699 879 et

2097 922 2413 991 specialiter
2438 922 2507 991 de
2529 922 2705 993 stirpe
2737 920 2932 988 David,
2961 921 3086 992 quia
3127 921 3312 978 statim
3334 931 3396 977 ut
3423 929 3583 978 natus
3609 931 3698 980 est

2100 1013 2384 1080 Dominus,
2417 1013 2620 1070 defecit
2641 1014 2894 1084 princeps
2917 1028 2983 1070 ex
3014 1011 3178 1076 Juda.
3200 1021 3259 1070 et
3285 1012 3397 1070 dux
3425 1015 3495 1071 de
3519 1012 3697 1071 femo-

2100 1109 2250 1164 ribus
2300 1110 2419 1178 ejns
2448 1107 2669 1180 (Genes.
2709 1106 2909 1180 χιιι),
2947 1108 3204 1165 veniente
3254 1108 3343 1164 cui
3396 1110 3698 1179 repositum

2097 1211 2238 1269 erat,
2272 1211 2327 1257 et
2374 1200 2791 1271 exspectatione
2828 1201 3073 1273 gentium
3113 1209 3435 1272 apparente.
3495 1202 3602 1259 Sed
3641 1212 3699 1261 et

2097 1295 2361 1353 Ecclesia
2384 1312 2604 1368 quoque
2654 1296 2931 1368 principes
2957 1296 3054 1368 qui
3097 1296 3316 1354 deliciis
3358 1297 3610 1364 afﬂuunt,
3642 1307 3699 1355 et

2097 1390 2243 1447 inter
2274 1389 2463 1460 epulas
2512 1400 2678 1462 atque
2719 1391 2973 1447 lascivias
3015 1391 3336 1463 pudicitiam
3383 1408 3605 1449 servare
3635 1408 3698 1449 se

2096 1484 2228 1538 cred
2241 1495 2356 1550 unt,
2386 1482 2742 1554 propheticus
2763 1498 2950 1540 sermo
2978 1483 3239 1543 describit
3261 1484 3407 1555 quod
3439 1483 3696 1555 ejiciendi

2097 1578 2208 1633 sint
2260 1576 2332 1632 de
2379 1576 2643 1648 spatiosis
2703 1577 2981 1644 domibus,
3011 1578 3283 1649 lautiaque
3324 1578 3614 1641 conviviis.
3642 1588 3699 1637 et

2098 1669 2269 1725 multo
2293 1670 2483 1727 labore
2524 1670 2705 1741 epulis
2726 1671 3079 1742 conquisitis,
3114 1679 3170 1727 et
3196 1671 3447 1742 ejiciendi
3473 1679 3698 1742 proritet-

2098 1764 2273 1820 malas
2300 1765 2664 1836 cogitationes
2690 1776 2742 1821 et
2763 1780 2931 1837 opera
2958 1780 3076 1822 sua.
3127 1765 3197 1821 Et
3220 1766 3265 1821 si
3296 1764 3378 1821 vis
3421 1767 3564 1821 scire
3590 1779 3701 1837 quo

394 1856 490 1920 tiu,
521 1855 676 1924 juxta
712 1864 1003 1924 utramque
1035 1867 1325 1923 personam
1365 1852 1601 1908 hostium
1630 1892 1646 1919 ,
1691 1853 1774 1908 vel
1810 1852 1981 1909 homi-
2022 1846 2069 1910 Β
2096 1860 2350 1930 ejiciendi
2382 1861 2510 1925 sint,
2547 1860 2908 1930 Evangelium
2939 1861 3059 1931 lege
3090 1879 3101 1914 :
3140 1860 3203 1915 fu
3228 1861 3460 1917 tenebras
3484 1859 3699 1917 scilicet

393 1967 521 2007 num
550 1951 761 2021 quieos
777 1950 983 2006 duxere
1003 1948 1267 2019 captivos,
1290 1948 1374 2004 vel
1393 1947 1833 2004 adversariorum
1848 1957 1873 1985 δ
1890 1948 1994 2004 for-

395 2046 682 2101 titudinem
706 2084 724 2110 ,
782 2047 873 2115 qui
920 2044 1133 2098 animas
1158 2026 1349 2097 eorum
1381 2040 1625 2114 quotidie
1667 2040 1996 2112 jugulabant

392 2142 851 2213 blasphemando.

466 2238 649 2302 (Vers.
676 2241 730 2304 υ,
756 2236 871 2308 10.)
900 2238 1150 2293 Mulieres
1174 2236 1354 2310 populi
1384 2238 1482 2291 mei
1504 2237 1731 2308 ejecistis
1752 2237 1818 2291 de
1840 2237 1994 2290 domo

393 2332 697 2386 deliciarum
722 2347 938 2385 suarum
971 2347 991 2386 :
1021 2348 1052 2383 α
1091 2330 1321 2403 parvulis
1344 2347 1523 2385 eorum
1560 2330 1753 2384 tulistis
1784 2329 1994 2383 laudem

396 2442 565 2479 meam
595 2427 650 2479 in
682 2438 1008 2498 perpetuum.
1044 2424 1259 2496 Surgite
1283 2437 1330 2480 et
1362 2426 1463 2491 ite,
1506 2427 1628 2495 quia
1666 2441 1767 2479 non
1799 2423 1995 2479 habetis

395 2521 481 2572 hic
514 2523 771 2590 requiem,
802 2532 1013 2593 praptcr
1051 2522 1436 2575 immunditiam
1459 2535 1611 2575 suam
1643 2518 1826 2592 [Vulg.
1859 2516 1996 2591 ejus]

394 2624 748 2684 corrumpetur
771 2615 1042 2683 putredine
1072 2615 1313 2682 pessima.
1336 2614 1724 2682 lnterpretatio
1754 2615 1992 2684 Septua-

396 2709 547 2778 ginta
592 2706 658 2778 (si
713 2717 890 2761 tamen
942 2707 1299 2778 Septuaginta
1354 2715 1476 2773 est;
1524 2706 1802 2777 Josephus
1846 2706 1994 2761 enim

395 2802 614 2867 scribit,
645 2812 702 2857 et
727 2800 1215 2863 Hebraeitradunt,
1259 2802 1504 2872 quinque
1556 2810 1764 2856 tantum
1823 2801 1997 2857 libros

398 2895 534 2967 ivgis
560 2895 728 2968 Moysi
760 2896 827 2951 ab
856 2897 936 2951 eis
967 2894 1288 2961 translatos,
1327 2904 1381 2949 et
1411 2894 1707 2950 Ptolemaeo
1737 2895 1853 2966 regi
1886 2905 1998 2950 tra-

397 2990 545 3044 ditos
571 2988 673 3062 [AL
700 2988 1061 3061 contraditos]
1082 2988 1099 3060 )
1124 2997 1334 3043 tantum
1359 2987 1638 3044 discordat
1660 2988 1713 3042 iu
1739 2989 1995 3057 przesenti

397 3085 520 3141 loco
547 3085 614 3139 ab
634 3084 898 3140 llebraica
921 3083 1171 3151 veritate,
1206 3093 1263 3136 ut
1285 3098 1385 3138 nec
1417 3084 1598 3152 capita
1628 3083 1897 3151 possimus
1926 3097 1993 3137 ex

399 3193 553 3249 aequo
578 3193 802 3247 ponere,
824 3193 921 3232 uec
946 3192 1140 3232 eorum
1173 3177 1335 3231 simul
1366 3175 1674 3232 sententias
1691 3175 1991 3243 explicare.

400 3270 765 3337 Quamobrem
795 3279 983 3324 nostra
1006 3271 1241 3341 primum
1269 3268 1554 3323 translatio
1582 3268 1908 3334 disseratur,
1933 3277 1991 3324 et

398 3373 586 3434 postea
618 3363 683 3417 ad
710 3362 935 3419 ecsdem
958 3364 1261 3418 veniemus.
1293 3361 1491 3418 Adhuc
1516 3370 1707 3416 contra
1734 3361 1995 3431 potiulum

401 3456 499 3511 Dei
530 3471 713 3511 sermo
740 3466 846 3523 est,
881 3455 969 3509 cui
1001 3470 1164 3526 supra
1219 3454 1331 3522 jam
1375 3454 1590 3507 dixerat
1629 3469 1641 3506 :
1683 3452 1996 3507 Erontrario

398 3551 622 3621 populus
644 3565 786 3604 meus
817 3550 870 3603 in
894 3548 1249 3603 adversarium
1288 3546 1607 3603 consurrexit
1639 3562 1657 3600 :
1679 3546 1899 3619 desuper
1921 3556 2000 3601 tu-

397 3648 568 3699 nicam
596 3643 820 3716 pallium
838 3641 1156 3709 sustulistis,
1192 3641 1336 3710 quod
1365 3659 1471 3696 non
1517 3641 1690 3696 solum
1730 3641 1833 3695 hoc
1872 3657 1997 3710 ege-

401 3741 530 3804 rint,
555 3739 649 3793 sed
680 3737 939 3793 mulieres
964 3750 1197 3806 quoque,
1222 3734 1273 3789 id
1295 3745 1400 3799 est,
1427 3743 1704 3789 matronas
1720 3734 1997 3803 quondam

400 3834 659 3888 delicatas
689 3833 918 3887 fecerint
946 3833 1189 3900 captivas
1213 3830 1327 3896 ire,
1374 3832 1488 3885 sive
1534 3828 1635 3884 sub
1682 3828 1999 3899 metaphora

399 3926 562 3980 urbes
592 3925 814 3991 ludatur,
838 3937 973 3993 quas
1000 3924 1127 3977 etin
1159 3922 1291 3977 Isaia
1321 3920 1460 3975 tilias
1488 3921 1616 3977 Sion
1650 3930 1805 3975 vocat
1835 3917 1997 3991 (Isai.

401 4018 554 4088 xxvi)
581 4058 596 4083 ,
648 4033 715 4072 eo
752 4016 893 4087 quod
921 4016 1054 4071 Sion
1097 4015 1418 4085 metropolis
1462 4015 1645 4070 luerit.
1688 4013 1733 4068 Α
1764 4012 2001 4084 parvulis

401 4127 619 4185 quoque
640 4128 826 4165 earnm
857 4111 1087 4176 tulistis,
1116 4110 1306 4181 inquit,
1337 4108 1548 4164 laudem
1583 4122 1761 4163 meam
1792 4107 1845 4161 in
1877 4122 2000 4177 per-

402 4215 649 4277 petuum,
676 4203 854 4257 nullus
885 4201 1143 4258 remansit
1169 4203 1220 4255 in
1244 4200 1464 4271 populo,
1487 4200 1697 4255 cunctis
1719 4199 1801 4255 vel
1825 4200 1998 4255 inter-

399 4300 559 4356 iectis
593 4300 675 4352 vel
704 4299 902 4368 captis,
926 4297 1019 4366 qui
1050 4311 1198 4351 meos
1229 4295 1468 4366 psalmos
1502 4304 1760 4361 caneret;
1807 4293 1900 4349 sed
1945 4302 2001 4350 et

396 4394 555 4465 pauci
599 4393 687 4464 qui
728 4393 783 4447 in
822 4391 1099 4464 Babylone
1129 4401 1493 4460 supererant,
1537 4404 1734 4445 canere
1781 4404 1841 4445 se
1890 4402 1996 4445 non

394 4500 564 4559 posse
590 4495 879 4542 testantur.
908 4485 1204 4553 Quomodo,
1226 4485 1495 4555 inquiunt,
1530 4484 1852 4538 cantabimus
1873 4499 1998 4535 cano

397 4583 557 4635 ticum
586 4580 793 4634 Domini
842 4580 896 4633 in
936 4589 1076 4632 terra
1102 4579 1276 4632 aliena
1321 4576 1443 4647 (Ps.
1469 4592 1688 4643 cxxxvr,
1715 4575 1811 4644 ιη
1863 4576 1999 4633 Sur-

2096 1954 2401 2021 exteriores,
2418 1952 2504 2008 ubi
2525 1954 2624 2009 erit
2649 1956 2802 2024 ﬂetus
2824 1962 2871 2008 et
2893 1952 3090 2009 stridor
3110 1953 3381 2025 dentium(
3404 1952 3536 2011 Mat.
3562 1968 3697 2018 uti.

2100 2047 2202 2118 15)
2234 2065 2246 2101 :
2275 2048 2355 2103 An
2415 2063 2526 2104 non
2577 2048 2827 2105 confusio
2876 2058 2935 2105 et
2992 2049 3291 2119 ignominia
3350 2060 3471 2115 est,
3512 2047 3699 2106 lesum

2098 2140 2421 2197 cruciﬁxum
2445 2187 2458 2209 ,
2495 2142 2849 2212 magistrum,
2885 2156 3180 2212 pauperem
3240 2153 3405 2213 atque
3449 2142 3703 2199 esurien-

2098 2242 2208 2291 tem
2257 2236 2411 2293 iartis
2463 2237 2765 2307 praedicare
2821 2234 3193 2307 corporibus,
3250 2236 3703 2306 jejuniorumqne

2097 2330 2434 2397 doctrinam,
2469 2331 2736 2388 rubentes
2765 2331 2988 2395 buccas,
3021 2333 3399 2398 tumentiaque
3437 2348 3531 2387 ora
3574 2346 3701 2401 pro-

2097 2422 2357 2481 i‘crreiSi
2414 2424 2468 2479 in
2518 2422 2909 2492 Apostolorum
2969 2425 3090 2481 loco
3133 2440 3343 2491 sumus,
3370 2438 3477 2481 nou
3520 2424 3702 2481 solum

2098 2529 2409 2573 sermonem
2452 2530 2641 2573 eorum
2696 2516 3016 2585 imitemur,
3068 2517 3165 2577 sed
3222 2518 3704 2574 conversationem

2098 2622 2318 2679 quoque
2344 2618 2399 2664 et
2426 2609 2820 2669 abstinentiam
2847 2610 3265 2681 amplectamur.
3300 2610 3561 2667 Sanctum
3592 2611 3702 2669 uti-

2099 2716 2204 2771 que
2225 2712 2387 2759 estet
2418 2704 2811 2774 Apostolorum
2850 2705 3212 2762 ministerium
3239 2748 3254 2773 ,
3286 2706 3464 2763 viduis
3490 2717 3545 2763 et
3571 2722 3704 2777 pau-

2098 2795 2324 2864 peribus
2351 2797 2665 2853 ministrare
2689 2796 2705 2869 (
2730 2797 2907 2855 Actor.
2944 2813 2996 2854 vr
3024 2796 3147 2869 ,9).
3184 2797 3307 2855 Non
3339 2810 3583 2869 oportet,
3618 2800 3705 2857 in~

2098 2891 2314 2958 quiunt,
2345 2891 2563 2945 dimisso
2593 2890 2745 2947 verba
2776 2889 2897 2955 Dei,
2932 2893 3228 2949 ministrare
3254 2911 3348 2950 nos
3378 2895 3591 2951 mensis.
3630 2897 3705 2953 At

2100 2996 2246 3037 nunc
2271 2997 2379 3039 non
2422 2982 2547 3039 dico
2595 3000 2884 3055 pauperes,
2909 3002 3018 3042 non
3073 2987 3201 3043 dico
3255 2989 3478 3056 fratres,
3511 2999 3565 3047 et
3606 2989 3706 3057 qui

2098 3092 2319 3135 rursum
2376 3079 2611 3136 invitare
2653 3096 2760 3137 non
2812 3082 3139 3153 possint(ex
3187 3084 3418 3154 quibus,
3472 3095 3704 3154 excepta

2099 3176 2311 3243 gratia,
2344 3170 2482 3229 nihil
2535 3172 2680 3229 aliud
2729 3173 3062 3244 episcopalis
3108 3183 3295 3245 speret
3340 3176 3570 3249 manus)
3601 3176 3701 3235 sed

2103 3267 2404 3322 militantes
2438 3276 2491 3321 et
2523 3266 2803 3325 accinetos
2828 3266 3042 3339 gladio,
3067 3278 3122 3325 et
3155 3268 3397 3337 iudices,
3428 3269 3707 3327 excuban-

2102 3360 2249 3416 tibns
2272 3360 2564 3417 antelorcs
2605 3375 2739 3416 sitas
2783 3360 3194 3419 centurionibus
3242 3370 3297 3419 et
3329 3362 3524 3419 turmis
3561 3362 3706 3417 iniii-

2102 3466 2238 3523 tum,
2269 3453 2473 3510 Cbristi
2525 3455 2788 3511 sacerdos
2840 3453 3036 3511 invitat
3087 3455 3154 3511 ad
3215 3455 3523 3527 prandium.
3567 3455 3704 3511 Tota

2102 3550 2288 3605 clerici
2311 3551 2450 3607 urbe
2471 3551 2811 3606 discursant:
2835 3560 3095 3621 quaerunt
3120 3550 3386 3607 exhibere
3406 3552 3703 3621 iudicibus,

2102 3656 2224 3712 qua:
2254 3642 2330 3697 illi
2361 3643 2413 3697 in
2448 3645 2722 3712 praetoriis
2747 3641 2863 3698 suis
2890 3654 2983 3698 aut
3032 3644 3276 3699 invenire
3306 3661 3414 3701 non
3448 3654 3702 3715 possunt,

2102 3748 2195 3792 aut
2222 3748 2373 3792 certe
2404 3737 2623 3793 inventa
2660 3753 2767 3793 non
2801 3749 3081 3794 coemunt.
3123 3738 3234 3793 Nec
3267 3752 3398 3794 vero
3432 3739 3709 3795 arbitran-

2102 3830 2229 3884 dnm
2276 3830 2420 3899 quod
2470 3832 2803 3901 generaliter
2847 3832 2915 3886 ad
2946 3846 3138 3886 omnes
3169 3836 3289 3887 bare
3313 3833 3580 3903 dirigatur
3613 3832 3705 3887 iu-

2104 3920 2312 3986 vectio;
2351 3922 2442 3978 sed
2476 3923 2619 3992 quod
2651 3935 2747 3979 eos
2792 3925 2883 3992 qui
2942 3924 3078 3979 tales
3130 3936 3278 3990 sunt,
3310 3926 3493 3995 pulset
3522 3940 3708 3981 sermo

2107 4014 2492 4085 propheticus;
2519 4026 2576 4072 et
2605 4018 2975 4073 comminatur
3017 4019 3100 4073 eis
3138 4019 3502 4089 supplicia,et
3552 4030 3709 4075 tene—

2104 4110 2232 4164 bras
2259 4112 2622 4181 sempiteruas
2650 4129 2662 4165 :
2698 4122 2755 4165 ut
2781 4112 2874 4179 qui
2896 4112 3107 4183 pudore
3126 4122 3182 4167 et
3227 4113 3560 4169 verecundia
3591 4128 3704 4169 non

2104 4210 2384 4269 tenentur,
2420 4211 2586 4273 agant
2616 4203 2992 4273 pmuiteutiatn
3041 4204 3236 4259 saltem
3266 4205 3705 4260 comminatione

2103 4307 2329 4364 pinnam
2339 4310 2386 4348 ιιι
2397 4334 2409 4348 .

2178 4388 2323 4446 LXX
2356 4408 2367 4443 :
2400 4387 2761 4461 Propinquate
2823 4392 3083 4446 montibus
3141 4394 3372 4447 wternis.
3439 4390 3706 4449 Eternos

2106 4493 2345 4551 montes,
2377 4485 2458 4539 vel
2487 4483 2731 4552 Angelos
2770 4484 3085 4553 intelligere
3109 4498 3423 4556 possumus,
3456 4485 3545 4538 vel
3579 4498 3709 4551 pro-

2106 4579 2323 4648 piratas,
2357 4578 2426 4635 de
2448 4579 2649 4649 quibus
2674 4590 2728 4635 et
2757 4578 2811 4633 in
2855 4579 3069 4649 psalmo
3099 4579 3362 4649 scriptum
3392 4588 3471 4633 est
3505 4594 3523 4631 :
3553 4575 3709 4632 Fun-

398 4677 509 4745 gite
538 4675 717 4743 itaque
744 4683 797 4726 et
826 4670 974 4726 itein
1005 4670 1373 4740 captivitatem
1396 4713 1410 4735 ,
1445 4670 1568 4740 quia
1613 4670 1667 4724 in
1716 4669 1819 4725 hac
1850 4676 1996 4725 terra
2029 4640 2081 4702 θ
2105 4671 2346 4726 damento
2369 4675 2483 4745 ejus
2528 4672 2582 4725 in
2625 4670 2884 4726 montibus
2937 4673 3131 4727 sanctis
3163 4671 3290 4743 (Ps.
3346 4686 3581 4737 sunt,
3608 4673 3635 4727 i
3660 4669 3705 4741 ).

401 4769 645 4837 requiem
688 4780 792 4819 nou
838 4765 1050 4818 habetis
1075 4805 1090 4827 ,
1142 4778 1264 4832 qua:
1305 4772 1522 4832 propter
1565 4763 1774 4816 scelera
1811 4775 1995 4818 vestra

398 4864 607 4934 polluta
638 4870 763 4925 est,
809 4870 866 4915 ct
918 4857 1165 4912 uiundari
1214 4874 1321 4911 non
1365 4857 1585 4926 poterit,
1620 4858 1724 4913 nisi
1772 4858 1993 4928 longum

394 4958 683 5014 sabbatum
715 4962 875 5008 antea
928 4951 1244 5008 celebrarit.
1300 4951 1590 5019 Propterea
1642 4960 1822 5007 autem
1869 4952 1994 5007 dico

394 5050 573 5116 vobis,
627 5064 734 5102 non
769 5047 986 5100 habetis
1037 5044 1124 5099 hic
1166 5043 1405 5113 requiem
1433 5088 1448 5112 ,
1487 5042 1611 5113 quia
1659 5045 1864 5113 polluta
1908 5054 1989 5100 est

395 5153 539 5199 terra
581 5152 759 5195 vestra
788 5185 801 5207 ,
857 5152 909 5196 et
955 5150 1341 5209 corrumpetur
1382 5138 1670 5209 putredine
1708 5140 1944 5209 pessima
1973 5184 1988 5209 ,

395 5236 710 5305 captivitate
736 5234 1006 5299 videlicet,
1042 5233 1123 5287 vel
1155 5231 1486 5302 Babylonica
1510 5275 1525 5301 ,
1580 5231 1664 5287 vel
1714 5232 1989 5301 Romana,

390 5345 459 5385 eo
484 5328 628 5400 quod
660 5326 871 5382 Domini
901 5327 1225 5397 sanguinem
1279 5324 1525 5380 hauserit
1554 5343 1566 5378 :
1598 5324 1753 5395 juata
1788 5337 1993 5380 utraru-

389 5439 501 5493 que
530 5421 678 5476 enim
708 5419 950 5475 historiae
981 5420 1265 5474 veritatem
1290 5417 1518 5488 intelligi
1546 5426 1743 5488 potest.

472 5514 613 5571 LXX
646 5532 657 5566 :
696 5514 858 5567 Duces
902 5512 1083 5583 p0puli
1124 5513 1222 5565 mci
1268 5511 1607 5582 proiiciantur
1647 5510 1710 5565 de
1753 5511 1989 5565 domibus

396 5607 702 5661 deliciarum
740 5616 953 5661 suarum
980 5616 997 5659 :
1026 5614 1237 5676 prOpter
1266 5603 1432 5658 malus
1454 5602 1841 5658 adinrerrtiottes
1867 5618 1992 5659 snas

465 5784 482 5805 ¹¹
517 5785 591 5838 Ex
622 5780 901 5851 Medicam,
927 5784 1307 5853 Fesulanoque
1330 5785 1608 5839 codicibus
1632 5786 1885 5841 rescribit
1903 5786 1985 5842 Vi-

388 5857 595 5913 ctorius
612 5896 626 5923 ,
649 5855 1067 5910 aduersariorum
1097 5857 1457 5927 {ertitudinum
1476 5873 1597 5926 quer
1615 5859 1845 5927 anima,
1869 5868 1977 5916 etc.

2106 4763 2173 4819 Et
2207 4768 2257 4818 iu
2290 4763 2399 4819 alio
2425 4766 2545 4819 loco
2578 4780 2594 4818 :
2623 4762 2810 4818 Levavi
2839 4765 3014 4820 oculos
3042 4781 3180 4819 meos
3223 4766 3277 4819 in
3314 4773 3513 4819 montes
3564 4766 3707 4819 unde

2109 4855 2271 4909 teniet
2292 4855 2550 4911 auxilium
2595 4854 2929 4930 ntihi(lbid.
2976 4859 3158 4924 oud
3191 4861 3233 4925 ).
3284 4857 3706 4928 Appropinquat

2105 4959 2285 5004 antem
2323 4948 2491 5023 458
2514 4951 2741 5006 internis
2782 4952 3059 5007 montibus
3088 4952 3180 5022 qui
3210 4968 3317 5006 non
3368 4951 3420 5006 in
3463 4950 3707 5020 peccatis

2107 5044 2217 5099 suis
2244 5058 2274 5096 a
2323 5043 2605 5098 beatorum
2658 5043 3020 5099 Contubernio
3067 5042 3703 5114 separaturzquomodo

2104 5140 2319 5211 Moyses
2364 5139 2835 5210 appropinquabat
2882 5138 3020 5205 Deo,
3046 5156 3153 5195 non
3183 5139 3321 5204 loco,
3348 5138 3445 5194 sed
3476 5140 3698 5193 merito.

2103 5231 2171 5287 Et
2190 5231 2257 5287 ad
2283 5246 2381 5287 eos
2427 5232 2520 5300 qui
2563 5230 3072 5302 appropinquabant
3123 5232 3349 5288 aternis
3396 5231 3699 5297 montibus,

2100 5325 2219 5395 ipse
2248 5327 2510 5381 Dominus
2540 5326 2882 5396 loquebatur.
2908 5324 3052 5381 Deus
3092 5326 3525 5398 appropinquans
3548 5340 3642 5398 ego
3679 5340 3700 5379 :

2096 5430 2144 5473 et
2165 5435 2267 5473 non
2293 5418 2437 5474 Deus
2456 5419 2524 5474 de
2550 5420 2707 5491 longe
2730 5418 2874 5491 (Jer.
2906 5434 3039 5475 xxut
3063 5461 3080 5485 ,
3116 5420 3189 5475 25
3208 5418 3251 5491 ).
3281 5418 3493 5475 Montes
3508 5429 3695 5474 autem

2100 5512 2312 5573 aeterm,
2344 5513 2410 5566 ad
2434 5510 2841 5567 distinctionem
2888 5527 3076 5567 eorum
3130 5521 3394 5567 vocantur
3442 5511 3533 5581 qui
3584 5526 3694 5566 non

2096 5604 2457 5671 suntmterni,
2496 5604 2816 5677 principium
2847 5604 3055 5661 scilicet
3099 5603 3264 5675 hujus
3306 5603 3491 5663 saeculi
3539 5619 3697 5658 mon-

2165 5789 2191 5828 b
2220 5791 2489 5863 liorrupte
2519 5791 2806 5863 legebatur
2833 5793 3001 5849 electi.
