4078 6342
328 290 472 349 “75

1126 276 1778 341 COMMENTARIOBUM
1817 276 1884 339 ut
1925 273 2266 338 unum
2306 270 2437 336 LIB.
2483 271 2531 329 ι.
2572 228 2727 326 an»:
2771 267 2835 325 ιι.

3496 263 3635 329 HN

308 406 469 475 tium
523 401 978 463 tenebrosorum:
1016 399 1107 471 qui
1163 413 1285 457 cum
1330 396 1505 459 erecti
1533 395 1736 459 iuerint
1773 396 1925 455 velut
1950 398 2001 461 Δ
2029 398 2348 467 persecutus
2379 390 2431 446 in
2457 387 2637 447 nihili.
2669 384 2828 457 Quod
2862 384 2904 445 si
2933 383 3023 445 cui
3044 382 3260 445 videtur
3286 380 3449 443 nimis
3475 396 3635 442 coac-

334 496 529 557 cedrus
559 495 751 557 Libani
785 502 1131 559 transeuntes
1152 507 1280 551 eum
1308 489 1535 556 mundo,
1562 490 1714 551 locus
1733 504 1925 547 eorum

333 605 444 649 non
480 589 683 659 poterit
707 586 962 647 inveniri.

411 681 597 743 LXX:
632 682 804 753 Surge
824 691 875 739 et
904 677 1137 743 anicula,
1162 679 1285 753 quia
1331 694 1436 739 non
1477 686 1553 735 est
1597 676 1691 733 tibi
1728 674 1816 732 hic
1847 694 1931 733 re-

334 778 501 850 quies.
530 775 791 833 lubemur
815 775 868 829 in
913 772 1079 833 nullis
1121 770 1310 836 mundi
1349 770 1511 829 rebus
1548 778 1746 841 putare
1776 768 1933 825 nobis

337 870 621 941 requiem;
654 867 752 931 sed
798 866 951 937 quasi
982 881 1013 925 a
1044 864 1272 927 mortuis
1324 873 1677 934 resurgentes
1697 904 1713 931 ,
1744 862 1811 919 ad
1842 876 1933 923 su-

334 960 500 1021 blime
528 960 780 1024 tendere,
815 968 870 1015 et
914 956 1194 1017 ambulare
1241 963 1367 1027 post
1419 955 1707 1013 Dominum
1758 954 1930 1012 Deum

335 1062 605 1119 nostrum,
639 1060 696 1109 et
718 1052 924 1113 dicere.
957 1048 1193 1111 Adhwsit
1238 1050 1415 1104 anima
1442 1064 1555 1107 mea
1586 1057 1699 1117 post
1720 1058 1770 1103 te
1792 1046 1929 1117 (Ps.

341 1161 469 1215 uti,
504 1145 584 1215 9).
606 1144 760 1217 Quod
784 1145 828 1203 si
854 1143 1284 1215 neglexerimus.
1308 1151 1364 1205 et
1384 1142 1723 1205 uoluerimus
1740 1141 1934 1199 audire

334 1239 612 1296 dicentem
641 1254 661 1293 :
691 1236 930 1310 Exsurge
966 1236 1055 1308 qui
1082 1236 1303 1305 dormis,
1327 1245 1376 1295 et
1397 1235 1614 1299 elevare,
1644 1244 1692 1295 et
1738 1234 1936 1293 illumi—

337 1332 481 1387 nabit
512 1341 561 1387 te
615 1329 859 1387 Christus
886 1328 1062 1403 (Eph.
1106 1344 1163 1395 v,
1196 1326 1323 1400 id),
1355 1327 1777 1389 dorutilabimus
1815 1326 1936 1398 qui—

338 1426 488 1494 dem,
520 1424 616 1481 sed
662 1423 1022 1497 decipiemur,
1046 1430 1102 1479 et
1150 1437 1257 1479 non
1309 1421 1649 1483 inveniemus
1687 1422 1932 1492 requiem

336 1521 465 1591 quia
498 1520 584 1577 ubi
615 1516 868 1575 Christus
897 1534 1006 1575 non
1056 1517 1328 1577 illuminat
1371 1526 1747 1589 resurgentem
1767 1558 1781 1583 ,
1811 1531 1935 1585 qua:

339 1613 558 1669 videtur
588 1628 709 1669 esse
740 1613 979 1686 requies,
1010 1610 1293 1669 tribulatio
1320 1620 1429 1673 est.

413 1704 555 1765 LXX
582 1722 596 1760 :
627 1704 851 1779 PrOpter
899 1704 1283 1763 immunditiam
1323 1703 1615 1778 consumpti
1652 1704 1773 1761 estis
1818 1718 1937 1763 cor-

2033 502 2170 556 tum,
2191 494 2248 542 et
2276 493 2467 541 natura
2492 482 2792 551 Scriptum
2820 480 3227 551 simplicitatem
3267 477 3503 537 artificio
3529 494 3629 548 po-

2032 585 2139 641 tius
2166 581 2390 654 eloquii,
2423 593 2581 651 quam
2634 592 2760 635 vera
2809 575 3262 647 interpretatione
3311 573 3630 642 diasertum,

2033 677 2117 733 vel
2148 676 2415 747 priorem,
2444 672 2530 733 vel
2556 685 2717 742 quam
2749 674 2867 741 ipse
2906 669 3180 742 repererit
3226 668 3630 740 expositionem

2031 778 2311 842 sequatur.

2106 866 2126 937 (
2145 866 2303 920 Vera.
2336 865 2424 932 ii,
2457 859 2586 932 12.)
2620 858 2835 917 Utinam
2863 875 2967 915 non
2997 872 3157 913 essent
3187 858 3263 913 vir
3308 856 3499 913 habens
3527 855 3635 926 spi-

2032 963 2215 1028 ritum,
2239 968 2287 1014 et
2314 956 2639 1012 mendacium
2668 955 2841 1023 potius
2872 953 3128 1023 loquerer.
3163 947 3391 1005 Stillabo
3439 948 3531 1011 tibi
3578 948 3633 1003 in

2034 1054 2213 1107 uinum
2241 1059 2285 1105 et
2316 1050 2371 1104 in
2394 1048 2711 1113 ebrietatem,
2739 1055 2786 1101 et
2816 1046 2911 1101 erit
2958 1060 3111 1113 super
3138 1041 3166 1085 δ
3196 1057 3349 1113 quem
3397 1040 3634 1096 stillatur

2038 1148 2259 1220 populus
2280 1148 2396 1200 iste.
2429 1143 2839 1216 Congregatione
2865 1140 2985 1214 [ΑΙ.
3029 1136 3395 1209 Congregans]
3420 1153 3634 1208 congre-

2037 1242 2165 1315 gabo
2193 1239 2377 1304 Iacob,
2411 1246 2573 1292 totum
2619 1245 2668 1291 te
2697 1251 2714 1288 .'
2746 1238 2800 1291 in
2849 1248 3012 1291 unum
3061 1220 3349 1286 conducant
3389 1230 3634 1301 reliquias

2038 1334 2207 1390 Israel
2246 1333 2438 1404 pariter
2472 1342 2517 1384 ε.
2990 1406 2993 1409 Α

2111 1434 2181 1489 Et
2211 1432 2263 1487 in
2295 1432 2397 1486 hoc
2423 1429 2600 1501 capite
2640 1429 2869 1483 multum
2917 1425 3271 1499 Septuaginta
3316 1424 3642 1494 interpretes

2038 1523 2107 1579 ab
2154 1523 2421 1580 Hebraico
2467 1521 2803 1593 discrepant.
2866 1520 3023 1576 Unde
3088 1519 3329 1590 primum
3382 1516 3539 1587 juxta
3580 1515 3635 1571 id

2037 1617 2183 1689 quod
2211 1618 2369 1672 nobis
2397 1616 2465 1670 ab
2489 1613 2734 1670 Hebrreis
2759 1622 2845 1669 est
2886 1612 3143 1669 traditum
3198 1624 3561 1681 exponamus,
3585 1618 3642 1665 et

2041 1722 2252 1782 postea,
2287 1713 2332 1766 si
2367 1711 2627 1765 Dominus
2653 1708 2911 1773 voluerit,
2944 1706 3014 1762 de
3038 1704 3229 1765 eorum
3280 1703 3637 1767 translatione

338 1802 605 1875 raptione.
637 1799 745 1856 Pro
766 1814 833 1856 eo
860 1798 1005 1871 quod
1034 1813 1137 1855 nos
1162 1798 1422 1867 diximus,
1456 1798 1750 1868 consumpti
1789 1798 1932 1867 estis,
1964 1798 2014 1860 B
2043 1805 2413 1861 tractabimus.
2444 1803 2490 1859 Ο
2520 1803 2718 1874 popula
2756 1800 3003 1869 Iudaica,
3031 1798 3101 1853 ad
3149 1812 3288 1869 quos
3340 1794 3639 1867 repromis-

340 1905 517 1969 potest
542 1896 697 1966 juxta
725 1893 972 1953 Graecam
1007 1893 1413 1965 intelligentiam
1444 1893 1499 1948 in
1520 1892 1716 1953 Latino
1736 1906 1936 1951 sonare

336 2004 617 2055 sermone,
648 1987 881 2060 corrupti
902 1987 1054 2045 estis:
1085 1995 1142 2041 ut
1163 1986 1232 2042 sit
1262 1985 1418 2057 ordo,
1452 1994 1679 2059 propter
1704 1986 1939 2051 imtnun-

340 2082 531 2139 ditiam
564 2080 805 2151 corrupti
846 2079 977 2139 esus
1008 2079 1388 2153 corruptione.
1416 2077 1529 2135 Hoc
1550 2088 1729 2135 autem
1752 2076 1820 2135 ad
1840 2091 1937 2143 eos

338 2176 557 2243 dicitur,
575 2175 668 2247 qui
699 2174 963 2247 voluptati
994 2174 1241 2251 corporis
1267 2181 1322 2231 et
1345 2173 1588 2237 libidinis
1609 2173 1933 2242 servientes,

341 2282 449 2326 non
475 2267 651 2325 solum
675 2268 935 2339 animam,
968 2265 1065 2322 sed
1095 2280 1297 2341 corpus
1348 2281 1563 2339 quoque
1610 2279 1764 2321 suum
1816 2278 1937 2323 coro

337 2370 620 2433 rumpunt,
650 2362 988 2431 voluptatum
1020 2369 1295 2417 amatores
1326 2361 1499 2433 magis
1534 2373 1697 2433 quam
1726 2367 1938 2417 amatov

338 2470 429 2515 re»
456 2453 573 2510 Dei.
623 2452 847 2513 Peterat
884 2467 1102 2529 quoque
1140 2451 1346 2515 dicere.
1377 2460 1597 2525 propter
1646 2449 1937 2509 immundi-

339 2548 471 2607 tiam
506 2548 750 2625 corrupti
783 2546 938 2613 estis,
970 2556 1024 2602 et
1051 2561 1249 2603 sensus
1281 2544 1444 2605 etiam
1478 2545 1681 2619 absque
1712 2559 1937 2616 corrup-

339 2638 491 2696 tione
517 2639 711 2696 luisset
737 2640 1015 2708 expletus.
1041 2639 1196 2697 Nunc
1213 2648 1393 2696 autem
1426 2639 1555 2715 quia
1579 2640 1674 2711 ait,
1706 2640 1940 2712 corrupti

338 2732 460 2797 estis
508 2732 885 2807 corruptione,
935 2731 1003 2787 ad
1058 2731 1465 2789 distinetiouem
1527 2730 1658 2789 mihi
1722 2730 1939 2797 videtur

337 2826 715 2899 corruptionis
761 2827 1017 2882 salutaris
1050 2825 1257 2885 dixisse
1286 2842 1303 2879 :
1333 2826 1484 2900 juxta
1515 2840 1676 2897 quam
1708 2834 1762 2883 et
1794 2827 1939 2896 Apoc

338 2919 516 2975 stolus
557 2919 799 2988 loquitur
821 2936 841 2974 :
873 2918 941 2974 Et
968 2920 1015 2973 si
1048 2920 1092 2973 is
1130 2919 1219 2993 qui
1268 2919 1405 2992 foris
1454 2918 1608 2972 homo
1639 2926 1811 2975 noster
1840 2928 1936 2988 est,

340 3010 726 3081 corrumpitur;
755 3011 843 3066 sed
892 3011 980 3083 qui
1022 3011 1164 3071 intus
1210 3021 1285 3067 est
1337 3019 1614 3067 renovatur
1661 3010 1726 3069 tle
1770 3010 1853 3073 die
1883 3011 1935 3065 in

340 3103 474 3156 diem
493 3101 562 3177 (il
577 3102 693 3157 Car.
709 3118 786 3169 tv,
806 3102 926 3179 16).
943 3102 1043 3173 Qui
1072 3118 1293 3179 semper
1315 3101 1786 3159 mortiﬁcationem
1806 3101 1940 3159 .lesu

2038 1900 2244 1965 siones,
2303 1912 2533 1969 quorum
2592 1904 2921 1952 testamenta
2962 1903 3018 1949 et
3077 1894 3195 1959 lex,
3224 1900 3281 1947 et
3332 1907 3400 1947 ex
3441 1890 3638 1962 quibus

2041 1988 2289 2045 Christus
2338 1986 2637 2044 secundum
2679 2001 2902 2042 carnem
2932 1986 3124 2058 (Rom.
3182 1982 3298 2054 ix),
3323 1983 3433 2048 cui,
3463 1982 3641 2037 immi-

2040 2085 2296 2147 nentibus
2319 2083 2656 2157 Babyloniis,
2684 2082 2767 2138 vel
2816 2082 3100 2148 Romanis,
3133 2079 3246 2135 dixi
3278 2097 3290 2134 :
3319 2077 3537 2148 Surgite
3585 2087 3640 2131 et

2041 2180 2115 2237 ite
2145 2180 2197 2235 in
2228 2178 2620 2250 captivitatem,
2646 2174 2908 2248 quoniam
2933 2188 3043 2229 non
3087 2180 3178 2228 est
3210 2170 3365 2226 vobis
3404 2170 3461 2225 in
3494 2180 3639 2225 terra

2038 2278 2144 2332 ista
2166 2276 2401 2346 requies,
2428 2290 2552 2345 quia
2598 2281 2824 2343 propter
2865 2268 3268 2325 immunditiam
3312 2283 3468 2327 suam
3516 2282 3636 2321 cor-

2040 2380 2325 2438 rumpetur
2372 2365 2724 2437 populatione
2782 2363 3104 2427 novissima,
3135 2376 3243 2415 non
3299 2375 3386 2415 me
3446 2359 3645 2430 putetis

2040 2463 2312 2516 volentem
2344 2459 2513 2529 loqui,
2539 2466 2594 2512 et
2623 2455 2927 2527 praedicare
2954 2454 3303 2526 gaudentem,
3330 2451 3477 2522 quod
3504 2466 3639 2506 ven-

2040 2563 2221 2611 turum
2266 2551 2426 2609 video
2459 2568 2474 2606 :
2505 2560 2754 2621 optarem
2802 2557 2856 2603 et
2893 2547 3012 2617 ipse
3042 2545 3329 2601 anathema
3373 2558 3496 2599 esse
3545 2559 3643 2613 pro

2041 2645 2302 2702 fratribus
2352 2643 2524 2712 meis,
2570 2640 2665 2713 qui
2702 2649 2833 2697 sunt
2878 2639 3144 2701 Israelita:
3189 2637 3385 2710 (Rom.
3428 2652 3522 2702 tu,
3554 2634 3641 2707 ὃ).

2043 2741 2258 2798 Utinam
2284 2740 2355 2795 de
2381 2752 2504 2795 meo
2529 2751 2695 2793 sensu
2720 2737 2997 2807 loquerer,
3026 2741 3082 2789 et
3101 2742 3352 2789 sanctum
3379 2730 3642 2802 Spiritum

2042 2849 2150 2896 non
2182 2832 2473 2897 haberem;
2503 2839 2558 2886 et
2586 2830 2731 2886 inter
2756 2824 3265 2900 pseudopropltetas
3294 2824 3473 2893 potius
3492 2837 3644 2878 come

2044 2935 2283 2997 putatus,
2308 2925 2461 2981 solus
2492 2922 2748 2995 perirem,
2770 2930 2952 2981 etnon
2972 2928 3162 2977 essent
3186 2917 3352 2990 Λα)
3374 2932 3501 2973 vera
3520 2932 3643 2987 qum

2042 3020 2167 3076 dico
2202 3037 2213 3071 ι
2246 3027 2302 3079 et
2330 3024 2479 3073 tanta
2512 3014 2801 3073 multitudo
2828 3012 3084 3073 crederet
3106 3012 3161 3067 in
3197 3010 3398 3066 Filium
3418 3010 3512 3065 Dei
3540 3053 3555 3075 ,
3588 3019 3645 3065 et

2047 3129 2152 3171 non
2184 3112 2490 3173 traderetur
2518 3118 2739 3165 aeternae
2760 3106 3080 3178 captivitati.
3113 3104 3315 3161 Verum
3361 3105 3488 3175 quia
3519 3119 3646 3174 prov

338 3205 524 3267 portat
562 3195 616 3250 in
645 3210 878 3268 corpore
908 3210 1032 3263 suo,
1062 3204 1117 3251 et
1145 3196 1476 3255 exteriorem
1507 3195 1809 3267 corrumpit
1838 3194 1935 3251 ho~
1966 3198 2013 3263 α
2045 3206 2205 3278 pheta
2234 3221 2380 3271 sum,
2404 3213 2458 3265 et
2480 3204 2570 3260 Dei
2602 3203 2799 3273 spiritu
2828 3202 3041 3273 loquor,
3074 3211 3130 3255 et
3161 3215 3189 3253 a
3212 3199 3493 3263 divinitate
3516 3196 3640 3270 [Δί.

342 3287 566 3353 minem,
596 3297 651 3343 et
675 3303 895 3344 carnem
929 3288 1159 3360 imperio
1187 3288 1382 3345 anima:
1420 3287 1663 3358 subjicit,
1691 3288 1793 3344 iste
1813 3303 1937 3347 cor-

343 3380 615 3450 rumpitur
653 3381 895 3453 quidem,
926 3381 1020 3435 sed
1077 3397 1181 3437 non
1223 3383 1596 3450 corruptione,
1630 3381 1756 3455 quia
1807 3396 1937 3437 cor-

345 3473 525 3543 ruptio
553 3472 696 3529 illius
726 3473 986 3529 salutaris
1013 3483 1114 3528 est.

415 3563 673 3639 Fugistis,
708 3570 909 3623 nemine
955 3580 1304 3641 persequente.
1340 3569 1422 3629 Ad
1472 3585 1567 3631 eos
1594 3571 1813 3645 dicitur,
1848 3576 1938 3647 qui

345 3673 570 3732 propter
627 3662 1023 3719 immunditiam
1077 3665 1429 3734 corruptione
1498 3668 1738 3743 corrupti
1788 3679 1937 3738 sunt,

346 3753 490 3824 quod
513 3755 849 3810 conscientia
873 3763 1224 3826 peccatorum
1248 3757 1410 3817 etiam
1434 3757 1639 3829 absque
1664 3762 1941 3833 suppliciis

344 3848 604 3901 resistere
631 3847 876 3903 hostibus
917 3856 972 3904 et
1000 3847 1260 3904 dimicare
1292 3865 1398 3905 non
1432 3851 1687 3909 audeant.

415 3937 582 4013 459
606 3938 764 3996 Unde
784 3951 840 3995 et
879 3942 1213 3997 formidolosi
1246 3943 1298 3997 in
1327 3952 1351 3979 τί
1383 3953 1696 4005 sanctorum
1725 3948 1937 4020 praelia,

346 4047 417 4088 ne
452 4044 696 4088 terreant
752 4044 963 4090 mentes
1016 4034 1240 4089 fratrum
1290 4050 1537 4109 suorum,
1568 4038 1867 4111 ejiciuntur
1911 4058 1944 4098 e

346 4128 566 4194 castris,
601 4136 655 4183 et
712 4144 778 4184 ex
835 4127 953 4184 acie
1004 4130 1345 4200 repelluntur
1389 4129 1579 4205 (Deut.
1633 4132 1761 4208 xx),
1789 4144 1843 4191 et
1889 4135 1942 4193 in

349 4220 660 4276 maledictis
690 4220 913 4277 Levitici
948 4221 1014 4276 ad
1060 4222 1435 4295 hujuscemodi
1469 4224 1716 4281 homines
1760 4242 1945 4283 sermo

349 4310 603 4382 dirigitur
637 4330 650 4367 :
684 4311 1032 4385 Persequetur
1084 4332 1173 4370 vos
1218 4318 1335 4387 [alii
1364 4332 1463 4372 vox
1494 4319 1732 4386 rolantis,
1765 4328 1811 4375 et
1858 4325 1946 4394 [u-

350 4404 523 4480 gietis,
558 4407 703 4460 nullo
750 4420 1077 4481 persequente
1109 4408 1306 4481 (Leuit.
1357 4427 1504 4479 ηπ,
1534 4413 1654 4483 ἔϐ).
1704 4414 1830 4470 Scio
1858 4430 1946 4473 me

351 4501 407 4556 in
432 4502 714 4573 cujusdam
756 4505 1164 4561 commentariis
1193 4506 1409 4579 legisse,
1438 4509 1761 4579 exponentis
1784 4509 1949 4565 Joan-

2045 3297 2312 3371 veritate]
2340 3298 2562 3364 missus,
2588 3295 2833 3367 praedico
2852 3294 3178 3357 veritatem:
3210 3301 3499 3364 propterea
3524 3291 3643 3347 stil-
3680 3354 3687 3355 ί

2043 3391 2169 3451 labo
2201 3391 2293 3451 tibi
2324 3404 2634 3449 sermonem
2657 3402 2837 3447 tuatim
2870 3387 2922 3441 iu
2973 3400 3252 3442 meracum
3279 3384 3464 3447 vinum
3497 3382 3644 3454 quod

2045 3493 2097 3543 te
2121 3482 2372 3551 inebriet,
2402 3489 2460 3541 et
2486 3496 2745 3539 corruere
2770 3479 2954 3536 faciat.
2983 3478 3066 3535 Me
3094 3486 3273 3534 autent
3298 3477 3560 3543 stillante,
3586 3487 3647 3532 et

2044 3577 2239 3634 futura:
2295 3575 2621 3644 captivitatis
2668 3573 2875 3633 malum
2928 3580 3205 3639 canente,
3258 3570 3490 3641 populus
3538 3569 3643 3626 iste

2043 3686 2193 3731 meas
2222 3668 2483 3739 suscipiet
2515 3666 2752 3736 pluvias,
2781 3665 2882 3725 hoc
2906 3672 3013 3733 est,
3038 3664 3172 3729 vult,
3205 3678 3314 3719 non
3346 3662 3481 3731 vult,
3523 3675 3643 3719 sus-

2047 3765 2223 3819 tinere
2250 3760 2415 3819 habet
2446 3776 2570 3831 quae
2592 3759 2737 3819 dico.
2772 3759 2839 3819 Et
2865 3773 2934 3814 ne
2974 3757 3343 3825 arbitremini,
3374 3755 3645 3815 malorum

2044 3876 2131 3921 me
2155 3875 2279 3917 esse
2309 3867 2515 3931 tantum
2540 3856 2561 3929 [
2582 3857 2666 3917 Al.
2695 3854 3002 3928 lautorum]
3031 3865 3236 3921 vatem,
3252 3869 3400 3909 nunc
3422 3853 3642 3924 quidem

2044 3954 2219 4011 veniet
2246 3951 2498 4022 praedicta
2521 3950 2845 4021 captivitas;
2870 3948 2965 4005 sed
2988 3963 3122 4005 ecce
3146 3950 3198 4005 in
3222 3946 3245 4020 [
3265 3946 3351 4002 Αι.
3384 3955 3442 4002 ιιι
3477 3961 3645 4017 agno-

2047 4058 2233 4105 scatur
2260 4046 2385 4118 quia
2418 4045 2497 4112 in,
2528 4044 2663 4117 ets]
2694 4060 2781 4101 me
2804 4057 2991 4099 sermo
3017 4043 3280 4113 loquitur,
3312 4043 3401 4112 qui
3433 4043 3498 4097 ad
3528 4059 3648 4097 om-

2049 4156 2147 4197 nes
2201 4140 2496 4210 prOphetas
2543 4137 2624 4199 lit.
2677 4137 2797 4205 Quo
2822 4137 3088 4193 reticente
3114 4134 3402 4205 propheta,
3426 4150 3535 4191 non
3568 4135 3648 4189 lo.

2049 4234 2254 4305 quitur,
2280 4241 2336 4289 et
2366 4246 2510 4289 nunc
2537 4228 2705 4293 dicit:
2741 4228 2988 4296 Veniam,
3018 4236 3073 4283 et
3119 4228 3419 4283 humanum
3447 4242 3649 4298 corpus

2047 4343 2350 4392 assumant,
2395 4340 2596 4389 nascar
2627 4327 2695 4385 de
2718 4324 2963 4394 Virgine.
2989 4323 3118 4381 Sive
3143 4324 3215 4380 ita
3246 4340 3261 4378 :
3286 4323 3422 4391 Quia
3446 4323 3499 4377 in
3525 4340 3649 4379 car-

2048 4421 2133 4477 nis
2164 4418 2470 4483 humilitate
2524 4419 2669 4484 veni,
2699 4426 2758 4475 et
2787 4433 2893 4472 non
2936 4415 3192 4474 eredistis
3240 4416 3401 4483 mihi,
3433 4420 3646 4471 veniam

2049 4513 2102 4567 in
2146 4510 2615 4573 consummatione
2672 4509 2854 4572 mundi
2903 4508 2955 4563 in
3010 4509 3294 4579 majestate
3356 4526 3475 4565 mea
3522 4526 3647 4566 cum

352 4594 437 4649 nis
469 4595 815 4667 evangelista:
846 4598 1172 4669 principium
1206 4615 1219 4652 :
1252 4597 1440 4654 Omnia
1469 4616 1561 4667 per
1591 4601 1759 4671 ipsum
1806 4603 1949 4674 facta
1977 4594 2025 4655 Ι)
2056 4609 2276 4679 Angelis
2300 4610 2624 4679 caeterisque
2651 4606 2967 4671 virtutibus,
3001 4615 3053 4661 et
3085 4614 3213 4660 tunc
3235 4613 3290 4661 te
3319 4616 3490 4661 totout
3514 4623 3651 4662 eon-

350 4698 494 4755 sunt,
521 4698 571 4743 et
595 4690 709 4746 sine
734 4690 847 4759 ipso
876 4692 1068 4762 factum
1099 4701 1173 4746 est
1210 4692 1363 4759 nihil,
1399 4692 1501 4747 hoc
1540 4694 1685 4764 quod
1727 4694 1945 4762 dicitur,

352 4778 506 4847 nihil,
532 4780 597 4837 ad
640 4782 900 4839 malitiam
934 4784 1184 4843 retulisse
1218 4803 1232 4840 :
1266 4802 1587 4858 rursumque
1614 4787 1791 4859 ipsam
1835 4805 1947 4844 ma-

354 4873 526 4930 litiam
560 4877 976 4947 interpretatum
1030 4891 1151 4934 esse
1206 4878 1503 4943 diabolum,
1536 4888 1593 4935 et
1639 4881 1746 4937 isto
1800 4885 1954 4953 quasi

353 4971 550 5042 gradu,
582 4970 760 5041 ipsum
806 4971 950 5045 quod
998 4971 1200 5029 factum
1256 4984 1339 5030 est
1387 4976 1507 5031 sine
1554 4974 1795 5044 Christo,
1823 4978 1957 5034 nihil

270 5096 275 5099 -
357 5063 634 5120 diabolum
667 5066 1021 5122 intellexisse.
1055 5068 1109 5124 Si
1142 5068 1305 5139 igitur
1327 5070 1554 5136 malitia,
1590 5071 1675 5127 vel
1707 5071 1958 5135 diabolus

359 5159 501 5215 nihil
529 5168 633 5227 est,
665 5169 719 5216 et
747 5160 1005 5232 fugerunt
1032 5162 1122 5235 qui
1146 5167 1496 5239 corruptione
1532 5170 1776 5238 corrupti
1807 5179 1956 5241 sntit,

359 5254 533 5321 nullo,
568 5254 618 5325 id
674 5262 778 5324 est,
810 5254 945 5313 nihil
996 5267 1379 5331 persequente,
1409 5256 1662 5317 diabolus
1727 5276 1824 5316 eos
1872 5270 1961 5323 est

437 5403 461 5430 ’ί
491 5394 609 5451 Duo
641 5395 862 5453 Palatini
892 5412 1051 5461 mss.,
1083 5397 1410 5466 formidolosi
1453 5400 1779 5455 inimicorum
1824 5419 1957 5475 prw-

362 5468 434 5523 lio
466 5478 687 5522 terreant
715 5478 925 5533 mentes,
956 5480 1060 5524 etc.

436 5546 466 5587 ι»
493 5539 620 5614 Post
655 5540 954 5614 Victoriam
985 5558 1049 5596 ex
1086 5540 1314 5612 Vulgata
1346 5543 1585 5597 editione
1617 5586 1630 5606 ,
1665 5544 1955 5614 ilebraico,

363 5610 746 5686 Britianisque
785 5611 1066 5669 codicibus
1108 5610 1257 5684 quem
1314 5630 1412 5683 pro
1460 5631 1574 5685 quo:
1615 5616 1875 5686 legimus:
1904 5610 1963 5675 et

364 5682 529 5756 paulo
559 5695 681 5756 post
713 5693 877 5741 totum
902 5694 969 5748 te,
1000 5699 1101 5756 pro
1123 5682 1236 5755 quo
1257 5682 1396 5755 erat,
1431 5682 1593 5741 totum
1620 5682 1749 5744 in'te
1782 5706 1800 5744 :
1828 5706 1961 5745 nos.

364 5753 471 5826 que
503 5753 612 5827 hac
637 5754 686 5807 in
716 5771 772 5810 re
804 5756 976 5811 nostri
1003 5753 1230 5827 quoque
1253 5753 1516 5826 juverunt
1545 5775 1676 5814 mss.

446 5836 468 5865 ο
499 5824 715 5883 Addunt
747 5842 877 5885 mss.
930 5824 1104 5885 nostri
1145 5824 1428 5900 reliquum
1490 5839 1695 5888 textum
1725 5848 1737 5886 :
1771 5850 1963 5904 ponam

2054 4701 2312 4772 gregabo,
2344 4700 2512 4757 Jacob
2540 4718 2552 4753 :
2586 4709 2712 4757 tunc
2748 4697 2803 4755 in
2848 4714 3014 4755 unum
3047 4697 3345 4757 condueam
3388 4699 3650 4771 reliquias

2056 4797 2245 4863 Israel,
2275 4805 2477 4851 etcum
2498 4795 2737 4865 gentium
2767 4792 2969 4864 populo
2999 4792 3056 4846 iu
3106 4792 3237 4847 ovili
3279 4809 3402 4849 meo
3450 4796 3653 4864 pariter

2059 4891 2325 4962 copulabo
2359 4908 2372 4944 :
2403 4898 2532 4946 tunc
2556 4900 2607 4944 te
2636 4903 2789 4943 muro
2822 4887 3136 4942 ﬁrmissimo
3162 4887 3392 4958 sapiam,
3424 4895 3482 4944 et
3506 4898 3655 4943 tanta

2060 4982 2164 5039 erit
2211 4980 2551 5037 credentium
2605 4977 2923 5045 multitudo,
2954 4986 3013 5033 et
3060 4979 3202 5033 inter
3256 4978 3440 5033 caulas
3496 4979 3659 5049 positi

2060 5074 2239 5147 gregis
2266 5074 2636 5141 tumultuatio,
2670 5080 2729 5126 ut
2780 5072 3036 5126 vincatur
3081 5086 3343 5127 numerus
3396 5085 3656 5140 pecorum

2062 5170 2330 5240 largitate.
2356 5169 2432 5225 Ac
2482 5184 2551 5224 ne
2594 5167 2826 5223 forsitan
2883 5173 3064 5237 putes,
3094 5165 3221 5237 quia
3266 5164 3379 5219 dixi
3413 5165 3654 5221 :Pouam

2062 5263 2215 5318 illum
2247 5261 2401 5332 quasi
2425 5276 2645 5332 gregem
2674 5261 2728 5316 in
2750 5258 2901 5326 ovili,
2935 5267 2992 5315 et
3014 5259 3166 5330 quasi
3199 5274 3367 5329 pecus
3396 5260 3446 5314 in
3477 5260 3656 5316 medio

2066 5404 2238 5476 illum,
2262 5403 2410 5474 quasi
2436 5420 2639 5476 gregem
2663 5404 2713 5456 in
2746 5402 2886 5470 orili,
2911 5403 3058 5476 quasi
3090 5419 3240 5467 pecus
3256 5403 3309 5456 in
3341 5403 3509 5456 medio
3539 5420 3659 5458 cau-

2066 5475 2236 5529 larum
2260 5473 2280 5527 r
2315 5473 2766 5529 tumultuabuntur
2796 5493 2827 5528 a
2872 5473 3199 5528 multitudine
3234 5477 3517 5528 hominum.
3561 5477 3660 5531 As-

2067 5549 2288 5619 cendens
2316 5549 2447 5600 enim
2492 5548 2675 5619 pandit
2730 5548 2823 5601 iter
2869 5554 2988 5619 ante
3037 5562 3141 5615 eos,
3172 5547 3418 5608 dirident,
3451 5556 3498 5599 et
3546 5564 3665 5619 per-

2067 5617 2357 5674 transibunt
2386 5617 2603 5686 portam,
2638 5628 2683 5672 et
2711 5618 3035 5689 egredientur
3060 5635 3150 5689 per
3177 5634 3310 5685 eam,
3339 5629 3385 5672 et
3425 5617 3659 5673 transibit

2068 5707 2365 5817 rexheorum
2388 5707 2564 5745 coram
2590 5692 2685 5757 eis,
2711 5688 2757 5743 et
2784 5688 3039 5745 Dominus
3068 5690 3122 5746 in
3161 5691 3334 5762 capita
3359 5706 3560 5749 eorum.
3596 5692 3661 5747 Et

2070 5780 2123 5817 In
2194 5776 2277 5817 oc.
2308 5771 2415 5817 etc.

2070 5764 2123 5819 in
2154 5764 2277 5828 hoc,
2308 5771 2415 5819 etc.
