4078 6342
540 310 680 369 M75
1435 254 1447 265 ⁸
1800 303 1863 361 S.
1903 301 2172 361 EUSEBII
2211 300 2595 360 HIERONYMI
3683 316 3800 375 “76

537 426 839 493 caularum,
874 423 945 480 de
969 422 1167 478 ovibus
1196 435 1284 477 me
1306 420 1477 491 loqui,
1507 419 1750 492 intelligo
1805 420 1951 491 quod
2005 434 2134 474 oves
2162 423 2213 482 Α
2240 419 2376 476 labit
2406 419 2460 476 in
2508 421 2696 476 vinum
2729 429 2785 478 et
2814 421 3158 479 ebrietatem.
3192 421 3391 479 Vinum
3421 425 3562 496 quod
3590 424 3805 491 lmtilicat

540 523 659 577 ista}
684 517 931 574 homines
959 517 1090 572 sint.
1133 514 1392 584 Sequitur
1438 514 1583 569 enim
1615 532 1629 569 :
1666 512 2139 569 Tumultuabuntur
2243 528 2338 568 cor
2370 512 2602 568 hominis
2630 513 2747 585 (Ps.
2777 514 2918 587 cur);
2949 526 3007 572 et
3045 515 3367 573 ebrietatem
3402 533 3505 587 qua
3536 518 3803 584 inebriatus

538 632 571 669 α
598 610 931 668 multitudine
961 610 1247 664 hominum.
1282 608 1591 675 Tumultus,
1620 622 1728 663 vox
1780 608 2135 676 plurimorum
2240 617 2325 662 est
2345 605 2480 672 Noe,
2509 606 2655 661 etde
2689 622 2797 679 qua
2826 608 3023 663 dicitur
3064 626 3077 663 :
3106 608 3393 679 Comedite,
3436 613 3586 667 amici
3619 617 3725 682 mei,
3764 629 3804 674 ει

538 716 646 772 est,
670 711 726 759 et
754 702 934 757 nimire
961 700 1330 757 multitudinis
1370 703 1579 755 clamor
1617 700 1819 771 pariter
1858 701 2134 755 emissus:
2240 699 2566 753 inebriamini
2612 698 2787 771 (Cant.
2840 718 2895 768 v,
2932 700 3007 770 l).
3040 699 3203 775 462
3254 702 3377 759 llaec
3427 714 3602 760 autem
3652 712 3805 770 omnis

539 814 608 854 ne
630 800 967 852 aastimemus
996 795 1155 850 unius
1183 810 1369 850 vocem
1401 810 1526 851 esse
1558 811 1571 848 :
1604 794 1698 849 sed
1725 794 1966 849 omnium
1990 808 2139 849 com-
2242 789 2425 845 laetitia
2458 800 2514 847 et
2543 792 2785 848 ebrietas
2814 792 2883 847 ad
2915 794 3380 864 comparationem
3407 797 3679 864 sapientia:
3705 802 3804 871 Dei,

539 908 758 949 munem
786 936 801 960 ,
846 891 1185 946 laudantium
1226 890 1429 945 bonum
1462 897 1737 959 pastorem
1762 929 1779 956 ,
1830 893 1919 958 qui
1969 888 2136 943 ardua
2244 898 2365 954 quae
2397 895 2451 937 ut
2478 882 2677 939 fluvius
2693 886 2976 941 cmleSIem
3012 886 3203 956 irrigat
3223 887 3805 961 Jt-rusalem,stillaest,

538 1002 768 1058 quzuquc
799 984 1260 1054 complanaverit,
1290 996 1343 1039 et
1375 998 1474 1038 suo
1503 982 1801 1052 {cquavcrit
1832 982 1967 1050 pede
1991 1025 2006 1047 ,
2028 982 2138 1037 dux
2240 988 2293 1032 et
2324 987 2491 1047 gtttla'
2512 978 2846 1048 permodica.
2878 978 2990 1035 Nec
3039 979 3364 1035 dubitabunt
3416 983 3687 1051 sapientia:
3725 987 3805 1045 Dei

540 1077 753 1135 itineris
784 1092 973 1131 eorum
1007 1076 1123 1146 ipse
1147 1076 1217 1130 sit
1249 1076 1487 1142 paradisi
1514 1075 1701 1145 jauua,
1736 1083 1791 1130 et
1816 1075 1993 1130 dicat:
2023 1074 2137 1147 Ego
2240 1070 2441 1126 stillam
2486 1072 2541 1127 in
2572 1072 2886 1128 hominibus
2915 1072 3121 1139 dicere,
3156 1075 3245 1145 qui
3273 1074 3509 1143 lapidem
3538 1075 3806 1138 abscissum

535 1187 651 1225 sum
691 1180 841 1240 portu
874 1184 892 1222 :
920 1184 1027 1239 quo
1060 1168 1164 1223 iter
1194 1167 1468 1222 dividente
1520 1177 1576 1221 et
1634 1167 1976 1236 praecedente
2011 1208 2027 1232 ,
2083 1175 2138 1222 et
2240 1165 2308 1221 de
2335 1177 2519 1223 monte
2545 1169 2665 1223 sine
2696 1168 2945 1224 manibus
2974 1168 3206 1240 legerint
3237 1169 3402 1241 (Dan.
3442 1169 3526 1243 Il),
3549 1181 3602 1226 et
3629 1172 3807 1232 fatuum

540 1265 680 1318 ltvis:
704 1274 887 1334 porta,
908 1260 1162 1315 transibit
1185 1277 1280 1329 per
1300 1275 1422 1315 eum
1442 1259 1722 1315 credulum
1744 1277 1928 1330 pecus.
1946 1260 2138 1317 Pastor
2242 1261 2336 1317 Dei
2366 1263 2667 1331 sapientius
2688 1263 3027 1331 horninibus,
3056 1274 3113 1319 et
3134 1264 3430 1333 ApOStolos
3453 1282 3658 1334 quoque
3684 1268 3809 1336 ipsos

535 1366 719 1411 autem
754 1357 855 1411 i~te
887 1370 981 1409 rex
1006 1365 1089 1409 est
1126 1362 1180 1409 et
1210 1356 1490 1410 Dominus.
1544 1353 1700 1410 Unde
1746 1356 2016 1424 sequitur.
2072 1356 2139 1410 Et
2238 1372 2306 1413 ex
2337 1365 2491 1427 parte
2520 1360 2868 1429 cognovisse,
2898 1367 2951 1413 et
2972 1374 3040 1414 ex
3074 1367 3221 1429 parte
3254 1358 3675 1430 propltetasseu
3702 1360 3806 1419 Cor.

536 1448 772 1503 transibit
802 1463 895 1501 rex
926 1464 1103 1502 eorum
1125 1462 1300 1500 coram
1338 1448 1432 1509 eis,
1466 1456 1513 1499 et
1558 1445 1815 1501 Dominus
1865 1448 1921 1501 in
1971 1449 2140 1518 capite
2238 1465 2354 1512 xm.
2386 1453 2461 1522 ll).
2512 1452 2586 1507 De
2613 1451 2715 1506 hac
2738 1452 2900 1523 igitur
2928 1450 3214 1521 sapientia,
3250 1453 3301 1505 id
3332 1464 3439 1519 est,
3466 1452 3532 1507 de
3559 1452 3695 1507 stilla
3720 1453 3807 1509 Ju-

536 1559 736 1597 earum.
768 1542 920 1610 Quod
944 1543 987 1596 si
1021 1542 1355 1596 voluerimus
1380 1540 1496 1596 haec
1518 1542 1701 1597 omnia
1732 1542 1798 1598 de
1839 1542 2014 1613 primo
2040 1543 2140 1598 ad-
2244 1547 2384 1602 daici
2416 1548 2601 1618 populi
2653 1551 2786 1619 (non
2826 1548 2973 1604 enim
3005 1550 3153 1604 venit
3181 1548 3287 1603 nisi
3330 1548 3400 1603 ad
3444 1564 3571 1603 oves
3602 1549 3810 1618 perditas

534 1645 697 1690 ventu
730 1635 847 1704 ejus
903 1635 1172 1704 accipere,
1206 1642 1260 1689 et
1310 1643 1481 1688 totum
1537 1633 1707 1689 Jacob
1765 1644 1820 1689 et
1880 1635 2139 1707 reliquias
2241 1641 2436 1698 domus
2480 1642 2678 1710 Israel)
2720 1652 3082 1715 congregatus
3111 1653 3195 1699 est
3243 1643 3469 1699 Jacob:
3526 1643 3693 1698 omnis
3734 1646 3811 1715 qni

538 1729 707 1785 Israel
737 1728 895 1803 ['61
924 1729 990 1783 ad
1027 1730 1417 1799 Apostolos,et
1441 1745 1561 1786 eam
1592 1730 1799 1786 referre
1836 1731 2139 1787 multitudi-
2240 1740 2557 1810 supplantat
2599 1739 2767 1807 Esau,
2813 1750 2868 1796 et
2913 1741 3075 1812 eripit
3107 1740 3380 1811 primitiva
3426 1740 3546 1808 ejus
3582 1756 3642 1795 ac
3667 1739 3812 1797 bene-

541 1839 687 1887 nem,
722 1828 917 1891 qumin
948 1821 1178 1879 Actibus
1207 1824 1579 1893 apostolorum
1604 1824 1804 1879 salvata
1833 1833 1916 1881 est
1954 1841 2018 1881 ex
2042 1826 2136 1882 Ju-
2167 1816 2213 1879 Β
2241 1831 2564 1901 dictionem,
2624 1843 2678 1889 et,
2732 1845 3024 1905 antequam
3083 1842 3340 1889 nascatur
3370 1833 3547 1887 adhuc
3592 1833 3642 1888 in
3682 1845 3813 1891 utero

536 1916 690 1983 dacis,
717 1933 824 1973 non
854 1918 1175 1974 abhorrebit
1201 1935 1229 1973 a
1259 1919 1485 1974 veritate
1507 1920 1777 1990 expositio
1799 1923 2131 1978 tractatoris.
2240 1928 2469 1997 positus,
2506 1928 2744 1998 plantam
2776 1926 2935 1997 pilosi
2965 1926 3147 1982 fratris
3179 1926 3411 1981 invadit.

537 2012 647 2068 Hos
673 2012 820 2068 enim
852 2028 979 2069 vere
1000 2014 1358 2083 congregavit
1388 2014 1649 2070 Dominus
1681 2014 1734 2068 in
1766 2014 1920 2069 ovile
1949 2028 2130 2084 suum,
2308 2020 2486 2075 LXX;
2536 2019 2666 2076 Cum
2693 2022 2927 2075 omnibus
2958 2022 3250 2090 suscipiens
3272 2023 3553 2094 suscipiam
3594 2023 3813 2096 reliquias
3861 2029 3866 2037 ’

539 2115 595 2162 et
622 2105 803 2179 posuit
832 2106 885 2161 in
918 2109 1098 2161 medio
1128 2108 1432 2172 caularum,
1469 2116 1525 2163 et
1553 2107 1682 2162 fecit
1704 2109 1808 2164 iter
1836 2116 1962 2164 ante
1989 2124 2085 2164 eos
2117 2155 2131 2179 ,
2237 2116 2300 2170 de
2348 2113 2540 2169 Israel.
2592 2116 2726 2169 Cum
2770 2115 2947 2186 inquit
2976 2115 3275 2171 crediderit
3302 2115 3551 2186 gentium
3589 2118 3811 2185 populus,

539 2210 596 2257 et
622 2199 836 2255 induxit
862 2215 956 2255 cos
980 2200 1033 2254 in
1068 2199 1399 2267 Ecclesium,
1423 2211 1478 2255 et
1516 2199 1617 2255 fuit
1657 2216 1750 2257 rex
1789 2218 1976 2257 eorum
2036 2217 2133 2257 co-
2236 2219 2291 2263 et
2322 2209 2503 2263 omnis
2532 2208 2684 2263 orbis
2723 2210 2791 2263 ad
2825 2223 3002 2265 meam
3059 2207 3227 2265 fuerit
3259 2210 3422 2265 fidem
3468 2209 3737 2276 adductus,
3769 2219 3814 2265 et

535 2311 655 2350 ram
684 2295 785 2365 eis,
816 2305 871 2351 et
903 2306 986 2351 est
1012 2294 1277 2350 Dominus
1306 2297 1359 2350 in
1390 2295 1571 2366 capite
1612 2312 1801 2352 eorum
1850 2297 1902 2352 in
1944 2312 2135 2369 perpe—
2238 2302 2529 2357 intraverit
2574 2302 2816 2373 gentium
2872 2303 3182 2371 plenitudo,
3217 2313 3347 2358 tunc
3400 2306 3565 2358 etiam
3596 2304 3813 2375 reliquiae

535 2397 710 2445 tuum.
2238 2394 2411 2450 Israel
2439 2396 2812 2464 salvabuntur,
2846 2410 2954 2450 non
2998 2395 3107 2450 illa:
3136 2396 3407 2464 reliquiae,
3442 2395 3510 2450 de
3536 2396 3720 2466 quibus
3746 2405 3814 2452 est

611 2479 796 2537 LXX:
832 2481 1062 2553 Spiritus
1101 2482 1282 2536 statuit
1311 2483 1658 2536 mendacium.
1694 2482 1923 2538 Stillavit
1962 2482 2052 2537 tibi
2082 2486 2133 2537 in
2237 2490 2504 2557 scriptum
2537 2491 2588 2543 in
2622 2488 2932 2560 Regnorum
2967 2488 3109 2543 libro
3142 2505 3155 2544 :
3186 2486 3463 2559 Dercliqui
3494 2489 3618 2542 mihi
3645 2499 3809 2559 septem

537 2576 783 2630 vinumet
805 2574 1116 2635 ebrietatem.
1143 2584 1191 2629 et
1216 2575 1313 2630 erit
1336 2574 1400 2628 de
1430 2574 1577 2630 stilla
1601 2576 1781 2649 pepuli
1806 2575 1985 2645 hujus,
2013 2592 2136 2630 con-
2237 2582 2409 2636 millia
2458 2584 2706 2648 virorum,
2736 2584 2825 2653 qui
2870 2600 2973 2636 non
3002 2596 3344 2639 curvaverant
3386 2599 3555 2657 genua
3585 2580 3707 2637 Bual
3738 2583 3811 2649 (lll

535 2670 828 2744 gregandus
882 2669 1276 2741 congregabitur
1324 2667 1508 2723 Iacob.
1541 2667 1569 2706 δ
1600 2668 1742 2735 Non,
1788 2679 1843 2723 ut
1888 2670 2135 2739 plerique
2238 2674 2369 2747 Reg.
2400 2691 2513 2742 nx,
2543 2676 2653 2746 18).
2691 2676 2758 2731 Ει
2788 2675 2855 2731 de
2884 2676 3079 2747 quibus
3106 2676 3309 2731 Paulus
3353 2694 3369 2733 :
3416 2676 3558 2751 Ergo
3583 2685 3627 2730 et
3655 2678 3703 2730 in
3729 2677 3809 2730 isto

536 2766 832 2834 aestimant,
864 2765 1078 2834 spiritus
1102 2766 1243 2819 stetit
1278 2768 1533 2831 mendax;
1572 2768 1666 2822 sed
1698 2767 1913 2836 spiritus
1953 2769 2137 2822 statuit
2239 2775 2465 2839 (culpare
2504 2772 2743 2842 reliquid:
2785 2772 3065 2826 secundum
3119 2770 3419 2827 electionem
3466 2773 3642 2847 gratia:
3678 2772 3841 2827 salraz.

537 2861 886 2924 mendacium,
912 2860 1197 2931 legendum
1219 2872 1325 2926 est,
1340 2862 1484 2932 quod
1506 2862 1693 2918 Griece
1721 2862 1922 2917 dicitur
1935 2871 2137 2937 πνεῦμα

2240 2861 2394 2931 factm
2421 2871 2538 2913 sunt
2570 2860 2749 2931 (Rom.
2786 2876 2860 2928 xi,
2906 2862 3021 2932 Ili);
3050 2860 3121 2917 de
3151 2864 3354 2932 quibus
3384 2879 3551 2935 supra
3598 2864 3677 2919 hic
3706 2879 3808 2933 pro-

541 2953 732 3014 ἔστησε
759 2954 967 3027 ψευδές,
1001 2956 1103 3011 hoc
1130 2964 1236 3021 est,
1263 2958 1320 3011 τὸ
1346 2956 1559 3028 ψεῦδος.
1592 2957 1876 3023 Quomodo
1904 2958 2046 3013 enim
2082 2961 2133 3014 in

2242 2954 2400 3025 pheta
2432 2964 2695 3011 letalatur:
2729 2955 2793 3010 Et
2820 2958 2916 3010 erit
2939 2958 3003 3011 de
3030 2958 3173 3011 stilla
3203 2960 3391 3028 popuii
3414 2958 3585 3032 hujus,
3618 2976 3807 3031 congre-

533 3048 851 3102 vulneribus
895 3046 1151 3117 putridis,
1194 3064 1261 3103 ne
1306 3063 1506 3104 cancer
1531 3060 1716 3119 serpat
1744 3061 1797 3105 et
1824 3063 2132 3107 emortuum
2239 3048 2442 3118 gandus
2488 3047 2884 3119 congregabitur
2910 3046 3097 3104 Iacob.
3132 3049 3240 3106 Sed
3271 3051 3383 3107 illa:
3427 3052 3683 3123 reliquim,
3710 3067 3810 3123 qua:

537 3157 737 3208 corpus
791 3140 943 3195 vivas
1001 3156 1197 3196 carnes
1248 3142 1592 3213 depascatnr,
1647 3143 1838 3199 medici
1890 3155 2136 3201 statuunt
2181 3216 2202 3218 _
2242 3149 2524 3210 postquam
2553 3156 2744 3195 omnes
2775 3145 3011 3214 suscepti
3045 3141 3157 3216 [ΑΙ.
3186 3146 3481 3218 susceptae]
3528 3146 3729 3209 fuerint,
3767 3145 3808 3198 iu

538 3229 648 3304 [ΑΙ.
689 3232 899 3304 secant]
948 3232 1144 3287 vulnus
1188 3243 1242 3288 et
1271 3243 1437 3288 urunt
1478 3236 1739 3302 cauterio,
1788 3237 1872 3291 vel
1915 3239 2137 3307 pulvere
2164 3216 2211 3281 Ο
2243 3236 2350 3291 line
2388 3237 2751 3305 suscipientnr
2777 3251 2808 3290 a
2837 3238 2966 3291 Dea.
3004 3237 3069 3292 Et
3105 3239 3171 3292 de
3199 3239 3397 3309 quibus
3426 3216 3571 3295 nunc
3598 3239 3807 3295 dicitur:

537 3335 800 3397 καυστικῷ
846 3344 858 3379 :
914 3328 987 3379 ita
1030 3326 1258 3397 spiritus
1291 3327 1388 3382 Dei
1418 3329 1579 3384 linem
1613 3330 1793 3400 posuit
1826 3332 2133 3403 mendacio,
2241 3326 2371 3381 Cum
2424 3327 2662 3381 omnibus
2702 3329 2988 3392 suscipiens
3034 3331 3314 3400 suscipiant
3358 3330 3603 3401 reliquias
3646 3329 3807 3393 Israel,

542 3436 609 3474 ne
659 3422 796 3473 ultra
840 3420 1072 3490 populus
1129 3421 1223 3475 Dei
1265 3424 1867 3494 psendOprOphetarnm
1912 3427 2135 3483 vocibus
2241 3430 2299 3477 ut
2342 3422 2494 3492 juxta
2526 3423 2575 3476 id
2605 3422 2748 3493 quod
2782 3424 3087 3494 cscripturn
3118 3437 3201 3479 est
3237 3440 3252 3481 :
3302 3423 3647 3482 Concludens
3690 3425 3809 3479 Deus

536 3514 905 3569 subvertatttr.
938 3515 1094 3582 Quod
1123 3528 1303 3571 autem
1334 3519 1561 3585 Spiritus
1594 3529 1699 3575 tam
1732 3521 1785 3575 in
1812 3537 1949 3575 novo
1973 3538 2135 3593 quam
2239 3532 2431 3572 omnes
2451 3519 2551 3572 sub
2571 3519 3807 3591 peccato,omnibusmisereatnr(Rom.xt,3~2).

537 3608 591 3663 in
622 3608 791 3663 veteri
824 3609 1196 3677 Tesmmento,
1228 3612 1557 3684 ubicumque
1602 3617 1721 3671 sine
1767 3616 2136 3673 additamento
2311 3610 2456 3665 LXX
2488 3627 2501 3665 :
2552 3608 2758 3665 Portam
2792 3615 3106 3667 (werst'ouem
3140 3629 3319 3668 eorum
3362 3614 3498 3668 sicut
3525 3628 3634 3668 ovcs
3661 3612 3709 3666 in
3731 3611 3808 3666 tri-

536 3704 777 3773 pOnitur,
826 3705 878 3759 in
910 3706 1105 3760 bonam
1142 3718 1348 3775 partem
1391 3710 1745 3780 intelligatur,
1778 3723 1832 3767 et
1863 3728 2009 3782 szepe
2045 3713 2136 3769 di-
2238 3704 2519 3763 bulatione.
2552 3703 2836 3774 Reliquias
2861 3706 2929 3761 de
2968 3704 3136 3762 Israel
3169 3722 3307 3778 quas
3333 3717 3619 3778 postquam
3647 3721 3809 3761 omnes

535 3797 736 3865 ximus,
763 3806 820 3851 et
846 3813 988 3852 nnnc
1008 3814 1072 3852 ex
1100 3810 1254 3867 parte
1282 3815 1569 3869 ponemus,
1600 3818 1669 3857 ne
1696 3804 1782 3857 cui
1808 3804 2133 3861 dubinmsit.
2241 3813 2559 3869 suscepere,
2616 3805 2972 3869 suscepturus
3021 3815 3139 3854 sum
3180 3818 3193 3853 :
3255 3816 3400 3854 nunc
3449 3799 3659 3856 interim
3704 3796 3809 3868 quia

537 3886 768 3945 Fructus
785 3893 1207 3964 autemspiritus,
1233 3892 1486 3951 charitas.
1505 3897 1779 3965 gaudium.
1809 3898 2134 3970 pna:(Galat.
2238 3896 2416 3949 aversi
2450 3905 2575 3949 sunt
2604 3911 2631 3948 a
2658 3910 2765 3960 me,
2798 3910 2994 3964 ponam
3021 3895 3073 3950 in
3099 3895 3479 3965 tribulatione,
3505 3906 3561 3952 et
3587 3907 3809 3964 coangus-

534 3999 589 4051 v,
622 3983 737 4049 22).
775 3981 844 4038 Et
884 4004 898 4038 :
935 3984 998 4039 Si
1026 3987 1221 4053 spiritu
1242 3986 1478 4054 vivimus,
1512 3990 1699 4061 spiritu
1740 4000 1787 4044 et
1818 3992 2139 4048 ambulemus

2243 3987 2385 4052 tabo,
2417 3995 2472 4041 et
2500 3986 2696 4042 faciam
2744 3987 2959 4052 sedere,
2992 3988 3113 4043 sine
3149 3988 3459 4056 sacerdote,
3502 3989 3618 4043 sine
3652 3985 3805 4049 altari,

537 4073 704 4145 (Ibid.
730 4091 804 4138 γι,
834 4075 951 4147 23).
982 4078 1046 4131 Et
1075 4077 1202 4131 alibi
1232 4094 1243 4130 :
1278 4079 1337 4132 Si
1364 4088 1537 4133 autem
1559 4083 1749 4153 spiritu
1778 4098 1935 4151 apem
1964 4086 2138 4139 carnis
2240 4090 2295 4134 et
2322 4083 2442 4137 sine
2474 4083 2735 4152 pmpbeta
2772 4101 2784 4135 :
2818 4093 2871 4137 ut
2902 4099 3064 4155 quem
3101 4098 3194 4152 per
3223 4084 3490 4140 beneficia
3524 4099 3626 4139 non
3651 4096 3808 4138 sense-

537 4168 997 4237 mortiﬁcaveritis,
1035 4172 1213 4226 vivatis
1264 4172 1441 4245 (Rom.
1478 4190 1589 4241 vnt,
1627 4177 1734 4246 I3).
1768 4177 1833 4230 Et
1881 4179 1931 4230 iu
1965 4179 2135 4234 veteri
2243 4184 2389 4241 runt,
2419 4176 2726 4244 intelligant
2756 4192 2852 4246 per
2887 4176 3170 4246 suppliCia-

540 4262 891 4318 Testamento
932 4281 944 4318 :
976 4262 1129 4319 Dans
1158 4268 1341 4334 ﬂatum
1381 4268 1597 4341 papula,
1639 4270 1727 4339 qui
1766 4281 1841 4324 est
1882 4273 1934 4326 in
1978 4290 2059 4340 ea,
2091 4282 2135 4328 et
2309 4272 2455 4327 LXX
2482 4288 2494 4323 :
2525 4271 2688 4337 Quasi
2708 4287 2918 4345 gregem
2934 4272 2989 4326 in
3017 4271 3187 4326 medio
3209 4271 3394 4325 cubilis
3418 4287 3630 4327 eorum:
3652 4267 3675 4307 δ
3697 4269 3804 4323 sub-

536 4357 779 4425 spiritum
807 4357 910 4423 his,
956 4360 1045 4428 qui
1082 4361 1287 4415 calcant
1321 4378 1433 4415 eam
1458 4360 1617 4431 (Isai.
1662 4361 1813 4433 xui):
1853 4364 1992 4419 haud
2038 4365 2138 4421 du-
2240 4366 2477 4430 auditur,
2510 4380 2721 4433 ponam.
2755 4363 2873 4418 Non
2903 4365 3103 4429 solum,
3140 4364 3336 4436 inquit,
3371 4367 3591 4421 aversio
3620 4379 3804 4423 eorum,

540 4450 688 4505 bium
734 4466 800 4506 ex
831 4452 1267 4520 praecedentibus
1306 4456 1436 4526 quin
1484 4466 1683 4511 terram
1717 4458 2003 4528 signiﬁcet.
2033 4459 2133 4528 Qui
2238 4476 2341 4530 qua
2376 4474 2402 4511 a
2448 4474 2534 4513 me
2561 4457 2740 4513 aversi
2769 4467 2916 4524 sunt,
2952 4466 3183 4529 ponetur
3211 4461 3366 4528 quasi
3394 4474 3530 4530 grex
3560 4459 3611 4513 in
3658 4458 3804 4511 tribu-

538 4542 684 4599 enim
713 4546 929 4600 calcant
968 4555 1184 4601 terrena
1217 4561 1407 4615 Opera,
1439 4556 1493 4602 et
1539 4548 1767 4616 pedibus
1814 4550 1927 4604 suis
1968 4552 2136 4619 subji-
2166 4552 2469 4624 _latione;
2520 4550 2614 4605 sed
2667 4561 2952 4621 postquam
3004 4552 3245 4607 tribulati
3294 4551 3523 4619 fuerint,
3569 4551 3719 4624 463
3764 4560 3809 4602 et

538 4638 691 4691 ciunt
737 4652 821 4700 ea,
865 4639 1052 4709 utique
1085 4656 1190 4694 non
1226 4640 1448 4707 malum,
1504 4640 1599 4695 sed
1632 4642 1833 4695 bonum
1884 4643 2133 4711 spiritum
2163 4608 2504 4717 Dangustite
2537 4654 2752 4713 tempus
2803 4646 3164 4714 expleverint,
3212 4654 3482 4715 ponentur
3527 4646 3580 4699 in
3622 4643 3804 4711 requie,

545 4740 831 4786 merentur
858 4732 1130 4801 accipere.
1167 4733 1489 4789 Econtrario
1520 4735 1701 4790 malus
1732 4736 1956 4805 spiritus
1998 4754 2143 4792 scm-
2242 4739 2345 4793 lioc
2373 4746 2478 4805 est,
2515 4737 2565 4791 in
2598 4736 2766 4790 cubili
2798 4749 2918 4788 suo.
2962 4735 3031 4790 Et
3061 4746 3189 4791 tunc
3217 4736 3323 4809 (At.
3362 4736 3531 4809 nunc]
3563 4735 3628 4790 de
3658 4733 3809 4786 liomi.

544 4837 643 4893 per
673 4838 794 4877 cum
818 4823 1188 4881 additamento
1211 4825 1432 4896 legitur,
1465 4837 1521 4880 ut
1553 4826 1658 4881 ibi:
1687 4827 1815 4881 Cum
1838 4838 2009 4882 autem
2032 4832 2139 4901 spi-
2240 4831 2396 4887 nibus
2424 4827 2860 4897 commigrabunt
2879 4834 2935 4880 et
2958 4827 3349 4882 transcendent
3374 4827 3621 4881 humana:
3642 4822 3807 4880 condi.

534 4916 666 4971 ritus
715 4916 1012 4970 immundus
1057 4919 1238 4971 exierit
1266 4920 1330 4971 ab
1374 4918 1582 4973 homine
1615 4919 1831 4990 (Matth.
1871 4937 1965 4986 xtl,
2013 4923 2131 4992 45).
2240 4924 2404 4978 ti0nis
2434 4929 2657 4988 statum,
2692 4929 2747 4974 et
2772 4918 3077 4989 implebunt
3109 4920 3251 4989 quod
3283 4916 3807 4992 sequiturzExsilienl

534 5009 599 5063 Et
629 5010 681 5063 in
714 5010 826 5064 alio
859 5010 979 5065 loco
1004 5027 1018 5062 :
1044 5008 1343 5078 Increpavit
1366 5013 1605 5084 spiritum
1630 5013 1950 5067 immundum
1975 5014 2129 5085 (Luc.
2243 5034 2306 5071 ea:
2323 5016 2638 5070 hominibus.
2664 5014 2781 5068 Non
2808 5014 2984 5068 solum
3032 5023 3211 5069 autem
3244 5015 3320 5069 illi
3368 5015 3617 5070 exsilicnt
3643 5024 3693 5069 et
3720 5009 3801 5066 ab-

532 5117 606 5169 ιχ,
627 5102 737 5172 45).
760 5104 850 5156 Et:
876 5102 1107 5173 Spiritus
1124 5103 1296 5156 malus
1314 5103 1501 5157 invasit
1530 5103 1720 5175 Saul(l
1746 5104 1873 5175 Reg.
1894 5122 2001 5170 xvr,
2020 5107 2133 5177 14),
2242 5111 2425 5175 ibunt;
2460 5110 2554 5165 sed
2587 5123 2780 5165 omnes
2809 5109 2875 5163 ad
2904 5124 3041 5179 quos
3081 5109 3139 5162 lit
3169 5110 3259 5164 Dei
3287 5125 3489 5173 sermo,
3519 5116 3573 5163 et
3608 5106 3694 5177 qui
3722 5106 3803 5157 btt-

536 5203 593 5249 et
626 5206 826 5250 caetera
858 5193 945 5249 bis
984 5193 1209 5250 similia.
1241 5194 1481 5265 Spiritus
1520 5211 1651 5267 ergo
1682 5197 1798 5263 Dei,
1833 5199 1926 5268 qui
1973 5199 2135 5255 linem
2242 5220 2400 5261 mana
2431 5204 2557 5259 vitia
2590 5202 2983 5271 relinquentes,
3017 5203 3491 5258 conversationem
3533 5196 3802 5255 divinitatis

531 5289 823 5344 mendacio
856 5290 1041 5359 posuit
1069 5290 1120 5344 in
1167 5290 1687 5361 pseudopmphetis,
1732 5292 1848 5362 ipse
1880 5292 1976 5348 tibi
2020 5296 2137 5350 stil-
2241 5299 2546 5363 imitantur,
2580 5305 2634 5351 et
2659 5296 2878 5351 audiunt
2917 5313 2930 5349 :
2963 5295 3071 5370 Ego
3102 5297 3232 5364 dixi,
3263 5296 3337 5350 dii
3365 5296 3503 5363 estis,
3532 5302 3578 5349 et
3616 5290 3705 5363 ﬁlii
3729 5304 3801 5343 ex-

607 5413 630 5439 θ
662 5402 862 5481 Iterum
910 5402 1210 5481 _Victprlus,
1244 5406 1326 5459 via
1366 5417 1413 5458 et
1460 5414 1629 5473 porta,
1654 5421 1720 5461 ex
1766 5422 1831 5462 eo
1874 5411 2014 5479 quod
2045 5413 2129 5469 in-
2310 5430 2333 5457 ο
2369 5419 2538 5473 Antea
2567 5422 2707 5481 erat,
2750 5429 2905 5480 supra
2936 5414 3183 5480 diximus,
3217 5412 3655 5470 dissentientibus
3683 5423 3797 5465 mss.

525 5476 606 5528 fra
634 5492 654 5529 :
682 5474 801 5544 Ipse
839 5475 975 5529 enim
1023 5476 1278 5530 Dominus
1319 5488 1366 5531 et
1390 5494 1481 5531 rex
1505 5485 1552 5531 et
1575 5485 1752 5546 pastor
1790 5491 1836 5533 et
1868 5474 1950 5534 via
1976 5494 2048 5537 est
2080 5496 2128 5540 et
2233 5493 2459 5562 ipsaque
2496 5485 2576 5541 rei
2610 5474 2861 5562 veritate.
3036 5556 3049 5562 Δ
3172 5474 3180 5480 ’
3663 5555 3673 5562 _
3765 5552 3774 5562 .

529 5559 702 5629 Ροξιςζο
882 5617 892 5629 _
1152 5620 1163 5629 .
1344 5621 1353 5629 _
1427 5621 1457 5629 __
1626 5620 1636 5629 _
1830 5622 1843 5629 _
2258 5555 2274 5562 ’
2304 5561 2331 5599 ά
2357 5555 2454 5615 llic
2481 5573 2695 5629 quoque
2724 5558 2886 5611 verba
2910 5556 3049 5611 sacri
3081 5565 3284 5623 textus,
3316 5558 3553 5614 exsilient
3575 5571 3635 5609 ea:
3655 5555 3795 5606 homi—

598 5616 623 5654 ι)
648 5618 778 5683 Quue
810 5617 1196 5701 subsequentis
1238 5621 1460 5701 capitnli
1505 5620 1747 5701 sectione
1793 5622 1973 5701 altera
2001 5644 2125 5701 pro-
2236 5636 2405 5693 nibus,
2438 5616 2560 5701 qtim
2582 5616 3251 5701 serieinllieronymianze
3275 5616 3627 5699 expositionis
3648 5630 3795 5701 impe:

524 5700 801 5774 po'nmuur
839 5690 1027 5774 periri,
1061 5689 1192 5774 tium
1239 5691 1473 5774 omnibus
1517 5694 1808 5763 suscipiens
1837 5689 2128 5774 suscipiam
2236 5689 2474 5767 diebant:
2518 5712 2681 5774 atque
2712 5700 2942 5774 inferius
2990 5689 3089 5757 suo
3132 5702 3254 5759 loco
3307 5689 3691 5774 proponuntur,
3719 5689 3793 5749 ’δά

524 5757 773 5841 reliquias
817 5760 883 5841 de
907 5756 1096 5841 Israel,
1129 5763 1217 5815 hic
1259 5760 1459 5819 frustra
1487 5774 1542 5818 et
1571 5756 1760 5821 contra
1794 5781 1927 5823 mss.
1963 5756 2124 5829 tidem
2236 5756 2555 5833 nissilidyetn
2585 5756 2918 5841 indusimus.

528 5826 584 5879 in
616 5826 776 5883 editis
802 5827 1293 5899 subiungebantur.
