4078 6342
317 311 455 370 H77

1095 302 1752 365 COMMENTARIORUM
1791 302 1858 360 IN
1897 301 2237 361 MICIUEAM
2276 303 2408 361 ΜΒ.
2449 303 2492 363 l.
2535 301 2687 362 CAP.
2733 299 2824 359 111.

3473 291 3614 357 H78

316 426 440 483 celsi
468 419 936 491 omnes,exsilient
965 435 1032 478 ex
1053 417 1390 486 hominibus,
1419 428 1476 476 et
1503 419 1652 492 quasi
1675 415 1919 474 ferentur
1944 419 1999 479 Α
2023 417 2352 474 salvabitur:
2388 418 2726 490 ingredietur,
2752 430 2798 474 et
2825 419 3142 491 egredietur,
3185 426 3234 474 et
3261 434 3456 490 pascua
3477 419 3622 473 inre-

316 521 429 594 [AL
452 516 725 590 feruntur]
759 516 824 571 ad
856 516 1077 572 caelum.

387 612 533 669 LXX
563 630 575 668 :
601 611 833 666 Ascende
855 627 944 680 per
969 609 1293 664 divisionem.
1314 609 1564 665 Praesens
1584 608 1738 665 locus
1759 607 1914 680 quasi

316 708 602 778 proprium
623 705 786 760 habet
809 702 1087 758 exordium
1113 713 1168 757 et
1187 701 1556 772 apostrophen
1571 700 1768 773 eloquii
1788 716 1915 772 pro-

317 799 572 871 phetalis,
603 798 669 853 ad
700 813 823 854 eum
855 796 945 866 qui
977 795 1174 852 salvari
1204 797 1373 866 cupit,
1406 797 1492 850 cui
1527 797 1826 867 imperatur
1856 807 1915 852 ut

316 894 576 950 ascendat
613 908 710 964 per
739 891 1084 947 divisionem.
1125 891 1278 958 Quod
1319 887 1540 962 quidem
1571 891 1914 947 manifestius

319 988 434 1055 lict,
465 989 512 1044 si
539 987 610 1044 de
637 987 834 1044 Genesi
865 986 1260 1056 sumpserimus
1298 988 1634 1056 exemplum,
1669 986 1755 1040 ubi
1789 1001 1913 1043 nas-

319 1094 522 1140 cuntur
551 1081 753 1152 gemini
783 1082 850 1136 de
894 1081 1156 1150 Thamar,
1185 1097 1310 1138 cunt
1337 1097 1439 1152 qua
1467 1081 1637 1138 Judas
1685 1082 1912 1151 patriar-

319 1178 420 1234 cha
449 1177 745 1233 concubuit
780 1193 794 1231 :
825 1175 1049 1231 Factum
1095 1186 1188 1240 est,
1225 1177 1420 1244 inquit,
1468 1193 1585 1232 cum
1614 1185 1831 1250 pareret,
1863 1187 1913 1232 et

319 1269 523 1326 haberet
551 1271 779 1343 geminos
807 1271 858 1324 in
889 1280 1035 1326 utero
1059 1287 1077 1324 :
1107 1272 1158 1325 in
1187 1271 1304 1341 ipso
1331 1280 1484 1340 partu
1535 1289 1670 1327 unus
1697 1271 1911 1344 protulit

319 1381 522 1430 manus,
555 1374 604 1420 et
642 1365 759 1419 tulit
789 1365 1033 1419 obstetrix
1053 1374 1099 1420 et
1128 1365 1304 1436 ligavit
1333 1367 1385 1419 in
1410 1382 1570 1420 manu
1596 1367 1710 1436 ejus
1750 1365 1913 1419 cocci-

318 1475 464 1525 num,
493 1458 666 1514 dicens
700 1473 720 1513 .°
753 1457 857 1514 Hic
883 1458 1169 1530 egredietur
1195 1458 1358 1530 prior.
1403 1457 1533 1516 Cum
1570 1469 1740 1513 autent
1790 1475 1912 1514 con-

316 1553 556 1608 traxisset
579 1570 810 1616 manum,
835 1557 1009 1609 statim
1033 1571 1264 1626 egressus
1292 1566 1368 1610 est
1393 1555 1554 1626 frater
1577 1558 1708 1630 ejus,
1743 1565 1789 1610 et
1817 1555 1911 1611 illa

315 1647 425 1703 ait:
459 1645 632 1712 Quare
674 1646 834 1701 divisa
885 1657 957 1701 est
995 1658 1202 1720 propter
1230 1657 1277 1702 te
1304 1649 1574 1702 maceria?
1617 1657 1666 1702 et
1712 1649 1908 1702 vocavit

317 1755 502 1794 nomen
545 1740 660 1806 eius
702 1739 922 1804 Phares,
971 1741 1116 1810 quod
1158 1741 1552 1812 interpretatur
1591 1742 1795 1796 divisio.
1841 1743 1910 1797 Et

2018 513 2122 566 niet
2146 509 2328 574 (Joan.
2363 529 2418 576 x,
2451 510 2531 583 9).
2565 511 2641 568 De
2669 528 2776 586 qua
2801 522 2956 584 porta
2984 523 3040 570 et
3063 513 3192 569 alibi
3218 512 3608 586 prophetatur:

2017 606 2148 662 Haec
2175 618 2249 662 est
2279 617 2429 680 porta
2469 606 2703 675 Domini,
2739 610 2874 680 justi
2902 609 3171 664 intrabunt
3217 625 3308 677 per
3335 624 3449 664 eam
3492 605 3614 679 (Ps.

2016 716 2225 769 cxxvn,
2253 699 2372 771 20).
2404 701 2742 773 Quicumque
2769 711 2950 758 autem
2980 704 3256 774 ingressus
3286 701 3468 767 fuerit,
3503 713 3611 756 non

2017 794 2178 851 debet
2205 796 2256 851 in
2299 811 2366 854 eo
2394 803 2538 851 statu
2568 796 2620 850 in
2645 811 2752 866 quo
2787 797 3105 866 intraverat,
3135 811 3490 866 permanere;
3513 792 3613 851 sed

2015 890 2326 960 egrediatur
2359 889 2427 946 ad
2475 903 2694 960 pascua,
2729 902 2787 944 ut
2825 888 2883 945 in
2925 889 3183 946 intrando
3211 889 3493 946 exordium
3521 891 3614 955 sit,

2018 983 2069 1038 in
2093 983 2346 1039 exeundo
2386 993 2442 1040 et
2473 983 2525 1039 in
2574 998 2772 1053 pascua
2805 983 3155 1053 reperiendo,
3187 984 3446 1040 virtutum
3490 999 3614 1054 pcr-

2017 1079 2198 1134 fectio.
2248 1077 2352 1146 Qui
2399 1077 2720 1148 ingreditur,
2753 1076 2935 1132 adhuc
2979 1076 3033 1131 in
3063 1076 3266 1132 saeculo
3295 1086 3400 1142 est,
3444 1084 3500 1132 et
3543 1092 3612 1131 ex

2014 1171 2284 1226 creaturis
2329 1169 2584 1241 intelligit
2621 1167 2730 1241 [AL
2787 1167 3078 1242 intelliget]
3123 1168 3459 1224 Creatorem.
3511 1168 3616 1234 Qui

2015 1275 2194 1320 autem
2237 1263 2536 1333 egreditur,
2568 1263 2903 1319 transcendit
2936 1264 3244 1319 universam
3273 1271 3607 1330 creaturam,

2015 1369 2070 1415 et
2117 1359 2366 1414 omnibus
2399 1375 2518 1427 qua:
2559 1357 2730 1414 videri
2775 1368 3007 1428 possunt
3051 1371 3149 1428 pro
3182 1355 3353 1412 nihilo
3382 1371 3614 1427 compu-

2017 1457 2162 1523 tatis,
2195 1453 2434 1510 inveniet
2462 1468 2659 1524 pascua
2713 1468 2874 1523 super
2903 1452 3096 1521 caelos,
3129 1460 3187 1508 et
3215 1465 3472 1508 sermone
3521 1451 3616 1507 Dei

2012 1558 2285 1612 vescetur.
2317 1557 2372 1605 et
2397 1548 2581 1604 dicet:
2627 1546 2884 1601 Dominus
2925 1547 3091 1620 pascit
3120 1561 3224 1611 me,
3256 1555 3303 1602 et
3324 1544 3461 1600 nihil
3487 1543 3617 1598 mihi

2015 1640 2312 1713 deerit(Ps.
2335 1656 2450 1706 xu,
2477 1643 2553 1712 ι).
2580 1638 2694 1695 Hoc
2717 1639 2861 1704 ideo,
2888 1647 2950 1693 ut
2973 1638 3412 1710 intelligeremus
3437 1635 3617 1692 Evan-

2013 1736 2248 1806 gelicum
2293 1734 2710 1790 testimonium:
2754 1731 3087 1806 Ingredietur
3115 1742 3165 1788 et
3196 1731 3525 1806 egredietur,
3567 1740 3615 1784 et

317 1845 433 1906 post
474 1833 584 1890 haec
613 1851 847 1909 egressus
871 1844 942 1889 est
970 1836 1133 1906 frater
1161 1839 1296 1909 ejus,
1328 1837 1383 1892 in
1409 1840 1564 1909 cujus
1609 1853 1766 1891 manu
1796 1846 1905 1891 erat
1936 1824 1986 1885 B
2011 1847 2209 1903 pascua
2249 1829 2507 1898 inveniet;
2552 1837 2606 1884 et
2635 1827 2778 1898 quod
2809 1841 2954 1883 nunc
2998 1825 3201 1882 dicitur
3240 1840 3338 1897 per
3369 1823 3610 1896 PrOphe-

317 1929 603 1992 coccinum,
639 1939 688 1982 et
739 1929 932 1984 vocavit
962 1947 1146 1985 nomen
1175 1936 1288 2004 ejus
1317 1931 1477 1998 Zara,
1511 1932 1600 2002 qui
1634 1932 1687 1987 in
1730 1931 1908 2002 lingua

318 2033 498 2080 nostra
545 2023 746 2079 dicitur
774 2040 967 2091 semen,
1001 2025 1086 2080 vel
1126 2027 1298 2081 oriens
1345 2023 1500 2096 (Gen.
1535 2040 1763 2090 xxxvttt,
1813 2025 1907 2087 27,

314 2119 502 2189 seqq.).
555 2118 809 2174 Ostendit
847 2133 981 2188 ergo
1028 2120 1210 2176 senior
1255 2119 1504 2190 populus,
1555 2121 1608 2173 in
1640 2135 1750 2190 quo
1789 2129 1911 2175 erat

313 2221 464 2267 ortus
491 2222 546 2268 et
576 2226 762 2266 semen
798 2223 1090 2283 antequam
1133 2214 1202 2268 de
1229 2213 1481 2283 gentibus
1510 2211 1753 2267 Ecclesia
1786 2227 1908 2269 nas-

313 2315 550 2372 ceretur,
582 2321 801 2362 manum
843 2321 999 2362 suam
1036 2309 1088 2363 in
1119 2309 1399 2378 Operibus,
1443 2317 1499 2364 et
1545 2317 1730 2378 postea
1778 2323 1912 2364 con-

315 2401 475 2455 traxit
521 2415 639 2455 eam
670 2399 900 2456 audiens
942 2417 1039 2472 per
1069 2401 1263 2457 Isaiam
1293 2419 1307 2455 :
1339 2401 1532 2456 Manus
1565 2402 1701 2456 enim
1731 2412 1910 2457 vestra:

311 2495 568 2568 sanguine
599 2494 768 2563 pleme
809 2509 930 2550 sunt
970 2495 1126 2568 (lsai.
1158 2513 1198 2565 ι,
1236 2499 1344 2567 l5).
1377 2495 1622 2566 Cumque
1651 2498 1740 2553 ille
1786 2513 1910 2553 con-

314 2589 575 2645 traxisset
608 2587 717 2662 [Al.
767 2587 1064 2661 contraxit]
1091 2605 1330 2660 manuni,
1381 2599 1438 2645 et
1479 2606 1506 2644 a
1535 2591 1762 2660 justitize
1789 2605 1910 2646 ces-

311 2692 460 2739 saret
489 2685 763 2754 operibus,
792 2684 958 2739 frater
985 2685 1104 2754 ejus
1131 2699 1384 2756 egressus
1421 2695 1504 2740 est
1536 2685 1778 2756 gentium
1811 2701 1909 2755 po-

313 2777 494 2847 pulus.
527 2776 597 2834 Et
620 2779 1030 2848 prapteripsum
1055 2777 1224 2832 divisa
1251 2787 1337 2834 est
1357 2793 1538 2846 sepes,
1565 2790 1616 2833 et
1639 2779 1908 2834 destruxit

314 2870 577 2927 Dominus
627 2879 791 2942 atque
843 2871 1112 2939 Salvator,
1163 2883 1220 2928 ut
1275 2873 1364 2928 ille
1413 2884 1596 2944 posset
1627 2873 1904 2942 incedere,

313 2964 600 3034 parietem,
645 2967 734 3035 qui
766 2975 882 3020 erat
912 2964 967 3020 in
1000 2965 1200 3030 medio,
1232 2976 1288 3021 et
1337 2966 1625 3021 maceriam
1657 2967 1792 3022 duos
1821 2981 1907 3035 po-

312 3058 470 3128 pulos
513 3069 856 3128 separantem
894 3076 906 3110 :
938 3068 993 3114 et
1036 3058 1165 3115 fecit
1194 3075 1360 3114 unum
1395 3074 1640 3130 gregem,
1686 3070 1736 3116 et
1769 3060 1908 3114 duos

315 3152 525 3207 creavit
555 3153 608 3206 in
655 3153 951 3221 semetipso
983 3153 1035 3208 in
1069 3167 1178 3207 uno
1231 3169 1374 3208 novo
1431 3155 1650 3210 homine
1699 3153 1906 3210 faciens

316 3261 525 3317 pacem.
554 3245 710 3302 Unde
753 3257 807 3303 et
841 3246 1109 3301 obstetrix
1138 3248 1455 3318 prophetice
1501 3249 1730 3318 loquens
1780 3246 1906 3302 dicit

314 3340 380 3396 ad
427 3339 631 3395 Phares
677 3340 936 3412 populum
981 3339 1256 3410 juniorem
1303 3359 1316 3394 :
1371 3339 1438 3395 Ut
1469 3341 1596 3413 quid
1623 3339 1789 3395 diuisa
1833 3349 1906 3396 est

316 3446 524 3506 prapter
549 3446 595 3490 te
624 3435 887 3489 maceria?
915 3435 970 3490 Si
1001 3434 1353 3490 intellexistis
1371 3435 1680 3503 exemplum
1708 3435 1777 3491 de
1803 3434 1912 3490 Ge-

315 3528 456 3594 nesi,
505 3529 738 3583 ascende
764 3529 854 3599 qui
888 3528 1084 3582 salvari
1111 3528 1286 3598 cupis,
1321 3544 1658 3599 nequaquam
1694 3543 1791 3598 per
1816 3543 1909 3583 vc-

316 3626 486 3675 terem
531 3621 790 3690 populum
816 3619 912 3690 qui
952 3634 1168 3674 manum
1215 3629 1550 3675 contractam
1585 3619 1765 3684 habet,
1813 3620 1907 3675 sed

317 3728 414 3784 per
443 3729 662 3782 novum,
712 3714 764 3768 in
802 3729 910 3784 quo
952 3715 1033 3767 via
1077 3712 1324 3768 Christus
1370 3725 1476 3780 est,
1521 3715 1573 3769 in
1610 3729 1718 3785 quo
1756 3724 1906 3784 porta

313 3805 496 3872 Jesus,
545 3823 643 3878 per
669 3823 827 3878 quem
877 3807 943 3862 ad
986 3806 1198 3862 Patrem
1247 3807 1569 3874 incedimus,
1617 3808 1733 3877 ipse
1762 3810 1906 3865 enim

313 3899 479 3954 solvit
508 3898 668 3972 464
699 3900 933 3954 medium
964 3903 1224 3971 parietem
1274 3911 1329 3955 et
1361 3903 1672 3967 maceriam,
1718 3902 1768 3956 id
1803 3911 1904 3970 est,

314 3991 705 4046 obscuritatem
737 4003 978 4048 veterum
1013 3994 1425 4064 prophetarum,
1458 4005 1509 4049 et
1541 3997 1718 4050 omnia
1771 4000 1912 4052 anti-

313 4099 435 4155 qua:
462 4083 624 4156 Legis
643 4087 859 4157 aperuit
884 4087 1590 4158 sacramenta,etdissipata
1621 4089 1907 4146 incedendi

315 4177 656 4246 difﬁcultate,
692 4181 830 4235 viam
858 4179 1031 4235 oculis
1075 4182 1315 4236 omnium
1360 4183 1671 4237 revelavit:
1720 4194 1774 4237 ut
1817 4184 1906 4254 qui

317 4271 435 4326 vult
465 4286 712 4342 pergere,
747 4274 897 4328 nttllo
926 4274 1326 4349 irretiatur[Al.
1352 4275 1700 4351 impediatur]
1729 4278 1904 4345 obice,

316 4378 418 4420 nec
445 4365 798 4421 obscuritatis
827 4366 1062 4438 caligine
1091 4377 1383 4424 terreatur.

387 4459 567 4515 LXX:
599 4460 733 4516 Ante
761 4461 945 4532 faciem
979 4479 1158 4516 eorum
1185 4464 1467 4519 diviserunt
1497 4475 1544 4520 et
1591 4466 1908 4522 transierunt

318 4565 547 4622 portam,
572 4565 620 4607 et
643 4555 834 4628 egressi
862 4564 982 4610 sunt
1011 4572 1101 4625 per
1129 4573 1262 4610 eam.
1283 4557 1461 4614 Ea'irit
1482 4576 1572 4614 res:
1590 4576 1764 4614 eorum
1791 4571 1908 4615 ante

317 4645 499 4714 (aciem
515 4661 694 4700 eorum
711 4665 725 4700 :
749 4645 1003 4702 Dominus
1023 4657 1192 4704 autem
1204 4651 1441 4722 princeps
1454 4667 1627 4705 eorum
1643 4652 1705 4725 [Α
1717 4653 1752 4706 l.
1769 4651 1906 4725 erit].

318 4737 614 4809 Propterea
645 4739 755 4795 dixi
785 4739 913 4795 tibi:
949 4741 1178 4798 Ascende
1207 4761 1296 4814 per
1320 4744 1642 4811 divisionem,
1677 4747 1768 4815 qui
1794 4761 1914 4801 sur-

319 4832 509 4888 rexiSIi
535 4847 656 4888 cum
688 4832 927 4896 Christo,
957 4843 1014 4890 et
1040 4850 1103 4890 ea
1135 4836 1336 4904 qua-ris
1359 4853 1479 4907 qua:
1504 4854 1717 4894 sursum
1747 4852 1908 4896 sunt:

317 4923 442 4996 quia
475 4925 694 4997 Angeli,
724 4925 839 4980 sive
867 4925 1030 4982 Pater
1049 4938 1105 4984 et
1133 4927 1326 4996 Filius,
1351 4940 1404 4985 et
1425 4929 1663 5001 Spiritus
1691 4943 1912 4990 sanctus

319 5015 622 5073 diviserunt
645 5018 788 5088 quod
821 5019 1106 5076 videbatur
1133 5022 1379 5087 obstare,
1409 5032 1463 5078 et
1493 5025 1736 5080 fecerunt
1767 5029 1907 5082 viam

319 5111 631 5168 volentibus
651 5113 881 5184 ingredi,
912 5122 968 5170 et
992 5113 1119 5185 quia
1146 5126 1336 5186 aperto
1367 5118 1565 5174 itinere
1593 5120 1910 5177 invaserunt

319 5203 444 5272 iter,
481 5220 588 5260 non
617 5205 794 5260 solum
840 5207 1068 5278 ingressi
1097 5218 1223 5262 sunt
1255 5219 1490 5279 portam,
1525 5212 1621 5266 sed
1653 5223 1706 5268 et
1737 5223 1913 5270 trans-

320 5295 500 5352 ierunt
531 5311 626 5366 per
652 5311 796 5352 eam.
845 5297 1080 5370 Ingressi
1129 5309 1258 5355 sunt
1309 5313 1515 5371 autem,
1546 5305 1669 5374 quia
1713 5314 1771 5362 et
1814 5323 1910 5362 rex

319 5406 511 5448 eorum
547 5394 793 5449 eamdem
823 5393 1101 5464 ingressus
1131 5407 1215 5451 est
1248 5408 1482 5467 portam,
1515 5410 1563 5453 et
1597 5403 1802 5471 aperuit
1835 5405 1914 5458 cis

322 5485 449 5550 iter,
497 5495 550 5540 nt
598 5485 804 5557 absque
857 5487 964 5542 ulla
1005 5487 1324 5544 difficultate
1363 5493 1743 5563 graderentur.
1793 5497 1915 5566 Ipse

320 5579 468 5634 enim
493 5578 774 5646 Dominus,
807 5589 863 5636 et
883 5597 975 5637 rex
1002 5591 1058 5638 et
1087 5593 1293 5654 pastor,
1325 5598 1379 5640 et
1413 5588 1497 5641 via
1529 5597 1612 5643 est
1641 5600 1697 5644 et
1732 5603 1912 5661 porta,

321 5670 560 5744 dicitque
589 5691 602 5729 :
634 5671 750 5745 Ego
771 5689 886 5728 sum
909 5685 1058 5744 porta
1077 5693 1098 5733 :
1119 5695 1211 5749 per
1237 5696 1319 5736 me
1343 5681 1432 5753 qui
1452 5683 1608 5754 fuerit
1629 5685 1910 5756 ingressus,

2013 1934 2120 1981 tam
2153 1941 2168 1975 :
2200 1923 2269 1978 Et
2296 1924 2615 1979 transierunt
2644 1932 2872 1995 portam,
2906 1931 2953 1976 et
2981 1922 3174 1995 egressi
3194 1930 3316 1976 sunt
3342 1937 3432 1992 per
3459 1936 3570 1974 eam
3596 1935 3614 1974 :

2010 2020 2104 2091 qui
2131 2027 2316 2074 tamen
2346 2016 2604 2072 transitus
2634 2024 2689 2072 et
2715 2015 2958 2087 egressio
2989 2014 3194 2085 absque
3219 2013 3442 2092 Christo
3483 2026 3614 2084 rege

2011 2123 2199 2169 nostro
2239 2111 2401 2168 tribui
2443 2125 2550 2166 non
2593 2117 2795 2181 potest,
2839 2108 2931 2179 qui
2985 2123 3081 2164 rex
3109 2116 3165 2163 et
3210 2105 3472 2162 Dominus
3503 2113 3611 2162 est.

2012 2207 2202 2266 Statim
2223 2207 2422 2277 quippe
2449 2202 2794 2262 connecﬁtur
2830 2219 2844 2257 :
2876 2199 3136 2256 Dominus
3166 2209 3341 2255 autem
3370 2199 3612 2271 princeps

2010 2305 2129 2360 erit.

2083 2397 2242 2472 (Cap.
2258 2395 2586 2453 lll.-—-Vers.
2610 2394 2633 2449 I
2659 2392 2841 2464 seqq.)
2861 2390 2925 2446 Et
2943 2390 3054 2446 dixi
3077 2409 3094 2446 :
3119 2388 3332 2457 Audite,
3354 2387 3614 2462 principes

2009 2494 2196 2561 Jacob,
2221 2502 2267 2548 et
2285 2495 2440 2548 duces
2467 2491 2655 2545 domus
2676 2488 2870 2544 Israel.
2890 2485 3160 2558 Numquid
3180 2502 3284 2540 non
3300 2495 3524 2540 vestrum
3535 2492 3610 2538 est

2009 2588 2430 2661 scirejudicium.
2446 2588 2535 2655 qui
2548 2585 2668 2640 odio
2688 2583 2885 2637 habetis
2897 2581 3087 2636 bonum
3099 2589 3146 2636 et
3158 2578 3375 2652 diligitis
3386 2576 3606 2643 malum,

2023 2680 2570 2756 quiviolentertollitis
2590 2677 2748 2753 pelles
2771 2692 2949 2733 eorum
2971 2675 3196 2745 desuper
3209 2673 3306 2741 eis,
3334 2682 3383 2727 et
3403 2685 3613 2751 carnem

2011 2781 2192 2855 [γυια.
2207 2776 2409 2850 carnes]
2427 2792 2600 2832 eorum
2616 2773 2835 2845 desuper
2847 2770 3044 2827 ossibus
3056 2784 3258 2832 eorum,
3271 2766 3360 2837 qui
3377 2764 3614 2820 comede-

2008 2885 2129 2931 runt
2157 2872 2321 2947 465
2343 2885 2552 2926 carnem
2570 2869 2750 2943 populi
2771 2868 2893 2933 mei,
2917 2875 2964 2918 et
2989 2864 3174 2934 pellem
3194 2876 3370 2917 eorum
3391 2859 3615 2932 desuper

2011 2970 2428 3029 exeoriarerunt,
2457 2975 2502 3020 et
2529 2980 2646 3018 ossa
2671 2979 2853 3018 eorum
2880 2963 3263 3032 confregerunt,
3297 2965 3342 3012 et
3370 2955 3611 3012 concide-

2010 3071 2132 3118 runt
2181 3063 2312 3116 sicut
2359 3063 2414 3114 in
2445 3059 2627 3124 lebete,
2660 3066 2706 3112 et
2728 3057 2878 3122 quasi
2906 3071 3112 3110 carnent
3157 3053 3212 3108 in
3259 3051 3427 3106 medio
3471 3048 3610 3104 alltc.

2009 3155 2157 3213 Tunc
2187 3155 2489 3210 clamabunt
2515 3153 2584 3207 ad
2616 3151 2912 3213 Dominum,
2950 3159 2999 3204 et
3033 3165 3135 3204 non
3165 3147 3406 3202 eat-audiet
3431 3161 3539 3207 eos,
3564 3152 3612 3197 et

2011 3250 2288 3306 abscondet
2309 3250 2495 3321 faciem
2518 3263 2667 3302 suam
2687 3247 2750 3300 ab
2790 3245 2862 3300 eis
2888 3245 2942 3298 in
2970 3254 3198 3312 tempore
3224 3239 3339 3304 illo,
3367 3239 3500 3294 sicut
3523 3253 3610 3291 ne-

2010 3347 2183 3421 quiter
2211 3354 2425 3421 egerunt
2467 3345 2523 3398 in
2553 3339 3008 3396 adinventionibus
3047 3338 3176 3391 suis.
3202 3331 3488 3392 Manifeste
3514 3330 3611 3386 ad-

2011 3456 2226 3498 versum
2251 3439 2526 3511 principes
2549 3433 2712 3492 Israel
2741 3447 2922 3489 sermo
2946 3441 3053 3500 est,
3080 3439 3137 3487 et
3155 3429 3259 3484 sub
3289 3425 3608 3493 metaphora

2011 3533 2232 3590 leonum
2265 3532 2380 3588 sive
2404 3530 2677 3586 latronum
2709 3525 3006 3582 crudelitas
3036 3537 3225 3579 eorum
3243 3518 3603 3576 describitur:

2011 3627 2156 3700 quod
2184 3625 2541 3698 spoliaverint
2582 3637 2872 3695 pauperes,
2899 3631 2946 3674 et
2983 3616 3362 3674 interfecerint
3390 3629 3509 3678 eos,
3553 3623 3608 3668 et.

2011 3737 2204 3779 carnes
2229 3735 2416 3776 eorum
2441 3731 2672 3783 ossaque
2699 3712 3075 3780 contriverint,
3104 3719 3158 3767 et
3182 3711 3333 3783 quasi
3360 3710 3414 3764 in
3429 3705 3610 3764 medio

2011 3819 2158 3883 ollze,
2191 3819 2272 3872 sic
2301 3816 2354 3870 in
2387 3815 2520 3869 urbe
2550 3811 2855 3868 Jerusalem
2885 3806 3255 3864 miserabilem
3289 3805 3496 3876 plebem
3523 3803 3611 3856 af-

2014 3913 2275 3970 ﬂixerint.
2303 3919 2359 3966 et
2386 3916 2606 3979 propter
2648 3906 2764 3961 ltmc
2796 3904 3065 3960 inferatur
3087 3902 3166 3957 eis
3185 3911 3376 3970 pOStca
3405 3898 3611 3969 suppli-

2012 4011 2154 4066 cium
2189 4007 2242 4062 in
2276 4007 2365 4060 die
2393 4001 2746 4073 captivitatis,
2794 3998 2880 4054 vel
2909 4014 2935 4050 a
2968 3993 3492 4058 Nabuchodonosor,
3525 3990 3608 4046 vel

2012 4117 2043 4158 a
2074 4099 2408 4170 Vespasiano
2439 4106 2490 4152 et
2521 4095 2665 4150 Tito.
2708 4093 2778 4148 Et
2816 4092 3056 4147 clament
3106 4089 3172 4145 ad
3207 4088 3520 4155 Dominum,
3558 4095 3614 4142 ct

2015 4209 2122 4248 non
2153 4191 2408 4247 exaudiat
2451 4202 2568 4254 eos,
2595 4196 2651 4243 et
2681 4185 2979 4241 abscondat
3003 4183 3196 4239 faciem
3227 4196 3379 4237 suam
3411 4179 3480 4235 ab
3508 4179 3610 4244 eis,

2012 4287 2136 4358 quia
2167 4284 2420 4354 nequiter
2450 4282 2666 4352 egerint
2698 4282 2749 4335 in
2783 4279 3085 4334 sceleribus
3111 4277 3246 4332 suis.

2085 4379 2230 4438 LXX
2251 4398 2263 4435 :
2298 4378 2368 4435 Et
2388 4379 2521 4440 dicet
2541 4394 2560 4432 :
2590 4377 2782 4432 Audite
2798 4376 2926 4438 hac,
2945 4373 3207 4445 principes
3219 4373 3404 4426 domus
3419 4369 3606 4436 Iacob,

2011 4485 2060 4533 et
2076 4475 2268 4546 reliqui
2299 4475 2482 4528 domus
2508 4469 2700 4527 Israel.
2731 4467 2864 4523 Cum
2886 4466 3266 4536 superioribus
3295 4463 3468 4520 bteret
3491 4478 3615 4519 sen-

2017 4569 2207 4626 tentia.
2262 4567 2441 4636 Supra
2455 4564 2598 4620 enim
2619 4563 2834 4618 dixerat
2859 4579 2872 4615 :
2900 4559 3156 4614 Dominus
3179 4569 3349 4614 autem
3379 4557 3614 4629 princeps

2018 4666 2136 4728 erit,
2163 4673 2210 4716 et
2227 4661 2397 4716 dicet:
2425 4658 2635 4724 Audite,
2658 4656 2914 4726 principes
2937 4656 3124 4709 domus
3153 4653 3337 4722 Iacob,
3358 4661 3406 4707 et
3426 4649 3614 4721 reliqui

2018 4757 2202 4810 domus
2217 4753 2400 4808 Israel.
2430 4751 2538 4805 Pro
2559 4749 2770 4818 reliquis
2784 4749 2968 4802 domus
2993 4744 3186 4816 Israel,
3212 4744 3459 4810 exceptis
3470 4743 3611 4814 Sep-

2019 4847 2287 4916 tuaginta,
2317 4858 2529 4908 omnes,
2572 4840 2730 4895 duces
2759 4839 2943 4894 damus
2973 4836 3162 4902 Israel,
3201 4836 3614 4892 transmlerunl.

2019 4941 2278 4995 Dominus
2305 4952 2436 5008 ergo
2452 4935 2541 5008 qui
2563 4934 2705 4990 viam
2731 4933 2858 4989 fecit
2895 4932 3094 5003 populo
3125 4947 3247 4997 suo,
3283 4939 3339 4986 et
3362 4942 3616 5002 egressus

2019 5044 2104 5091 est
2125 5042 2254 5088 ante
2281 5030 2472 5088 faciem
2501 5045 2689 5084 eorum
2710 5069 2728 5096 ,
2778 5037 2835 5082 et
2865 5026 2981 5097 ipse
3009 5035 3092 5082 est
3123 5025 3376 5096 princeps
3407 5021 3616 5080 itineris

2019 5127 2371 5197 simplicioris
2389 5124 2761 5196 populi,quem
2775 5137 2996 5193 gregem
3019 5129 3180 5176 vocat
3203 5136 3215 5172 :
3243 5117 3327 5174 bis
3353 5119 3445 5189 qui
3468 5125 3494 5154 ⁸
3515 5133 3612 5172 no-

2020 5221 2210 5278 luntse
2233 5218 2497 5290 praevium
2518 5214 2792 5286 sequi,sed
2813 5212 3220 5284 superbiunt,et
3242 5207 3617 5280 quasijudiccs

2017 5312 2200 5386 populi
2232 5309 2463 5382 vestigia
2497 5307 2646 5364 illius
2677 5314 3138 5377 nonsrquuntur,
3169 5300 3538 5357 comminatur
3565 5307 3619 5354 et

2017 5407 2152 5460 tli-sit
2177 5423 2190 5458 :
2223 5403 2435 5470 Audite,
2468 5400 2728 5472 principes
2761 5399 2946 5452 domus
2975 5395 3161 5458 Jacob,
3186 5402 3233 5449 et
3257 5393 3414 5448 duces
3436 5393 3616 5447 domus

2021 5499 2211 5554 Israel.
2245 5497 2381 5565 Quid
2416 5505 2497 5547 ost
2525 5501 2706 5548 autem
2736 5490 2881 5560 quod
2917 5504 3016 5546 eos
3046 5489 3191 5559 cogit
3214 5486 3444 5542 audire?
3490 5483 3616 5540 Non

2019 5603 2242 5647 uestrum
2283 5597 2375 5657 est,
2430 5586 2628 5658 inquit,
2682 5585 2812 5638 scire
2843 5582 3128 5657 judicium,
3161 5582 3249 5653 qui
3278 5579 3397 5636 odio
3419 5579 3620 5635 habetis

2021 5689 2233 5757 bonum,
2274 5695 2322 5740 et
2366 5681 2604 5757 qureritis
2625 5678 2809 5735 mala:
2840 5678 2892 5735 id
2915 5685 3038 5746 est,
3072 5691 3182 5734 non
3208 5675 3491 5733 meremini
3523 5673 3618 5730 Dei

399 5871 424 5899 ι
464 5861 630 5920 Falso
657 5871 712 5922 et
737 5863 1017 5922 contrario
1041 5879 1209 5924 sensu
1248 5866 1536 5938 Martian.,
1574 5870 1653 5926 his
1691 5871 1781 5942 qui
1828 5871 2025 5925 rolunt.
