4078 6342
497 233 643 293 “79

1743 226 1806 289 8.
1850 223 2119 289 EUSEBI!
2156 224 2542 290 NERONYII

3683 224 3813 283 ιιω

496 354 644 411 scire
666 351 941 421 judicium
983 349 1129 422 quod
1161 357 1249 411 est
1286 348 1518 417 abyssus
1558 346 1763 405 multa:
1792 357 1848 404 et
1876 353 2103 419 profun-
2133 348 2183 409 Δ
2210 346 2340 402 lium
2364 364 2385 403 :
2424 357 2697 420 propterea
2724 362 2834 405 nos:
2866 346 3010 403 vobis
3037 348 3135 403 erit
3165 364 3257 418 pro
3290 347 3501 403 visione
3538 343 3655 419 [Δί.
3687 346 3815 401 ladi-

505 447 636 507 dum
660 446 894 518 iustitia
917 444 1038 517 ejus
1064 458 1221 501 mens
1250 457 1414 513 prava
1445 456 1551 503 non
1584 440 1813 499 invenit.
1846 439 1956 501 Aut
1974 455 2112 510 quo-

506 543 671 599 modo
690 542 920 611 potestis
940 538 1363 610 scirejudicium
1391 538 1508 604 Dei,
1538 537 1637 606 qui
1665 535 1859 595 odistis
1880 536 2108 603 bonum,

506 645 565 691 et
584 634 833 705 quaeritis
866 633 1070 695 attalum
1098 674 1114 699 ,
1161 633 1252 702 qni
1276 629 1624 691 detestantini
1648 639 1873 689 sanctos
1903 643 2109 699 paupe-

505 743 617 791 res,
641 738 697 783 et
718 726 1002 783 honoratis
1026 725 1224 783 divites
1250 733 1592 796 peccatores.
1638 723 1919 794 Simulque
1936 722 2115 780 oonsi-

508 819 765 879 deremus
792 820 1083 881 verborum
1108 816 1565 890 signiIiCantiatu:
1592 815 1733 875 bona
1765 831 1874 873 non
1904 829 2109 881 amare,

509 911 727 983 peccati
754 921 841 973 est
869 928 881 963 :
907 912 1095 982 quanti
1125 910 1352 968 sceleris
1380 909 1548 967 etiam
1575 908 1798 971 odisse?
1847 918 1901 965 et
1946 925 2113 966 econ—

512 1006 683 1061 trario
710 1047 724 1073 ,
751 1006 795 1062 si
823 1004 960 1063 ntala
989 1019 1095 1060 non
1128 1002 1598 1073 fugere,vitiiest:
1626 1016 1846 1074 quantae
1869 1002 2116 1073 impieta-

508 1101 577 1154 tis
605 1107 691 1154 est
710 1098 1183 1170 etiandiligenter
1202 1096 1480 1168 inquirere
1501 1097 1524 1151 ?
1547 1096 1678 1155 Post
1700 1095 1818 1153 huic
1850 1095 2115 1155 describi»

515 1202 603 1251 tur
630 1194 843 1253 saevitia
872 1194 1116 1263 iudicum
1136 1232 1155 1260 ,
1182 1204 1232 1249 et
1270 1194 1321 1248 in
1346 1192 1619 1262 subjectos
1649 1191 1967 1248 crudelitas.

584 1287 752 1361 ﬁsa
781 1285 946 1345 LXX:
980 1286 1299 1359 Diripienles
1321 1286 1484 1355 pelles
1513 1302 1694 1340 eorum
1714 1287 1778 1340 ab
1804 1287 1902 1349 eis,
1932 1295 1980 1343 et
2001 1303 2116 1341 cur.

510 1397 604 1437 stes
628 1395 805 1436 eorum
831 1383 897 1435 ab
928 1379 1131 1436 ossibus
1158 1395 1357 1435 eorum.
1414 1378 1565 1437 Sicut
1598 1378 1969 1437 devoraverunt
2000 1395 2118 1437 car-

521 1491 613 1530 nes
642 1475 824 1545 populi
848 1474 968 1542 mei,
1001 1482 1047 1528 et
1078 1474 1236 1544 pelles
1267 1473 1330 1528 ab
1361 1474 1435 1531 eis
1465 1474 1880 1540 excoriaverunt,
1916 1484 1963 1529 et
1996 1490 2117 1531 ossa

516 1583 697 1624 eorum
729 1566 1094 1639 confregerunt
1112 1604 1126 1632 ,
1160 1575 1208 1621 et
1236 1566 1575 1625 conciderunt
1604 1566 1741 1625 sicut
1761 1582 1946 1629 carnes
1969 1567 2024 1623 in
2045 1567 2117 1623 let-

514 1659 663 1727 bete,
703 1669 753 1715 et
776 1659 910 1715 sicut
946 1674 1126 1713 carnes
1156 1659 1211 1714 in
1242 1658 1383 1713 olla:
1414 1659 1491 1719 sic
1512 1660 1809 1715 clamabunt
1837 1661 1905 1717 ad
1933 1658 2117 1717 Domi-

2214 441 2448 513 visione],
2497 452 2543 495 et
2575 441 2792 497 tenebra’
2830 452 2976 496 erunt
3006 441 3146 497 vobis
3173 458 3238 497 sa:
3276 440 3646 505 divinatione,
3668 449 3716 494 et
3741 457 3818 496 οίφ

2214 536 2414 591 oumbst
2458 535 2539 590 sol
2585 552 2741 608 super
2786 534 3091 604 prophetas,
3134 545 3185 590 et
3221 535 3653 591 contenebrescst
3676 550 3822 604 super

2214 644 2302 683 eos
2325 628 2459 693 dies,
2485 637 2537 684 et
2555 628 2948 697 confundentur
2971 630 3059 699 qui
3078 628 3253 683 vident
3277 627 3502 684 somnia
3521 667 3536 692 ,
3568 635 3619 680 et
3639 626 3819 683 irridea-

2214 722 2409 778 buntur
2433 722 2652 790 harioli,
2695 734 2742 778 et
2782 725 3061 795 loquentur
3093 726 3373 783 adversum
3400 738 3493 777 eos
3516 738 3695 776 asinos
3723 723 3821 790 isti,

2212 817 2339 888 quia
2361 833 2466 871 non
2493 827 2572 872 est
2593 817 2683 888 qui
2704 816 2955 872 exaudiat
2980 833 3089 882 eos,
3111 818 3214 871 nisi
3239 833 3339 887 ego
3371 815 3661 887 implevero
3681 817 3820 887 {orti-

2218 908 2449 965 tudinem
2473 910 2527 963 iis
2546 910 2789 979 spiritum
2817 908 3047 978 Domini,
3066 918 3114 962 et
3131 908 3411 979 judicium
3443 916 3496 962 et
3530 911 3824 977 potentiam,

2218 1010 2273 1057 ut
2295 1002 2599 1061 aituuntietu
2624 999 2792 1061 Ιαωὸ
2834 1001 3123 1072 impiatum
3162 1004 3299 1075 ejus,
3325 1010 3379 1056 et
3422 999 3603 1055 Israel
3630 1011 3827 1072 peccata

2216 1111 2330 1151 sna.
2365 1092 2622 1165 Legimus
2655 1094 2825 1155 fuisse
2853 1094 3372 1165 pseudoprophetas
3404 1094 3464 1149 in
3501 1093 3674 1149 Israel
3698 1136 3713 1161 ,
3741 1098 3824 1166 qui

2221 1197 2445 1257 propter
2471 1188 2612 1247 dena
2647 1203 2858 1258 pacem,
2888 1204 3011 1260 quae
3042 1188 3121 1245 eis
3147 1188 3273 1245 data
3302 1203 3428 1243 rion
3460 1197 3608 1257 erat,
3636 1189 3826 1258 pradi-

2221 1280 2419 1339 cabant
2439 1322 2455 1348 ,
2500 1291 2558 1339 et
2604 1283 2653 1341 si
2698 1282 2823 1352 quis
2849 1296 3077 1341 munera
3107 1296 3215 1337 non
3246 1281 3556 1346 dedisset,
3588 1285 3826 1353 quamvis

2220 1384 2445 1431 sanctus
2488 1384 2669 1443 esset,
2724 1374 2863 1432 iram
2900 1375 2994 1434 Dei
3023 1378 3345 1432 nuntiarent
3376 1374 3462 1429 illi
3492 1388 3624 1430 esse
3647 1384 3827 1433 ventu.

2222 1483 2362 1525 rant.
2429 1466 2581 1525 Unde
2629 1483 2776 1527 nunc
2825 1468 3025 1527 dicitur
3069 1468 3137 1524 ad
3186 1484 3284 1526 eos
3328 1467 3491 1539 quod
3540 1468 3827 1539 loquantur

2222 1561 2533 1626 intendacia,
2563 1572 2618 1618 et
2645 1576 2831 1623 sermo
2854 1577 3045 1619 eorum
3076 1577 3183 1618 non
3212 1560 3519 1633 prophetia
3539 1606 3555 1630 ,
3584 1562 3680 1619 sed
3704 1561 3830 1617 divi-

2227 1655 2374 1709 natio
2403 1656 2476 1715 sit
2517 1655 2651 1717 falsa
2677 1673 2690 1711 :
2724 1670 2899 1725 neque
2923 1654 3163 1713 habeant
3188 1656 3379 1711 lumen
3401 1701 3415 1725 ,
3454 1654 3555 1710 sed
3585 1656 3827 1712 tenebras

516 1768 680 1821 num,
728 1761 779 1807 et
817 1768 921 1807 non
965 1750 1343 1819 exaudieteos,
1380 1760 1429 1811 et
1456 1753 1855 1825 are’rtetfaciem
1875 1752 2115 1809 suamab
2144 1752 2195 1816 Β
2222 1757 2280 1805 et
2327 1764 2597 1811 errorem.
2656 1746 2903 1819 Cumque
2945 1749 2999 1805 in
3045 1749 3391 1808 contrarium
3440 1761 3606 1804 versa
3633 1746 3830 1813 fuerint

516 1846 594 1899 eis
622 1845 673 1900 in
704 1854 936 1916 tempore
976 1844 1068 1899 illo
1096 1885 1111 1910 ,
1144 1860 1203 1899 eo
1229 1844 1365 1915 quod
1393 1847 1612 1918 pessime
1636 1855 1846 1917 egerunt
1882 1847 1936 1901 in
1961 1846 2117 1903 odia.

520 1938 842 1993 reutionibus
871 1936 1001 1993 suis.
1044 1937 1161 1993 Non
1192 1937 1484 1995 suﬂ’ecerat
1515 1938 1781 2010 spoliasse
1809 1939 2117 2010 subjectum

519 2044 741 2101 gregem
760 2030 779 2101 ;’
840 2029 937 2085 sed
1000 2043 1238 2101 corpora
1290 2046 1508 2103 quoque
1565 2046 1754 2094 eorum
1805 2032 2119 2095 afﬂixerunt

520 2120 663 2178 duro
696 2123 951 2193 imperio,
981 2132 1039 2185 et
1060 2139 1185 2183 ossa
1212 2139 1405 2181 eorum
1432 2125 1838 2193 contriverunt,
1872 2138 1931 2183 ut
1951 2128 2117 2198 quid-

472 2286 477 2289 ς
526 2214 655 2285 quid
704 2215 758 2269 in
806 2216 887 2270 eis
915 2214 1054 2271 forte
1106 2218 1322 2281 fuerat,
1367 2217 1679 2289 frangerent
1708 2228 1872 2292 atque
1925 2231 2119 2279 conte-

518 2315 731 2369 rereut.
793 2307 1077 2376 Quomodo
1119 2325 1250 2381 ergo
1298 2310 1378 2366 illi
1425 2313 1801 2382 spoliaverunt
1856 2315 2118 2385 populum

522 2414 726 2468 meum,
770 2410 823 2456 et
848 2402 1360 2461 uudsveruutomni
1393 2403 1797 2479 pulchritudine
1831 2417 1886 2465 ct
1921 2406 2121 2471 decore

523 2494 665 2553 cutis
695 2535 709 2561 ,
760 2503 816 2553 et
846 2510 1041 2557 carnes
1070 2506 1124 2553 et
1153 2512 1276 2553 ossa
1312 2498 1587 2555 miserunt
1617 2501 1671 2555 in
1699 2500 1860 2557 ollam
1895 2500 2121 2563 ferven-

526 2596 661 2652 tem.
692 2601 853 2665 quam
882 2604 980 2644 rex
1002 2589 1261 2647 accendit
1283 2589 1565 2664 Assyrius,
1590 2593 1871 2649 tradentes
1896 2610 2118 2666 gregem

519 2696 707 2736 meum
757 2681 998 2749 diabolo.
1048 2696 1104 2743 et
1133 2685 1341 2756 angelis
1386 2686 1559 2759 ejus:
1606 2691 1689 2745 sic
1739 2696 1795 2747 et
1840 2688 1949 2763 ipsi
1995 2704 2123 2749 cum

528 2774 748 2832 venerit
799 2774 918 2831 dies
972 2776 1228 2847 ultionis,
1284 2778 1595 2839 clamabunt
1622 2780 1692 2836 ad
1720 2780 2034 2851 Dominum,
2066 2792 2122 2845 et

531 2882 638 2923 non
667 2868 1047 2937 exautlientur,
1079 2871 1203 2942 quia
1234 2887 1338 2929 nec
1368 2873 1469 2946 ipsi
1502 2883 1760 2949 rogantes
1790 2875 2121 2935 audierunt:

532 2969 589 3019 et
622 2962 921 3019 extendeut
960 2978 1154 3020 manus
1200 2981 1326 3022 suas
1369 2967 1436 3023 ad
1489 2967 1820 3035 Dominum,
1874 2976 1934 3031 et
1983 2969 2126 3029 Deus

526 3061 739 3110 avertet
790 3054 983 3111 faciem
1026 3072 1178 3115 suam
1212 3057 1280 3115 ab
1313 3059 1424 3127 eis,
1456 3059 1580 3128 quia
1619 3068 1674 3117 et
1703 3058 1779 3121 illi
1808 3071 2127 3119 averterunt

2222 1858 2343 1913 quae
2377 1843 2772 1913 promiserant,
2805 1850 2933 1903 tunc
2957 1842 3280 1912 operientur
3308 1840 3686 1908 confusione,
3712 1841 3825 1911 quia

2226 1950 2334 1989 non
2368 1945 2505 2003 erat,
2535 1935 2733 2005 inquit,
2768 1948 3093 2005 respon5um
3128 1936 3244 1993 Dei.

2290 2026 2410 2091 Jam
2439 2026 2547 2099 Ml.
2573 2027 2719 2101 nam]
2739 2027 3130 2091 necdtemones
3160 2026 3443 2098 accipient
3473 2035 3821 2098 potestatem,

2224 2133 2389 2181 uteos
2409 2138 2505 2179 sua
2531 2121 2722 2180 fraude
2747 2122 3047 2194 decipiant.
3079 2121 3222 2179 Milia
3235 2130 3407 2180 erunt
3419 2122 3827 2191 oraculs,,taeeo

2224 2217 2300 2277 bit
2328 2216 2640 2279 immundus
2668 2217 2920 2285 Spiritus,
2942 2226 2999 2275 et
3023 2216 3260 2279 illudet‘s
3290 2232 3408 2275 non
3438 2215 3695 2275 audebit.
3720 2215 3821 2271 Hoc

2223 2310 2292 2367 de
2338 2309 2857 2382 pseudopronhetis.
2918 2311 3150 2369 Rursum
3186 2312 3373 2368 oratio
3403 2311 3479 2368 de
3502 2311 3689 2382 seipse
3714 2325 3821 2380 pro.

2226 2404 2403 2473 pheta:
2430 2403 2706 2474 loquentis
2734 2404 3028 2468 inducitur,
3062 2405 3171 2465 illis
3201 2401 3342 2465 falsa
3373 2403 3821 2469 vaticinantibus,

2226 2505 2281 2559 et
2305 2498 2513 2567 opertis
2541 2496 2871 2553 confusione
2895 2506 2953 2555 et
2984 2497 3310 2567 ignominia.
3336 2510 3450 2567 ego
3474 2510 3601 2566 qua
3622 2496 3820 2566 loquor.

2225 2606 2255 2646 a
2287 2600 2479 2647 sancto
2534 2590 2742 2660 Spiritu
2791 2592 3074 2649 institutus
3120 2593 3339 2663 loquor,
3378 2599 3440 2647 et
3467 2590 3670 2662 loquor
3686 2588 3820 2660 judi-

2227 2684 2369 2739 cium
2414 2683 2627 2739 Domini
2664 2694 2722 2741 et
2760 2685 3021 2739 virtutem
3052 2683 3166 2757 [ΑΙ.
3198 2682 3541 2756 veritatem].
3593 2682 3823 2752 Cumque

2229 2775 2722 2849 pseudoprophettc
2772 2776 3062 2833 mordeant
3109 2776 3397 2841 dentibus,
3450 2787 3508 2839 et
3539 2774 3820 2846 praedicent

2226 2885 2417 2941 pacem
2445 2910 2462 2941 ,
2492 2887 2593 2944 ego
2633 2871 2847 2942 absque
2876 2872 2985 2930 ulla
3016 2870 3314 2933 formidine
3358 2871 3635 2931 attnuntio
3670 2868 3821 2925 Jacob

2228 2964 2412 3020 scelus
2458 2981 2641 3034 suum,
2688 2975 2744 3021 et
2772 2966 2943 3025 Israel
2996 2976 3277 3036 peccatum
3322 2981 3535 3031 suum;
3585 2965 3819 3036 quiaprs

2233 3056 2344 3115 Deo
2370 3103 2383 3128 ,
2434 3058 2519 3115 vel
2551 3059 2696 3117 idola
2725 3060 2975 3117 venerati
3003 3069 3152 3127 sunt,
3182 3059 3266 3117 vel
3298 3058 3403 3117 Dei
3435 3057 3638 3117 Filium
3665 3056 3819 3112 om.

532 3164 560 3202 a
595 3148 947 3219 precantibus
980 3150 1210 3209 vultum.
1281 3151 1347 3207 Et
1382 3153 1497 3209 haec
1539 3152 1796 3213 universa
1828 3157 2123 3223 patientur,
2150 3149 2199 3218 ο
2236 3154 2493 3211 ﬁxerunt.
2551 3150 2610 3208 Si
2651 3162 2831 3207 autem
2869 3150 3024 3222 juxta
3048 3150 3415 3223 Septuaginta
3439 3151 3589 3222 quod
3617 3148 3813 3217 dicitur,

520 3245 648 3317 quia
680 3245 919 3314 pessime
945 3255 1179 3316 egerunt
1209 3247 1263 3303 in
1285 3249 1481 3303 studiis
1497 3259 1553 3305 et
1573 3248 1944 3317 voluptatibus
1967 3250 2081 3307 suis
2107 3268 2122 3306 ς

530 3343 586 3389 et
616 3350 721 3389 nou
751 3350 910 3408 reges
939 3337 1107 3406 fuere,
1143 3337 1239 3393 sed
1268 3339 1485 3411 tyranni
1510 3360 1521 3394 :
1554 3355 1656 3397 nec
1682 3343 1998 3415 praepositi,
2032 3343 2127 3409 sed

527 3427 775 3485 leones:
834 3446 1009 3500 neque
1069 3433 1313 3504 magistri
1366 3434 1800 3507 discipulorum,
1857 3436 1955 3493 sed
2015 3436 2128 3509 lupi

535 3525 740 3581 ovium.
775 3533 829 3579 et
852 3526 1192 3579 satiaverunt
1225 3541 1286 3581 se
1316 3527 1957 3595 carnibus,rtincrassati
1981 3540 2127 3595 sunt,

537 3625 593 3669 et
625 3614 765 3670 sicut
799 3617 1152 3687 pinguissima
1185 3620 1363 3674 hostia
1392 3620 1826 3688 interfectionis,
1860 3631 1885 3659 ⁸
1918 3631 1971 3679 et
1996 3638 2129 3695 sup-

538 3708 719 3780 pliciis
771 3711 981 3767 Domini
1028 3715 1339 3784 praeparati.
1376 3715 1669 3789 [lucusque
1707 3727 1898 3779 contra
1928 3720 2126 3793 princi-

534 3820 633 3883 pes
678 3806 892 3861 maios:
944 3822 1183 3879 sequens
1224 3825 1355 3866 vero
1392 3826 1576 3868 sermo
1607 3812 1871 3871 adversus
1900 3815 2135 3887 pseudo-

537 3900 833 3971 propltetas
882 3910 967 3957 est
1015 3912 1071 3958 et
1119 3903 1372 3962 ductores
1422 3909 1715 3976 pessimos,
1750 3911 1841 3980 qui
1872 3912 2130 3982 populum

540 3994 633 4048 Dei
679 3993 995 4052 adulatione
1031 3998 1431 4073 supplantant,
1484 4001 1805 4069 pollicentes
1847 4003 2130 4065 scientiam

539 4085 974 4157 Scripturarum.

608 4177 793 4248 (Vers.
823 4176 857 4230 5
888 4178 1031 4252 seq.)
1102 4179 1229 4237 Hau:
1272 4182 1397 4238 dicit
1450 4182 1703 4245 Dominus
1730 4202 1887 4256 super
1913 4187 2137 4258 prophe-

542 4281 646 4340 tas,
674 4274 765 4345 qui
798 4273 1049 4328 seducunt
1070 4276 1324 4344 populum
1350 4293 1516 4331 meum
1553 4293 1571 4333 :
1601 4280 1687 4349 qui
1712 4280 1945 4335 mordent
1967 4279 2138 4337 denti-

545 4365 637 4420 bus
679 4365 808 4432 suis,
857 4375 903 4419 et
930 4368 1216 4437 praedicant
1250 4385 1459 4442 pacem:
1510 4380 1556 4424 et
1588 4372 1631 4425 si
1657 4372 1771 4441 quis
1807 4389 1911 4428 non
1941 4374 2139 4433 dederit

542 4460 595 4513 in
637 4477 725 4514 ore
768 4477 944 4516 eorum
984 4464 1278 4536 quippiam,
1324 4466 1655 4534 sancti/icaut
1683 4485 1967 4541 supersum
1992 4487 2131 4544 prm-

2231 3243 2299 3298 de
2327 3243 2601 3299 haereticis
2630 3244 2971 3301 Voluerimns
2992 3242 3281 3314 accipere.
3305 3242 3410 3314 qui
3444 3258 3582 3299 vere
3609 3241 3819 3312 pseudoe

2231 3336 2515 3407 propheta:
2557 3346 2711 3407 sunt,
2761 3346 2814 3393 et
2868 3336 3078 3403 dicunt,
3110 3335 3229 3395 haec
3266 3335 3413 3399 dicit
3444 3334 3730 3401 Dominus,
3771 3342 3817 3391 et

2236 3433 2494 3495 Dominus
2547 3447 2651 3491 non
2692 3431 2843 3487 misit
2868 3446 2965 3488 eos
2990 3471 3007 3497 ,
3056 3446 3162 3489 non
3189 3431 3532 3493 errabimus.
3579 3428 3661 3489 illi
3692 3427 3815 3487 enim

2234 3526 2495 3598 populum
2524 3524 2797 3597 quondam
2836 3526 2927 3583 Dei
2962 3539 3153 3589 errore
3193 3524 3513 3595 decipiunt,
3544 3532 3605 3579 et
3632 3522 3728 3578 hoc
3750 3519 3818 3579 (ιν

2233 3624 2405 3691 ciunt,
2438 3630 2497 3678 ut
2523 3621 2816 3679 comedam
2841 3636 2965 3684 eos,
2995 3622 3081 3677 vel
3114 3620 3446 3692 simpliciter
3475 3620 3531 3679 in
3556 3618 3813 3689 accipien-

2235 3716 2319 3771 dis
2351 3714 2673 3771 muneribus
2698 3755 2713 3780 ,
2745 3714 2830 3771 vel
2869 3715 3103 3787 mystice
3134 3715 3187 3770 in
3219 3714 3508 3773 occisione
3535 3716 3814 3774 animarum

2206 3823 2424 3893 eorum
2446 3849 2460 3874 ,
2512 3814 2569 3865 et
2599 3806 2926 3878 promittunt
2954 3808 3039 3863 eis
3062 3821 3250 3877 pacem
3275 3816 3335 3871 et
3366 3822 3536 3879 regna
3564 3803 3812 3869 eailestia,

2236 3910 2296 3958 et
2324 3901 2552 3972 dicunt,
2600 3916 2708 3959 non
2760 3910 3099 3959 necesse-est
3134 3912 3195 3956 ut
3220 3900 3376 3958 vivas
3402 3902 3747 3958 continenter
3771 3903 3816 3951 et

2236 4005 2453 4057 sancte,
2484 3993 2681 4053 habeto
2706 3993 2867 4049 tidem
2900 4008 3061 4064 quam
3087 3994 3382 4061 (locemus,
3412 4004 3473 4055 et
3503 3990 3681 4053 omnia
3710 3980 3815 4059 βων

2240 4087 2406 4142 missa
2447 4086 2661 4143 Domini
2705 4088 3095 4155 consequeris:
3139 4084 3307 4158 668
3352 4102 3480 4158 qua:
3528 4086 3812 4156 laqueum.

2240 4181 2414 4253 magis
2448 4181 2739 4237 adversum
2770 4196 2863 4237 eos
2885 4179 3023 4237 iram
3046 4180 3264 4243 Domini
3286 4181 3591 4247 concitant,
3620 4187 3674 4237 et
3695 4188 3815 4245 prae

2238 4274 2369 4330 lium
2404 4276 2455 4329 in
2492 4275 2616 4329 illos
2650 4276 3019 4333 sanctiﬁcant.
3072 4276 3479 4343 Quamobrem,
3509 4289 3546 4330 ο
3576 4267 3811 4332 haeretici,
3906 4340 3907 4347 γ

2240 4371 2331 4437 qui
2386 4369 2589 4441 putatis
2640 4370 2846 4427 habere
2896 4384 2993 4424 vos
3040 4370 3425 4441 prophetiam,
3455 4379 3512 4427 et
3543 4360 3806 4425 imitamini

2244 4464 2541 4520 l-irctesiam
2567 4462 2685 4529 Dei,
2717 4462 2808 4517 ubi
2836 4462 3122 4521 aestimatis
3150 4476 3271 4523 €556
3296 4465 3595 4524 visionem,
3627 4458 3694 4514 ibi
3720 4466 3812 4510 nos

544 4550 673 4609 lium
700 4568 717 4606 :
765 4563 1043 4625 pr0pterea
1085 4572 1191 4611 non:
1218 4558 1357 4611 vobis
1383 4575 1479 4631 pro
1501 4560 1696 4617 visione
1721 4559 1830 4633 [AL
1864 4563 2137 4640 divisione]
2164 4547 2218 4609 Ι)
2243 4561 2344 4614 crit
2371 4577 2382 4614 :
2415 4570 2467 4623 et
2497 4557 2589 4613 ubi
2619 4557 2837 4628 iactatis
2863 4559 3179 4619 vaticinium
3202 4558 3549 4629 prophetale,
3576 4554 3642 4610 ibi
3664 4549 3805 4621 spiri-

543 4647 664 4710 erit,
696 4656 743 4701 et
770 4647 988 4701 tenebrw
1013 4649 1153 4705 vobis
1183 4666 1278 4723 pro
1311 4651 1652 4723 divinatione,
1698 4664 1747 4709 et
1773 4655 2037 4715 occumbat
2060 4658 2140 4715 sol

548 4754 705 4815 super
748 4742 1049 4812 prop/tetas,
1090 4752 1137 4797 et
1174 4743 1592 4805 obtenebrabitur
1621 4763 1777 4817 super
1797 4765 1883 4803 eos
1914 4748 2023 4805 dies
2044 4794 2056 4817 ,
2092 4760 2141 4811 et

545 4834 939 4909 confundentur
965 4837 1052 4909 qui
1092 4836 1266 4892 vident
1298 4839 1558 4896 visiones:
1583 4850 1629 4896 et
1651 4844 2037 4913 confundentur
2060 4844 2142 4899 dio

544 4928 675 4999 vini,
729 4937 776 4982 et
818 4930 1051 5000 operient
1080 4932 1251 4987 vultus
1279 4949 1399 4987 suos
1430 4950 1604 4989 omnes
1623 4979 1637 5003 ,
1673 4935 1799 5007 quia
1826 4954 1929 4992 non
1960 4947 2036 4993 est
2059 4954 2143 4997 re-

542 5036 789 5092 sponsum
835 5021 952 5077 Dei.
994 5021 1358 5080 Verumtamen
1407 5043 1498 5101 ego
1528 5028 1750 5101 repletus
1788 5045 1900 5082 sum
1936 5030 2145 5100 fortituo

558 5116 679 5171 dine
702 5116 915 5187 spiritus
946 5116 1174 5185 Domini,
1187 5118 1396 5190 judicio
1418 5127 1463 5173 et
1482 5120 1666 5175 virtute
1686 5120 1797 5195 [AL
1814 5120 2069 5197 veritate],
2092 5130 2148 5181 tu

549 5209 860 5265 annuntiem
899 5210 1064 5266 Jacob
1111 5211 1277 5267 scelus
1332 5228 1527 5278 suum,
1578 5220 1625 5266 et
1670 5211 1841 5267 Israel
1880 5223 2149 5286 peccatum

549 5320 729 5358 suum.
778 5302 957 5359 LXX:
1008 5303 1137 5359 Haec
1188 5304 1313 5358 dicit
1357 5302 1614 5361 Dominus
1665 5322 1816 5377 super
1844 5306 2141 5379 prophetas,

544 5400 637 5473 qui
663 5400 918 5455 seducunt
950 5400 1198 5471 populum
1220 5399 1379 5477 467
1410 5416 1615 5471 meum,
1650 5411 1696 5456 et
1720 5403 1953 5458 mordent
1973 5404 2142 5458 denti.

539 5492 635 5549 bus
683 5493 827 5558 suis,
872 5502 921 5546 et
965 5492 1251 5560 prwdicant
1299 5509 1453 5565 super
1494 5510 1610 5548 eum
1640 5510 1839 5566 pacem,
1874 5505 2047 5553 etnon
2069 5506 2140 5551 est

541 5585 667 5640 data
706 5587 760 5643 in
808 5601 895 5641 ore
944 5602 1143 5651 eorum,
1191 5587 1651 5659 sanctiﬁcaverunt
1676 5604 1832 5663 super
1861 5605 1974 5649 eum
2004 5606 2139 5664 pra:-

2247 4661 2331 4713 tus
2379 4653 2634 4723 loquetur
2666 4649 2994 4711 immundus.
3043 4650 3272 4711 Occidet
3298 4653 3449 4709 enim
3495 4650 3574 4707 sui
3613 4643 3812 4715 justiti:

2245 4758 2408 4815 super
2437 4742 2816 4813 hujuscemodi
2852 4742 3178 4813 prophetas,
3212 4754 3267 4799 et
3294 4744 3558 4801 videbunt
3583 4735 3809 4795 tenebras

2244 4850 2373 4892 snas
2416 4844 2471 4891 et
2514 4834 2937 4893 confundentur.
2992 4836 3242 4907 Curaque
3269 4834 3438 4892 divini
3468 4833 3637 4904 magis
3662 4838 3806 4899 quam

2246 4929 2530 5001 Propheta:
2586 4929 2793 4986 fuerint
2849 4931 3237 5000 comproliati,
3299 4930 3619 4986 ridebuntur
3662 4932 3805 4990 super

2250 5024 2481 5105 somniis
2506 5025 2641 5090 suis,
2676 5034 2731 5080 et
2757 5024 2942 5095 νυρυιὶ
2970 5025 3064 5096 qui
3093 5024 3163 5081 ab
3190 5024 3271 5083 eis
3301 5025 3457 5094 prius
3488 5016 3693 5089 decepti
3710 5016 3811 5105 iutu-

2251 5103 2396 5185 rant,
2420 5126 2608 5175 contra
2631 5133 2729 5174 eos
2750 5116 3060 5189 loquentur.
3093 5118 3249 5176 Tunc
3272 5121 3443 5175 etiam
3465 5118 3566 5188 ipsi
3592 5103 3807 5181 magistri

2252 5212 2631 5286 plenitentiam
2662 5221 2826 5283 agent
2852 5255 2866 5277 ,
2900 5222 2955 5271 et
2985 5227 3148 5274 nemo
3175 5226 3271 5269 eos
3297 5212 3582 5274 exaudiet,
3607 5204 3698 5262 nisi
3725 5210 3808 5269 ego

2251 5321 2411 5378 quem
2462 5304 2824 5361 olfenderant.
2890 5305 2959 5361 Et
3000 5305 3132 5377 quia
3178 5306 3424 5365 clemens
3452 5318 3591 5367 sunt,
3633 5289 3806 5351 ctnoio

2251 5406 2482 5457 mortem
2528 5400 2834 5470 peccatoris
2874 5396 3299 5470 (Eseclz.xv1n),
3357 5398 3451 5455 sed
3478 5395 3632 5464 cupio
3661 5397 3711 5444 ut
3737 5397 3805 5438 rc-

2250 5502 2496 5552 vertatur
2525 5502 2580 5549 et
2608 5492 2774 5561 vivat,
2801 5507 2921 5553 Cum
2943 5491 3243 5553 exaudiam
3267 5508 3366 5551 eos
3387 5535 3399 5557 ,
3441 5490 3577 5547 dabo
3610 5484 3685 5538 eis
3711 5476 3801 5529 vir—

2251 5599 2421 5646 tutem
2462 5587 2691 5660 spiritus
2740 5587 2880 5655 mei,
2924 5597 2984 5644 et
3013 5587 3254 5658 implebo
3281 5602 3378 5644 eos
3400 5583 3596 5658 judicio
3626 5585 3734 5633 meo
3756 5572 3802 5620 et

615 5767 645 5806 ιι
685 5767 969 5826 Constabit
996 5812 1015 5838 ,
1044 5772 1218 5843 inquit
1253 5771 1555 5840 Victorius,
1608 5790 1677 5831 ex
1727 5774 1843 5847 ipsa
1876 5773 2137 5848 lectione,
2163 5785 2289 5837 sunt
2313 5772 2604 5847 legendum
2632 5787 2735 5848 pro
2762 5781 2845 5829 et:
2875 5771 2975 5836 sed
3003 5786 3141 5835 tuss.
3171 5787 3284 5837 non
3304 5770 3674 5844 salivatum“
