4078 6342
263 322 285 377 1
307 323 394 377 181
1050 318 1699 380 COMMENTARIORUM
1740 318 1805 377 ΙΝ
1845 322 1847 373 ἰ

1952 317 2183 378 llltEAM
2222 316 2353 377 LIB.
2398 319 2440 376 l.
2480 318 2635 375 CAP.
2676 319 2765 375 lll.
3424 319 3563 376 "82

256 435 619 507 fortitudine,
653 444 710 494 ut
750 436 840 509 qui
874 436 1023 509 prius
1050 436 1309 508 populum
1337 436 1729 497 blandimentis
1756 436 1857 497 ειε-
1883 441 1934 508 Α
1965 454 2070 495 non
2116 436 2295 494 solum
2325 437 2592 508 judicium
2636 453 2742 494 non
2786 436 3103 503 faciebant;
3141 438 3244 495 sed
3280 437 3566 494 abomina—

254 529 535 603 cipiebant
558 569 576 596 ,
633 536 823 601 postea
852 543 983 585 vera
1012 527 1387 585 annuutiando
1416 528 1754 594 deterreant.
1796 539 1857 587 et
1957 530 2155 587 bantur
2186 529 2347 591 illud.
2370 536 2427 586 et
2448 529 2630 587 omnia
2654 538 2801 587 recta
2830 530 3246 601 pervcrtcbsnt,
3277 545 3347 588 ne
3370 530 3564 586 saltem

253 626 324 681 ad
352 632 556 683 rectam
590 633 853 679 revocent
878 621 1016 678 tiam
1040 668 1054 691 ,
1090 633 1143 681 et
1170 623 1265 693 qui
1302 637 1468 678 causa
1505 623 1710 679 erroris
1736 622 1856 680 fue-

254 726 417 784 rant,
463 715 726 787 incipiant
766 714 972 772 mederi
1015 714 1340 771 vulneribus
1362 732 1483 786 quae
1525 715 1852 785 intulerant,

253 820 314 867 et
344 826 470 868 esse
498 810 720 867 occasio
746 810 1016 867 sanitatis.
1074 809 1469 867 Animadverte
1510 813 1562 867 in
1591 813 1851 881 praesenti

253 904 401 971 loco,
435 920 599 976 posse
619 904 857 973 aliquem
882 904 1081 963 docere
1112 917 1236 976 poet
1270 916 1575 975 peccatum,
1602 908 1646 963 si
1673 916 1852 963 tamen

256 999 390 1055 vitia
426 998 655 1069 pristina
685 998 845 1069 digna
876 997 1199 1070 poenitentia
1227 998 1447 1053 eluerit.
1492 1000 1646 1057 Unde
1673 1010 1723 1057 et
1754 1001 1854 1056 Da-

253 1092 348 1147 vid
381 1102 507 1161 post
537 1091 862 1149 adulterium
890 1100 947 1148 et
976 1090 1333 1149 homicidium
1359 1092 1598 1164 loquitur
1630 1094 1684 1151 in
1713 1095 1854 1164 psal-

254 1201 382 1243 mo:
413 1185 672 1260 Asper-ges
702 1204 782 1243 me
811 1188 1036 1260 byssopo
1068 1199 1116 1243 et
1150 1188 1439 1242 mundabor
1460 1205 1481 1245 :
1527 1190 1720 1247 locabis
1745 1207 1849 1259 me,

253 1291 301 1338 et
343 1298 496 1354 super
536 1282 703 1336 nivem
741 1281 1043 1339 dealbabor.
1106 1281 1216 1338 Nec
1246 1296 1340 1336 sua
1375 1290 1584 1339 tantum
1613 1282 1854 1353 puritate

255 1382 552 1430 contentus
579 1384 685 1441 est,
727 1374 822 1431 sed
853 1373 1051 1430 infert:
1084 1374 1264 1430 Redde
1292 1373 1414 1429 mihi
1443 1374 1679 1431 ltetitiam
1708 1377 1854 1431 salu-

253 1471 382 1526 taris
412 1471 487 1525 tui
515 1510 530 1535 ,
564 1479 609 1525 et
636 1471 826 1541 spiritu
861 1470 1145 1543 principali
1174 1473 1426 1541 conﬁrma
1456 1489 1554 1527 me.
1611 1473 1853 1544 Cumque

252 1562 360 1619 hoc
387 1562 604 1621 feceris.
638 1563 867 1634 Docebo,
890 1567 987 1635 ait,
1018 1568 1223 1637 iniquos
1250 1567 1359 1625 vias
1381 1578 1518 1632 tuas,
1548 1576 1595 1621 et
1614 1569 1761 1641 impii
1783 1570 1852 1623 ad

251 1667 301 1713 te
328 1667 686 1714 convertentur
720 1658 894 1730 (Psal.
915 1659 995 1730 ι).

325 1752 509 1824 (Vers.
542 1753 576 1809 9
607 1755 750 1825 seq.)
831 1754 1024 1811 Audite
1052 1756 1192 1824 lucc,
1240 1754 1500 1829 principes
1543 1760 1729 1815 domus
1747 1758 1849 1814 Ja-

1957 640 2125 697 parva
2169 626 2380 694 justitia
2415 632 2730 680 remaneret
2760 622 2815 680 in
2844 624 3091 685 civitate.
3122 624 3226 692 Qui
3258 624 3567 681 wdilicavc—

1956 729 2085 777 runt
2108 722 2237 777 Sion
2260 721 2316 779 in
2345 719 2725 790 sanguinilius,
2753 729 2809 775 et
2842 718 3146 777 Jerusalem
3170 720 3221 775 in
3247 719 3559 791 iniquitate,

1956 815 2161 884 rapinis
2207 829 2507 884 pauperum
2529 855 2543 876 ,
2580 812 2730 867 crede
2760 811 3097 879 insontium,
3128 812 3406 868 occisione
3432 826 3563 868 sano

1953 919 2188 967 Ctorum.
2226 908 2381 976 Quod
2410 908 2455 961 si
2482 906 2604 977 quis
2635 907 2701 961 tle
2734 906 3083 976 principibus
3114 906 3565 975 videbaturjudi-

1954 1016 2079 1059 care
2104 1002 2246 1072 quod
2280 1010 2399 1057 erat
2431 1011 2663 1069 rectum,
2702 999 2973 1058 vendebat
3002 1002 3175 1071 magis
3202 1003 3559 1070 sententiam,

1954 1105 2011 1154 et
2043 1098 2095 1151 iu
2129 1096 2447 1152 muneribus
2474 1095 2774 1167 judicabat.
2821 1095 3152 1153 Sacerdotes
3182 1112 3400 1167 quoque
3444 1112 3559 1154 non

1957 1189 2229 1247 docebant
2285 1190 2583 1260 populum,
2634 1188 2740 1245 nisi
2781 1198 3004 1260 accepto
3062 1189 3270 1259 pretio;
3330 1198 3385 1244 et
3436 1206 3561 1246 cum

1955 1283 2170 1341 dicatur
2222 1282 2290 1340 ad
2336 1294 2559 1339 sanetos
2598 1300 2611 1337 :
2654 1280 2831 1337 Gratis
2878 1272 3192 1354 accepistis,
3246 1283 3407 1356 gratis
3441 1283 3560 1337 date

1956 1378 1974 1450 (
1984 1377 2034 1433 Μ
2045 1388 2139 1434 att.
2165 1395 2219 1445 χ,
2245 1376 2323 1450 8).
2350 1378 2426 1435 illi
2443 1377 2537 1437 Dei
2555 1391 2905 1447 responsum,
2928 1387 3151 1447 accepta
3164 1375 3399 1444 pecunia
3412 1390 3547 1445 pro-

1958 1472 2213 1538 ferentes,
2236 1475 2470 1543 gratiam
2502 1471 2717 1529 Domini
2743 1487 2904 1526 avara
2932 1470 3188 1525 mercede
3217 1469 3556 1527 vendebant.

1958 1568 2024 1624 Et
2058 1579 2179 1637 post
2204 1568 2317 1623 litec
2351 1568 2492 1623 mala
2524 1583 2633 1622 non
2666 1566 3045 1638 intelligentes
3070 1574 3348 1637 peccatum
3373 1581 3558 1634 suum,

1956 1663 2108 1731 quasi
2138 1662 2442 1717 sceleribus
2472 1661 2809 1716 redimerem
2841 1659 3169 1715 charitatem
3197 1658 3314 1726 Dei,
3347 1656 3562 1727 iudices

1958 1771 2021 1812 ac
2050 1755 2365 1813 sacerdotes
2383 1766 2437 1811 et
2463 1754 2757 1826 prophetas
2783 1752 2950 1825 4⁵10
2976 1752 3072 1807 Dei
3102 1767 3228 1808 esse
3254 1767 3313 1807 se
3344 1768 3559 1807 memo-

251 1845 366 1914 τιὸ,
401 1856 450 1899 et
472 1855 499 1887 α
513 1846 726 1919 judices
754 1847 940 1903 domus
976 1847 1182 1905 Israel:
1223 1853 1317 1922 qui
1357 1852 1731 1909 abominamini
1752 1857 1845 1926 ju-
1881 1834 1930 1903 Β
1958 1851 2243 1913 rabant,ct
2266 1848 2564 1905 secundum
2589 1848 2941 1915 impmnitens
2963 1861 3060 1900 cor
3083 1859 3240 1899 suum
3261 1843 3521 1899 dicebant
3546 1861 3558 1897 τ

250 1939 466 2006 dicium,
490 1948 537 1994 et
551 1941 727 1995 omnia
744 1951 883 1995 recta
897 1942 1210 2013 pervertitis.
1232 1944 1318 2013 qui
1346 1947 1624 2015 wdiﬁcatis
1654 1946 1782 2002 Sion
1798 1949 1850 2003 in

247 2033 617 2107 sanguinibus,
644 2044 688 2087 et
719 2032 1019 2093 Jerusalem
1041 2037 1095 2090 in
1118 2037 1411 2109 iniquitate.
1445 2039 1719 2113 Principes
1737 2046 1851 2114 ejus

247 2124 304 2179 in
340 2125 643 2182 muneribus
666 2128 1013 2198 judicabant,
1063 2138 1112 2184 et
1140 2132 1430 2187 sacerdotes
1461 2137 1576 2206 ejus
1630 2136 1685 2189 in
1714 2153 1849 2190 nter-

248 2217 373 2273 cede
402 2219 676 2285 docebant,
714 2228 765 2275 et
784 2223 1045 2293 prophetes
1064 2224 1176 2288 eius
1205 2223 1263 2278 in
1284 2226 1503 2292 pecunia
1523 2226 1843 2294 divinabam,

247 2321 294 2365 et
326 2326 481 2383 super
518 2309 798 2367 Dominum
837 2314 1221 2383 requiescebant
1249 2316 1479 2372 dicentes
1511 2333 1530 2371 :
1576 2317 1847 2390 Numquid

246 2420 351 2457 non
387 2400 645 2458 Dominus
689 2404 743 2459 in
785 2403 955 2463 medio
1002 2407 1276 2461 nostrum?
1312 2424 1415 2463 non
1457 2410 1656 2463 venient
1688 2426 1847 2480 super

248 2514 343 2551 nos
372 2498 548 2553 mala:
578 2507 789 2570 propter
815 2498 913 2555 hoc
934 2516 1093 2555 causa
1119 2502 1271 2559 vestri
1304 2502 1433 2561 Sion
1457 2514 1512 2557 ut
1540 2521 1661 2574 ager
1678 2505 1849 2563 orabi-

250 2602 354 2657 tur,
364 2591 715 2651 etJerusalem
730 2593 883 2664 quasi
902 2609 1116 2651 acervus
1132 2594 1365 2666 lapidum
1383 2597 1557 2660 erit,et
1572 2605 1849 2653 monstem-

248 2683 324 2757 pli
353 2685 403 2739 in
434 2686 636 2743 excelsa
659 2684 929 2745 siluerunt.
974 2686 1138 2745 LXX:
1173 2688 1362 2742 Audite
1383 2689 1525 2757 htec,
1551 2689 1705 2745 duces
1732 2691 1844 2763 [ΑΙ.

240 2777 471 2849 judices]
484 2778 669 2835 domus
682 2777 711 2833 Ι
720 2779 842 2833 acab
865 2788 913 2833 et
933 2779 1120 2850 reliqui
1141 2781 1327 2835 domus
1347 2779 1514 2836 Israel
1523 2783 1629 2853 ,qui
1650 2783 1847 2839 abanti-

250 2871 451 2926 namini
474 2868 641 2943 469
659 2871 941 2943 judicium,
965 2881 1011 2929 et
1032 2873 1205 2927 omnia
1236 2881 1373 2929 recta
1395 2876 1682 2944 pervertitis
1714 2894 1732 2931 :
1757 2880 1848 2947 qui

251 2968 529 3037 u'diﬁcatis
549 2968 678 3025 Sion
712 2969 765 3024 in
792 2969 1156 3042 sanguinibus,
1183 2979 1230 3025 et
1260 2968 1551 3026 Jerusalem
1572 2972 1625 3026 in
1654 2973 1848 3042 iniqui-

252 3060 463 3117 tatibus.
500 3060 667 3116 Duces
694 3062 811 3132 ejus
840 3062 893 3117 in
922 3062 1220 3121 muneribus
1241 3064 1574 3134 judicabant,
1598 3074 1645 3118 et
1675 3082 1848 3121 sacer-

253 3154 400 3209 dotes
428 3155 540 3225 ejus
565 3155 622 3213 in
664 3156 895 3211 mercede
924 3156 1326 3229 respondebant,
1357 3166 1405 3214 et
1433 3159 1703 3229 propheta:
1732 3165 1845 3233 ejus

1957 1946 2216 2000 Dominus
2242 1949 2294 1999 in
2321 1944 2493 1999 medio
2536 1952 2773 1997 nostrum
2803 1951 2899 2011 est,
2933 1949 2981 1995 et
3025 1957 3131 1994 non
3160 1940 3362 1994 venient
3404 1955 3562 2009 super

1955 2055 2049 2093 nos
2089 2036 2250 2091 mala.
2277 2038 2417 2106 Quia
2447 2037 2607 2108 igitur
2637 2050 2744 2090 non
2784 2040 3016 2105 egerunt
3055 2031 3457 2103 pmuitentiam,
3507 2039 3563 2085 et

1954 2132 2133 2187 omnis
2165 2132 2403 2204 populus
2431 2140 2655 2186 secutus
2681 2138 2765 2185 est
2794 2128 3099 2199 principum
3128 2137 3181 2182 et
3212 2124 3557 2187 sacerdotum

1957 2226 2457 2298 prophetarumqne
2491 2226 2646 2291 vitia,
2678 2223 2807 2280 Sion
2840 2223 2995 2293 quasi
3045 2236 3174 2292 ager
3204 2220 3472 2285 arabitur,
3497 2226 3559 2274 et

1952 2320 2255 2377 Jerusalem
2296 2320 2441 2375 sicut
2467 2333 2704 2376 acervus
2750 2316 2988 2386 lapidum
3039 2316 3162 2382 erit,
3198 2322 3255 2370 ct
3292 2314 3554 2384 templum
3602 2376 3611 2385 δ

1950 2413 2092 2483 quod
2122 2412 2274 2482 prius
2302 2427 2440 2467 auro
2461 2418 2802 2481 argentoque
2825 2406 3087 2479 fulgebat,
3108 2407 3177 2483 in
3211 2405 3400 2461 ruinas
3428 2404 3558 2460 ulti-

1953 2521 2069 2559 mas
2113 2504 2443 2561 collabetur.
2492 2504 2622 2558 Haec
2674 2513 2863 2556 contra
2909 2500 3170 2569 populum
3211 2498 3551 2565 Judaeorum,

1950 2599 2107 2669 cujus
2132 2613 2262 2653 vera
2304 2596 2597 2667 captivitas
2622 2604 2681 2651 et
2724 2604 2985 2650 extremae
3017 2592 3212 2658 ruinae,
3243 2600 3300 2648 et
3329 2600 3554 2661 propter

1948 2691 2235 2760 snperiora
2262 2690 2481 2761 quidem
2515 2688 2741 2750 scelera,
2773 2687 2870 2744 sed
2896 2687 3131 2741 maxime
3156 2695 3380 2755 propter
3402 2683 3547 2739 etfu-

1950 2785 2158 2840 sionent
2193 2781 2458 2837 Dominici
2500 2779 2781 2851 sanguinis
2830 2777 3071 2848 irrogata
3110 2784 3256 2833 sunt.
3303 2774 3460 2831 Unde
3496 2783 3553 2831 et

1950 2877 2081 2933 Sion
2112 2876 2263 2946 quasi
2298 2890 2426 2944 ager
2465 2883 2616 2929 arata
2657 2882 2763 2938 est,
2794 2880 2848 2926 et
2872 2870 3177 2926 Jerusalem
3218 2871 3270 2924 in
3313 2869 3552 2925 tumulos

1948 2985 2105 3024 versa
2144 2983 2431 3035 saxorum,
2464 2974 2522 3022 et
2564 2965 2826 3036 templum
2870 2964 3004 3019 illud
3043 2962 3319 3035 quondam
3365 2962 3552 3018 nobile

1949 3074 2112 3134 atque
2134 3063 2391 3125 sublime.
2423 3062 2478 3116 in
2503 3070 2785 3116 extremos
2800 3060 3015 3115 cineres
3030 3058 3423 3113 comminutum
3443 3065 3547 3112 est.

1950 3155 2005 3211 Si
2040 3155 2156 3224 quis
2196 3164 2376 3211 autem
2416 3155 2535 3210 lucc
2558 3169 2679 3223 quae
2727 3153 2794 3208 de
2831 3151 3134 3209 Jerusalem
3165 3149 3447 3213 dicuntur,
3488 3158 3551 3209 et

249 3246 307 3301 in
348 3248 567 3318 pecunia
598 3246 922 3314 diuinabant,
953 3225 1018 3303 et-
1039 3266 1195 3322 super
1236 3225 1846 3322 Dominum‘requies'cc-
1873 3225 1920 3290 ϐ
1951 3252 2019 3308 de
2051 3252 2179 3307 Sion
2210 3251 2275 3305 ad
2320 3249 2622 3307 Ecclesium
2659 3246 2953 3302 transferat
2982 3245 3121 3315 (ipsa
3150 3252 3235 3299 est
3258 3245 3405 3299 enim
3444 3242 3547 3297 do-

253 3338 395 3407 bant,
428 3340 649 3395 dicentes
680 3356 699 3397 :
731 3339 923 3399 Nonne
960 3341 1215 3399 Dominus
1244 3344 1300 3399 in
1327 3343 1472 3401 nobis
1492 3346 1604 3400 est?
1630 3362 1733 3404 non
1762 3362 1847 3401 ve-

253 3432 394 3486 nient
419 3449 576 3502 super
607 3450 699 3489 nos
730 3432 892 3490 mala.
941 3432 1153 3491 Idcirco
1183 3446 1394 3509 propter
1428 3454 1514 3492 vos
1548 3439 1674 3494 Sion
1704 3440 1847 3509 quasi

253 3540 377 3595 ager
407 3525 663 3593 arabitur,
694 3535 742 3583 et
770 3524 1066 3587 Jerusalem
1113 3536 1168 3585 ut
1213 3529 1453 3584 custodia
1481 3533 1701 3602 pomarii
1729 3534 1846 3599 erit,

252 3629 302 3671 et
330 3634 473 3673 mons
506 3618 713 3675 Domini
736 3620 788 3675 in
812 3620 983 3677 lucum
1006 3620 1195 3676 saltus.
1219 3620 1391 3677 Nemo
1416 3638 1501 3679 am
1512 3624 1662 3693 bigit,
1690 3624 1849 3683 Jeru-

252 3713 421 3767 salem
455 3720 683 3783 propter
729 3713 941 3769 scelera
972 3729 1096 3784 qua:
1128 3713 1179 3773 in
1230 3713 1334 3772 hoc
1360 3716 1606 3786 capitulo
1632 3718 1843 3777 descri-

251 3805 477 3871 buntur,
511 3804 678 3863 fuisse
704 3809 1054 3872 subversam,
1080 3816 1138 3863 et
1161 3808 1289 3880 quia
1313 3824 1475 3880 supra
1505 3812 1588 3867 vel
1614 3813 1680 3867 ad
1704 3813 1849 3887 judio

250 3912 368 3963 res,
404 3898 488 3954 vel
521 3897 587 3955 ad
632 3898 1134 3970 pseudoprophetis
1161 3914 1520 3970 praecesserat
1550 3908 1851 3964 commina—

249 3996 328 4048 tio
362 4011 377 4049 :
406 3993 615 4060 Audite,
656 3994 917 4067 principes
953 3995 1138 4051 domus
1173 3994 1363 4063 Iacob,
1397 4007 1445 4051 et
1475 3998 1631 4057 duces
1658 3998 1847 4057 domus

246 4085 443 4141 Israel.
470 4087 538 4143 Et
566 4095 690 4158 post
728 4104 934 4158 paucos
969 4089 1267 4147 versiculos
1306 4109 1319 4146 :
1352 4091 1483 4148 Htec
1510 4094 1633 4149 dicit
1668 4095 1850 4151 Domi.

250 4198 351 4241 rtus
397 4199 552 4254 super
582 4181 898 4255 Pr0phetas,
934 4186 1030 4257 qui
1059 4187 1314 4242 seducunt
1359 4189 1607 4258 pepulum
1654 4209 1847 4259 meum,

249 4286 307 4333 et
350 4277 563 4361 reliqua
609 4296 623 4335 :
659 4294 803 4335 nunc
830 4280 1169 4351 generaliter
1211 4292 1266 4337 et
1293 4283 1585 4339 adversum
1615 4284 1847 4354 iudices,

160 4446 175 4458 .
250 4382 305 4427 et
331 4371 620 4431 adversum
646 4372 1180 4445 pseudoprophetas,
1205 4386 1262 4433 et
1289 4387 1480 4433 contra
1503 4378 1843 4442 sacerdotes.

249 4477 300 4522 et
338 4474 528 4523 contra
559 4480 679 4533 eos,
720 4467 814 4538 qui
856 4468 963 4525 sibi
991 4468 1091 4527 Dei
1136 4469 1541 4540 pollicebantur
1573 4474 1845 4538 notitiam,

252 4559 591 4629 prophetalis
630 4575 811 4617 sermo
844 4562 1063 4625 texitur,
1099 4572 1156 4619 et
1184 4563 1361 4632 arguit
1385 4577 1482 4618 eos
1505 4564 1649 4634 quod
1681 4580 1845 4635 prop-

1952 3359 2070 3400 mus
2095 3341 2282 3408 Jacoh,
2312 3352 2367 3397 et
2388 3341 2583 3399 domus
2610 3338 2800 3408 Israel,
2833 3337 3129 3394 secundum
3164 3335 3293 3391 illud
3324 3335 3547 3405 quodin

1953 3438 2086 3493 Isaia
2114 3437 2374 3494 scribitur
2401 3432 2593 3493 :Jacob
2614 3450 2743 3506 puer
2764 3450 2923 3501 meus,
2945 3433 3227 3504 suscipiam
3253 3448 3367 3485 eum
3384 3429 3546 3503 (lsai.

1950 3548 2058 3599 xu,
2091 3530 2170 3603 8).
2202 3531 2267 3586 Et
2298 3528 2432 3587 illud
2462 3529 2531 3585 ad
2576 3525 2926 3585 Timotheum
2964 3545 2978 3581 :
3012 3524 3080 3581 Ut
3113 3526 3246 3579 scias
3288 3523 3546 3590 quantodo

1952 3636 2000 3681 te
2023 3634 2256 3695 oporteat
2285 3626 2339 3680 in
2364 3624 2519 3679 domo
2556 3621 2654 3683 Dei
2683 3620 2996 3685 conversari,
3028 3636 3147 3689 qua!
3188 3626 3265 3672 est
3313 3615 3550 3671 Ecclesia

1952 3719 1993 3791 (Ι
2031 3718 2164 3772 Tim.
2196 3733 2274 3784 ιιι,
2315 3717 2400 3787 l5)
2432 3716 2533 3772 iste
2576 3712 2789 3786 liquido
2819 3711 3145 3783 pervidebit,
3170 3710 3318 3781 quod
3344 3709 3547 3780 princi-

1950 3828 2047 3883 pes
2076 3812 2272 3868 domus
2298 3810 2492 3877 Jacob,
2520 3821 2577 3865 et
2601 3807 2800 3877 reliqui
2825 3806 2894 3863 de
2915 3806 3078 3860 domo
3098 3803 3268 3859 lsrael
3294 3802 3459 3875 (sive,
3493 3811 3552 3858 ut

1952 3907 2146 3962 melius
2170 3908 2221 3959 in
2247 3903 2479 3961 Πρω-,νο
2499 3903 2761 3971 scriptum
2785 3902 2895 3971 est)
2914 3897 3133 3957 Iudices
3156 3898 3338 3953 domus
3360 3894 3551 3960 Israel,

1952 4018 2059 4057 non
2082 4001 2193 4055 sint
2220 4000 2311 4055 alii
2340 3999 2442 4053 nisi
2474 3996 2739 4071 episcopi,
2774 3993 3077 4064 presbyteri
3113 4002 3168 4046 et
3193 3987 3429 4056 diaconi,
3457 3986 3549 4059 qui

1952 4094 2055 4152 nisi
2098 4094 2245 4149 omni
2288 4090 2535 4147 custodia
2574 4089 2918 4146 servaverint
2952 4102 3054 4141 cor
3096 4100 3291 4146 suum,
3340 4082 3549 4137 abomi-

1952 4198 2153 4246 nattltll'
2176 4187 2438 4258 judicium
2461 4197 2517 4241 et
2540 4186 2791 4240 universa
2819 4192 2967 4238 recta
2998 4189 3313 4253 pervertunt
3342 4193 3551 4249 :quan-

1951 4284 2022 4339 do
2048 4282 2193 4339 enim
2220 4282 2372 4353 juxta
2404 4295 2698 4353 personam
2724 4278 2996 4349 judicent,
3027 4286 3079 4333 et
3110 4276 3163 4331 in
3194 4273 3548 4343 disceptatio-

1952 4392 2020 4432 ne
2046 4375 2247 4445 negotii
2270 4390 2377 4433 non
2405 4375 2546 4431 valet
2572 4389 2749 4430 causae
2776 4371 3053 4439 meritum,
3078 4369 3176 4425 sed
3208 4383 3425 4426 reorum
3453 4381 3552 4439 po-

1955 4472 2144 4537 tentia,
2173 4487 2356 4527 uonne
2385 4471 2769 4528 abominantur
2795 4466 3082 4539 judicium,
3114 4472 3169 4520 et
3190 4464 3375 4519 omttia
3402 4472 3550 4521 recte

1957 4564 2306 4633 pervertunt?
2337 4563 2524 4621 Potest
2548 4572 2803 4619 autemet
2831 4562 2991 4617 aliter
3010 4559 3203 4631 accipi,
3230 4559 3374 4630 quod
3404 4561 3553 4631 prin-

250 4619 335 4708 ter
358 4619 573 4709 scelera
605 4668 794 4713 eorum
822 4652 957 4711 Sion
984 4653 1142 4725 quasi
1173 4619 1304 4725 ager
1326 4619 1536 4713 arandti
1562 4656 1653 4721 sit,
1680 4619 1735 4712 et
1761 4619 1849 4713 ι’θ.
1870 4619 1929 4689 θ
1956 4619 2106 4731 cipes
2132 4659 2325 4719 domus
2361 4656 2553 4727 Jacob,
2580 4665 2635 4712 et
2667 4654 2882 4726 iudices
2921 4653 3115 4709 domus
3134 4619 3309 4709 'ls'ra'el
3339 4619 3553 4709 abomi-

247 4746 486 4805 rusalem
519 4747 667 4801 velut
706 4762 937 4803 acervus
970 4748 1215 4819 lapidum
1247 4750 1578 4815 corruitura,
1610 4758 1665 4806 et
1693 4767 1849 4811 mons

250 4839 435 4909 templi
452 4836 732 4896 futurusiu
753 4840 967 4897 excelsa
990 4840 1277 4901 silvarum.
1302 4841 1561 4901 Videmus
1572 4845 1848 4915 completa

248 4947 371 5002 ψιιΒ
397 4932 539 4989 dicta
571 4942 700 4989 sunt
734 4950 747 4986 :
780 4935 894 4989 oris
920 4933 1197 5005 eloquium
1230 4936 1369 4991 oculi
1401 4936 1637 5006 probant
1672 4956 1684 4991 :
1719 4954 1848 5009 pro-

244 5024 448 5096 phetia:
486 5027 643 5087 testis
670 5035 931 5097 aspectus
959 5036 1069 5083 est.
1104 5027 1220 5085 Hoc
1262 5029 1440 5097 ipsum
1472 5031 1843 5091 testimonium

246 5129 302 5176 et
331 5121 383 5175 in
416 5121 669 5179 Jeremiae
697 5122 979 5179 volumine
1010 5122 1269 5178 scribitur
1294 5120 1518 5195 (lerem.
1552 5123 1727 5195 xxvi),
1754 5125 1848 5187 ubi

244 5222 303 5270 et
328 5212 569 5270 Miclueae
612 5214 891 5284 pmpbetaa
920 5214 980 5270 tit
1010 5214 1241 5284 mentio,
1268 5226 1322 5272 et
1344 5214 1650 5273 JeruSaIem
1681 5219 1848 5275 vasti.

242 5317 329 5363 tas
359 5306 708 5377 praedicatur.
734 5308 955 5365 Judices
979 5318 1036 5366 et
1059 5310 1331 5382 principes
1358 5312 1556 5367 domus
1578 5314 1767 5378 Jacob.
1791 5326 1845 5375 et

242 5398 442 5456 domus
469 5400 659 5469 Israel,
691 5401 742 5457 id
780 5411 886 5469 est,
919 5411 976 5458 et
1008 5401 1240 5458 duarum
1271 5413 1323 5457 et
1354 5405 1543 5460 decem
1586 5408 1843 5478 tribuum,

319 5591 349 5621 α
384 5582 536 5656 Idem
561 5624 578 5650 ,
624 5582 938 5654 Legendum
960 5624 978 5651 ,
1030 5585 1241 5656 inquit,
1290 5595 1433 5643 esset
1466 5587 1620 5644 duces
1646 5632 1661 5653 ,
1693 5601 1746 5643 ιιι
1782 5592 1835 5647 in

243 5655 520 5729 principio
565 5656 1068 5729 capituli:__eadent
1106 5655 1252 5729 enim
1296 5660 1589 5729 utrobique
1619 5677 1721 5719 vos
1749 5674 1840 5721 est

244 5725 659 5814 zpyp‘quruom
690 5729 811 5796 quia
838 5727 1066 5814 Vulgata
1095 5728 1264 5814 editio
1290 5729 1460 5814 legit,
1492 5725 1700 5803 jar/ires
1724 5775 1739 5801 ,
1778 5744 1838 5793 et

244 5800 324 5872 ita
352 5797 513 5857 'etiam
547 5797 909 5872 Hieronymus
935 5797 1446 5869 interpretaturfad
1472 5797 1692 5863 {tensum
1724 5797 1836 5861 ina~

249 5867 336 5939 gis
366 5884 529 5940 quam
564 5870 629 5924 ad
660 5867 885 5927 verbum
930 5867 1263 5944 respiciens,
1292 5890 1516 5935 monere
1543 5876 1838 5949 lectorem,

1956 4760 2156 4809 nentur
2174 4751 2627 4821 detestanturque
2654 4748 2941 4819 judicium,
2975 4745 3074 4803 Dei
3105 4747 3301 4817 iudicis
3326 4754 3551 4802 senten-

1958 4851 2087 4903 tiam
2114 4845 2473 4911 declinantes,
2515 4851 2571 4899 et
2601 4857 2817 4898 omnem
2867 4840 3110 4912 regulam
3142 4840 3549 4911 Scripturarum

1954 4942 2114 4997 malis
2160 4937 2700 5008 interpretationibus
2733 4935 3122 5007 depravantes,
3150 4934 3242 4991 isti
3285 4932 3553 4989 aediﬁcant

1954 5036 2091 5093 Sion
2113 5035 2165 5089 in
2191 5033 2542 5105 sanguinibus
2570 5053 2584 5087 ;
2608 5043 2662 5088 et
2682 5030 2983 5087 Jerusalem
3011 5030 3063 5085 iu
3086 5029 3394 5100 iniquitate.
3414 5026 3550 5083 Cum

1954 5130 2101 5184 enim
2140 5126 2419 5197 Scriptura
2468 5125 2696 5197 jubeat:
2731 5123 2816 5179 Ne
2842 5123 2869 5163 δ
2894 5123 3112 5179 inducas
3140 5122 3358 5191 impium
3383 5121 3436 5173 in
3468 5129 3550 5174 ta-

1950 5219 2287 5277 bernaculum
2308 5224 2579 5294 justorum
2609 5218 2784 5289 (Psal.
2814 5220 2893 5289 γ),
2932 5226 2989 5272 et
3019 5218 3193 5271 virum
3225 5214 3548 5284 sauguinum

1950 5324 2004 5368 et
2045 5313 2297 5367 dolosum
2342 5311 2694 5369 abominetur
2736 5309 3003 5366 Dominus
3038 5324 3050 5361 :
3095 5307 3147 5363 lti
3176 5320 3551 5377 quoscumque

1953 5410 2019 5465 de
2048 5408 2273 5463 assectis
2302 5406 2411 5460 suis
2435 5403 2696 5459 ordinant
2717 5402 2972 5469 clericos,
3003 5409 3058 5455 et
3089 5400 3252 5455 vitam
3275 5414 3464 5455 eorum
3495 5399 3548 5454 in

1940 5605 2048 5645 non
2081 5598 2260 5645 autem
2286 5587 2583 5647 lectionem
2617 5593 2829 5643 mutare
2862 5583 3086 5649 placuit.

2016 5663 2041 5702 δ
2071 5662 2325 5719 Notatum
2350 5659 2596 5717 Victoria
2618 5657 2807 5711 haberi
2824 5654 3194 5713 testimonium
3208 5655 3371 5713 Prov.
3396 5672 3524 5712 XXIV

1940 5735 2242 5809 secundum
2293 5732 2687 5809 Septuaginta.
2735 5729 3156 5809 adespoati'rot'y}.
3190 5729 3360 5791 ἀσεϐῆ
3418 5738 3547 5809 intui

1939 5805 2168 5885 deum.
2206 5806 2330 5885 Qua
2352 5798 2410 5863 in
2442 5798 2710 5885 iocor-non
2735 5798 3041 5861 habeatusi
3099 5798 3187 5860 Ne
3208 5817 3416 5875 queres
3444 5798 3544 5858 iisi-

1939 5881 2184 5950 pietatcut
2208 5879 2264 5936 in
2293 5877 2450 5934 domo
2473 5877 2629 5947 iusti.

2970 5937 3085 5947 δην-.-
3101 5941 3158 5949 ..-λ
