4084 6340
485 285 625 345 H83

1745 284 1802 341 S.
1846 285 2119 344 EUSEBII
2159 285 2537 346 HIERONYMI

3647 295 3783 352 ΗΜ

479 406 798 464 scandalum
823 406 1039 478 populis
1069 414 1434 479 exponentes,
1463 406 1542 462 rei
1574 415 1702 462 sunt
1740 405 2079 462 inlidelitatis
2106 411 2161 472 Α
2185 406 2296 464 lum
2325 408 2605 483 mellis(lll
2627 408 2756 482 Reg.
2778 410 2917 483 xw).
2936 411 3138 467 Dicitur
3158 411 3305 468 enim
3322 411 3452 484 quid
3479 427 3664 468 secum
3692 411 3787 469 illa

482 516 673 558 eorum
708 501 800 573 qui
831 501 1272 557 scandalizantur
1293 498 1473 571 (Matt.
1505 501 1685 572 xvm).
1710 500 1867 557 [inde
1890 500 2089 556 dicitur

476 593 739 666 expedire
774 594 1006 660 homini,
1051 592 1212 667 471
1260 602 1317 649 ιιι
1351 593 1496 649 mola
1526 593 1763 649 asinaria
1806 592 2008 665 ligetur
2034 594 2086 649 in

477 690 625 747 collo
653 690 801 758 ejus,
835 698 891 745 et
932 687 1310 760 praecipitetur
1348 690 1404 744 in
1439 687 1785 759 profundum,
1830 702 1991 758 quam
2030 694 2091 743 ut

480 782 820 840 scandalizet
847 798 1015 838 unum
1041 781 1112 838 de
1143 782 1388 838 minimis
1414 782 1691 837 Ecclesim.
1723 782 1969 852 Cumque
1997 794 2088 835 sa-

473 880 729 938 cerdotes
758 878 1060 937 Malachias
1092 879 1359 950 prapheta
1400 879 1623 949 angelos
1668 886 1827 934 vocet
1859 878 2085 947 (Malae.

488 976 573 1048 ιι),
597 985 653 1033 et
669 990 733 1032 os
752 991 948 1032 eorum
973 974 1257 1029 oraculum
1286 975 1497 1030 Domini
1529 975 1599 1029 sit
1620 973 1804 1043 (Deut.
1836 989 1953 1040 six,
1976 973 2089 1043 l9),

482 1069 604 1126 sine
639 1082 929 1124 munerum
963 1067 1290 1137 acceptione
1338 1081 1445 1122 non
1472 1065 1745 1137 iudicant,
1797 1064 2044 1137 legentes
2074 1083 2088 1119 :

488 1160 712 1216 Munera
758 1170 1017 1216 esrcwcant
1057 1161 1238 1215 oculos
1281 1160 1438 1215 etiam
1482 1160 1819 1228 sapientium,
1870 1169 1917 1215 et
1942 1161 2093 1229 quasi

484 1259 691 1327 frenum
740 1254 795 1309 in
826 1271 913 1308 ore
945 1264 1177 1309 avertunt
1212 1263 1235 1290 ⁸
1263 1254 1671 1326 increpationem
1701 1251 1927 1326 (Eccles.
1960 1253 2091 1323 xx);

486 1360 539 1403 et
563 1363 685 1403 cum
713 1346 928 1404 dicatur
950 1346 1017 1401 ad
1038 1346 1320 1416 apostolos
1351 1364 1363 1400 :
1392 1345 1574 1401 Nolite
1595 1345 1861 1415 possidere
1880 1363 2087 1414 aurum,

488 1450 534 1496 et
559 1450 852 1511 argentum,
887 1456 1049 1511 neque
1070 1456 1139 1494 res
1163 1442 1217 1493 in
1242 1441 1387 1494 zonis
1414 1440 1594 1495 vestris
1616 1440 1681 1495 sit
1713 1438 1893 1511 (Matt.
1922 1456 1976 1501 Χ.
2003 1439 2091 1510 9):

494 1543 551 1589 et
601 1534 912 1587 excutiatur
944 1532 1012 1588 de
1056 1533 1232 1588 Saneti
1274 1531 1373 1588 viri
1414 1533 1665 1587 manibus
1707 1532 1869 1589 etiam
1906 1533 2096 1588 labore

495 1633 652 1695 parta
678 1625 928 1694 pecunia,
954 1639 1118 1680 voces
1146 1624 1362 1680 Domini
1381 1626 1696 1693 venditant,
1722 1626 1866 1681 etde
1885 1626 2095 1681 colum-

488 1717 572 1773 bis
596 1726 909 1774 mcrcantur
935 1718 991 1774 in
1022 1720 1248 1790 templo.
1276 1719 1384 1776 Sed
1415 1727 1471 1775 et
1496 1720 1773 1791 propheta:
1795 1720 2092 1777 Jerusalem

2193 503 2523 572 portaverit,
2570 512 2626 558 ct
2672 514 2848 559 tamen
2893 504 3158 575 pr0pheta
3200 519 3305 560 non
3337 505 3600 561 scribitur
3627 519 3788 560 acce-

2193 597 2369 666 pisse:
2394 598 2597 665 quippe
2641 612 2764 651 cum
2796 608 2849 653 et
2880 597 3205 667 corripuerit
3237 612 3383 668 eam,
3416 608 3472 653 et
3500 610 3796 653 venturum

2192 687 2395 745 luctum
2432 688 2745 759 praedixerit
2782 706 2796 744 :
2824 690 2951 746 licet
2986 692 3264 761 potuerint
3293 690 3347 745 hi
3380 692 3471 762 qui
3503 690 3572 745 ad
3606 691 3795 746 hario-

2191 781 2276 836 los
2322 781 2401 836 ire
2452 792 2856 839 consueverant
2903 784 3068 857 (quia
3114 784 3269 839 inulti
3296 784 3469 839 divini
3513 793 3569 839 et
3598 784 3803 841 harioli

2193 884 2352 929 erant
2396 872 2449 929 iu
2498 874 2693 946 Israel)
2740 877 2878 932 mala
2923 878 3325 934 consuetudine
3371 879 3678 935 aestimasse
3711 877 3804 934 id-

2193 968 2373 1037 ipsum
2404 968 2566 1024 etiam
2599 968 2667 1024 de
2699 970 3003 1041 prephetis,
3049 980 3107 1027 ct
3150 973 3392 1029 voluisse
3431 975 3635 1029 sanctis
3663 972 3808 1028 viris

2194 1061 2393 1117 ollerro
2418 1103 2431 1126 ,
2476 1063 2620 1133 quod
2651 1063 2851 1118 divinis
2891 1062 3091 1121 oll'erre
3116 1076 3537 1132 consueverant,
3577 1075 3633 1120 et
3676 1075 3809 1120 tan-

2195 1157 2474 1213 tummodo
2516 1158 2857 1229 Scripturatn
2908 1174 3165 1215 narrasse
3215 1160 3345 1231 quid
3390 1158 3470 1214 illi
3502 1159 3805 1225 voluerint,

2194 1266 2297 1306 nec
2330 1263 2510 1306 tamen
2561 1252 2807 1306 intulisse
2853 1252 2997 1322 quod
3030 1238 3143 1321 ipsi
3163 1262 3254 1307 aut
3283 1251 3486 1308 oﬁ‘erre
3533 1252 3650 1308 atisi
3679 1250 3811 1307 fue-

2198 1344 2324 1410 rint,
2376 1352 2467 1398 aut
2513 1342 2795 1415 prophetae
2844 1345 3180 1414 acceperint.
3215 1344 3511 1415 Apostolus
3553 1344 3807 1400 Paulus:

2200 1438 2300 1506 Qui
2346 1441 2525 1505 altari,
2578 1441 2774 1511 inquit,
2807 1441 3053 1507 serviunt,
3087 1451 3136 1494 et
3162 1441 3226 1495 de
3254 1442 3414 1495 altari
3458 1441 3810 1511 participant,

2195 1542 2244 1587 et
2292 1535 2465 1586 vivunt
2513 1532 2571 1604 (l
2602 1534 2723 1587 Cor.
2756 1547 2832 1598 ix,
2866 1533 2981 1604 l5).
3010 1532 3360 1588 Pet-mittitur
3404 1531 3522 1598 tibi,
3555 1547 3587 1585 ο
3619 1546 3814 1585 sacer-

2195 1625 2315 1695 dos,
2347 1636 2399 1680 ut
2429 1626 2579 1681 vivas
2625 1625 2693 1682 de
2723 1626 2879 1681 altari
2906 1666 2922 1692 ,
2965 1643 3074 1684 non
3107 1636 3165 1681 ιιι
3189 1626 3509 1681 luxurieris.
3543 1625 3670 1680 Bovi
3704 1624 3816 1679 tri-

2198 1720 2396 1775 turanti
2430 1735 2492 1774 os
2524 1734 2630 1775 non
2662 1718 2935 1775 clauditur
2988 1718 3181 1787 llbid.,
3224 1720 3301 1793 9).
3337 1719 3558 1777 Scimus
3588 1720 3712 1783 ista,
3752 1729 3816 1774 et

491 1809 545 1864 in
579 1810 806 1880 pecunia
836 1810 1183 1879 divinabam,
1213 1814 1525 1869 nescientes
1547 1814 1690 1869 aliud
1712 1829 1836 1870 esse
1865 1814 2098 1885 prophe-
2128 1811 2173 1873 B
2204 1821 2385 1868 tamen
2418 1811 2635 1868 licentia
2670 1812 2772 1867 hac
2802 1813 3100 1882 Apostolus
3129 1828 3236 1867 non
3285 1811 3530 1867 abutitur
3568 1829 3581 1865 :
3622 1819 3678 1866 et
3708 1809 3819 1865 ha-

487 1903 641 1971 tiam,
676 1903 826 1959 aliud
858 1904 1251 1961 divinationem
1283 1924 1297 1960 :
1328 1922 1624 1977 numquam
1655 1906 1799 1962 enim
1832 1907 2098 1962 divinatio

493 1998 547 2055 in
570 1998 875 2069 Scripturis
902 2001 955 2055 in
986 2001 1183 2056 bonam
1216 2010 1422 2072 partem
1451 2002 1740 2072 accipitur.
1775 2000 1900 2055 Non
1929 2000 1956 2039 δ
1978 2003 2097 2066 erit,

494 2092 591 2163 ait,
646 2094 925 2165 augurium
972 2095 1029 2148 in
1076 2092 1276 2161 Jacob,
1325 2112 1488 2167 neque
1530 2096 1782 2150 divinatio
1822 2095 1877 2149 in
1928 2093 2100 2149 Israel

495 2187 688 2259 (Num.
725 2203 884 2252 xxiii,
913 2187 1033 2259 25).
1068 2188 1413 2245 Videbantur
1442 2189 1546 2245 sibi
1579 2190 1795 2257 quidem
1823 2203 1946 2245 esse
1974 2204 2102 2260 pro-

496 2280 707 2353 phetae,
755 2282 851 2337 sed
888 2284 1013 2354 quia
1062 2282 1350 2353 pecuniam
1398 2283 1771 2354 accipiebant,
1811 2284 2102 2354 prOphetia

495 2377 737 2446 ipsorum
807 2378 947 2431 iacta
1014 2386 1101 2432 est
1148 2378 1435 2433 divinatio.
1508 2376 1712 2433 Petrus
1765 2378 2097 2448 apustolus:

497 2469 806 2539 Argentum,
850 2468 1050 2539 inquit,
1088 2478 1135 2523 et
1181 2486 1365 2523 aurum
1408 2485 1511 2524 non
1535 2469 1696 2523 habeo
1718 2468 1855 2541 (Act.
1890 2485 1971 2539 ιιι,
1999 2470 2053 2541 6)
2086 2487 2099 2524 :

501 2571 721 2632 poterat
807 2562 997 2633 utique
1068 2561 1280 2618 Simoni
1356 2578 1518 2633 mago
1600 2562 1876 2630 vendere,
1959 2563 2103 2633 quod

500 2652 724 2724 petebat
750 2670 764 2717 ;
801 2654 966 2707 itnino
994 2664 1210 2724 poterat
1265 2653 1522 2710 simulare
1554 2654 1878 2710 vendentem
1910 2654 2106 2726 (Spiri-

500 2755 588 2801 tus
610 2747 755 2802 enini
781 2754 1003 2802 sanctus
1025 2761 1127 2802 nec
1153 2747 1474 2813 venundari,
1496 2763 1599 2803 nec
1626 2747 1732 2802 erui
1764 2748 1989 2818 potest).
2010 2747 2105 2802 sed

501 2841 741 2895 oblatam
798 2841 1082 2911 pecuniam
1130 2855 1255 2896 cum
1306 2840 1571 2897 ollerente
1619 2840 1898 2895 damnavit
1938 2838 2102 2912 (Ibid.

503 2936 644 3007 vm).
686 2935 839 2990 Nunc
867 2935 1077 3002 videas,
1104 2933 1404 3005 prOphetas
1425 2934 1728 2989 Jerusalem
1762 2951 1869 2989 ιιυιι
1903 2934 2108 2989 habere

507 3030 561 3084 in
609 3044 705 3085 ore
756 3028 1141 3098 prophetiam;
1173 3037 1230 3083 et
1273 3029 1326 3082 in
1354 3028 1589 3083 Domino
1638 3028 2009 3097 requiescere,
2054 3037 2109 3083 et

510 3120 729 3176 dicere:
760 3119 881 3175 Non
913 3122 1116 3175 venient
1154 3137 1310 3193 super
1349 3136 1443 3175 nos
1480 3121 1617 3175 mala
1641 3138 1659 3175 :
1681 3136 1910 3191 quorum
1942 3136 2105 3177 causa

2203 1908 2337 1963 hens
2365 1908 2567 1963 victum
2599 1907 3116 1978 vestimentumque,
3152 1916 3445 1963 contentus
3476 1915 3558 1960 est
3592 1922 3606 1959 :
3642 1915 3818 1961 nocte

2203 2014 2258 2058 et
2287 2001 2377 2058 die
2421 2002 2641 2058 laborat
2673 2002 2929 2058 manibus
2978 2002 3115 2069 suis,
3152 2017 3221 2057 ne
3258 2002 3345 2057 cui
3376 2002 3559 2073 gravis
3600 2001 3693 2056 sit.
3734 2000 3811 2055 Et

2196 2097 2346 2169 jurat
2394 2098 2447 2153 in
2499 2098 2792 2167 Epistolis,
2852 2111 2914 2152 se
2962 2105 3177 2162 sancte,
3227 2106 3283 2151 et
3326 2096 3444 2152 sine
3490 2095 3712 2151 avaritia
3754 2095 3815 2150 in

2202 2192 2406 2249 Christi
2436 2193 2732 2264 Esangelio
2757 2202 3166 2258 conversatum,
3198 2200 3249 2246 et
3277 2205 3386 2245 non
3421 2189 3599 2243 Solum
3629 2188 3697 2243 de
3723 2202 3818 2255 se,

2203 2287 2299 2342 sed
2348 2286 2415 2341 de
2467 2286 2750 2356 discipulis
2797 2300 3016 2356 qucque
3060 2285 3176 2338 suis
3228 2283 3331 2338 hoc
3359 2284 3535 2353 ipsum
3568 2282 3819 2336 asserit:

2203 2382 2345 2452 quod
2381 2383 2586 2436 nollmn
2621 2382 2855 2445 miserit,
2888 2380 2979 2449 qui
3028 2379 3097 2434 ab
3128 2377 3389 2434 Ecclesiis
3419 2388 3511 2432 aut
3556 2385 3821 2446 posceret

2204 2471 2313 2545 [Αι.
2341 2472 2534 2545 possit]
2566 2472 2794 2544 aliquid,
2822 2482 2911 2527 aut
2935 2472 3101 2528 vellet
3130 2472 3382 2541 accipere
3408 2469 3450 2543 (Ι
3478 2468 3665 2525 Thess.
3700 2468 3814 2540 ιιι).

2207 2566 2264 2621 Si
2292 2579 2473 2621 amem
2505 2567 2810 2637 gratulatur
2839 2565 2891 2619 in
2920 2563 3248 2635 quibusdam
3274 2562 3558 2632 Episwlis,
3600 2572 3656 2617 et
3687 2562 3821 2616 init-

2209 2659 2435 2713 tentium
2482 2672 2704 2713 munera
2752 2656 3189 2713 benevolentiam
3240 2655 3337 2711 Dei
3377 2654 3645 2726 appellat,
3697 2668 3818 2709 non

2210 2761 2316 2805 tam
2341 2751 2445 2805 sibi
2474 2761 2773 2821 congregat
2793 2766 2956 2822 quam
2987 2750 3323 2820 pauperibus
3355 2759 3693 2815 sanctorum,
3718 2748 3821 2818 qui

2209 2856 2369 2901 erant
2393 2846 2443 2899 in
2471 2844 2802 2900 Jerusalem.
2832 2843 3019 2900 Sancti
3045 2855 3229 2899 autem
3255 2856 3547 2914 pauperes,
3573 2840 3625 2895 hi
3656 2849 3823 2895 erant

2211 2941 2263 2995 in
2308 2940 2637 3006 Jerusalem,
2685 2940 2774 3011 qui
2827 2940 3063 3009 primum
3114 2937 3167 2992 in
3196 2936 3418 2993 Christo
3458 2935 3821 2991 crediderant

2211 3036 2279 3091 de
2307 3034 2532 3105 Judaeis,
2565 3044 2619 3090 ct
2648 3034 2877 3104 projeeti
2907 3051 2935 3087 a
2969 3032 3289 3102 parentibus
3329 3040 3385 3087 et
3426 3030 3697 3101 cognatis,
3731 3038 3823 3083 at-

2212 3145 2317 3199 que
2349 3127 2603 3183 afﬁnibus
2634 3128 2771 3192 suis,
2822 3136 2927 3181 tam
2959 3126 3357 3195 possessiones,
3402 3138 3561 3193 quam
3596 3121 3824 3176 univer-

508 3214 932 3285 speculatorium
968 3214 1061 3268 Dei
1095 3215 1278 3270 hostili
1316 3224 1505 3270 aratro
1542 3215 1840 3283 dividitur;
1870 3227 1926 3272 et
1958 3217 2109 3272 locus
2135 3203 2180 3268 C
2213 3235 2328 3275 sam
2376 3220 2775 3290 supellectilem
2821 3216 3198 3273 sacerdotibus
3245 3215 3456 3285 templi,
3508 3227 3571 3268 ac
3618 3213 3824 3285 populo

508 3307 783 3379 quondam
814 3307 999 3378 pacis,
1046 3308 1218 3362 ruinis
1264 3308 1460 3380 plenus
1491 3307 1571 3375 ﬁt,
1626 3317 1681 3363 et
1707 3309 1967 3378 templum
1996 3310 2107 3364 Do-

509 3401 641 3457 mini
674 3402 726 3455 in
756 3416 953 3471 vepres
980 3402 1275 3472 spinasque
1303 3403 1666 3470 cenvertitur,
1697 3414 1749 3458 et
1777 3411 1863 3459 est
1893 3404 2110 3460 habita-

508 3496 689 3551 culum
713 3496 1036 3554 bestiarum.
1057 3495 1168 3552 Nec
1195 3513 1521 3569 quemquam
1555 3506 1775 3554 moveat
1803 3499 1933 3554 illud
1966 3498 2110 3567 quod

510 3589 563 3645 in
595 3587 994 3660 primoRegum
1027 3589 1170 3645 libro
1204 3590 1458 3662 legimus,
1473 3589 1606 3647 Sani
1642 3592 1913 3647 volentem
1943 3592 2023 3647 ire
2043 3593 2109 3647 ad

510 3684 821 3741 Satnuelem
868 3683 1077 3741 dixisse
1129 3697 1301 3754 puero
1348 3698 1472 3750 suo,
1526 3684 1595 3740 ad
1646 3699 1771 3740 eum
1804 3699 1863 3739 se
1896 3686 1974 3741 ire
2007 3700 2112 3741 non

515 3792 695 3849 posse,
747 3778 873 3847 quia
923 3776 1155 3845 pretium
1207 3778 1353 3847 quod
1403 3776 1621 3833 oﬁ‘erret
1677 3793 1776 3848 pro
1830 3779 2112 3844 vaticinio,

517 3886 624 3926 non
657 3869 908 3935 haberet,
939 3880 992 3925 et
1027 3885 1254 3941 puerum
1285 3871 1638 3942 respondisse
1675 3889 1688 3925 :
1733 3871 1867 3927 Ecce
1911 3873 2114 3927 inventu

516 3962 671 4017 estin
703 3978 860 4015 ntanu
908 3978 1019 4015 mea
1064 3973 1255 4034 quarta
1306 3980 1428 4035 pars
1475 3962 1589 4018 sicli
1621 3966 1872 4031 pecunitc,
1905 3975 1952 4019 et
1981 3966 2115 4020 dabo

510 4055 617 4109 viro
643 4051 763 4120 Dei,
787 4062 836 4108 et
856 4054 1187 4107 annuntiabit
1204 4054 1351 4109 nobis
1375 4056 1508 4109 riam
1535 4066 1763 4110 nostram
1778 4056 1822 4129 (Ι
1847 4056 1973 4128 Reg.
2001 4060 2077 4128 Ix)
2101 4078 2113 4113 :

517 4164 627 4205 non
654 4149 799 4205 enim
831 4149 1096 4219 scriptum
1128 4158 1242 4215 est,
1273 4149 1415 4220 quod
1446 4148 1666 4206 Samuel
1694 4152 1992 4223 acceperit,
2026 4163 2119 4209 aut

519 4244 665 4315 quod
698 4244 775 4299 illi
806 4244 1137 4300 obtulerint:
1159 4246 1291 4317 quin
1322 4247 1503 4316 potius
1528 4263 1558 4300 a
1589 4247 1853 4318 propheta
1883 4263 2117 4319 pascun-

523 4347 635 4407 tur,
669 4346 724 4394 et
753 4338 1053 4394 invitantur
1084 4338 1153 4394 ad
1180 4337 1493 4409 prandium.
1524 4339 1633 4396 Sed
1681 4340 1765 4397 fac
1810 4357 1935 4397 eum
1967 4358 2124 4399 acce-

519 4435 692 4505 pisse,
745 4433 915 4505 stipes
972 4434 1143 4507 magis
1194 4434 1535 4492 aestimandae
1587 4446 1711 4492 sunt
1759 4436 2118 4503 tabernaculi,

518 4543 678 4599 quam
714 4544 941 4585 munera
1001 4528 1328 4599 prephetize.
1362 4529 1541 4586 Siclus
1580 4531 1728 4587 enim
1770 4530 1958 4601 viginti
1989 4531 2122 4588 oboo

2214 3323 2514 3382 vastantes,
2540 3313 2915 3385 perdiderant.
2939 3312 2997 3367 Si
3030 3310 3166 3367 tales
3197 3322 3468 3379 pauperes
3500 3318 3650 3372 sunt,
3674 3306 3825 3361 acci-

2216 3410 2387 3480 piant.
2436 3410 2505 3463 Si.
2549 3417 2734 3463 autem
2790 3407 2890 3461 sub
2948 3406 3239 3460 occasione
3290 3415 3585 3473 pauperum
3632 3413 3825 3470 pauca“:

2215 3502 2461 3558 ditantur
2499 3502 2693 3556 domus
2719 3544 2733 3568 ,
2777 3509 2833 3555 et
2882 3499 2935 3553 in
2976 3497 3122 3553 vitro
3160 3510 3225 3551 ac
3264 3510 3395 3550 vase
3437 3493 3590 3548 lictili
3625 3507 3824 3546 aurum

2216 3596 2576 3661 comedimus,
2618 3602 2711 3647 aut
2752 3608 2875 3648 cum
2908 3590 3180 3646 thesauris
3224 3595 3502 3643 mutemus
3531 3596 3583 3640 et
3617 3595 3821 3650 vestes,

2216 3701 2307 3744 aut
2342 3705 2546 3760 pauper
2573 3689 2786 3744 habitus
2816 3703 2925 3741 non
2955 3694 3166 3756 quierat
3204 3682 3425 3740 dititias
3472 3690 3823 3736 senatorum.

2217 3784 2379 3858 473
2411 3784 2549 3852 Quid
2594 3785 2815 3853 prodest
2853 3782 2999 3837 circa
3050 3779 3251 3836 collum
3307 3776 3372 3830 ad
3420 3773 3830 3844 abstergendos

2219 3880 2449 3933 sudores
2484 3878 2764 3933 linteolum
2806 3890 2914 3931 non
2948 3874 3172 3929 habere.
3215 3870 3355 3938 Quid
3378 3870 3532 3940 juvat
3560 3883 3683 3922 esse
3731 3889 3826 3938 μοι

2219 3974 2506 4043 νοχίτωνας
2533 4012 2547 4035 ,
2602 3980 2657 4024 et
2704 3969 2960 4039 praeferre
2995 3966 3186 4021 habitu
3233 3971 3648 4035 paupertatem,
3699 3975 3825 4013 cum

2221 4066 2554 4132 marsupimn
2589 4071 2835 4117 nostrum
2883 4061 3141 4115 universa
3185 4072 3483 4128 pauperum
3529 4054 3689 4108 turba
3733 4068 3832 4108 su-

2222 4157 2442 4227 spiret?
2485 4154 2721 4224 Propter
2744 4153 2868 4219 hoc,
2898 4166 3062 4207 causa
3097 4149 3293 4215 nostri,
3323 4148 3412 4219 qui
3439 4144 3576 4200 tales
3606 4159 3827 4207 smnus,

2223 4252 2313 4321 qui
2364 4250 2495 4305 Sion
2540 4247 2875 4302 aediﬁcamus
2907 4247 2961 4301 in
3009 4246 3299 4316 sanguine,
3348 4253 3404 4296 ct
3433 4239 3741 4297 Jerusalem
3772 4238 3829 4293 in

2224 4343 2536 4415 iniquitate,
2569 4343 2659 4413 qui
2684 4341 2999 4412 judicamus
3029 4342 3083 4395 in
3116 4337 3456 4401 muneribus.
3489 4335 3582 4406 qui
3610 4349 3832 4389 merce-

2225 4438 2383 4494 dibus
2435 4435 2873 4507 respondemus,
2925 4435 3019 4505 qui
3070 4435 3122 4489 in
3161 4432 3388 4501 pecunia
3412 4431 3748 4491 divinantns,
3779 4436 3837 4483 et

2226 4546 2389 4602 super
2433 4530 2536 4585 hoc
2581 4529 2760 4586 ﬁctam
2806 4528 2965 4584 nobis
3014 4527 3434 4583 sanctimoniam
3475 4522 3828 4577 vindicantes

517 4622 600 4679 los
631 4624 826 4692 habet,
875 4633 931 4680 et
958 4632 1150 4696 quarta
1185 4640 1309 4694 pars
1337 4625 1460 4680 sieli
1502 4626 1743 4697 quinque
1776 4623 1939 4698 472
1971 4626 2117 4681 oboli
2146 4602 2462 4684 I)dicimus
2498 4644 2513 4682 :
2566 4626 2692 4681 Non
2736 4626 2937 4681 venient
2984 4640 3139 4692 super
3185 4639 3281 4675 nos
3324 4619 3484 4674 mala.
3531 4616 3837 4673 Audiamus

520 4723 671 4771 sunt.
702 4715 769 4771 Et
797 4717 969 4772 nostri
1000 4717 1162 4787 igitur
1189 4717 1529 4781 sacerdotes,
1569 4719 1614 4773 si
1650 4719 1843 4775 volunt
1885 4718 2122 4773 vendere

524 4810 893 4881 pr-Ophetiam,
926 4821 981 4866 et
1019 4811 1303 4866 columbas
1331 4814 1355 4843 °
1391 4814 1443 4866 in
1474 4811 1752 4867 cathedris
1782 4814 1897 4868 suis
1929 4829 2121 4884 propo-

526 4919 678 4971 nere,
730 4918 862 4974 quas
895 4903 1163 4959 Dominus
1208 4903 1424 4975 ﬂagello
1473 4906 1751 4962 subvertit
1802 4905 1985 4975 (Joan.
2043 4908 2129 4978 ιι),

520 4997 765 5066 quinque
794 4997 991 5052 obolos
1018 4997 1313 5067 accipiant,
1347 5014 1451 5052 non
1485 4999 1653 5068 pretia
1686 4999 1965 5063 villarum.
2016 5001 2128 5055 lloc

523 5093 704 5169 ipsum
742 5102 899 5147 sonat
922 5100 980 5148 et
1011 5094 1063 5145 in
1097 5092 1259 5147 tertio
1285 5090 1592 5162 Regnorum
1619 5094 1781 5159 libro,
1806 5094 1949 5164 quod
1983 5108 2128 5149 uxor

529 5184 846 5251 Jeroboain,
879 5185 1188 5241 inlirmante
1213 5184 1348 5249 lilio,
1395 5188 1570 5257 pergit
1597 5185 1661 5240 ad
1694 5187 1916 5240 Aehiain
1952 5185 2129 5241 homi—

522 5299 647 5343 nem
685 5282 799 5351 Dei,
834 5283 1015 5340 delert
1044 5283 1093 5339 ei
1143 5296 1309 5353 panes
1341 5291 1397 5338 et
1434 5296 1569 5339 uvas
1613 5296 1819 5353 passas,
1856 5294 1911 5338 et
1940 5298 2130 5339 vascu-

600 5502 627 5531 ει
665 5488 1084 5548 MaluitVictor.
1116 5483 1831 5560 increpationes,_ex__Gr:eco
1861 5485 2126 5558 ἐλεγμούς.

596 5563 627 5603 δ
668 5563 867 5620 lterum
896 5571 992 5626 est,
1020 5574 1118 5631 pro
1140 5556 1574 5625 erit,'substituit
1602 5556 1902 5631 Vtetorius.

607 5649 628 5676 ο
675 5635 813 5691 Editi
863 5627 1051 5706 legunt
1080 5633 1343 5706 ,rutinam
1377 5647 1499 5706 non
1533 5631 1713 5706 pretia
1740 5627 2131 5706 villarumpsed

530 5709 755 5783 quinque
794 5700 969 5783 obolos
1010 5705 1336 5783 accipereut.
1374 5703 1471 5783 Ms.
1520 5700 1893 5783 Cluniacensis
1915 5700 2135 5768 Optima:

536 5774 681 5836 noui
701 5781 781 5835 sic
809 5779 1001 5833 habet:
1047 5774 1115 5830 Et
1141 5777 1409 5831 columbas
1438 5776 1493 5831 in
1520 5775 1778 5833 cathedris
1806 5775 1915 5829 suis
1943 5788 2139 5845 propo-

535 5867 661 5911 nere
690 5867 814 5921 quas
843 5848 1095 5905 Dominus
1124 5848 1398 5916 subvertit,
1428 5849 1761 5919 ﬂagellatque
1788 5856 2032 5919 petentes,
2058 5860 2140 5899 ac-

2228 4723 2555 4778 seutcntiam
2588 4722 2800 4776 Domini
2839 4736 2961 4791 qua:
2993 4729 3292 4789 sequatur:
3347 4714 3475 4772 Sion
3512 4724 3565 4769 et
3594 4712 3838 4791 Jerusa-

2229 4814 2356 4878 lem,
2393 4824 2447 4869 «ιι
2478 4828 2633 4869 mons
2668 4812 2854 4882 templi
2881 4854 2895 4877 ,
2930 4810 3378 4881 speenlatorium,
3404 4818 3458 4863 et
3491 4806 3632 4860 visio
3660 4805 3834 4874 pacis,

2229 4920 2283 4965 et
2325 4909 2586 4979 templum
2633 4905 2836 4962 Christi
2885 4907 2937 4960 in
2979 4905 3488 4966 consummatione,
3537 4909 3593 4955 et
3623 4899 3675 4953 in
3702 4899 3837 4961 line,

2230 5003 2448 5074 quando
2477 5000 2753 5056 refrixerit
2780 4999 3041 5065 charitas,
3066 5008 3119 5053 et
3155 5012 3273 5051 rara
3300 4995 3437 5050 ﬁdes
3466 4993 3653 5059 fuerit,
3680 4993 3839 5061 quasi

2234 5113 2364 5169 ager
2392 5094 2658 5159 arabitur,
2692 5104 2748 5150 et
2774 5093 3049 5164 redigetur
3074 5091 3128 5146 in
3158 5089 3420 5155 tumulos,
3456 5097 3509 5142 ct
3533 5086 3639 5143 erit
3667 5087 3718 5140 in
3744 5101 3841 5140 cx-

2235 5190 2377 5246 celsa
2428 5189 2689 5244 silvarum
2723 5187 2838 5242 sive
2868 5186 2921 5240 in
2963 5183 3269 5241 custodiam
3303 5195 3627 5253 pomorum:
3659 5186 3716 5233 ιιι
3747 5178 3837 5234 ubi

2237 5283 2432 5354 amplae
2481 5280 2757 5352 quondam
2807 5279 3002 5335 domus
3046 5288 3237 5345 erant,
3287 5285 3342 5332 et
3367 5274 3577 5345 absque
3607 5286 3839 5328 numero

2235 5485 2433 5547 cipiunt
2455 5484 2679 5554 quinque
2712 5481 2917 5547 obolos,
2949 5498 3051 5535 non
3081 5482 3247 5547 pretia
3268 5479 3534 5533 villarum.
3565 5477 3843 5554 Mutua:—

2240 5556 2358 5611 Dno
2394 5547 2625 5613 Palatini.
2665 5570 2795 5609 mss.
2830 5558 2881 5608 in
2907 5555 3170 5608 cathedris
3200 5556 3306 5606 suis
3340 5568 3546 5623 ponere,
3581 5565 3719 5623 quas
3735 5547 3844 5623 βυτ

2239 5630 2411 5684 minus
2458 5628 2703 5682 subvertit
2730 5670 2744 5690 ,
2792 5627 3101 5697 ﬂagellat/ue
3150 5619 3353 5691 penitus
3382 5624 3401 5695 (
3426 5623 3531 5697 leg.
3568 5619 3843 5697 ﬂagellat)

2241 5704 2499 5775 accipiant
2543 5692 3164 5775 quinque'obul_os,'_non
3214 5692 3401 5775 pretia;
3427 5696 3713 5775 uillarum.‘
3750 5692 3842 5775 Υἱ-

2243 5763 2408 5842 ctor.,
2439 5763 2640 5828 utinam
2670 5763 2774 5828 non
2804 5771 2974 5844 pretia
2999 5763 3267 5835 villarum,
3296 5767 3384 5824 sed
3408 5768 3633 5838 quinque
3662 5763 3842 5819 obolos

2248 5847 2558 5919 accipereut.
