4078 6342
258 260 401 318 H85

1034 264 1695 327 COMMENTARIORUM
1738 269 1805 328 IN
1846 267 2191 329 MICHIEAM
2232 272 2361 330 LIB.
2406 273 2447 330 Ι.
2490 274 2646 332 CAP.
2690 275 2781 333 IV.

3423 279 3560 342 “86

255 382 436 436 acervi
470 381 685 451 frugum
713 424 727 446 ,
774 382 846 439 ibi
874 384 965 442 vix
989 401 1155 458 parva
1178 389 1245 444 sit
1269 390 1448 446 casula
1480 407 1704 448 servans
1732 407 1850 463 spe-
1882 392 1935 454 Α
1962 392 2237 462 principes
2277 392 2592 450 Judaeorum
2636 396 2940 452 abominati
2985 406 3112 454 sunt
3150 397 3418 469 judicium
3439 447 3453 471 ,
3503 412 3560 459 et

255 475 392 530 ciem
419 476 691 540 ciborum,
724 478 1081 536 refectionem
1106 482 1301 538 anima:
1323 499 1430 538 non
1458 484 1794 541 habentium.

327 568 499 639 (Cap.
550 570 892 628 [V.—Vcrs.
933 576 957 629 l
1004 574 1161 648 seq.)
1206 576 1273 631 Et
1319 580 1416 633 erit
1467 580 1521 633 in
1572 580 1854 635 novissimo

255 663 457 718 dierum
484 664 503 739 [
530 665 686 739 Vulg.
712 667 865 723 addit
891 669 1024 742 erit]
1057 688 1206 727 mons
1238 671 1425 727 domus
1459 673 1691 739 Domini,
1720 691 1857 747 prae-

254 767 471 828 paratus
504 759 557 812 in
595 761 781 815 vertice
810 763 1087 826 montium,
1119 773 1167 820 et
1198 765 1437 822 sublimis
1471 784 1631 840 super
1666 768 1852 835 colles,

254 859 302 906 et
330 853 499 921 ﬂuent
520 852 589 907 ad
610 869 731 907 eum
756 854 961 928 populi,
994 866 1043 911 et
1074 859 1421 930 praperabunt
1454 870 1628 930 gentes
1653 860 1848 928 multa,

252 953 301 999 et
334 944 551 1001 dicent:
591 944 788 1014 Venite,
821 950 1169 1005 ascendamus
1190 952 1261 1005 ad
1286 962 1513 1009 montem
1536 953 1774 1023 Domini,
1807 962 1856 1009 et

253 1038 324 1091 ad
343 1038 557 1093 domum
587 1037 685 1094 Dei
707 1039 895 1107 Iacob,
921 1055 970 1097 et
992 1042 1190 1099 docebit
1217 1063 1308 1100 nos
1328 1047 1390 1101 de
1414 1049 1507 1102 riis
1530 1049 1660 1113 suis,
1687 1058 1733 1101 et
1756 1048 1850 1101 ibi-

254 1146 369 1185 mus
395 1133 449 1185 in
476 1132 674 1187 semitis
703 1134 839 1205 ejus,
873 1136 995 1205 quia
1036 1138 1100 1191 de
1141 1138 1274 1193 Sion
1318 1141 1614 1213 egredietur
1652 1142 1757 1207 lex,
1806 1150 1850 1196 et

254 1224 465 1279 verbum
492 1222 707 1279 Domini
738 1226 802 1280 de
826 1225 1140 1297 Jerusalem,
1161 1241 1210 1286 et
1232 1232 1497 1302 judicabit
1528 1235 1662 1289 inter
1682 1251 1848 1307 popu-

254 1315 333 1371 los
364 1318 576 1385 multos,
607 1326 654 1373 et
678 1321 927 1390 corripiet
958 1332 1130 1393 gentes
1177 1324 1335 1391 fortes
1362 1342 1523 1397 usque
1556 1327 1611 1381 in
1644 1327 1853 1400 longin-

251 1426 411 1480 quum
434 1426 454 1464 :
477 1421 525 1465 et
549 1413 821 1466 concident
850 1414 1055 1486 gladios
1076 1432 1197 1470 suos
1224 1418 1279 1470 in
1316 1434 1565 1486 vomeres,
1595 1430 1643 1473 et
1670 1419 1851 1475 hastas

252 1522 374 1561 suas
396 1507 449 1559 in
481 1507 699 1580 ligones,
734 1525 836 1562 non
857 1520 1020 1563 sumet
1048 1527 1173 1581 gens
1211 1511 1481 1567 adversum
1508 1524 1707 1586 gentem
1738 1514 1855 1586 gla-

252 1600 441 1654 dium:
469 1609 517 1654 et
546 1618 650 1655 non
682 1602 881 1655 discent
920 1601 1060 1657 ultra
1101 1604 1422 1676 belligerare,
1467 1616 1512 1661 et
1540 1607 1736 1662 sedebit
1777 1608 1855 1661 vir

251 1694 434 1749 subtus
463 1694 662 1750 vineam
689 1712 855 1763 suam,
887 1707 935 1752 et
960 1698 1141 1753 subtus
1168 1700 1323 1767 ﬁcum
1352 1718 1521 1762 suam.
1550 1710 1601 1757 et
1632 1718 1735 1757 non
1760 1704 1856 1758 erit

1960 484 2142 539 omnia
2184 492 2327 539 recta
2362 493 2761 555 perverterant,
2793 497 2848 543 et
2876 488 3281 547 mdilieaverant
3323 492 3453 550 Sion
3498 495 3552 549 in

1955 575 2330 645 sanguinibus,
2366 584 2419 631 et
2444 574 2748 633 Jerusalem
2785 578 2839 633 in
2870 579 3197 651 iniquitate:
3232 591 3290 639 et
3325 599 3432 640 non
3461 600 3553 642 so-

1953 667 2065 723 lum
2096 667 2212 724 haec
2240 670 2505 735 fecerant,
2537 685 2727 725 verum
2772 672 2824 727 in
2854 673 3174 731 muneribus
3212 691 3431 748 quoque
3466 677 3552 748 ju-

1953 762 2286 831 dicavcrant,
2318 776 2372 821 et
2401 766 2716 822 sacerdotes
2739 768 3042 826 Jerusalem
3074 771 3127 827 in
3171 772 3425 829 mercede
3467 791 3559 831 re-

1954 856 2304 925 spondernnt,
2320 866 2373 912 et
2398 856 2675 927 prophetae
2692 858 2812 928 ejus
2827 859 2883 914 in
2903 863 3127 930 pecunia
3151 862 3557 935 divinaverant,

1954 956 2009 1002 et
2032 957 2259 1019 propter
2283 964 2400 1015 eos,
2427 949 2558 1006 Sion
2584 949 2739 1021 quasi
2773 965 2903 1022 ager
2925 964 3109 1010 aratns
3136 966 3280 1024 erat,
3315 965 3371 1014 et
3394 957 3553 1015 Jeru-

1957 1039 2127 1095 salem
2162 1042 2213 1096 in
2240 1042 2473 1096 tumulos
2503 1042 2740 1112 lapidum
2767 1054 3076 1113 corruerat,
3104 1056 3158 1103 et
3180 1064 3338 1105 mons
3367 1052 3555 1122 templi

1956 1133 2076 1201 Dei,
2119 1133 2396 1191 desolatus
2436 1136 2487 1190 in
2527 1136 2746 1193 excelsa
2788 1137 3075 1206 silvarum,
3124 1140 3329 1199 idcirco
3381 1160 3554 1209 nunc,

1955 1224 2216 1281 derelicta
2244 1225 2409 1281 domo
2432 1242 2621 1283 eorum
2654 1237 2819 1299 atque
2846 1229 3085 1301 deserta,
3125 1233 3343 1303 quando
3385 1235 3557 1292 Filius

1954 1319 2054 1376 Dei
2101 1321 2388 1392 egrediens
2418 1321 2487 1378 de
2522 1323 2728 1393 templo
2776 1324 2849 1379 ait
2884 1342 2898 1380 :
2946 1326 3177 1396 Surgite,
3219 1344 3399 1385 eamus
3438 1328 3565 1385 hinc

1955 1411 2145 1484 (Joan.
2180 1429 2290 1480 xw,
2322 1413 2459 1486 51):
2494 1416 2556 1470 Et
2590 1432 2603 1469 :
2632 1415 2979 1489 Relinquetur
3000 1418 3141 1473 vobis
3170 1418 3359 1475 domus
3384 1432 3557 1478 vestra

1955 1504 2157 1561 deserta
2181 1506 2347 1579 (an.
2376 1522 2491 1574 xm,
2524 1506 2649 1582 15).
2680 1510 2871 1581 Angeli
2905 1526 3145 1583 quoque.
3190 1513 3435 1584 Josepho
3462 1530 3553 1571 re-

1954 1599 2184 1668 ferente,
2226 1601 2483 1658 dixerunt
2528 1601 2601 1655 εδ
2654 1602 2999 1659 Transeamus
3049 1622 3118 1661 ea:
3161 1607 3402 1676 sedibus,
3462 1626 3564 1680 pro

1955 1704 2140 1751 monte
2168 1696 2300 1752 Sion
2359 1712 2517 1751 mons
2548 1697 2763 1753 Domini
2796 1696 3100 1757 inelevatus
3126 1712 3230 1768 est,
3262 1701 3333 1759 de
3359 1719 3468 1774 quo
3498 1704 3567 1760 ad

250 1789 347 1859 qui
366 1797 652 1857 exterreat;
674 1792 798 1861 quia
822 1808 880 1846 os
904 1790 1119 1847 Domini
1139 1797 1459 1851 exercituum
1483 1796 1713 1851 locutum
1742 1806 1851 1864 est;
1883 1787 1927 1849 Β
1958 1789 2257 1861 principem
2299 1789 2430 1862 Tyri
2472 1790 2689 1847 dicitur.
2742 1791 2811 1847 Et
2855 1792 3158 1851 vulneratus
3204 1814 3257 1853 es
3288 1797 3345 1852 in
3390 1811 3564 1856 monte

250 1885 373 1953 quia
390 1900 568 1937 omnes
592 1885 774 1956 papuli
795 1885 1157 1952 ambulabunt,
1182 1890 1539 1958 unusquisque
1566 1890 1619 1943 in
1648 1890 1853 1944 nomine

252 1976 354 2031 Dei
379 1979 460 2031 sui
486 1995 502 2031 :
531 1995 623 2033 nos
668 1988 840 2033 autem
889 1980 1273 2035 ambulabimus
1315 1982 1371 2036 in
1397 1984 1605 2039 nomine
1641 1984 1852 2040 Domini

249 2068 352 2124 Dei
380 2072 542 2125 nostri
572 2072 625 2125 in
652 2083 907 2127 internum
934 2086 980 2129 et
1008 2080 1169 2130 ultra.
1211 2075 1279 2130 In
1312 2075 1410 2132 illa
1440 2078 1547 2148 die,
1580 2079 1706 2134 dicit
1742 2080 1852 2135 Do-

250 2163 445 2231 minus,
489 2166 811 2238 congregabo
841 2165 1246 2240 claudicantem,
1279 2181 1327 2225 et
1352 2188 1465 2226 eam
1495 2190 1649 2241 quam
1687 2177 1851 2247 ejece-

250 2273 386 2325 ram,
421 2258 684 2332 colligam,
713 2270 761 2315 et
790 2278 944 2332 quam
974 2265 1272 2335 afﬂixeram
1303 2282 1321 2321 :
1355 2276 1402 2320 et
1430 2284 1621 2340 ponam
1647 2270 1853 2324 claudi-

250 2363 449 2406 cantem
466 2361 493 2389 ει
511 2353 566 2407 in
588 2354 859 2422 reliquias,
887 2367 935 2411 et
958 2373 1069 2412 eam
1090 2374 1208 2427 qua:
1230 2358 1552 2415 laboraverat
1577 2362 1630 2415 in
1651 2372 1855 2435 gentem

248 2444 533 2512 robustam,
583 2459 632 2500 et
670 2451 905 2519 regnavit
948 2448 1209 2505 Dominus
1243 2467 1402 2521 super
1449 2469 1535 2507 eos
1582 2455 1638 2507 in
1682 2464 1855 2509 monte

252 2536 404 2603 Sion,
438 2555 501 2593 ea:
522 2539 617 2594 hoc
644 2557 782 2594 nunc
806 2550 855 2595 et
882 2558 1046 2612 usque
1066 2542 1121 2595 in
1151 2551 1422 2599 azternum.
1449 2544 1595 2600 LXX
1623 2564 1636 2601 :
1667 2546 1733 2599 Et
1757 2547 1855 2601 erit

249 2635 307 2689 in
334 2636 623 2690 novissimis
657 2636 856 2691 dierum
886 2640 1194 2708 manifestus
1226 2656 1375 2693 mons
1408 2637 1617 2693 Domini
1646 2656 1855 2712 prtepa-

250 2736 399 2783 ratus
431 2744 586 2796 super
607 2730 846 2783 verticem
872 2728 1039 2803 474
1058 2731 1308 2785 montium
1337 2748 1354 2783 :
1382 2741 1430 2785 et
1458 2731 1735 2787 clevabitur
1760 2750 1853 2787 su-

250 2837 346 2892 per
374 2823 550 2889 colles,
584 2833 629 2877 et
654 2824 972 2895 festinabant
1002 2826 1071 2880 ad
1101 2843 1217 2881 eum
1246 2826 1448 2899 pepuli,
1478 2839 1527 2881 et
1558 2827 1705 2881 ibunt
1732 2845 1856 2899 gen-

251 2923 327 2970 tes
360 2916 535 2973 mulue
557 2928 606 2972 et
648 2918 822 2973 dicent
856 2935 876 2974 :
914 2918 1115 2987 Venite,
1147 2920 1491 2975 ast-eudamus
1527 2922 1596 2975 ad
1627 2930 1854 2975 montem

252 3009 488 3078 Domini,
523 3022 571 3068 et
612 3014 682 3068 ad
727 3015 937 3069 domum
980 3012 1082 3070 Dei
1104 3013 1288 3083 Jacob,
1332 3025 1379 3070 et
1430 3015 1659 3070 ostendet
1711 3014 1856 3069 nobis

253 3108 393 3163 viam
427 3125 595 3175 suam,
640 3119 687 3164 et
718 3109 1094 3164 ambulabimus
1136 3110 1191 3165 in
1218 3111 1416 3164 semitis
1462 3112 1591 3181 ejus,
1640 3110 1765 3178 quia
1791 3109 1855 3163 de

1955 1882 2171 1939 Domini
2196 1883 2420 1957 (Ezech.
2446 1883 2667 1956 xxviii).
2698 1886 2805 1943 Iste
2840 1898 3020 1945 autem
3055 1905 3213 1947 mons
3245 1891 3460 1948 Domini
3500 1894 3555 1949 in

1956 1978 2252 2035 novissimo
2293 1980 2504 2035 dierum
2549 1989 2799 2037 ostensus
2840 1994 2944 2051 est,
2994 1985 3216 2056 quando
3255 1990 3553 2061 appropin-

1955 2072 2141 2142 quavit
2188 2088 2417 2145 regnum
2454 2073 2741 2130 cmlorum.
2788 2074 3067 2147 Siquidem
3112 2079 3166 2134 in
3201 2094 3554 2137 consumma-

1956 2167 2105 2222 tione
2154 2167 2479 2222 sazculorum
2522 2167 2576 2222 in
2621 2178 2643 2206 ε
2685 2167 3123 2238 reprobationem
3176 2181 3548 2241 peccatorum,

1954 2274 2054 2330 per
2086 2262 2316 2316 hostiam
2358 2276 2513 2317 suam
2541 2261 2794 2317 Salvator
2822 2273 3011 2319 noster
3055 2265 3339 2337 apparuit,
3371 2276 3427 2323 et
3456 2283 3554 2322 un-

1956 2353 2163 2410 decima
2213 2355 2344 2411 hora
2389 2354 2456 2410 ad
2507 2354 2893 2412 conducendos
2940 2360 3221 2429 operarios
3275 2361 3443 2416 venit.
3490 2361 3563 2417 Et

1956 2448 2229 2517 completa
2261 2448 2409 2504 illius
2441 2450 2716 2517 passione,
2765 2449 3007 2505 Joannes
3037 2451 3279 2523 loquitur
3318 2472 3333 2509 :
3360 2453 3554 2509 Novis-

1958 2542 2091 2595 sima
2118 2542 2245 2596 hora
2274 2552 2351 2595 est
2373 2542 2425 2614 (l
2452 2540 2615 2597 Joan.
2638 2558 2717 2609 ιιι,
2752 2539 2887 2614 18);
2913 2543 2966 2599 lu
3011 2560 3104 2600 sex
3138 2547 3377 2604 millibus
3407 2550 3553 2606 enim

1960 2635 2139 2697 annis.
2171 2634 2337 2708 475
2358 2637 2403 2691 si
2436 2635 2717 2707 quingenti
2743 2636 2875 2693 anni
2906 2653 3004 2710 per
3032 2638 3196 2695 horas
3222 2640 3332 2696 diei
3374 2643 3565 2714 singu-

1958 2730 2038 2785 las
2077 2729 2414 2798 dividantur,
2453 2731 2751 2787 novissima
2807 2731 2938 2788 hora
2968 2729 2997 2769 ἀ
3030 2745 3437 2807 consequenter
3479 2736 3564 2794 di-

1958 2831 2116 2879 cetur
2154 2832 2366 2893 tempus
2403 2823 2530 2879 ﬁdei
2564 2824 2829 2894 gentium.
2863 2824 2935 2878 Et
2980 2829 3310 2899 manifestus,
3354 2830 3554 2900 inquit,

1959 2919 2052 2974 erit
2081 2936 2226 2973 mons
2268 2918 2479 2973 Domini
2509 2928 2836 2990 prwparatus
2868 2936 3021 2991 super
3047 2922 3259 2976 vertices
3278 2923 3557 2978 montium.

1960 3011 2277 3067 Manifestus
2314 3012 2439 3078 erit,
2468 3012 2712 3083 quiante
2745 3012 2924 3067 fuerat
2952 3014 3219 3081 occultus,
3266 3024 3320 3070 et
3347 3031 3563 3086 prtrpa-

1961 3116 2111 3161 ratus
2153 3121 2260 3160 non
2301 3106 2478 3160 solum
2527 3104 2578 3159 in
2610 3104 2912 3171 montibus,
2958 3106 3055 3162 sed
3109 3122 3276 3176 super
3327 3109 3565 3165 vertices

255 3198 390 3255 Sion
416 3201 549 3256 exiet
578 3200 683 3271 leas,
713 3211 761 3256 et
790 3202 997 3257 verbum
1022 3201 1232 3257 Domini
1256 3203 1320 3257 de
1344 3200 1667 3270 Jerusalem,
1696 3209 1743 3255 et
1761 3204 1858 3273 ju-
1885 3189 1931 3253 C
1962 3198 2253 3267 montium,
2280 3198 2502 3271 Moysen
2533 3210 2589 3254 et
2618 3198 2945 3269 PrOphelas,
2969 3199 3061 3270 qui
3090 3200 3157 3257 de
3185 3217 3252 3256 eo
3283 3201 3561 3260 vaticinati

255 3292 453 3347 dicabit
486 3294 623 3348 inter
658 3294 880 3366 populos
916 3294 1128 3357 multos,
1170 3303 1220 3349 et
1261 3304 1444 3367 arguet
1482 3304 1658 3366 gentes
1698 3294 1857 3365 fortes

254 3403 421 3459 usque
444 3389 496 3442 in
526 3389 887 3461 longinquum.
912 3397 962 3442 et
982 3388 1252 3443 concident
1280 3388 1486 3461 gladios
1507 3374 1630 3443 suas
1654 3390 1708 3443 in
1737 3405 1861 3443 ara-

256 3489 359 3549 tra,
412 3493 458 3536 et
480 3481 658 3537 hastas
700 3499 821 3537 suas
856 3483 913 3536 in
963 3483 1123 3553 falces
1148 3492 1231 3538 :et
1264 3484 1405 3537 ultra
1430 3499 1533 3536 non
1558 3482 1700 3536 tollet
1734 3499 1857 3553 gens

259 3585 442 3631 contra
475 3586 672 3648 gentem
698 3577 959 3650 gladium,
997 3587 1045 3631 et
1075 3593 1395 3648 nequaquam
1425 3576 1622 3631 discent
1645 3575 1863 3648 bellige-

258 3689 400 3738 rare,
433 3682 479 3727 et
504 3672 785 3743 requiescet
823 3672 1171 3742 unusquisque
1197 3672 1292 3726 sub
1322 3672 1422 3726 vite
1450 3688 1569 3737 sua,
1599 3682 1650 3728 et
1695 3688 1861 3725 unus-

258 3766 476 3836 quisque
499 3768 592 3821 sub
623 3767 725 3835 ﬁcu
752 3782 868 3835 sua,
895 3777 944 3820 et
975 3782 1077 3819 non
1100 3767 1196 3820 erit
1222 3766 1310 3837 qui
1338 3774 1617 3831 exterreat,
1651 3767 1775 3837 quia
1803 3782 1859 3821 os

260 3857 480 3914 Domini
518 3859 884 3931 omnipotentis
939 3860 1167 3913 locutum
1208 3868 1285 3915 est
1331 3863 1472 3927 ha’c,
1516 3860 1640 3931 quia
1684 3876 1859 3915 omnes

264 3950 448 4025 p0pnli
486 3952 633 4005 ibunt
666 3951 1021 4021 unusquisque
1048 3951 1184 4005 viam
1220 3968 1389 4006 suam.
1418 3950 1531 4006 Nos
1563 3960 1735 4007 autem
1755 3951 1858 4004 ibi-

259 4059 377 4098 mus
411 4045 463 4098 in
492 4043 693 4098 nomine
722 4042 936 4098 Domini
960 4042 1061 4098 Dei
1085 4044 1249 4098 nostri
1276 4045 1328 4098 in
1349 4052 1598 4099 internum
1623 4052 1672 4098 et
1695 4044 1856 4099 ultra.

259 4135 333 4191 In
363 4136 455 4192 illa
490 4136 598 4203 die,
630 4137 758 4192 dicit
789 4135 1065 4201 Dominus,
1092 4138 1418 4213 congregabo
1455 4154 1567 4193 eam
1588 4153 1704 4209 qua:
1737 4155 1861 4193 con-

264 4234 387 4287 trita
417 4240 510 4297 est,
541 4239 589 4285 et
615 4248 731 4303 qua:
763 4234 932 4304 ejecta
968 4236 1160 4302 fuerat,
1189 4234 1494 4300 suscipiam,
1541 4240 1587 4286 et
1617 4248 1750 4302 quos
1776 4247 1860 4286 re-

264 4327 494 4397 puleram
512 4341 529 4378 .·
548 4334 593 4379 et
621 4342 812 4397 ponam
838 4326 1118 4379 contritdm
1145 4326 1199 4379 in
1223 4325 1495 4396 reliquias,
1525 4334 1572 4379 et
1595 4324 1861 4395 repulsam

259 4419 319 4473 in
354 4429 556 4490 gentem
594 4423 802 4489 fortem,
850 4429 897 4473 et
923 4418 1156 4490 regnabit
1187 4416 1447 4473 Dominus
1488 4435 1644 4491 super
1681 4435 1767 4473 eos
1807 4421 1860 4473 in

262 4525 435 4570 monte
462 4514 613 4581 Sion,
650 4530 713 4569 ea:
736 4512 833 4567 hoc
876 4530 1016 4567 nunc
1050 4522 1099 4567 et
1135 4530 1297 4585 usque
1330 4515 1384 4567 in
1412 4514 1685 4571 saeculum.
1717 4515 1855 4582 Quia

1962 3299 2109 3347 sunt.
2145 3292 2297 3347 Licet
2334 3292 2481 3347 enim
2512 3291 2693 3345 omnia
2725 3300 2913 3346 sancta
2953 3293 3389 3362 conscripserint
3424 3310 3438 3360 ;
3471 3303 3557 3351 ta-

1962 3399 2084 3441 men
2115 3384 2182 3440 ad
2205 3386 2677 3456 comparationem
2701 3384 3027 3457 praphetiaa,
3052 3386 3103 3441 in
3128 3403 3231 3459 qua
3254 3388 3558 3448 Salvatoris

1963 3477 2255 3532 adventum
2289 3476 2775 3547 prephelaverunt,
2824 3477 3049 3533 humilia
3078 3490 3206 3535 sunt
3235 3490 3467 3551 caetera,
3500 3492 3558 3539 et

1960 3588 2304 3642 nequiquam
2336 3586 2506 3641 usque
2545 3571 2611 3627 ad
2649 3571 2908 3627 verticem
2942 3573 3203 3629 montium
3234 3576 3552 3649 pertingen-

1962 3664 2056 3720 tia.
2092 3664 2161 3719 Et
2189 3664 2523 3730 exaltabitur,
2562 3664 2765 3736 inquit,
2795 3682 2949 3739 super
2979 3666 3140 3723 colles
3171 3667 3447 3742 (Philipp.
3500 3687 3563 3739 ll,

1962 3761 2015 3825 8,
2046 3759 2139 3832 9).
2166 3760 2340 3815 llomo
2369 3758 2590 3830 quidem
2625 3761 2900 3831 apparuit,
2938 3770 2994 3817 et
3023 3761 3258 3818 formam
3291 3763 3444 3820 servi
3476 3780 3570 3824 ac-

1959 3850 2105 3923 cepit
2137 3870 2151 3908 :
2181 3851 2489 3908 humiliavit
2512 3867 2574 3909 se
2602 3868 2777 3924 usque
2800 3852 2869 3908 ad
2904 3865 3168 3924 mortem,
3200 3866 3435 3913 mortem
3460 3872 3562 3914 au-

1960 3958 2069 4004 tem
2101 3950 2319 4013 crucis;
2374 3948 2470 4005 sed
2512 3948 2777 4004 exaltavit
2818 3964 2941 4005 eum
2973 3948 3157 4021 Pater,
3210 3961 3267 4006 et
3310 3952 3462 4009 dedit
3507 3952 3561 4010 el

1962 4059 2160 4101 nomen
2192 4044 2337 4117 quod
2370 4054 2454 4100 est
2482 4060 2652 4115 super
2676 4058 2843 4100 omne
2872 4059 3096 4114 nomen,
3144 4054 3203 4102 et
3223 4045 3290 4101 ad
3321 4061 3557 4103 conver-

1960 4138 2231 4194 sationem
2268 4136 2413 4193 illius
2444 4138 2703 4192 universa
2740 4137 2848 4192 vita
2888 4136 3171 4193 hominum
3216 4151 3568 4212 comparata,

1960 4234 2136 4301 campi
2168 4232 2425 4288 dicuntur
2449 4243 2504 4288 et
2536 4232 2733 4288 valles.
2766 4230 2848 4287 Ad
2879 4230 3027 4288 hunc
3054 4247 3187 4304 ergo
3211 4244 3453 4290 montem
3477 4233 3571 4304 qui

1958 4338 2305 4400 prmparatus
2327 4336 2411 4383 est
2431 4342 2597 4398 super
2620 4326 2859 4383 vertices
2883 4328 3174 4396 montium,
3201 4336 3256 4385 et
3284 4330 3565 4387 exaltatus

1958 4439 2126 4495 super
2149 4424 2339 4491 colles,
2365 4423 2706 4495 festinabant,
2732 4423 2871 4490 sive,
2896 4423 3025 4479 utin
3056 4422 3288 4479 llebrtco
3311 4422 3565 4491 habetur,

1960 4519 2122 4587 ﬂuent
2142 4533 2314 4572 omnes
2329 4516 2532 4589 populi,
2558 4515 2611 4573 id
2638 4526 2745 4587 est,
2770 4516 2824 4571 in
2844 4531 3053 4573 morem
3078 4516 3368 4573 ﬂuviorum
3396 4518 3568 4576 turba:

337 4683 364 4713 ⁸
405 4674 555 4731 Unus
585 4672 846 4748 Palatin.,
879 4671 1279 4748 claudicantem,
1316 4681 1365 4727 et
1389 4688 1506 4727 eam
1530 4690 1687 4743 quam
1714 4673 1859 4744 affli-
1882 4677 1937 4738 D
1963 4673 2107 4729 mina
2139 4674 2247 4730 duo
2274 4675 2714 4748 nostraﬂGallico
2746 4675 3013 4748 idiomate
3048 4678 3247 4748 scripta
3292 4678 3342 4733 in
3376 4678 3569 4736 delen-

261 4762 461 4811 xeram,
494 4760 610 4816 quae
632 4745 950 4818 laboraverat
971 4745 1030 4818 in
1059 4754 1423 4818 gentem._etc.

337 4818 364 4857 ι)
407 4814 606 4873 Recole
635 4833 703 4885 qu
727 4837 755 4867 ι·
786 4816 851 4871 ad
891 4814 1163 4885 EpistflS
1189 4858 1204 4881 ,
1239 4816 1306 4869 ad
1344 4817 1657 4882 Damasum,
1699 4832 1853 4871 num.

265 4890 317 4955 9,
353 4891 404 4944 in
436 4889 564 4951 line,
592 4888 658 4941 de
689 4888 792 4943 hoc
811 4886 1031 4956 Iosephi
1058 4887 1368 4941 testimonio
1395 4888 1632 4942 diximus
1662 4898 1777 4944 not.
1801 4888 1850 4945 δ.

338 4973 360 5001 ο
403 4960 530 5014 Μῦς.
574 4959 826 5026 Palatini,
852 4960 906 5012 in
937 4959 1245 5013 remissione
1276 4960 1495 5030 peccati.

334 5030 361 5069 ἀ
400 5032 690 5087 Multorum
724 5032 821 5085 fuit
846 5030 1031 5098 Opinio
1059 5040 1266 5085 tantum
1299 5047 1391 5085 sex
1426 5031 1658 5086 millium
1688 5048 1860 5086 anno-

265 5120 385 5160 rum
409 5104 616 5159 circulo
638 5102 894 5159 saeculum
921 5101 1023 5156 hoc
1052 5102 1449 5171 circumscribi,
1480 5119 1590 5173 quo
1612 5104 1856 5170 evoluto,

268 5178 430 5231 linem
474 5176 659 5229 mundi
699 5176 1082 5238 adventuram,
1129 5174 1276 5242 juxta
1314 5190 1599 5229 numerum
1643 5177 1855 5230 dierum

266 5265 374 5318 quo
403 5247 544 5301 Deus
572 5246 716 5303 hunc
741 5246 986 5301 c0ndidit
1016 5245 1297 5318 inundum.
1332 5245 1444 5300 lloc
1474 5248 1682 5303 sentire
1708 5248 1861 5301 vitle-

267 5316 354 5374 tur
387 5319 582 5374 Paulus
611 5321 663 5372 in
698 5318 938 5382 Epistula
971 5318 1036 5372 ad
1071 5316 1347 5384 Hebraeos,
1391 5333 1513 5387 cap.
1546 5319 1601 5385 4,
1638 5318 1689 5373 id
1725 5334 1857 5375 vero

265 5390 423 5447 docet
466 5391 741 5445 Barnabas
773 5392 826 5444 in
856 5388 1097 5459 Epistula
1124 5387 1300 5461 eidem
1329 5392 1564 5458 ascripta
1609 5406 1727 5461 pag.
1756 5392 1852 5455 54,

265 5464 395 5517 edit.
429 5461 832 5517 GP1PCO'LallII.
878 5461 1021 5516 lren.
1058 5460 1221 5515 Libro
1253 5462 1316 5528 ὅ,
1366 5461 1631 5517 achrSoS
1677 5460 1859 5517 llzicre-

264 5550 373 5599 ses,
399 5549 522 5604 cap.
552 5535 624 5589 ‘28
650 5546 704 5589 et
728 5533 818 5589 29.
848 5534 1071 5604 Origen.
1106 5532 1197 5586 lib.
1233 5548 1270 5586 ll
1290 5574 1306 5599 ,
1335 5544 1482 5587 cont.
1512 5532 1753 5589 Celsum.
1787 5532 1855 5590 S.

262 5604 503 5661 Hilarius
535 5607 585 5660 in
618 5605 861 5677 capsQO.
904 5605 1093 5661 Matth.
1119 5615 1179 5677 et
1222 5604 1301 5677 S.
1326 5605 1644 5677 llieronym.
1682 5606 1853 5676 Epist.

264 5678 331 5733 ad
360 5674 714 5750 Cyprianum.
736 5674 995 5750 consulat
1016 5676 1269 5750 curiosus
1294 5676 1468 5750 lector
1495 5674 1651 5750 notas
1679 5674 1739 5733 et
1759 5678 1857 5733 ob-

264 5749 605 5806 servationes
649 5749 845 5805 eruditi
888 5749 1129 5819 llugonis
1178 5749 1421 5804 Menardi
1454 5749 1506 5804 in
1560 5749 1856 5819 Epistulam

265 5820 325 5879 S.
362 5822 624 5878 Barnabas
661 5835 784 5893 pag.
824 5820 947 5885 196,
980 5828 1035 5876 et
1062 5835 1222 5892 seqq.
1253 5830 1309 5878 et
1343 5820 1387 5876 si
1432 5821 1672 5878 voluerit
1699 5821 1855 5879 volu-

1961 4748 2172 4803 sionem
2203 4750 2422 4803 veritat.
2454 4747 2759 4803 Hebraicze.
2801 4747 2981 4805 Msn'r.
3003 4747 3305 4805 —Minime
3353 4751 3420 4807 ad
3454 4769 3567 4808 rem

1961 4828 2111 4893 sunt,
2145 4834 2269 4893 quae
2299 4818 2387 4874 hic
2426 4828 2652 4893 annotat
2679 4818 2934 4874 Martiali.
2979 4819 3048 4875 de
3079 4820 3343 4893 Veterum
3373 4824 3567 4893 opina-

1962 4891 2111 4945 tione
2161 4891 2276 4955 illa,
2320 4905 2419 4946 sex
2455 4891 2686 4946 millium
2733 4906 3002 4946 annorum
3052 4892 3259 4948 circulo
3304 4891 3567 4951 saeculum

1962 4961 2066 5016 hoc
2117 4962 2520 5018 circumscribi.
2582 4962 2815 5019 Maxime
2868 4979 3002 5019 vero
3061 4964 3169 5020 huc
3216 4965 3567 5022 referendum

1962 5036 2276 5106 econtrario
2303 5044 2405 5099 est,
2433 5034 2577 5106 quod
2601 5034 2662 5091 S.
2692 5035 2930 5090 Hilarius
2959 5036 3011 5091 in
3042 5034 3354 5091 Matthauim
3375 5039 3566 5106 docet,

1961 5104 2200 5160 Primam
2232 5106 2421 5160 horam
2452 5104 2520 5160 ad
2556 5108 2687 5172 Noe,
2723 5107 2968 5162 Tertiam
3000 5108 3066 5161 ad
3098 5107 3397 5173 Abraham,
3428 5104 3567 5165 Ses-

1962 5185 2070 5230 tam
2101 5178 2167 5250 ad
2201 5179 2444 5250 Moysen,
2479 5176 2687 5233 Nonam
2717 5178 2909 5250 referri
2942 5178 3007 5233 ad
3041 5178 3285 5250 Davidet
3324 5178 3447 5245 Pro.
3472 5180 3571 5238 he-

1961 5256 2045 5302 tas
2072 5266 2086 5301 :
2119 5247 2187 5303 In
2214 5247 2488 5303 undecima
2518 5260 2689 5303 autem
2724 5249 2855 5304 hora
2885 5251 3121 5317 corporei
3152 5249 3409 5306 adventus
3452 5250 3567 5308 Do-

1962 5320 2092 5373 mini
2119 5331 2320 5395 temws
2344 5322 2566 5395 ostendi.
2598 5320 2740 5376 Nam
2760 5338 2823 5377 ea:
2849 5322 2993 5395 omni
3019 5337 3256 5395 numero,
3284 5322 3376 5386 qui
3397 5326 3570 5395 spatio

1960 5400 2032 5445 est
2064 5392 2544 5474 prtesentissteculi
2570 5396 2902 5474 constitutus,
2928 5393 2983 5446 in
3004 5408 3115 5446 eam
3155 5392 3569 5474 reuertentem:-

1961 5464 2097 5517 venit
2123 5477 2265 5519 ortus
2309 5467 2423 5549 ejus
2463 5482 2527 5520 ea:
2562 5464 2769 5549 Maria,
2819 5465 2872 5519 in
2914 5481 3069 5548 quam
3099 5464 3393 5548 undecima
3423 5465 3570 5524 horta

1964 5545 2165 5605 tempus
2195 5552 2260 5591 ea:
2278 5536 2370 5611 die
2399 5547 2499 5611 est.
2553 5536 2818 5611 Divisione
2860 5538 3000 5611 enim
3038 5552 3132 5609 per
3160 5536 3569 5611 quingentenum

1965 5623 2235 5663 numerum
2259 5610 2423 5679 facta,
2456 5610 2510 5663 in
2534 5610 2678 5663 omni
2699 5625 2791 5664 sea:
2818 5606 3049 5663 millium
3078 5606 3338 5663 annorum
3364 5627 3572 5666 summa

1964 5685 2163 5753 tempus
2186 5683 2426 5750 corporei
2455 5688 2600 5735 ortus
2636 5684 2770 5753 ejus,
2806 5680 3082 5735 undecimo
3106 5680 3381 5736 divisionis
3410 5685 3569 5742 totius

1964 5751 2170 5807 calculo
2196 5764 2538 5826 supputetur.
2656 5751 2669 5753 “
3024 5772 3035 5781 ⁸

3020 5920 3029 5947 i
