  <div class='ocr_page' id='page_1' title='image "/cluster/home/n/w/nwhite01/storage/ocr_20150623/25/hvd.32044015471394/601.png"; bbox 0 0 4084 6340; ppageno 0'>
   <div class='ocr_carea' id='block_1_1' title="bbox 482 264 621 327">
    <p class='ocr_par' dir='ltr' id='par_1_1' title="bbox 482 264 621 327">
     <span class='ocr_line' id='line_1_1' title="bbox 482 264 621 327; baseline -0.007 0"><span class='ocrx_word' id='word_1_1' title='bbox 482 264 621 327; x_wconf 68' lang='grc'><strong>118⁷</strong></span> 
     </span>
    </p>
   </div>
   <div class='ocr_carea' id='block_1_2' title="bbox 1744 249 2536 315">
    <p class='ocr_par' dir='ltr' id='par_1_2' title="bbox 1744 249 2536 315">
     <span class='ocr_line' id='line_1_2' title="bbox 1744 249 2536 315; baseline -0.01 0"><span class='ocrx_word' id='word_1_2' title='bbox 1744 255 1803 315; x_wconf 75' lang='lat'><strong>8.</strong></span> <span class='ocrx_word' id='word_1_3' title='bbox 1846 250 2123 314; x_wconf 79' lang='lat' dir='ltr'><strong>EUSEBII</strong></span> <span class='ocrx_word' id='word_1_4' title='bbox 2152 249 2507 312; x_wconf 72' lang='lat' dir='ltr'><strong>HIERONYM</strong></span> <span class='ocrx_word' id='word_1_5' title='bbox 2515 250 2536 307; x_wconf 96' lang='grc' dir='ltr'><strong>ι</strong></span> 
     </span>
    </p>
   </div>
   <div class='ocr_carea' id='block_1_3' title="bbox 3762 10 3771 41">
    <p class='ocr_par' dir='ltr' id='par_1_3' title="bbox 3762 10 3771 41">
     <span class='ocr_line' id='line_1_3' title="bbox 3762 10 3771 41; baseline 0 0"><span class='ocrx_word' id='word_1_6' title='bbox 3762 10 3771 41; x_wconf 69' lang='lat' dir='ltr'><strong>i</strong></span> 
     </span>
    </p>
   </div>
   <div class='ocr_carea' id='block_1_4' title="bbox 3646 251 3782 311">
    <p class='ocr_par' dir='ltr' id='par_1_4' title="bbox 3646 251 3782 311">
     <span class='ocr_line' id='line_1_4' title="bbox 3646 251 3782 311; baseline 0.007 -1"><span class='ocrx_word' id='word_1_7' title='bbox 3646 251 3782 311; x_wconf 76' lang='lat' dir='ltr'><strong>H88</strong></span> 
     </span>
    </p>
   </div>
   <div class='ocr_carea' id='block_1_5' title="bbox 472 362 3784 451">
    <p class='ocr_par' dir='ltr' id='par_1_5' title="bbox 472 362 3784 451">
     <span class='ocr_line' id='line_1_5' title="bbox 472 362 3784 451; baseline -0.006 -13"><span class='ocrx_word' id='word_1_8' title='bbox 472 380 901 438; x_wconf 85' lang='lat' dir='ltr'><strong>inmunerabiles</strong></span> <span class='ocrx_word' id='word_1_9' title='bbox 941 377 1445 451; x_wconf 74' lang='lat' dir='ltr'><strong>congregabantur.</strong></span> <span class='ocrx_word' id='word_1_10' title='bbox 1479 370 1851 446; x_wconf 29' lang='lat' dir='ltr'><strong>,Fostinabunt</strong></span> <span class='ocrx_word' id='word_1_11' title='bbox 1883 379 2065 425; x_wconf 83' lang='lat' dir='ltr'><strong>autem</strong></span> <span class='ocrx_word' id='word_1_12' title='bbox 2099 378 2147 435; x_wconf 72' lang='grc' dir='ltr'><strong>Α</strong></span> <span class='ocrx_word' id='word_1_13' title='bbox 2176 363 2595 437; x_wconf 63' lang='lat' dir='ltr'><strong>Rotuaua477</strong></span> <span class='ocrx_word' id='word_1_14' title='bbox 2617 362 2940 435; x_wconf 78' lang='lat' dir='ltr'><strong>Respublica</strong></span> <span class='ocrx_word' id='word_1_15' title='bbox 2959 362 3477 423; x_wconf 84' lang='lat' dir='ltr'><strong>bellislacerabatnr</strong></span> <span class='ocrx_word' id='word_1_16' title='bbox 3502 363 3784 431; x_wconf 73' lang='lat' dir='ltr'><strong>civilibus,</strong></span> 
     </span>
    </p>
   </div>
   <div class='ocr_carea' id='block_1_6' title="bbox 474 466 2073 550">
    <p class='ocr_par' dir='ltr' id='par_1_6' title="bbox 474 466 2073 550">
     <span class='ocr_line' id='line_1_6' title="bbox 474 466 2073 550; baseline -0.008 -19"><span class='ocrx_word' id='word_1_17' title='bbox 474 478 660 550; x_wconf 86' lang='lat' dir='ltr'><strong>populi</strong></span> <span class='ocrx_word' id='word_1_18' title='bbox 688 476 838 549; x_wconf 85' lang='lat' dir='ltr'><strong>(Act.</strong></span> <span class='ocrx_word' id='word_1_19' title='bbox 868 476 965 548; x_wconf 87' lang='lat' dir='ltr'><strong>tt),</strong></span> <span class='ocrx_word' id='word_1_20' title='bbox 993 474 1215 546; x_wconf 84' lang='lat' dir='ltr'><strong>quando</strong></span> <span class='ocrx_word' id='word_1_21' title='bbox 1240 474 1295 530; x_wconf 90' lang='lat' dir='ltr'><strong>in</strong></span> <span class='ocrx_word' id='word_1_22' title='bbox 1327 486 1454 529; x_wconf 84' lang='lat' dir='ltr'><strong>eum</strong></span> <span class='ocrx_word' id='word_1_23' title='bbox 1491 470 1697 542; x_wconf 87' lang='lat' dir='ltr'><strong>pariter</strong></span> <span class='ocrx_word' id='word_1_24' title='bbox 1735 466 2073 523; x_wconf 86' lang='lat' dir='ltr'><strong>crediderint</strong></span> 
     </span>
    </p>
   </div>
   <div class='ocr_carea' id='block_1_7' title="bbox 473 560 2072 640">
    <p class='ocr_par' dir='ltr' id='par_1_7' title="bbox 473 560 2072 640">
     <span class='ocr_line' id='line_1_7' title="bbox 473 560 2072 640; baseline -0.01 -13"><span class='ocrx_word' id='word_1_25' title='bbox 473 568 661 627; x_wconf 84' lang='lat' dir='ltr'><strong>Parthi</strong></span> <span class='ocrx_word' id='word_1_26' title='bbox 689 580 744 626; x_wconf 90' lang='lat' dir='ltr'><strong>et</strong></span> <span class='ocrx_word' id='word_1_27' title='bbox 773 569 936 640; x_wconf 77' lang='lat' dir='ltr'><strong>Medi,</strong></span> <span class='ocrx_word' id='word_1_28' title='bbox 980 578 1037 626; x_wconf 88' lang='lat' dir='ltr'><strong>et</strong></span> <span class='ocrx_word' id='word_1_29' title='bbox 1066 567 1339 634; x_wconf 70' lang='lat' dir='ltr'><strong>Elamitm,</strong></span> <span class='ocrx_word' id='word_1_30' title='bbox 1377 575 1432 621; x_wconf 90' lang='lat' dir='ltr'><strong>et</strong></span> <span class='ocrx_word' id='word_1_31' title='bbox 1474 563 1786 619; x_wconf 75' lang='lat' dir='ltr'><strong>habitantes</strong></span> <span class='ocrx_word' id='word_1_32' title='bbox 1815 560 2072 628; x_wconf 59' lang='lat' dir='ltr'><strong>uesano-</strong></span> 
     </span>
    </p>
   </div>
   <div class='ocr_carea' id='block_1_8' title="bbox 470 651 2073 732">
    <p class='ocr_par' dir='ltr' id='par_1_8' title="bbox 470 651 2073 732">
     <span class='ocr_line' id='line_1_8' title="bbox 470 651 2073 732; baseline -0.011 -12"><span class='ocrx_word' id='word_1_33' title='bbox 470 665 714 730; x_wconf 87' lang='lat' dir='ltr'><strong>tamiam,</strong></span> <span class='ocrx_word' id='word_1_34' title='bbox 734 663 1002 732; x_wconf 66' lang='lat' dir='ltr'><strong>Judaoam,</strong></span> <span class='ocrx_word' id='word_1_35' title='bbox 1027 670 1082 719; x_wconf 90' lang='lat' dir='ltr'><strong>et</strong></span> <span class='ocrx_word' id='word_1_36' title='bbox 1096 660 1516 732; x_wconf 86' lang='lat' dir='ltr'><strong>Cappadociam,</strong></span> <span class='ocrx_word' id='word_1_37' title='bbox 1542 657 1774 713; x_wconf 81' lang='lat' dir='ltr'><strong>Pontum</strong></span> <span class='ocrx_word' id='word_1_38' title='bbox 1792 661 1849 708; x_wconf 88' lang='lat' dir='ltr'><strong>et</strong></span> <span class='ocrx_word' id='word_1_39' title='bbox 1864 651 2073 716; x_wconf 75' lang='lat' dir='ltr'><strong>Asiam,</strong></span> 
     </span>
    </p>
   </div>
   <div class='ocr_carea' id='block_1_9' title="bbox 471 745 2073 828">
    <p class='ocr_par' dir='ltr' id='par_1_9' title="bbox 471 745 2073 828">
     <span class='ocr_line' id='line_1_9' title="bbox 471 745 2073 828; baseline -0.01 -14"><span class='ocrx_word' id='word_1_40' title='bbox 471 757 761 828; x_wconf 80' lang='lat' dir='ltr'><strong>Phrygiam</strong></span> <span class='ocrx_word' id='word_1_41' title='bbox 784 765 840 813; x_wconf 87' lang='lat' dir='ltr'><strong>ct</strong></span> <span class='ocrx_word' id='word_1_42' title='bbox 863 753 1247 826; x_wconf 89' lang='lat' dir='ltr'><strong>Pamphiliam,</strong></span> <span class='ocrx_word' id='word_1_43' title='bbox 1270 751 1566 824; x_wconf 67' lang='lat' dir='ltr'><strong>[Egyptum</strong></span> <span class='ocrx_word' id='word_1_44' title='bbox 1584 757 1643 805; x_wconf 87' lang='lat' dir='ltr'><strong>et</strong></span> <span class='ocrx_word' id='word_1_45' title='bbox 1668 755 1852 818; x_wconf 83' lang='lat' dir='ltr'><strong>partes</strong></span> <span class='ocrx_word' id='word_1_46' title='bbox 1865 745 2073 816; x_wconf 71' lang='lat' dir='ltr'><strong>Libym,</strong></span> 
     </span>
    </p>
   </div>
   <div class='ocr_carea' id='block_1_10' title="bbox 474 837 2076 921">
    <p class='ocr_par' dir='ltr' id='par_1_10' title="bbox 474 837 2076 921">
     <span class='ocr_line' id='line_1_10' title="bbox 474 837 2076 921; baseline -0.009 -15"><span class='ocrx_word' id='word_1_47' title='bbox 474 866 597 921; x_wconf 72' lang='lat' dir='ltr'><strong>qua:</strong></span> <span class='ocrx_word' id='word_1_48' title='bbox 620 858 707 906; x_wconf 85' lang='lat' dir='ltr'><strong>est</strong></span> <span class='ocrx_word' id='word_1_49' title='bbox 728 850 884 921; x_wconf 80' lang='lat' dir='ltr'><strong>juxta</strong></span> <span class='ocrx_word' id='word_1_50' title='bbox 914 849 1212 921; x_wconf 81' lang='lat' dir='ltr'><strong>Cyrenem,</strong></span> <span class='ocrx_word' id='word_1_51' title='bbox 1255 856 1313 902; x_wconf 89' lang='lat' dir='ltr'><strong>et</strong></span> <span class='ocrx_word' id='word_1_52' title='bbox 1339 845 1570 901; x_wconf 69' lang='lat' dir='ltr'><strong>advenas</strong></span> <span class='ocrx_word' id='word_1_53' title='bbox 1608 838 1863 909; x_wconf 81' lang='lat' dir='ltr'><strong>Romani,</strong></span> <span class='ocrx_word' id='word_1_54' title='bbox 1901 837 2076 895; x_wconf 73' lang='lat' dir='ltr'><strong>Judaei</strong></span> 
     </span>
    </p>
   </div>
   <div class='ocr_carea' id='block_1_11' title="bbox 472 932 2074 1016">
    <p class='ocr_par' dir='ltr' id='par_1_11' title="bbox 472 932 2074 1016">
     <span class='ocr_line' id='line_1_11' title="bbox 472 932 2074 1016; baseline -0.009 -15"><span class='ocrx_word' id='word_1_55' title='bbox 472 954 529 1001; x_wconf 89' lang='lat' dir='ltr'><strong>et</strong></span> <span class='ocrx_word' id='word_1_56' title='bbox 559 944 843 1016; x_wconf 84' lang='lat' dir='ltr'><strong>proselyti.</strong></span> <span class='ocrx_word' id='word_1_57' title='bbox 890 943 1086 1001; x_wconf 84' lang='lat' dir='ltr'><strong>Cretes</strong></span> <span class='ocrx_word' id='word_1_58' title='bbox 1124 952 1180 998; x_wconf 92' lang='lat' dir='ltr'><strong>et</strong></span> <span class='ocrx_word' id='word_1_59' title='bbox 1210 940 1443 998; x_wconf 80' lang='lat' dir='ltr'><strong>Arabes.</strong></span> <span class='ocrx_word' id='word_1_60' title='bbox 1487 938 1682 994; x_wconf 87' lang='lat' dir='ltr'><strong>Nonne</strong></span> <span class='ocrx_word' id='word_1_61' title='bbox 1730 936 1889 991; x_wconf 85' lang='lat' dir='ltr'><strong>vobis</strong></span> <span class='ocrx_word' id='word_1_62' title='bbox 1918 932 2074 989; x_wconf 84' lang='lat' dir='ltr'><strong>festi-</strong></span> 
     </span>
    </p>
   </div>
   <div class='ocr_carea' id='block_1_12' title="bbox 476 1026 2078 1103">
    <p class='ocr_par' dir='ltr' id='par_1_12' title="bbox 476 1026 2078 1103">
     <span class='ocr_line' id='line_1_12' title="bbox 476 1026 2078 1103; baseline -0.008 -10"><span class='ocrx_word' id='word_1_63' title='bbox 476 1052 640 1094; x_wconf 88' lang='lat' dir='ltr'><strong>nasse</strong></span> <span class='ocrx_word' id='word_1_64' title='bbox 671 1036 928 1092; x_wconf 87' lang='lat' dir='ltr'><strong>videntur</strong></span> <span class='ocrx_word' id='word_1_65' title='bbox 954 1036 1021 1092; x_wconf 90' lang='lat' dir='ltr'><strong>ad</strong></span> <span class='ocrx_word' id='word_1_66' title='bbox 1052 1042 1318 1098; x_wconf 85' lang='lat' dir='ltr'><strong>montem,</strong></span> <span class='ocrx_word' id='word_1_67' title='bbox 1348 1031 1552 1103; x_wconf 85' lang='lat' dir='ltr'><strong>quibus</strong></span> <span class='ocrx_word' id='word_1_68' title='bbox 1579 1030 1785 1085; x_wconf 90' lang='lat' dir='ltr'><strong>dictum</strong></span> <span class='ocrx_word' id='word_1_69' title='bbox 1817 1039 1900 1083; x_wconf 89' lang='lat' dir='ltr'><strong>est</strong></span> <span class='ocrx_word' id='word_1_70' title='bbox 1932 1042 1945 1082; x_wconf 92' lang='lat'><strong>:</strong></span> <span class='ocrx_word' id='word_1_71' title='bbox 1978 1026 2078 1081; x_wconf 88' lang='lat' dir='ltr'><strong>Se-</strong></span> 
     </span>
    </p>
   </div>
   <div class='ocr_carea' id='block_1_13' title="bbox 468 1117 2072 1200">
    <p class='ocr_par' dir='ltr' id='par_1_13' title="bbox 468 1117 2072 1200">
     <span class='ocr_line' id='line_1_13' title="bbox 468 1117 2072 1200; baseline -0.007 -17"><span class='ocrx_word' id='word_1_72' title='bbox 468 1128 687 1200; x_wconf 82' lang='lat' dir='ltr'><strong>quimini</strong></span> <span class='ocrx_word' id='word_1_73' title='bbox 720 1145 822 1194; x_wconf 87' lang='lat' dir='ltr'><strong>me,</strong></span> <span class='ocrx_word' id='word_1_74' title='bbox 853 1137 902 1183; x_wconf 82' lang='lat' dir='ltr'><strong>et</strong></span> <span class='ocrx_word' id='word_1_75' title='bbox 925 1128 1120 1197; x_wconf 78' lang='lat' dir='ltr'><strong>faciam</strong></span> <span class='ocrx_word' id='word_1_76' title='bbox 1141 1143 1229 1182; x_wconf 77' lang='lat' dir='ltr'><strong>vos</strong></span> <span class='ocrx_word' id='word_1_77' title='bbox 1254 1126 1537 1198; x_wconf 73' lang='lat' dir='ltr'><strong>piscatores</strong></span> <span class='ocrx_word' id='word_1_78' title='bbox 1560 1123 1827 1177; x_wconf 80' lang='lat' dir='ltr'><strong>hominum</strong></span> <span class='ocrx_word' id='word_1_79' title='bbox 1853 1117 2072 1191; x_wconf 80' lang='lat' dir='ltr'><strong>(Matth.</strong></span> 
     </span>
    </p>
   </div>
   <div class='ocr_carea' id='block_1_14' title="bbox 470 1213 2080 1293">
    <p class='ocr_par' dir='ltr' id='par_1_14' title="bbox 470 1213 2080 1293">
     <span class='ocr_line' id='line_1_14' title="bbox 470 1213 2080 1293; baseline -0.006 -17"><span class='ocrx_word' id='word_1_80' title='bbox 470 1235 548 1288; x_wconf 80' lang='lat' dir='ltr'><strong>tv,</strong></span> <span class='ocrx_word' id='word_1_81' title='bbox 594 1222 682 1287; x_wconf 79' lang='lat' dir='ltr'><strong>l9,</strong></span> <span class='ocrx_word' id='word_1_82' title='bbox 711 1223 860 1292; x_wconf 74' lang='lat'><strong>‘20),</strong></span> <span class='ocrx_word' id='word_1_83' title='bbox 890 1231 947 1277; x_wconf 87' lang='lat' dir='ltr'><strong>et</strong></span> <span class='ocrx_word' id='word_1_84' title='bbox 994 1221 1243 1293; x_wconf 86' lang='lat' dir='ltr'><strong>protinus</strong></span> <span class='ocrx_word' id='word_1_85' title='bbox 1295 1219 1468 1274; x_wconf 82' lang='lat' dir='ltr'><strong>secuti</strong></span> <span class='ocrx_word' id='word_1_86' title='bbox 1518 1226 1651 1273; x_wconf 85' lang='lat' dir='ltr'><strong>sunt</strong></span> <span class='ocrx_word' id='word_1_87' title='bbox 1693 1213 2080 1272; x_wconf 80' lang='lat' dir='ltr'><strong>Salvatorcm?</strong></span> 
     </span>
    </p>
   </div>
   <div class='ocr_carea' id='block_1_15' title="bbox 473 1306 2077 1389">
    <p class='ocr_par' dir='ltr' id='par_1_15' title="bbox 473 1306 2077 1389">
     <span class='ocr_line' id='line_1_15' title="bbox 473 1306 2077 1389; baseline -0.007 -18"><span class='ocrx_word' id='word_1_88' title='bbox 473 1314 825 1389; x_wconf 83' lang='lat' dir='ltr'><strong>Rursumque</strong></span> <span class='ocrx_word' id='word_1_89' title='bbox 851 1316 922 1373; x_wconf 90' lang='lat' dir='ltr'><strong>de</strong></span> <span class='ocrx_word' id='word_1_90' title='bbox 962 1315 1171 1374; x_wconf 76' lang='lat' dir='ltr'><strong>Jacobo</strong></span> <span class='ocrx_word' id='word_1_91' title='bbox 1200 1324 1255 1370; x_wconf 91' lang='lat' dir='ltr'><strong>et</strong></span> <span class='ocrx_word' id='word_1_92' title='bbox 1296 1314 1512 1370; x_wconf 86' lang='lat' dir='ltr'><strong>Joanne</strong></span> <span class='ocrx_word' id='word_1_93' title='bbox 1553 1311 1840 1381; x_wconf 87' lang='lat' dir='ltr'><strong>Scriptura</strong></span> <span class='ocrx_word' id='word_1_94' title='bbox 1887 1306 2077 1374; x_wconf 82' lang='lat' dir='ltr'><strong>refert,</strong></span> 
     </span>
    </p>
   </div>
   <div class='ocr_carea' id='block_1_16' title="bbox 472 1402 2085 1484">
    <p class='ocr_par' dir='ltr' id='par_1_16' title="bbox 472 1402 2085 1484">
     <span class='ocr_line' id='line_1_16' title="bbox 472 1402 2085 1484; baseline -0.008 -17"><span class='ocrx_word' id='word_1_95' title='bbox 472 1412 619 1484; x_wconf 88' lang='lat' dir='ltr'><strong>quod</strong></span> <span class='ocrx_word' id='word_1_96' title='bbox 646 1412 835 1469; x_wconf 86' lang='lat' dir='ltr'><strong>relicta</strong></span> <span class='ocrx_word' id='word_1_97' title='bbox 860 1412 985 1468; x_wconf 87' lang='lat' dir='ltr'><strong>navi</strong></span> <span class='ocrx_word' id='word_1_98' title='bbox 1006 1421 1063 1468; x_wconf 90' lang='lat' dir='ltr'><strong>et</strong></span> <span class='ocrx_word' id='word_1_99' title='bbox 1084 1420 1239 1482; x_wconf 86' lang='lat' dir='ltr'><strong>patre</strong></span> <span class='ocrx_word' id='word_1_100' title='bbox 1263 1419 1319 1466; x_wconf 92' lang='lat' dir='ltr'><strong>et</strong></span> <span class='ocrx_word' id='word_1_101' title='bbox 1346 1408 1602 1475; x_wconf 82' lang='lat' dir='ltr'><strong>fluctibus</strong></span> <span class='ocrx_word' id='word_1_102' title='bbox 1630 1404 1841 1470; x_wconf 65' lang='lat' dir='ltr'><strong>smeuli,</strong></span> <span class='ocrx_word' id='word_1_103' title='bbox 1861 1402 2085 1459; x_wconf 85' lang='lat' dir='ltr'><strong>festina-</strong></span> 
     </span>
    </p>
   </div>
   <div class='ocr_carea' id='block_1_17' title="bbox 472 1496 2082 1572">
    <p class='ocr_par' dir='ltr' id='par_1_17' title="bbox 472 1496 2082 1572">
     <span class='ocr_line' id='line_1_17' title="bbox 472 1496 2082 1572; baseline -0.009 -10"><span class='ocrx_word' id='word_1_104' title='bbox 472 1507 656 1562; x_wconf 83' lang='lat' dir='ltr'><strong>verlut</strong></span> <span class='ocrx_word' id='word_1_105' title='bbox 681 1506 748 1561; x_wconf 90' lang='lat' dir='ltr'><strong>ad</strong></span> <span class='ocrx_word' id='word_1_106' title='bbox 774 1514 1035 1561; x_wconf 83' lang='lat' dir='ltr'><strong>montem.</strong></span> <span class='ocrx_word' id='word_1_107' title='bbox 1072 1504 1140 1561; x_wconf 86' lang='lat' dir='ltr'><strong>Et</strong></span> <span class='ocrx_word' id='word_1_108' title='bbox 1167 1502 1455 1559; x_wconf 70' lang='lat' dir='ltr'><strong>Matthaeus</strong></span> <span class='ocrx_word' id='word_1_109' title='bbox 1478 1497 1800 1572; x_wconf 83' lang='lat' dir='ltr'><strong>publicanus</strong></span> <span class='ocrx_word' id='word_1_110' title='bbox 1828 1496 2082 1551; x_wconf 86' lang='lat' dir='ltr'><strong>audiens:</strong></span> 
     </span>
    </p>
   </div>
   <div class='ocr_carea' id='block_1_18' title="bbox 475 1585 2081 1672">
    <p class='ocr_par' dir='ltr' id='par_1_18' title="bbox 475 1585 2081 1672">
     <span class='ocr_line' id='line_1_18' title="bbox 475 1585 2081 1672; baseline -0.009 -16"><span class='ocrx_word' id='word_1_111' title='bbox 475 1597 704 1672; x_wconf 84' lang='lat' dir='ltr'><strong>Sequere</strong></span> <span class='ocrx_word' id='word_1_112' title='bbox 724 1616 803 1654; x_wconf 81' lang='lat' dir='ltr'><strong>me</strong></span> <span class='ocrx_word' id='word_1_113' title='bbox 828 1598 1047 1671; x_wconf 80' lang='lat' dir='ltr'><strong>(Matth.</strong></span> <span class='ocrx_word' id='word_1_114' title='bbox 1068 1601 1172 1669; x_wconf 78' lang='lat' dir='ltr'><strong>ix),</strong></span> <span class='ocrx_word' id='word_1_115' title='bbox 1203 1598 1387 1653; x_wconf 82' lang='lat' dir='ltr'><strong>statim</strong></span> <span class='ocrx_word' id='word_1_116' title='bbox 1404 1594 1729 1651; x_wconf 86' lang='lat' dir='ltr'><strong>cucurrerit.</strong></span> <span class='ocrx_word' id='word_1_117' title='bbox 1750 1590 1856 1649; x_wconf 87' lang='lat' dir='ltr'><strong>Sed</strong></span> <span class='ocrx_word' id='word_1_118' title='bbox 1872 1600 1926 1645; x_wconf 90' lang='lat' dir='ltr'><strong>et</strong></span> <span class='ocrx_word' id='word_1_119' title='bbox 1951 1585 2081 1643; x_wconf 88' lang='lat' dir='ltr'><strong>illud</strong></span> 
     </span>
    </p>
   </div>
   <div class='ocr_carea' id='block_1_19' title="bbox 473 1682 2085 1763">
    <p class='ocr_par' dir='ltr' id='par_1_19' title="bbox 473 1682 2085 1763">
     <span class='ocr_line' id='line_1_19' title="bbox 473 1682 2085 1763; baseline -0.008 -15"><span class='ocrx_word' id='word_1_120' title='bbox 473 1692 529 1748; x_wconf 88' lang='lat' dir='ltr'><strong>in</strong></span> <span class='ocrx_word' id='word_1_121' title='bbox 559 1693 887 1763; x_wconf 84' lang='lat' dir='ltr'><strong>Evangelia,</strong></span> <span class='ocrx_word' id='word_1_122' title='bbox 918 1691 1138 1761; x_wconf 84' lang='lat' dir='ltr'><strong>quando</strong></span> <span class='ocrx_word' id='word_1_123' title='bbox 1160 1700 1364 1747; x_wconf 60' lang='lat' dir='ltr'><strong>secutae</strong></span> <span class='ocrx_word' id='word_1_124' title='bbox 1394 1697 1524 1744; x_wconf 84' lang='lat' dir='ltr'><strong>sunt</strong></span> <span class='ocrx_word' id='word_1_125' title='bbox 1548 1702 1671 1743; x_wconf 89' lang='lat' dir='ltr'><strong>eum</strong></span> <span class='ocrx_word' id='word_1_126' title='bbox 1699 1684 1871 1740; x_wconf 70' lang='lat' dir='ltr'><strong>turba:</strong></span> <span class='ocrx_word' id='word_1_127' title='bbox 1900 1682 2085 1737; x_wconf 81' lang='lat' dir='ltr'><strong>multae</strong></span> 
     </span>
    </p>
   </div>
   <div class='ocr_carea' id='block_1_20' title="bbox 2175 456 3788 530">
    <p class='ocr_par' dir='ltr' id='par_1_20' title="bbox 2175 456 3788 530">
     <span class='ocr_line' id='line_1_20' title="bbox 2175 456 3788 530; baseline -0.002 -15"><span class='ocrx_word' id='word_1_128' title='bbox 2175 456 2349 515; x_wconf 85' lang='lat' dir='ltr'><strong>Cinna</strong></span> <span class='ocrx_word' id='word_1_129' title='bbox 2382 468 2439 514; x_wconf 89' lang='lat' dir='ltr'><strong>et</strong></span> <span class='ocrx_word' id='word_1_130' title='bbox 2462 458 2687 514; x_wconf 84' lang='lat' dir='ltr'><strong>Octavio</strong></span> <span class='ocrx_word' id='word_1_131' title='bbox 2712 467 2770 514; x_wconf 92' lang='lat' dir='ltr'><strong>et</strong></span> <span class='ocrx_word' id='word_1_132' title='bbox 2804 456 3054 514; x_wconf 86' lang='lat' dir='ltr'><strong>Carbone</strong></span> <span class='ocrx_word' id='word_1_133' title='bbox 3092 459 3463 530; x_wconf 80' lang='lat' dir='ltr'><strong>pugnantibus</strong></span> <span class='ocrx_word' id='word_1_134' title='bbox 3496 475 3511 513; x_wconf 91' lang='lat'><strong>:</strong></span> <span class='ocrx_word' id='word_1_135' title='bbox 3545 456 3691 530; x_wconf 80' lang='lat' dir='ltr'><strong>Sylla</strong></span> <span class='ocrx_word' id='word_1_136' title='bbox 3730 468 3788 512; x_wconf 87' lang='lat' dir='ltr'><strong>et</strong></span> 
     </span>
    </p>
   </div>
   <div class='ocr_carea' id='block_1_21' title="bbox 2175 550 3783 621">
    <p class='ocr_par' dir='ltr' id='par_1_21' title="bbox 2175 550 3783 621">
     <span class='ocr_line' id='line_1_21' title="bbox 2175 550 3783 621; baseline -0.004 -10"><span class='ocrx_word' id='word_1_137' title='bbox 2175 551 2370 620; x_wconf 71' lang='lat' dir='ltr'><strong>Mario,</strong></span> <span class='ocrx_word' id='word_1_138' title='bbox 2398 552 2635 608; x_wconf 79' lang='lat' dir='ltr'><strong>Antonio</strong></span> <span class='ocrx_word' id='word_1_139' title='bbox 2655 562 2708 608; x_wconf 90' lang='lat' dir='ltr'><strong>et</strong></span> <span class='ocrx_word' id='word_1_140' title='bbox 2729 550 2986 620; x_wconf 85' lang='lat' dir='ltr'><strong>Catilina,</strong></span> <span class='ocrx_word' id='word_1_141' title='bbox 3009 550 3229 609; x_wconf 62' lang='lat' dir='ltr'><strong>Caesare</strong></span> <span class='ocrx_word' id='word_1_142' title='bbox 3251 560 3308 608; x_wconf 89' lang='lat' dir='ltr'><strong>et</strong></span> <span class='ocrx_word' id='word_1_143' title='bbox 3325 552 3473 608; x_wconf 85' lang='lat' dir='ltr'><strong>Cneo</strong></span> <span class='ocrx_word' id='word_1_144' title='bbox 3498 551 3783 621; x_wconf 85' lang='lat' dir='ltr'><strong>Pompeio,</strong></span> 
     </span>
    </p>
   </div>
   <div class='ocr_carea' id='block_1_22' title="bbox 2174 643 3789 718">
    <p class='ocr_par' dir='ltr' id='par_1_22' title="bbox 2174 643 3789 718">
     <span class='ocr_line' id='line_1_22' title="bbox 2174 643 3789 718; baseline -0.002 -16"><span class='ocrx_word' id='word_1_145' title='bbox 2174 646 2423 717; x_wconf 82' lang='lat' dir='ltr'><strong>Augusto</strong></span> <span class='ocrx_word' id='word_1_146' title='bbox 2451 657 2507 702; x_wconf 91' lang='lat' dir='ltr'><strong>et</strong></span> <span class='ocrx_word' id='word_1_147' title='bbox 2539 645 2726 712; x_wconf 79' lang='lat' dir='ltr'><strong>Bruto,</strong></span> <span class='ocrx_word' id='word_1_148' title='bbox 2760 657 2814 701; x_wconf 89' lang='lat' dir='ltr'><strong>et</strong></span> <span class='ocrx_word' id='word_1_149' title='bbox 2840 645 3034 703; x_wconf 87' lang='lat' dir='ltr'><strong>eodem</strong></span> <span class='ocrx_word' id='word_1_150' title='bbox 3058 650 3305 718; x_wconf 85' lang='lat' dir='ltr'><strong>Augusto</strong></span> <span class='ocrx_word' id='word_1_151' title='bbox 3326 658 3381 702; x_wconf 89' lang='lat' dir='ltr'><strong>et</strong></span> <span class='ocrx_word' id='word_1_152' title='bbox 3416 644 3652 701; x_wconf 77' lang='lat' dir='ltr'><strong>Antonio</strong></span> <span class='ocrx_word' id='word_1_153' title='bbox 3682 662 3697 699; x_wconf 86' lang='lat'><strong>:</strong></span> <span class='ocrx_word' id='word_1_154' title='bbox 3731 643 3789 699; x_wconf 86' lang='lat' dir='ltr'><strong>in</strong></span> 
     </span>
    </p>
   </div>
   <div class='ocr_carea' id='block_1_23' title="bbox 2176 736 3789 810">
    <p class='ocr_par' dir='ltr' id='par_1_23' title="bbox 2176 736 3789 810">
     <span class='ocr_line' id='line_1_23' title="bbox 2176 736 3789 810; baseline -0.001 -17"><span class='ocrx_word' id='word_1_155' title='bbox 2176 752 2409 810; x_wconf 89' lang='lat' dir='ltr'><strong>quorum</strong></span> <span class='ocrx_word' id='word_1_156' title='bbox 2446 738 2651 809; x_wconf 71' lang='lat' dir='ltr'><strong>prasliis</strong></span> <span class='ocrx_word' id='word_1_157' title='bbox 2679 738 2933 795; x_wconf 82' lang='lat' dir='ltr'><strong>universa</strong></span> <span class='ocrx_word' id='word_1_158' title='bbox 2958 740 3279 810; x_wconf 87' lang='lat' dir='ltr'><strong>sanguinem</strong></span> <span class='ocrx_word' id='word_1_159' title='bbox 3300 754 3468 809; x_wconf 86' lang='lat' dir='ltr'><strong>regna</strong></span> <span class='ocrx_word' id='word_1_160' title='bbox 3509 736 3789 793; x_wconf 84' lang='lat' dir='ltr'><strong>fuderunt.</strong></span> 
     </span>
    </p>
   </div>
   <div class='ocr_carea' id='block_1_24' title="bbox 2180 831 3791 904">
    <p class='ocr_par' dir='ltr' id='par_1_24' title="bbox 2180 831 3791 904">
     <span class='ocr_line' id='line_1_24' title="bbox 2180 831 3791 904; baseline -0.001 -17"><span class='ocrx_word' id='word_1_161' title='bbox 2180 832 2475 904; x_wconf 81' lang='lat' dir='ltr'><strong>Postquam</strong></span> <span class='ocrx_word' id='word_1_162' title='bbox 2497 842 2679 891; x_wconf 88' lang='lat' dir='ltr'><strong>autem</strong></span> <span class='ocrx_word' id='word_1_163' title='bbox 2707 832 2773 888; x_wconf 78' lang='lat' dir='ltr'><strong>ad</strong></span> <span class='ocrx_word' id='word_1_164' title='bbox 2805 834 3094 904; x_wconf 87' lang='lat' dir='ltr'><strong>imperium</strong></span> <span class='ocrx_word' id='word_1_165' title='bbox 3124 831 3353 901; x_wconf 76' lang='lat' dir='ltr'><strong>Christi,</strong></span> <span class='ocrx_word' id='word_1_166' title='bbox 3381 831 3660 903; x_wconf 75' lang='lat' dir='ltr'><strong>singulare</strong></span> <span class='ocrx_word' id='word_1_167' title='bbox 3682 831 3791 887; x_wconf 81' lang='lat' dir='ltr'><strong>im-</strong></span> 
     </span>
    </p>
   </div>
   <div class='ocr_carea' id='block_1_25' title="bbox 2178 926 3794 999">
    <p class='ocr_par' dir='ltr' id='par_1_25' title="bbox 2178 926 3794 999">
     <span class='ocr_line' id='line_1_25' title="bbox 2178 926 3794 999; baseline -0.002 -14"><span class='ocrx_word' id='word_1_168' title='bbox 2178 928 2389 999; x_wconf 88' lang='lat' dir='ltr'><strong>perium</strong></span> <span class='ocrx_word' id='word_1_169' title='bbox 2420 928 2590 984; x_wconf 84' lang='lat' dir='ltr'><strong>Roma</strong></span> <span class='ocrx_word' id='word_1_170' title='bbox 2623 928 2818 984; x_wconf 84' lang='lat' dir='ltr'><strong>sortita</strong></span> <span class='ocrx_word' id='word_1_171' title='bbox 2849 935 2972 994; x_wconf 84' lang='lat' dir='ltr'><strong>est;</strong></span> <span class='ocrx_word' id='word_1_172' title='bbox 3007 928 3401 997; x_wconf 83' lang='lat' dir='ltr'><strong>Apostolorum</strong></span> <span class='ocrx_word' id='word_1_173' title='bbox 3444 926 3630 983; x_wconf 88' lang='lat' dir='ltr'><strong>itineri</strong></span> <span class='ocrx_word' id='word_1_174' title='bbox 3663 942 3794 997; x_wconf 82' lang='lat' dir='ltr'><strong>per-</strong></span> 
     </span>
    </p>
   </div>
   <div class='ocr_carea' id='block_1_26' title="bbox 2181 1022 3795 1093">
    <p class='ocr_par' dir='ltr' id='par_1_26' title="bbox 2181 1022 3795 1093">
     <span class='ocr_line' id='line_1_26' title="bbox 2181 1022 3795 1093; baseline -0.001 -17"><span class='ocrx_word' id='word_1_175' title='bbox 2181 1025 2300 1079; x_wconf 84' lang='lat' dir='ltr'><strong>vius</strong></span> <span class='ocrx_word' id='word_1_176' title='bbox 2331 1023 2504 1079; x_wconf 90' lang='lat' dir='ltr'><strong>factus</strong></span> <span class='ocrx_word' id='word_1_177' title='bbox 2525 1033 2606 1079; x_wconf 65' lang='lat' dir='ltr'><strong>est</strong></span> <span class='ocrx_word' id='word_1_178' title='bbox 2648 1023 2820 1085; x_wconf 90' lang='lat' dir='ltr'><strong>orbis.</strong></span> <span class='ocrx_word' id='word_1_179' title='bbox 2852 1032 2909 1078; x_wconf 90' lang='lat' dir='ltr'><strong>et</strong></span> <span class='ocrx_word' id='word_1_180' title='bbox 2946 1033 3156 1093; x_wconf 75' lang='lat' dir='ltr'><strong>aperta:</strong></span> <span class='ocrx_word' id='word_1_181' title='bbox 3194 1030 3325 1076; x_wconf 72' lang='lat' dir='ltr'><strong>sunt</strong></span> <span class='ocrx_word' id='word_1_182' title='bbox 3367 1022 3450 1077; x_wconf 85' lang='lat' dir='ltr'><strong>eis</strong></span> <span class='ocrx_word' id='word_1_183' title='bbox 3493 1030 3669 1092; x_wconf 70' lang='lat' dir='ltr'><strong>porta:</strong></span> <span class='ocrx_word' id='word_1_184' title='bbox 3701 1037 3795 1075; x_wconf 89' lang='lat' dir='ltr'><strong>ur-</strong></span> 
     </span>
    </p>
   </div>
   <div class='ocr_carea' id='block_1_27' title="bbox 2181 1113 3792 1187">
    <p class='ocr_par' dir='ltr' id='par_1_27' title="bbox 2181 1113 3792 1187">
     <span class='ocr_line' id='line_1_27' title="bbox 2181 1113 3792 1187; baseline -0.004 -14"><span class='ocrx_word' id='word_1_185' title='bbox 2181 1116 2351 1187; x_wconf 87' lang='lat' dir='ltr'><strong>bium,</strong></span> <span class='ocrx_word' id='word_1_186' title='bbox 2376 1127 2430 1173; x_wconf 94' lang='lat' dir='ltr'><strong>et</strong></span> <span class='ocrx_word' id='word_1_187' title='bbox 2465 1116 2532 1171; x_wconf 83' lang='lat' dir='ltr'><strong>ad</strong></span> <span class='ocrx_word' id='word_1_188' title='bbox 2560 1115 3005 1187; x_wconf 76' lang='lat' dir='ltr'><strong>prtedicationem</strong></span> <span class='ocrx_word' id='word_1_189' title='bbox 3038 1115 3201 1173; x_wconf 88' lang='lat' dir='ltr'><strong>unius</strong></span> <span class='ocrx_word' id='word_1_190' title='bbox 3233 1114 3331 1173; x_wconf 86' lang='lat' dir='ltr'><strong>Dei</strong></span> <span class='ocrx_word' id='word_1_191' title='bbox 3367 1114 3645 1185; x_wconf 72' lang='lat' dir='ltr'><strong>singulare</strong></span> <span class='ocrx_word' id='word_1_192' title='bbox 3685 1113 3792 1168; x_wconf 86' lang='lat' dir='ltr'><strong>im-</strong></span> 
     </span>
    </p>
   </div>
   <div class='ocr_carea' id='block_1_28' title="bbox 2183 1209 3796 1282">
    <p class='ocr_par' dir='ltr' id='par_1_28' title="bbox 2183 1209 3796 1282">
     <span class='ocr_line' id='line_1_28' title="bbox 2183 1209 3796 1282; baseline -0.001 -17"><span class='ocrx_word' id='word_1_193' title='bbox 2183 1211 2394 1282; x_wconf 90' lang='lat' dir='ltr'><strong>perium</strong></span> <span class='ocrx_word' id='word_1_194' title='bbox 2424 1212 2784 1267; x_wconf 87' lang='lat' dir='ltr'><strong>constitutum</strong></span> <span class='ocrx_word' id='word_1_195' title='bbox 2815 1220 2919 1267; x_wconf 84' lang='lat' dir='ltr'><strong>est.</strong></span> <span class='ocrx_word' id='word_1_196' title='bbox 2947 1210 3135 1268; x_wconf 83' lang='lat' dir='ltr'><strong>Potest</strong></span> <span class='ocrx_word' id='word_1_197' title='bbox 3162 1225 3380 1282; x_wconf 87' lang='lat' dir='ltr'><strong>quoque</strong></span> <span class='ocrx_word' id='word_1_198' title='bbox 3406 1209 3677 1281; x_wconf 81' lang='lat' dir='ltr'><strong>hocquod</strong></span> <span class='ocrx_word' id='word_1_199' title='bbox 3710 1209 3796 1265; x_wconf 85' lang='lat' dir='ltr'><strong>di-</strong></span> 
     </span>
    </p>
   </div>
   <div class='ocr_carea' id='block_1_29' title="bbox 2184 1302 3794 1376">
    <p class='ocr_par' dir='ltr' id='par_1_29' title="bbox 2184 1302 3794 1376">
     <span class='ocr_line' id='line_1_29' title="bbox 2184 1302 3794 1376; baseline -0.001 -19"><span class='ocrx_word' id='word_1_200' title='bbox 2184 1302 2328 1358; x_wconf 88' lang='lat' dir='ltr'><strong>citur</strong></span> <span class='ocrx_word' id='word_1_201' title='bbox 2358 1320 2369 1358; x_wconf 86' lang='lat'>:</span> <span class='ocrx_word' id='word_1_202' title='bbox 2405 1302 2689 1358; x_wconf 71' lang='lat' dir='ltr'><strong>Considant</strong></span> <span class='ocrx_word' id='word_1_203' title='bbox 2719 1304 2923 1376; x_wconf 79' lang='lat' dir='ltr'><strong>gladios</strong></span> <span class='ocrx_word' id='word_1_204' title='bbox 2951 1304 3142 1360; x_wconf 81' lang='lat' dir='ltr'><strong>suosin</strong></span> <span class='ocrx_word' id='word_1_205' title='bbox 3164 1310 3368 1372; x_wconf 83' lang='lat' dir='ltr'><strong>aratra,</strong></span> <span class='ocrx_word' id='word_1_206' title='bbox 3391 1311 3439 1357; x_wconf 84' lang='lat' dir='ltr'><strong>et</strong></span> <span class='ocrx_word' id='word_1_207' title='bbox 3459 1302 3642 1358; x_wconf 76' lang='lat' dir='ltr'><strong>hastas</strong></span> <span class='ocrx_word' id='word_1_208' title='bbox 3666 1318 3794 1356; x_wconf 81' lang='lat' dir='ltr'><strong>suas</strong></span> 
     </span>
    </p>
   </div>
   <div class='ocr_carea' id='block_1_30' title="bbox 2183 1394 3797 1468">
    <p class='ocr_par' dir='ltr' id='par_1_30' title="bbox 2183 1394 3797 1468">
     <span class='ocr_line' id='line_1_30' title="bbox 2183 1394 3797 1468; baseline 0.001 -20"><span class='ocrx_word' id='word_1_209' title='bbox 2183 1395 2235 1449; x_wconf 85' lang='lat' dir='ltr'><strong>in</strong></span> <span class='ocrx_word' id='word_1_210' title='bbox 2266 1395 2428 1465; x_wconf 77' lang='lat' dir='ltr'><strong>{alces</strong></span> <span class='ocrx_word' id='word_1_211' title='bbox 2451 1395 2613 1465; x_wconf 81' lang='lat' dir='ltr'><strong>(Joel.</strong></span> <span class='ocrx_word' id='word_1_212' title='bbox 2647 1411 2728 1461; x_wconf 93' lang='grc' dir='ltr'><strong>ιιι,</strong></span> <span class='ocrx_word' id='word_1_213' title='bbox 2765 1395 2885 1468; x_wconf 74' lang='grc'><strong>10),</strong></span> <span class='ocrx_word' id='word_1_214' title='bbox 2918 1404 2976 1451; x_wconf 88' lang='lat' dir='ltr'><strong>et</strong></span> <span class='ocrx_word' id='word_1_215' title='bbox 3005 1396 3347 1468; x_wconf 85' lang='lat' dir='ltr'><strong>tropologice</strong></span> <span class='ocrx_word' id='word_1_216' title='bbox 3377 1396 3550 1467; x_wconf 85' lang='lat' dir='ltr'><strong>accipi</strong></span> <span class='ocrx_word' id='word_1_217' title='bbox 3578 1412 3589 1449; x_wconf 93' lang='lat'>:</span> <span class='ocrx_word' id='word_1_218' title='bbox 3624 1404 3678 1450; x_wconf 89' lang='lat' dir='ltr'><strong>ut</strong></span> <span class='ocrx_word' id='word_1_219' title='bbox 3708 1394 3797 1450; x_wconf 85' lang='lat' dir='ltr'><strong>di-</strong></span> 
     </span>
    </p>
   </div>
   <div class='ocr_carea' id='block_1_31' title="bbox 2182 1485 3791 1553">
    <p class='ocr_par' dir='ltr' id='par_1_31' title="bbox 2182 1485 3791 1553">
     <span class='ocr_line' id='line_1_31' title="bbox 2182 1485 3791 1553; baseline 0 -12"><span class='ocrx_word' id='word_1_220' title='bbox 2182 1500 2370 1541; x_wconf 85' lang='lat' dir='ltr'><strong>camus</strong></span> <span class='ocrx_word' id='word_1_221' title='bbox 2407 1487 2473 1543; x_wconf 88' lang='lat' dir='ltr'><strong>ad</strong></span> <span class='ocrx_word' id='word_1_222' title='bbox 2502 1486 2669 1543; x_wconf 81' lang='lat' dir='ltr'><strong>ﬁdem</strong></span> <span class='ocrx_word' id='word_1_223' title='bbox 2708 1485 2933 1553; x_wconf 84' lang='lat' dir='ltr'><strong>Christi,</strong></span> <span class='ocrx_word' id='word_1_224' title='bbox 2976 1488 3111 1543; x_wconf 88' lang='lat' dir='ltr'><strong>iram</strong></span> <span class='ocrx_word' id='word_1_225' title='bbox 3153 1496 3212 1543; x_wconf 89' lang='lat' dir='ltr'><strong>et</strong></span> <span class='ocrx_word' id='word_1_226' title='bbox 3247 1486 3511 1543; x_wconf 76' lang='lat' dir='ltr'><strong>cili-enata</strong></span> <span class='ocrx_word' id='word_1_227' title='bbox 3545 1485 3791 1543; x_wconf 83' lang='lat' dir='ltr'><strong>convicia</strong></span> 
     </span>
    </p>
   </div>
   <div class='ocr_carea' id='block_1_32' title="bbox 2184 1578 3794 1651">
    <p class='ocr_par' dir='ltr' id='par_1_32' title="bbox 2184 1578 3794 1651">
     <span class='ocr_line' id='line_1_32' title="bbox 2184 1578 3794 1651; baseline 0 -17"><span class='ocrx_word' id='word_1_228' title='bbox 2184 1593 2308 1635; x_wconf 90' lang='lat' dir='ltr'><strong>esse</strong></span> <span class='ocrx_word' id='word_1_229' title='bbox 2336 1578 2607 1651; x_wconf 85' lang='lat' dir='ltr'><strong>deposita,</strong></span> <span class='ocrx_word' id='word_1_230' title='bbox 2641 1591 2700 1636; x_wconf 88' lang='lat' dir='ltr'><strong>ut</strong></span> <span class='ocrx_word' id='word_1_231' title='bbox 2725 1581 2906 1636; x_wconf 80' lang='lat' dir='ltr'><strong>mittat</strong></span> <span class='ocrx_word' id='word_1_232' title='bbox 2949 1582 3328 1651; x_wconf 84' lang='lat' dir='ltr'><strong>unusquisque</strong></span> <span class='ocrx_word' id='word_1_233' title='bbox 3371 1594 3590 1636; x_wconf 86' lang='lat' dir='ltr'><strong>manum</strong></span> <span class='ocrx_word' id='word_1_234' title='bbox 3628 1594 3794 1649; x_wconf 84' lang='lat' dir='ltr'><strong>super</strong></span> 
     </span>
    </p>
   </div>
   <div class='ocr_carea' id='block_1_33' title="bbox 2185 1676 3794 1747">
    <p class='ocr_par' dir='ltr' id='par_1_33' title="bbox 2185 1676 3794 1747">
     <span class='ocr_line' id='line_1_33' title="bbox 2185 1676 3794 1747; baseline 0 -18"><span class='ocrx_word' id='word_1_235' title='bbox 2185 1684 2446 1742; x_wconf 82' lang='lat' dir='ltr'><strong>aratrum,</strong></span> <span class='ocrx_word' id='word_1_236' title='bbox 2474 1683 2531 1733; x_wconf 90' lang='lat' dir='ltr'><strong>et</strong></span> <span class='ocrx_word' id='word_1_237' title='bbox 2559 1692 2666 1731; x_wconf 90' lang='lat' dir='ltr'><strong>non</strong></span> <span class='ocrx_word' id='word_1_238' title='bbox 2701 1676 2961 1746; x_wconf 76' lang='lat' dir='ltr'><strong>respiciat</strong></span> <span class='ocrx_word' id='word_1_239' title='bbox 2987 1684 3109 1746; x_wconf 85' lang='lat' dir='ltr'><strong>post</strong></span> <span class='ocrx_word' id='word_1_240' title='bbox 3140 1686 3376 1747; x_wconf 87' lang='lat' dir='ltr'><strong>tergum,</strong></span> <span class='ocrx_word' id='word_1_241' title='bbox 3412 1683 3472 1730; x_wconf 89' lang='lat' dir='ltr'><strong>et</strong></span> <span class='ocrx_word' id='word_1_242' title='bbox 3497 1683 3794 1731; x_wconf 86' lang='lat' dir='ltr'><strong>contume-</strong></span> 
     </span>
    </p>
   </div>
   <div class='ocr_carea' id='block_1_34' title="bbox 472 1765 3797 1855">
    <p class='ocr_par' dir='ltr' id='par_1_34' title="bbox 472 1765 3797 1855">
     <span class='ocr_line' id='line_1_34' title="bbox 472 1765 3797 1855; baseline -0.004 -17"><span class='ocrx_word' id='word_1_243' title='bbox 472 1784 544 1842; x_wconf 87' lang='lat' dir='ltr'><strong>de</strong></span> <span class='ocrx_word' id='word_1_244' title='bbox 568 1784 821 1851; x_wconf 75' lang='lat' dir='ltr'><strong>Galilrea,</strong></span> <span class='ocrx_word' id='word_1_245' title='bbox 851 1796 905 1841; x_wconf 89' lang='lat' dir='ltr'><strong>et</strong></span> <span class='ocrx_word' id='word_1_246' title='bbox 934 1785 1197 1855; x_wconf 82' lang='lat' dir='ltr'><strong>Decapoli</strong></span> <span class='ocrx_word' id='word_1_247' title='bbox 1225 1792 1281 1840; x_wconf 89' lang='lat' dir='ltr'><strong>et</strong></span> <span class='ocrx_word' id='word_1_248' title='bbox 1305 1778 1690 1854; x_wconf 82' lang='lat' dir='ltr'><strong>Jerosolymis,</strong></span> <span class='ocrx_word' id='word_1_249' title='bbox 1723 1789 1779 1834; x_wconf 90' lang='lat' dir='ltr'><strong>et</strong></span> <span class='ocrx_word' id='word_1_250' title='bbox 1807 1776 1997 1833; x_wconf 68' lang='lat' dir='ltr'><strong>Judaaa</strong></span> <span class='ocrx_word' id='word_1_251' title='bbox 2023 1782 2079 1830; x_wconf 85' lang='lat' dir='ltr'><strong>et</strong></span> <span class='ocrx_word' id='word_1_252' title='bbox 2108 1774 2158 1836; x_wconf 84' lang='grc' dir='ltr'><strong>Β</strong></span> <span class='ocrx_word' id='word_1_253' title='bbox 2181 1765 2377 1825; x_wconf 84' lang='lat' dir='ltr'><strong>liarum</strong></span> <span class='ocrx_word' id='word_1_254' title='bbox 2403 1769 2587 1839; x_wconf 78' lang='lat' dir='ltr'><strong>jacula</strong></span> <span class='ocrx_word' id='word_1_255' title='bbox 2616 1769 2915 1840; x_wconf 87' lang='lat' dir='ltr'><strong>hastasque</strong></span> <span class='ocrx_word' id='word_1_256' title='bbox 2944 1768 3321 1840; x_wconf 84' lang='lat' dir='ltr'><strong>coniringens,</strong></span> <span class='ocrx_word' id='word_1_257' title='bbox 3352 1768 3562 1827; x_wconf 88' lang='lat' dir='ltr'><strong>fructus</strong></span> <span class='ocrx_word' id='word_1_258' title='bbox 3586 1776 3797 1825; x_wconf 80' lang='lat' dir='ltr'><strong>metere</strong></span> 
     </span>
    </p>
   </div>
   <div class='ocr_carea' id='block_1_35' title="bbox 479 1871 2081 1951">
    <p class='ocr_par' dir='ltr' id='par_1_35' title="bbox 479 1871 2081 1951">
     <span class='ocr_line' id='line_1_35' title="bbox 479 1871 2081 1951; baseline -0.006 -18"><span class='ocrx_word' id='word_1_259' title='bbox 479 1887 632 1934; x_wconf 86' lang='lat' dir='ltr'><strong>trans</strong></span> <span class='ocrx_word' id='word_1_260' title='bbox 660 1876 981 1943; x_wconf 79' lang='lat' dir='ltr'><strong>Jordanem,</strong></span> <span class='ocrx_word' id='word_1_261' title='bbox 1023 1876 1190 1951; x_wconf 58' lang='lat'><strong>576</strong></span> <span class='ocrx_word' id='word_1_262' title='bbox 1227 1886 1284 1932; x_wconf 88' lang='lat' dir='ltr'><strong>et</strong></span> <span class='ocrx_word' id='word_1_263' title='bbox 1326 1876 1538 1932; x_wconf 83' lang='lat' dir='ltr'><strong>curavit</strong></span> <span class='ocrx_word' id='word_1_264' title='bbox 1587 1888 1702 1936; x_wconf 87' lang='lat' dir='ltr'><strong>eas,</strong></span> <span class='ocrx_word' id='word_1_265' title='bbox 1756 1871 2081 1926; x_wconf 72' lang='lat' dir='ltr'><strong>festinantes</strong></span> 
     </span>
    </p>
   </div>
   <div class='ocr_carea' id='block_1_36' title="bbox 477 1967 2082 2043">
    <p class='ocr_par' dir='ltr' id='par_1_36' title="bbox 477 1967 2082 2043">
     <span class='ocr_line' id='line_1_36' title="bbox 477 1967 2082 2043; baseline -0.007 -14"><span class='ocrx_word' id='word_1_266' title='bbox 477 1972 710 2043; x_wconf 82' lang='lat' dir='ltr'><strong>populos</strong></span> <span class='ocrx_word' id='word_1_267' title='bbox 740 1972 953 2041; x_wconf 88' lang='lat' dir='ltr'><strong>probat.</strong></span> <span class='ocrx_word' id='word_1_268' title='bbox 986 1971 1214 2041; x_wconf 87' lang='lat' dir='ltr'><strong>Populis</strong></span> <span class='ocrx_word' id='word_1_269' title='bbox 1241 1978 1427 2026; x_wconf 89' lang='lat' dir='ltr'><strong>autem</strong></span> <span class='ocrx_word' id='word_1_270' title='bbox 1456 1967 1863 2031; x_wconf 75' lang='lat' dir='ltr'><strong>festinantibus,</strong></span> <span class='ocrx_word' id='word_1_271' title='bbox 1889 1974 2082 2035; x_wconf 82' lang='lat' dir='ltr'><strong>gentes</strong></span> 
     </span>
    </p>
   </div>
   <div class='ocr_carea' id='block_1_37' title="bbox 472 2056 2083 2136">
    <p class='ocr_par' dir='ltr' id='par_1_37' title="bbox 472 2056 2083 2136">
     <span class='ocr_line' id='line_1_37' title="bbox 472 2056 2083 2136; baseline -0.006 -17"><span class='ocrx_word' id='word_1_272' title='bbox 472 2079 689 2136; x_wconf 84' lang='lat' dir='ltr'><strong>quoque</strong></span> <span class='ocrx_word' id='word_1_273' title='bbox 732 2065 985 2135; x_wconf 67' lang='lat' dir='ltr'><strong>plurima:</strong></span> <span class='ocrx_word' id='word_1_274' title='bbox 1024 2065 1179 2121; x_wconf 86' lang='lat' dir='ltr'><strong>ibunt</strong></span> <span class='ocrx_word' id='word_1_275' title='bbox 1227 2063 1296 2119; x_wconf 90' lang='lat' dir='ltr'><strong>ad</strong></span> <span class='ocrx_word' id='word_1_276' title='bbox 1343 2071 1585 2118; x_wconf 86' lang='lat' dir='ltr'><strong>montem</strong></span> <span class='ocrx_word' id='word_1_277' title='bbox 1629 2068 1818 2115; x_wconf 87' lang='lat' dir='ltr'><strong>:totus</strong></span> <span class='ocrx_word' id='word_1_278' title='bbox 1869 2056 2083 2112; x_wconf 86' lang='lat' dir='ltr'><strong>scilicet</strong></span> 
     </span>
    </p>
   </div>
   <div class='ocr_carea' id='block_1_38' title="bbox 471 2150 2082 2223">
    <p class='ocr_par' dir='ltr' id='par_1_38' title="bbox 471 2150 2082 2223">
     <span class='ocr_line' id='line_1_38' title="bbox 471 2150 2082 2223; baseline -0.005 -12"><span class='ocrx_word' id='word_1_279' title='bbox 471 2156 621 2213; x_wconf 90' lang='lat' dir='ltr'><strong>orbis</strong></span> <span class='ocrx_word' id='word_1_280' title='bbox 650 2158 703 2211; x_wconf 88' lang='lat' dir='ltr'><strong>in</strong></span> <span class='ocrx_word' id='word_1_281' title='bbox 728 2171 857 2213; x_wconf 90' lang='lat' dir='ltr'><strong>eum</strong></span> <span class='ocrx_word' id='word_1_282' title='bbox 884 2157 1139 2223; x_wconf 84' lang='lat' dir='ltr'><strong>credens,</strong></span> <span class='ocrx_word' id='word_1_283' title='bbox 1167 2167 1223 2211; x_wconf 86' lang='lat' dir='ltr'><strong>et</strong></span> <span class='ocrx_word' id='word_1_284' title='bbox 1242 2155 1430 2212; x_wconf 87' lang='lat' dir='ltr'><strong>dicent</strong></span> <span class='ocrx_word' id='word_1_285' title='bbox 1468 2163 1491 2195; x_wconf 76' lang='grc'><strong><em>⁸</em></strong></span> <span class='ocrx_word' id='word_1_286' title='bbox 1520 2153 1587 2209; x_wconf 88' lang='lat' dir='ltr'><strong>ad</strong></span> <span class='ocrx_word' id='word_1_287' title='bbox 1619 2150 1876 2207; x_wconf 77' lang='lat' dir='ltr'><strong>vexillum</strong></span> <span class='ocrx_word' id='word_1_288' title='bbox 1905 2164 1966 2205; x_wconf 89' lang='lat' dir='ltr'><strong>se</strong></span> <span class='ocrx_word' id='word_1_289' title='bbox 1988 2163 2082 2219; x_wconf 89' lang='lat' dir='ltr'><strong>pa-</strong></span> 
     </span>
    </p>
   </div>
   <div class='ocr_carea' id='block_1_39' title="bbox 468 2241 2078 2320">
    <p class='ocr_par' dir='ltr' id='par_1_39' title="bbox 468 2241 2078 2320">
     <span class='ocr_line' id='line_1_39' title="bbox 468 2241 2078 2320; baseline -0.004 -20"><span class='ocrx_word' id='word_1_290' title='bbox 468 2248 630 2304; x_wconf 89' lang='lat' dir='ltr'><strong>tibuli</strong></span> <span class='ocrx_word' id='word_1_291' title='bbox 675 2259 865 2305; x_wconf 89' lang='lat' dir='ltr'><strong>mutuo</strong></span> <span class='ocrx_word' id='word_1_292' title='bbox 914 2256 1328 2320; x_wconf 80' lang='lat' dir='ltr'><strong>provocantes:</strong></span> <span class='ocrx_word' id='word_1_293' title='bbox 1372 2245 1578 2312; x_wconf 80' lang='lat' dir='ltr'><strong>Venite,</strong></span> <span class='ocrx_word' id='word_1_294' title='bbox 1628 2241 1972 2299; x_wconf 83' lang='lat' dir='ltr'><strong>ascendamus</strong></span> <span class='ocrx_word' id='word_1_295' title='bbox 2023 2242 2078 2295; x_wconf 86' lang='lat' dir='ltr'><strong>in</strong></span> 
     </span>
    </p>
   </div>
   <div class='ocr_carea' id='block_1_40' title="bbox 473 2334 2081 2413">
    <p class='ocr_par' dir='ltr' id='par_1_40' title="bbox 473 2334 2081 2413">
     <span class='ocr_line' id='line_1_40' title="bbox 473 2334 2081 2413; baseline -0.005 -16"><span class='ocrx_word' id='word_1_296' title='bbox 473 2354 698 2399; x_wconf 74' lang='lat' dir='ltr'><strong>montem</strong></span> <span class='ocrx_word' id='word_1_297' title='bbox 737 2342 973 2398; x_wconf 79' lang='lat' dir='ltr'><strong>Domini.</strong></span> <span class='ocrx_word' id='word_1_298' title='bbox 1019 2343 1361 2399; x_wconf 81' lang='lat' dir='ltr'><strong>Ascensione</strong></span> <span class='ocrx_word' id='word_1_299' title='bbox 1402 2355 1542 2413; x_wconf 88' lang='lat' dir='ltr'><strong>opus</strong></span> <span class='ocrx_word' id='word_1_300' title='bbox 1585 2349 1703 2407; x_wconf 86' lang='lat' dir='ltr'><strong>est,</strong></span> <span class='ocrx_word' id='word_1_301' title='bbox 1749 2346 1813 2394; x_wconf 92' lang='lat' dir='ltr'><strong>ut</strong></span> <span class='ocrx_word' id='word_1_302' title='bbox 1848 2336 1968 2408; x_wconf 88' lang='lat' dir='ltr'><strong>quis</strong></span> <span class='ocrx_word' id='word_1_303' title='bbox 2010 2334 2081 2390; x_wconf 91' lang='lat' dir='ltr'><strong>ad</strong></span> 
     </span>
    </p>
   </div>
   <div class='ocr_carea' id='block_1_41' title="bbox 472 2428 2078 2508">
    <p class='ocr_par' dir='ltr' id='par_1_41' title="bbox 472 2428 2078 2508">
     <span class='ocr_line' id='line_1_41' title="bbox 472 2428 2078 2508; baseline -0.007 -14"><span class='ocrx_word' id='word_1_304' title='bbox 472 2437 749 2494; x_wconf 81' lang='lat' dir='ltr'><strong>Christum</strong></span> <span class='ocrx_word' id='word_1_305' title='bbox 774 2437 958 2493; x_wconf 83' lang='lat' dir='ltr'><strong>valeat</strong></span> <span class='ocrx_word' id='word_1_306' title='bbox 990 2436 1300 2508; x_wconf 83' lang='lat' dir='ltr'><strong>pervenire,</strong></span> <span class='ocrx_word' id='word_1_307' title='bbox 1332 2445 1387 2491; x_wconf 85' lang='lat' dir='ltr'><strong>et</strong></span> <span class='ocrx_word' id='word_1_308' title='bbox 1414 2433 1481 2489; x_wconf 84' lang='lat' dir='ltr'><strong>ad</strong></span> <span class='ocrx_word' id='word_1_309' title='bbox 1510 2433 1735 2489; x_wconf 90' lang='lat' dir='ltr'><strong>domum</strong></span> <span class='ocrx_word' id='word_1_310' title='bbox 1767 2430 1861 2485; x_wconf 89' lang='lat' dir='ltr'><strong>Dei</strong></span> <span class='ocrx_word' id='word_1_311' title='bbox 1881 2428 2078 2495; x_wconf 84' lang='lat' dir='ltr'><strong>Jacob,</strong></span> 
     </span>
    </p>
   </div>
   <div class='ocr_carea' id='block_1_42' title="bbox 475 2522 2084 2601">
    <p class='ocr_par' dir='ltr' id='par_1_42' title="bbox 475 2522 2084 2601">
     <span class='ocr_line' id='line_1_42' title="bbox 475 2522 2084 2601; baseline -0.006 -15"><span class='ocrx_word' id='word_1_312' title='bbox 475 2530 796 2599; x_wconf 77' lang='lat' dir='ltr'><strong>Ecclesiam,</strong></span> <span class='ocrx_word' id='word_1_313' title='bbox 827 2544 952 2601; x_wconf 66' lang='lat' dir='ltr'><strong>quas</strong></span> <span class='ocrx_word' id='word_1_314' title='bbox 990 2537 1075 2585; x_wconf 88' lang='lat' dir='ltr'><strong>est</strong></span> <span class='ocrx_word' id='word_1_315' title='bbox 1104 2528 1300 2585; x_wconf 83' lang='lat' dir='ltr'><strong>domus</strong></span> <span class='ocrx_word' id='word_1_316' title='bbox 1341 2528 1463 2594; x_wconf 92' lang='lat' dir='ltr'><strong>Dei,</strong></span> <span class='ocrx_word' id='word_1_317' title='bbox 1510 2526 1767 2581; x_wconf 86' lang='lat' dir='ltr'><strong>columna</strong></span> <span class='ocrx_word' id='word_1_318' title='bbox 1797 2531 1854 2579; x_wconf 89' lang='lat' dir='ltr'><strong>et</strong></span> <span class='ocrx_word' id='word_1_319' title='bbox 1895 2522 2084 2577; x_wconf 83' lang='lat' dir='ltr'><strong>firma-</strong></span> 
     </span>
    </p>
   </div>
   <div class='ocr_carea' id='block_1_43' title="bbox 475 2616 2082 2693">
    <p class='ocr_par' dir='ltr' id='par_1_43' title="bbox 475 2616 2082 2693">
     <span class='ocr_line' id='line_1_43' title="bbox 475 2616 2082 2693; baseline -0.005 -14"><span class='ocrx_word' id='word_1_320' title='bbox 475 2632 723 2679; x_wconf 86' lang='lat' dir='ltr'><strong>mentum</strong></span> <span class='ocrx_word' id='word_1_321' title='bbox 753 2622 1027 2678; x_wconf 73' lang='lat' dir='ltr'><strong>veritatis.</strong></span> <span class='ocrx_word' id='word_1_322' title='bbox 1061 2622 1233 2678; x_wconf 89' lang='lat' dir='ltr'><strong>Porro</strong></span> <span class='ocrx_word' id='word_1_323' title='bbox 1260 2621 1405 2693; x_wconf 89' lang='lat' dir='ltr'><strong>quod</strong></span> <span class='ocrx_word' id='word_1_324' title='bbox 1427 2619 1598 2677; x_wconf 76' lang='lat' dir='ltr'><strong>Jacob</strong></span> <span class='ocrx_word' id='word_1_325' title='bbox 1632 2617 1976 2673; x_wconf 81' lang='lat' dir='ltr'><strong>Salvatorem</strong></span> <span class='ocrx_word' id='word_1_326' title='bbox 2005 2616 2082 2672; x_wconf 86' lang='lat' dir='ltr'><strong>si-</strong></span> 
     </span>
    </p>
   </div>
   <div class='ocr_carea' id='block_1_44' title="bbox 473 2711 2084 2787">
    <p class='ocr_par' dir='ltr' id='par_1_44' title="bbox 473 2711 2084 2787">
     <span class='ocr_line' id='line_1_44' title="bbox 473 2711 2084 2787; baseline -0.003 -18"><span class='ocrx_word' id='word_1_327' title='bbox 473 2716 720 2787; x_wconf 81' lang='lat' dir='ltr'><strong>guilicet,</strong></span> <span class='ocrx_word' id='word_1_328' title='bbox 750 2725 805 2769; x_wconf 91' lang='lat' dir='ltr'><strong>et</strong></span> <span class='ocrx_word' id='word_1_329' title='bbox 833 2728 1001 2786; x_wconf 80' lang='lat' dir='ltr'><strong>supra</strong></span> <span class='ocrx_word' id='word_1_330' title='bbox 1040 2713 1277 2770; x_wconf 78' lang='lat' dir='ltr'><strong>diximus</strong></span> <span class='ocrx_word' id='word_1_331' title='bbox 1305 2731 1321 2767; x_wconf 87' lang='lat'><strong>:</strong></span> <span class='ocrx_word' id='word_1_332' title='bbox 1347 2713 1517 2768; x_wconf 73' lang='lat' dir='ltr'><strong>Iacob</strong></span> <span class='ocrx_word' id='word_1_333' title='bbox 1549 2727 1677 2782; x_wconf 82' lang='lat' dir='ltr'><strong>puer</strong></span> <span class='ocrx_word' id='word_1_334' title='bbox 1718 2727 1887 2777; x_wconf 79' lang='lat' dir='ltr'><strong>meus,</strong></span> <span class='ocrx_word' id='word_1_335' title='bbox 1916 2711 2084 2766; x_wconf 83' lang='lat' dir='ltr'><strong>susci-</strong></span> 
     </span>
    </p>
   </div>
   <div class='ocr_carea' id='block_1_45' title="bbox 471 2802 2079 2879">
    <p class='ocr_par' dir='ltr' id='par_1_45' title="bbox 471 2802 2079 2879">
     <span class='ocr_line' id='line_1_45' title="bbox 471 2802 2079 2879; baseline -0.004 -17"><span class='ocrx_word' id='word_1_336' title='bbox 471 2808 615 2877; x_wconf 83' lang='lat' dir='ltr'><strong>piam</strong></span> <span class='ocrx_word' id='word_1_337' title='bbox 652 2822 775 2861; x_wconf 84' lang='lat' dir='ltr'><strong>eum</strong></span> <span class='ocrx_word' id='word_1_338' title='bbox 807 2805 977 2879; x_wconf 84' lang='lat' dir='ltr'><strong>(lsai.</strong></span> <span class='ocrx_word' id='word_1_339' title='bbox 1023 2822 1082 2875; x_wconf 93' lang='grc' dir='ltr'><strong>ιι,</strong></span> <span class='ocrx_word' id='word_1_340' title='bbox 1108 2806 1199 2874; x_wconf 77' lang='lat'><strong>&#39;5).</strong></span> <span class='ocrx_word' id='word_1_341' title='bbox 1226 2804 1339 2862; x_wconf 85' lang='lat' dir='ltr'><strong>Sed</strong></span> <span class='ocrx_word' id='word_1_342' title='bbox 1367 2815 1422 2861; x_wconf 83' lang='lat' dir='ltr'><strong>et</strong></span> <span class='ocrx_word' id='word_1_343' title='bbox 1477 2805 1583 2861; x_wconf 90' lang='lat' dir='ltr'><strong>hoc</strong></span> <span class='ocrx_word' id='word_1_344' title='bbox 1632 2804 1821 2860; x_wconf 86' lang='lat' dir='ltr'><strong>dicent</strong></span> <span class='ocrx_word' id='word_1_345' title='bbox 1864 2802 1930 2857; x_wconf 84' lang='lat' dir='ltr'><strong>ad</strong></span> <span class='ocrx_word' id='word_1_346' title='bbox 1984 2817 2079 2857; x_wconf 88' lang='lat' dir='ltr'><strong>eos</strong></span> 
     </span>
    </p>
   </div>
   <div class='ocr_carea' id='block_1_46' title="bbox 469 2897 2079 2972">
    <p class='ocr_par' dir='ltr' id='par_1_46' title="bbox 469 2897 2079 2972">
     <span class='ocr_line' id='line_1_46' title="bbox 469 2897 2079 2972; baseline -0.003 -18"><span class='ocrx_word' id='word_1_347' title='bbox 469 2900 672 2972; x_wconf 80' lang='lat' dir='ltr'><strong>quibus</strong></span> <span class='ocrx_word' id='word_1_348' title='bbox 692 2900 863 2956; x_wconf 89' lang='lat' dir='ltr'><strong>locuti</strong></span> <span class='ocrx_word' id='word_1_349' title='bbox 890 2900 1142 2957; x_wconf 77' lang='lat' dir='ltr'><strong>fuerant:</strong></span> <span class='ocrx_word' id='word_1_350' title='bbox 1177 2897 1378 2962; x_wconf 76' lang='lat' dir='ltr'><strong>Venite.</strong></span> <span class='ocrx_word' id='word_1_351' title='bbox 1400 2899 1746 2954; x_wconf 72' lang='lat' dir='ltr'><strong>ostendamus</strong></span> <span class='ocrx_word' id='word_1_352' title='bbox 1769 2899 1823 2951; x_wconf 85' lang='lat' dir='ltr'><strong>in</strong></span> <span class='ocrx_word' id='word_1_353' title='bbox 1852 2906 2079 2951; x_wconf 83' lang='lat' dir='ltr'><strong>montem</strong></span> 
     </span>
    </p>
   </div>
   <div class='ocr_carea' id='block_1_47' title="bbox 471 2989 2082 3059">
    <p class='ocr_par' dir='ltr' id='par_1_47' title="bbox 471 2989 2082 3059">
     <span class='ocr_line' id='line_1_47' title="bbox 471 2989 2082 3059; baseline -0.001 -15"><span class='ocrx_word' id='word_1_354' title='bbox 471 2989 710 3059; x_wconf 81' lang='lat' dir='ltr'><strong>Domini,</strong></span> <span class='ocrx_word' id='word_1_355' title='bbox 733 3002 779 3047; x_wconf 90' lang='lat' dir='ltr'><strong>et</strong></span> <span class='ocrx_word' id='word_1_356' title='bbox 804 2993 860 3046; x_wconf 85' lang='lat' dir='ltr'><strong>in</strong></span> <span class='ocrx_word' id='word_1_357' title='bbox 879 2992 1091 3047; x_wconf 81' lang='lat' dir='ltr'><strong>domum</strong></span> <span class='ocrx_word' id='word_1_358' title='bbox 1116 2990 1213 3046; x_wconf 87' lang='lat' dir='ltr'><strong>Dei</strong></span> <span class='ocrx_word' id='word_1_359' title='bbox 1238 2989 1436 3055; x_wconf 77' lang='lat' dir='ltr'><strong>Iacob;</strong></span> <span class='ocrx_word' id='word_1_360' title='bbox 1461 3000 1516 3045; x_wconf 88' lang='lat' dir='ltr'><strong>et</strong></span> <span class='ocrx_word' id='word_1_361' title='bbox 1535 2989 1740 3046; x_wconf 86' lang='lat' dir='ltr'><strong>addent</strong></span> <span class='ocrx_word' id='word_1_362' title='bbox 1766 3008 1779 3043; x_wconf 90' lang='lat'><strong>:</strong></span> <span class='ocrx_word' id='word_1_363' title='bbox 1802 2989 1873 3045; x_wconf 90' lang='lat' dir='ltr'><strong>Ut</strong></span> <span class='ocrx_word' id='word_1_364' title='bbox 1895 2997 2082 3045; x_wconf 84' lang='lat' dir='ltr'><strong>osten-</strong></span> 
     </span>
    </p>
   </div>
   <div class='ocr_carea' id='block_1_48' title="bbox 470 3081 2081 3155">
    <p class='ocr_par' dir='ltr' id='par_1_48' title="bbox 470 3081 2081 3155">
     <span class='ocr_line' id='line_1_48' title="bbox 470 3081 2081 3155; baseline -0.003 -14"><span class='ocrx_word' id='word_1_365' title='bbox 470 3083 608 3141; x_wconf 88' lang='lat' dir='ltr'><strong>dant</strong></span> <span class='ocrx_word' id='word_1_366' title='bbox 639 3084 798 3143; x_wconf 86' lang='lat' dir='ltr'><strong>nobis</strong></span> <span class='ocrx_word' id='word_1_367' title='bbox 825 3085 966 3140; x_wconf 83' lang='lat' dir='ltr'><strong>viam</strong></span> <span class='ocrx_word' id='word_1_368' title='bbox 997 3098 1178 3152; x_wconf 84' lang='lat' dir='ltr'><strong>suam,</strong></span> <span class='ocrx_word' id='word_1_369' title='bbox 1203 3098 1366 3155; x_wconf 89' lang='lat' dir='ltr'><strong>quam</strong></span> <span class='ocrx_word' id='word_1_370' title='bbox 1393 3083 1481 3139; x_wconf 83' lang='lat' dir='ltr'><strong>vel</strong></span> <span class='ocrx_word' id='word_1_371' title='bbox 1510 3083 1563 3138; x_wconf 92' lang='lat' dir='ltr'><strong>in</strong></span> <span class='ocrx_word' id='word_1_372' title='bbox 1588 3081 1817 3153; x_wconf 82' lang='lat' dir='ltr'><strong>Angelis</strong></span> <span class='ocrx_word' id='word_1_373' title='bbox 1839 3082 2081 3152; x_wconf 88' lang='lat' dir='ltr'><strong>intellige</strong></span> 
     </span>
    </p>
   </div>
   <div class='ocr_carea' id='block_1_49' title="bbox 2184 1861 3797 1933">
    <p class='ocr_par' dir='ltr' id='par_1_49' title="bbox 2184 1861 3797 1933">
     <span class='ocr_line' id='line_1_49' title="bbox 2184 1861 3797 1933; baseline 0 -16"><span class='ocrx_word' id='word_1_374' title='bbox 2184 1861 2370 1931; x_wconf 91' lang='lat' dir='ltr'><strong>cupiat</strong></span> <span class='ocrx_word' id='word_1_375' title='bbox 2412 1863 2750 1933; x_wconf 87' lang='lat' dir='ltr'><strong>spirituales,</strong></span> <span class='ocrx_word' id='word_1_376' title='bbox 2782 1872 2843 1918; x_wconf 93' lang='lat' dir='ltr'><strong>ut</strong></span> <span class='ocrx_word' id='word_1_377' title='bbox 2882 1862 3262 1919; x_wconf 80' lang='lat' dir='ltr'><strong>laborantibus</strong></span> <span class='ocrx_word' id='word_1_378' title='bbox 3302 1862 3448 1930; x_wconf 81' lang='lat' dir='ltr'><strong>aliis,</strong></span> <span class='ocrx_word' id='word_1_379' title='bbox 3486 1876 3591 1917; x_wconf 87' lang='lat' dir='ltr'><strong>nos</strong></span> <span class='ocrx_word' id='word_1_380' title='bbox 3618 1862 3797 1917; x_wconf 85' lang='lat' dir='ltr'><strong>intre-</strong></span> 
     </span>
    </p>
   </div>
   <div class='ocr_carea' id='block_1_50' title="bbox 2183 1953 3795 2019">
    <p class='ocr_par' dir='ltr' id='par_1_50' title="bbox 2183 1953 3795 2019">
     <span class='ocr_line' id='line_1_50' title="bbox 2183 1953 3795 2019; baseline -0.001 -10"><span class='ocrx_word' id='word_1_381' title='bbox 2183 1968 2306 2010; x_wconf 88' lang='lat' dir='ltr'><strong>mus</strong></span> <span class='ocrx_word' id='word_1_382' title='bbox 2329 1954 2381 2008; x_wconf 88' lang='lat' dir='ltr'><strong>in</strong></span> <span class='ocrx_word' id='word_1_383' title='bbox 2412 1954 2631 2011; x_wconf 87' lang='lat' dir='ltr'><strong>labores</strong></span> <span class='ocrx_word' id='word_1_384' title='bbox 2660 1969 2877 2019; x_wconf 87' lang='lat' dir='ltr'><strong>eorum,</strong></span> <span class='ocrx_word' id='word_1_385' title='bbox 2900 1963 2958 2011; x_wconf 90' lang='lat' dir='ltr'><strong>et</strong></span> <span class='ocrx_word' id='word_1_386' title='bbox 2985 1954 3198 2010; x_wconf 88' lang='lat' dir='ltr'><strong>dicatur</strong></span> <span class='ocrx_word' id='word_1_387' title='bbox 3226 1954 3295 2010; x_wconf 90' lang='lat' dir='ltr'><strong>de</strong></span> <span class='ocrx_word' id='word_1_388' title='bbox 3316 1953 3478 2011; x_wconf 83' lang='lat' dir='ltr'><strong>nobis</strong></span> <span class='ocrx_word' id='word_1_389' title='bbox 3507 1970 3522 2009; x_wconf 87' lang='lat'><strong>:</strong></span> <span class='ocrx_word' id='word_1_390' title='bbox 3559 1953 3795 2008; x_wconf 78' lang='lat' dir='ltr'><strong>Venien-</strong></span> 
     </span>
    </p>
   </div>
   <div class='ocr_carea' id='block_1_51' title="bbox 2184 2047 3796 2120">
    <p class='ocr_par' dir='ltr' id='par_1_51' title="bbox 2184 2047 3796 2120">
     <span class='ocr_line' id='line_1_51' title="bbox 2184 2047 3796 2120; baseline 0.001 -20"><span class='ocrx_word' id='word_1_391' title='bbox 2184 2055 2256 2103; x_wconf 83' lang='lat' dir='ltr'><strong>tes</strong></span> <span class='ocrx_word' id='word_1_392' title='bbox 2285 2056 2461 2103; x_wconf 83' lang='lat' dir='ltr'><strong>autem</strong></span> <span class='ocrx_word' id='word_1_393' title='bbox 2486 2050 2688 2105; x_wconf 83' lang='lat' dir='ltr'><strong>venient</strong></span> <span class='ocrx_word' id='word_1_394' title='bbox 2720 2050 2773 2105; x_wconf 87' lang='lat' dir='ltr'><strong>in</strong></span> <span class='ocrx_word' id='word_1_395' title='bbox 2799 2048 3171 2116; x_wconf 70' lang='lat' dir='ltr'><strong>exsultatione,</strong></span> <span class='ocrx_word' id='word_1_396' title='bbox 3194 2057 3463 2120; x_wconf 83' lang='lat' dir='ltr'><strong>portantes</strong></span> <span class='ocrx_word' id='word_1_397' title='bbox 3492 2047 3796 2119; x_wconf 80' lang='lat' dir='ltr'><strong>manipulos</strong></span> 
     </span>
    </p>
   </div>
   <div class='ocr_carea' id='block_1_52' title="bbox 2185 2141 3799 2216">
    <p class='ocr_par' dir='ltr' id='par_1_52' title="bbox 2185 2141 3799 2216">
     <span class='ocr_line' id='line_1_52' title="bbox 2185 2141 3799 2216; baseline 0.002 -19"><span class='ocrx_word' id='word_1_398' title='bbox 2185 2158 2312 2197; x_wconf 84' lang='lat' dir='ltr'><strong>suos</strong></span> <span class='ocrx_word' id='word_1_399' title='bbox 2336 2141 2460 2213; x_wconf 87' lang='lat' dir='ltr'><strong>(Ps.</strong></span> <span class='ocrx_word' id='word_1_400' title='bbox 2512 2159 2682 2213; x_wconf 79' lang='lat' dir='ltr'><strong>cxxv,</strong></span> <span class='ocrx_word' id='word_1_401' title='bbox 2739 2144 2818 2216; x_wconf 87' lang='lat'><strong>8).</strong></span> <span class='ocrx_word' id='word_1_402' title='bbox 2873 2143 3028 2200; x_wconf 86' lang='lat' dir='ltr'><strong>Nune</strong></span> <span class='ocrx_word' id='word_1_403' title='bbox 3070 2159 3232 2198; x_wconf 87' lang='lat' dir='ltr'><strong>nemo</strong></span> <span class='ocrx_word' id='word_1_404' title='bbox 3276 2155 3480 2215; x_wconf 86' lang='lat' dir='ltr'><strong>pugnat</strong></span> <span class='ocrx_word' id='word_1_405' title='bbox 3530 2143 3799 2200; x_wconf 75' lang='lat' dir='ltr'><strong>adversus</strong></span> 
     </span>
    </p>
   </div>
   <div class='ocr_carea' id='block_1_53' title="bbox 2181 2234 3799 2308">
    <p class='ocr_par' dir='ltr' id='par_1_53' title="bbox 2181 2234 3799 2308">
     <span class='ocr_line' id='line_1_53' title="bbox 2181 2234 3799 2308; baseline -0.001 -17"><span class='ocrx_word' id='word_1_406' title='bbox 2181 2236 2373 2300; x_wconf 85' lang='lat' dir='ltr'><strong>alium.</strong></span> <span class='ocrx_word' id='word_1_407' title='bbox 2423 2236 2547 2304; x_wconf 83' lang='lat' dir='ltr'><strong>quia</strong></span> <span class='ocrx_word' id='word_1_408' title='bbox 2597 2237 2871 2307; x_wconf 89' lang='lat' dir='ltr'><strong>legimus:</strong></span> <span class='ocrx_word' id='word_1_409' title='bbox 2906 2234 3060 2292; x_wconf 83' lang='lat' dir='ltr'><strong>Beati</strong></span> <span class='ocrx_word' id='word_1_410' title='bbox 3107 2235 3318 2308; x_wconf 77' lang='lat' dir='ltr'><strong>paciﬁci</strong></span> <span class='ocrx_word' id='word_1_411' title='bbox 3369 2234 3551 2307; x_wconf 71' lang='lat' dir='ltr'><strong>(Hau.</strong></span> <span class='ocrx_word' id='word_1_412' title='bbox 3607 2251 3662 2295; x_wconf 89' lang='lat' dir='ltr'><strong>v.</strong></span> <span class='ocrx_word' id='word_1_413' title='bbox 3710 2234 3799 2303; x_wconf 84' lang='lat'><strong>9).</strong></span> 
     </span>
    </p>
   </div>
   <div class='ocr_carea' id='block_1_54' title="bbox 2181 2329 3799 2399">
    <p class='ocr_par' dir='ltr' id='par_1_54' title="bbox 2181 2329 3799 2399">
     <span class='ocr_line' id='line_1_54' title="bbox 2181 2329 3799 2399; baseline -0.002 -11"><span class='ocrx_word' id='word_1_414' title='bbox 2181 2331 2353 2388; x_wconf 86' lang='lat' dir='ltr'><strong>Nemo</strong></span> <span class='ocrx_word' id='word_1_415' title='bbox 2371 2331 2534 2387; x_wconf 87' lang='lat' dir='ltr'><strong>discit</strong></span> <span class='ocrx_word' id='word_1_416' title='bbox 2557 2331 2893 2388; x_wconf 87' lang='lat' dir='ltr'><strong>contendere</strong></span> <span class='ocrx_word' id='word_1_417' title='bbox 2914 2331 2970 2387; x_wconf 89' lang='lat' dir='ltr'><strong>in</strong></span> <span class='ocrx_word' id='word_1_418' title='bbox 2991 2329 3408 2386; x_wconf 81' lang='lat' dir='ltr'><strong>subversionem</strong></span> <span class='ocrx_word' id='word_1_419' title='bbox 3429 2330 3799 2399; x_wconf 87' lang='lat' dir='ltr'><strong>audientium,</strong></span> 
     </span>
    </p>
   </div>
   <div class='ocr_carea' id='block_1_55' title="bbox 2178 2422 3803 2495">
    <p class='ocr_par' dir='ltr' id='par_1_55' title="bbox 2178 2422 3803 2495">
     <span class='ocr_line' id='line_1_55' title="bbox 2178 2422 3803 2495; baseline 0 -13"><span class='ocrx_word' id='word_1_420' title='bbox 2178 2422 2277 2482; x_wconf 83' lang='lat' dir='ltr'><strong>sed</strong></span> <span class='ocrx_word' id='word_1_421' title='bbox 2308 2423 2464 2494; x_wconf 91' lang='lat' dir='ltr'><strong>ponit</strong></span> <span class='ocrx_word' id='word_1_422' title='bbox 2494 2424 2776 2481; x_wconf 88' lang='lat' dir='ltr'><strong>silentium</strong></span> <span class='ocrx_word' id='word_1_423' title='bbox 2803 2424 2886 2480; x_wconf 88' lang='lat' dir='ltr'><strong>ori</strong></span> <span class='ocrx_word' id='word_1_424' title='bbox 2923 2440 3044 2491; x_wconf 86' lang='lat' dir='ltr'><strong>suo,</strong></span> <span class='ocrx_word' id='word_1_425' title='bbox 3087 2433 3146 2479; x_wconf 90' lang='lat' dir='ltr'><strong>et</strong></span> <span class='ocrx_word' id='word_1_426' title='bbox 3185 2431 3363 2490; x_wconf 83' lang='lat' dir='ltr'><strong>tacet;</strong></span> <span class='ocrx_word' id='word_1_427' title='bbox 3406 2424 3532 2492; x_wconf 88' lang='lat' dir='ltr'><strong>quia</strong></span> <span class='ocrx_word' id='word_1_428' title='bbox 3581 2432 3803 2495; x_wconf 78' lang='lat' dir='ltr'><strong>tempus</strong></span> 
     </span>
    </p>
   </div>
   <div class='ocr_carea' id='block_1_56' title="bbox 2183 2515 3803 2589">
    <p class='ocr_par' dir='ltr' id='par_1_56' title="bbox 2183 2515 3803 2589">
     <span class='ocr_line' id='line_1_56' title="bbox 2183 2515 3803 2589; baseline 0 -16"><span class='ocrx_word' id='word_1_429' title='bbox 2183 2518 2387 2573; x_wconf 85' lang='lat' dir='ltr'><strong>malum</strong></span> <span class='ocrx_word' id='word_1_430' title='bbox 2419 2524 2507 2573; x_wconf 83' lang='lat' dir='ltr'><strong>est</strong></span> <span class='ocrx_word' id='word_1_431' title='bbox 2532 2515 2657 2589; x_wconf 88' lang='lat' dir='ltr'><strong>(Ps.</strong></span> <span class='ocrx_word' id='word_1_432' title='bbox 2683 2516 2821 2587; x_wconf 84' lang='lat' dir='ltr'><strong>CIII).</strong></span> <span class='ocrx_word' id='word_1_433' title='bbox 2856 2518 2918 2572; x_wconf 85' lang='lat' dir='ltr'><strong>Et</strong></span> <span class='ocrx_word' id='word_1_434' title='bbox 2952 2517 3259 2588; x_wconf 83' lang='lat' dir='ltr'><strong>requiescet</strong></span> <span class='ocrx_word' id='word_1_435' title='bbox 3288 2517 3667 2589; x_wconf 88' lang='lat' dir='ltr'><strong>unusquisque</strong></span> <span class='ocrx_word' id='word_1_436' title='bbox 3692 2518 3803 2573; x_wconf 86' lang='lat' dir='ltr'><strong>sub</strong></span> 
     </span>
    </p>
   </div>
   <div class='ocr_carea' id='block_1_57' title="bbox 2189 2610 3801 2682">
    <p class='ocr_par' dir='ltr' id='par_1_57' title="bbox 2189 2610 3801 2682">
     <span class='ocr_line' id='line_1_57' title="bbox 2189 2610 3801 2682; baseline 0.001 -17"><span class='ocrx_word' id='word_1_437' title='bbox 2189 2611 2302 2666; x_wconf 89' lang='lat' dir='ltr'><strong>vite</strong></span> <span class='ocrx_word' id='word_1_438' title='bbox 2328 2626 2449 2676; x_wconf 85' lang='lat' dir='ltr'><strong>sua,</strong></span> <span class='ocrx_word' id='word_1_439' title='bbox 2473 2619 2531 2664; x_wconf 89' lang='lat' dir='ltr'><strong>ut</strong></span> <span class='ocrx_word' id='word_1_440' title='bbox 2561 2618 2775 2680; x_wconf 88' lang='lat' dir='ltr'><strong>premat</strong></span> <span class='ocrx_word' id='word_1_441' title='bbox 2797 2610 3002 2676; x_wconf 86' lang='lat' dir='ltr'><strong>viuum,</strong></span> <span class='ocrx_word' id='word_1_442' title='bbox 3021 2610 3165 2682; x_wconf 91' lang='lat' dir='ltr'><strong>quod</strong></span> <span class='ocrx_word' id='word_1_443' title='bbox 3190 2610 3465 2666; x_wconf 77' lang='lat' dir='ltr'><strong>csbilarat</strong></span> <span class='ocrx_word' id='word_1_444' title='bbox 3486 2626 3585 2667; x_wconf 87' lang='lat' dir='ltr'><strong>cor</strong></span> <span class='ocrx_word' id='word_1_445' title='bbox 3613 2612 3801 2667; x_wconf 78' lang='lat' dir='ltr'><strong>horni—</strong></span> 
     </span>
    </p>
   </div>
   <div class='ocr_carea' id='block_1_58' title="bbox 2184 2703 3807 2778">
    <p class='ocr_par' dir='ltr' id='par_1_58' title="bbox 2184 2703 3807 2778">
     <span class='ocr_line' id='line_1_58' title="bbox 2184 2703 3807 2778; baseline 0.001 -19"><span class='ocrx_word' id='word_1_446' title='bbox 2184 2705 2289 2771; x_wconf 85' lang='lat' dir='ltr'><strong>nis,</strong></span> <span class='ocrx_word' id='word_1_447' title='bbox 2319 2703 2426 2761; x_wconf 88' lang='lat' dir='ltr'><strong>sub</strong></span> <span class='ocrx_word' id='word_1_448' title='bbox 2448 2704 2560 2759; x_wconf 86' lang='lat' dir='ltr'><strong>vite</strong></span> <span class='ocrx_word' id='word_1_449' title='bbox 2582 2704 2697 2771; x_wconf 89' lang='lat' dir='ltr'><strong>illa,</strong></span> <span class='ocrx_word' id='word_1_450' title='bbox 2722 2705 2881 2775; x_wconf 87' lang='lat' dir='ltr'><strong>cujus</strong></span> <span class='ocrx_word' id='word_1_451' title='bbox 2902 2705 3136 2776; x_wconf 77' lang='lat' dir='ltr'><strong>agricola</strong></span> <span class='ocrx_word' id='word_1_452' title='bbox 3160 2705 3325 2765; x_wconf 85' lang='lat' dir='ltr'><strong>Pater</strong></span> <span class='ocrx_word' id='word_1_453' title='bbox 3344 2714 3433 2761; x_wconf 85' lang='lat' dir='ltr'><strong>est</strong></span> <span class='ocrx_word' id='word_1_454' title='bbox 3455 2704 3640 2778; x_wconf 82' lang='lat' dir='ltr'><strong>(Joan.</strong></span> <span class='ocrx_word' id='word_1_455' title='bbox 3669 2710 3807 2778; x_wconf 70' lang='lat' dir='ltr'><strong>xv),</strong></span> 
     </span>
    </p>
   </div>
   <div class='ocr_carea' id='block_1_59' title="bbox 2182 2797 3803 2871">
    <p class='ocr_par' dir='ltr' id='par_1_59' title="bbox 2182 2797 3803 2871">
     <span class='ocr_line' id='line_1_59' title="bbox 2182 2797 3803 2871; baseline 0.004 -20"><span class='ocrx_word' id='word_1_456' title='bbox 2182 2806 2239 2852; x_wconf 91' lang='lat' dir='ltr'><strong>et</strong></span> <span class='ocrx_word' id='word_1_457' title='bbox 2266 2797 2367 2854; x_wconf 90' lang='lat' dir='ltr'><strong>sub</strong></span> <span class='ocrx_word' id='word_1_458' title='bbox 2397 2798 2499 2854; x_wconf 90' lang='lat' dir='ltr'><strong>licu</strong></span> <span class='ocrx_word' id='word_1_459' title='bbox 2518 2813 2614 2855; x_wconf 91' lang='lat' dir='ltr'><strong>sua</strong></span> <span class='ocrx_word' id='word_1_460' title='bbox 2641 2797 2821 2854; x_wconf 88' lang='lat' dir='ltr'><strong>dulcia</strong></span> <span class='ocrx_word' id='word_1_461' title='bbox 2845 2797 3089 2868; x_wconf 84' lang='lat' dir='ltr'><strong>Spiritus</strong></span> <span class='ocrx_word' id='word_1_462' title='bbox 3107 2798 3283 2855; x_wconf 83' lang='lat' dir='ltr'><strong>sancti</strong></span> <span class='ocrx_word' id='word_1_463' title='bbox 3307 2813 3467 2869; x_wconf 89' lang='lat' dir='ltr'><strong>poma</strong></span> <span class='ocrx_word' id='word_1_464' title='bbox 3494 2800 3803 2871; x_wconf 85' lang='lat' dir='ltr'><strong>decerpens</strong></span> 
     </span>
    </p>
   </div>
   <div class='ocr_carea' id='block_1_60' title="bbox 2182 2889 3801 2963">
    <p class='ocr_par' dir='ltr' id='par_1_60' title="bbox 2182 2889 3801 2963">
     <span class='ocr_line' id='line_1_60' title="bbox 2182 2889 3801 2963; baseline 0.002 -17"><span class='ocrx_word' id='word_1_465' title='bbox 2182 2889 2530 2955; x_wconf 84' lang='lat' dir='ltr'><strong>charitatem,</strong></span> <span class='ocrx_word' id='word_1_466' title='bbox 2560 2891 2842 2960; x_wconf 80' lang='lat' dir='ltr'><strong>gaudium,</strong></span> <span class='ocrx_word' id='word_1_467' title='bbox 2870 2904 3084 2961; x_wconf 87' lang='lat' dir='ltr'><strong>pacem,</strong></span> <span class='ocrx_word' id='word_1_468' title='bbox 3114 2901 3169 2947; x_wconf 87' lang='lat' dir='ltr'><strong>et</strong></span> <span class='ocrx_word' id='word_1_469' title='bbox 3199 2892 3427 2963; x_wconf 85' lang='lat' dir='ltr'><strong>reliqua.</strong></span> <span class='ocrx_word' id='word_1_470' title='bbox 3457 2891 3586 2948; x_wconf 67' lang='grc' dir='ltr'><strong>ιιωε</strong></span> <span class='ocrx_word' id='word_1_471' title='bbox 3612 2902 3801 2950; x_wconf 78' lang='lat' dir='ltr'><strong>autern</strong></span> 
     </span>
    </p>
   </div>
   <div class='ocr_carea' id='block_1_61' title="bbox 2182 2982 3799 3056">
    <p class='ocr_par' dir='ltr' id='par_1_61' title="bbox 2182 2982 3799 3056">
     <span class='ocr_line' id='line_1_61' title="bbox 2182 2982 3799 3056; baseline 0.002 -17"><span class='ocrx_word' id='word_1_472' title='bbox 2182 2986 2362 3039; x_wconf 87' lang='lat' dir='ltr'><strong>omnia</strong></span> <span class='ocrx_word' id='word_1_473' title='bbox 2391 2982 2667 3051; x_wconf 83' lang='lat' dir='ltr'><strong>accident,</strong></span> <span class='ocrx_word' id='word_1_474' title='bbox 2700 2985 3002 3041; x_wconf 86' lang='lat' dir='ltr'><strong>secundum</strong></span> <span class='ocrx_word' id='word_1_475' title='bbox 3024 2993 3319 3056; x_wconf 85' lang='lat' dir='ltr'><strong>utramque</strong></span> <span class='ocrx_word' id='word_1_476' title='bbox 3358 2984 3799 3055; x_wconf 74' lang='lat' dir='ltr'><strong>expositionem,</strong></span> 
     </span>
    </p>
   </div>
   <div class='ocr_carea' id='block_1_62' title="bbox 2184 3075 3805 3147">
    <p class='ocr_par' dir='ltr' id='par_1_62' title="bbox 2184 3075 3805 3147">
     <span class='ocr_line' id='line_1_62' title="bbox 2184 3075 3805 3147; baseline 0.004 -16"><span class='ocrx_word' id='word_1_477' title='bbox 2184 3078 2314 3143; x_wconf 86' lang='lat' dir='ltr'><strong>quia</strong></span> <span class='ocrx_word' id='word_1_478' title='bbox 2345 3075 2559 3132; x_wconf 90' lang='lat' dir='ltr'><strong>Domini</strong></span> <span class='ocrx_word' id='word_1_479' title='bbox 2589 3078 2756 3132; x_wconf 86' lang='lat' dir='ltr'><strong>verba</strong></span> <span class='ocrx_word' id='word_1_480' title='bbox 2781 3085 2911 3134; x_wconf 86' lang='lat' dir='ltr'><strong>sunt</strong></span> <span class='ocrx_word' id='word_1_481' title='bbox 2935 3092 3087 3144; x_wconf 89' lang='lat' dir='ltr'><strong>vera,</strong></span> <span class='ocrx_word' id='word_1_482' title='bbox 3108 3088 3162 3133; x_wconf 88' lang='lat' dir='ltr'><strong>et</strong></span> <span class='ocrx_word' id='word_1_483' title='bbox 3189 3079 3314 3147; x_wconf 72' lang='lat' dir='ltr'><strong>eius</strong></span> <span class='ocrx_word' id='word_1_484' title='bbox 3334 3078 3571 3145; x_wconf 63' lang='lat' dir='ltr'><strong>dixisse,</strong></span> <span class='ocrx_word' id='word_1_485' title='bbox 3596 3078 3805 3137; x_wconf 78' lang='lat' dir='ltr'><strong>fecisse</strong></span> 
     </span>
    </p>
   </div>
   <div class='ocr_carea' id='block_1_63' title="bbox 467 3170 3800 3247">
    <p class='ocr_par' dir='ltr' id='par_1_63' title="bbox 467 3170 3800 3247">
     <span class='ocr_line' id='line_1_63' title="bbox 467 3170 3800 3247; baseline -0.002 -13"><span class='ocrx_word' id='word_1_486' title='bbox 467 3176 728 3234; x_wconf 79' lang='lat' dir='ltr'><strong>Ecclesiis</strong></span> <span class='ocrx_word' id='word_1_487' title='bbox 778 3176 1238 3247; x_wconf 59' lang='lat' dir='ltr'><strong>praesidentibus,</strong></span> <span class='ocrx_word' id='word_1_488' title='bbox 1270 3176 1356 3231; x_wconf 88' lang='lat' dir='ltr'><strong>vel</strong></span> <span class='ocrx_word' id='word_1_489' title='bbox 1395 3176 1450 3230; x_wconf 90' lang='lat' dir='ltr'><strong>in</strong></span> <span class='ocrx_word' id='word_1_490' title='bbox 1490 3174 1793 3244; x_wconf 87' lang='lat' dir='ltr'><strong>Scripturis</strong></span> <span class='ocrx_word' id='word_1_491' title='bbox 1839 3176 2069 3241; x_wconf 87' lang='lat' dir='ltr'><strong>sanctis,</strong></span> <span class='ocrx_word' id='word_1_492' title='bbox 2100 3170 2150 3236; x_wconf 74' lang='grc' dir='ltr'><strong>ϐ</strong></span> <span class='ocrx_word' id='word_1_493' title='bbox 2176 3179 2281 3227; x_wconf 83' lang='lat' dir='ltr'><strong>est.</strong></span> <span class='ocrx_word' id='word_1_494' title='bbox 2306 3170 2510 3227; x_wconf 85' lang='lat' dir='ltr'><strong>Omnes</strong></span> <span class='ocrx_word' id='word_1_495' title='bbox 2554 3172 2740 3243; x_wconf 84' lang='lat' dir='ltr'><strong>populi</strong></span> <span class='ocrx_word' id='word_1_496' title='bbox 2790 3172 2971 3239; x_wconf 87' lang='lat' dir='ltr'><strong>ibunt,</strong></span> <span class='ocrx_word' id='word_1_497' title='bbox 3015 3174 3394 3242; x_wconf 79' lang='lat' dir='ltr'><strong>unusquisque</strong></span> <span class='ocrx_word' id='word_1_498' title='bbox 3434 3173 3489 3228; x_wconf 90' lang='lat' dir='ltr'><strong>in</strong></span> <span class='ocrx_word' id='word_1_499' title='bbox 3538 3173 3623 3228; x_wconf 89' lang='lat' dir='ltr'><strong>via</strong></span> <span class='ocrx_word' id='word_1_500' title='bbox 3652 3187 3800 3229; x_wconf 78' lang='lat' dir='ltr'><strong>sua:</strong></span> 
     </span>
    </p>
   </div>
   <div class='ocr_carea' id='block_1_64' title="bbox 472 3268 2070 3343">
    <p class='ocr_par' dir='ltr' id='par_1_64' title="bbox 472 3268 2070 3343">
     <span class='ocr_line' id='line_1_64' title="bbox 472 3268 2070 3343; baseline -0.003 -16"><span class='ocrx_word' id='word_1_501' title='bbox 472 3286 593 3343; x_wconf 68' lang='lat' dir='ltr'><strong>quae</strong></span> <span class='ocrx_word' id='word_1_502' title='bbox 637 3271 779 3327; x_wconf 86' lang='lat' dir='ltr'><strong>viam</strong></span> <span class='ocrx_word' id='word_1_503' title='bbox 811 3270 1024 3327; x_wconf 89' lang='lat' dir='ltr'><strong>Domini</strong></span> <span class='ocrx_word' id='word_1_504' title='bbox 1065 3270 1497 3343; x_wconf 65' lang='lat' dir='ltr'><strong>pracostendunt,</strong></span> <span class='ocrx_word' id='word_1_505' title='bbox 1531 3279 1588 3326; x_wconf 92' lang='lat' dir='ltr'><strong>et</strong></span> <span class='ocrx_word' id='word_1_506' title='bbox 1612 3285 1737 3325; x_wconf 91' lang='lat' dir='ltr'><strong>eum</strong></span> <span class='ocrx_word' id='word_1_507' title='bbox 1772 3268 1864 3337; x_wconf 90' lang='lat' dir='ltr'><strong>qui</strong></span> <span class='ocrx_word' id='word_1_508' title='bbox 1902 3268 2070 3324; x_wconf 89' lang='lat' dir='ltr'><strong>dicit:</strong></span> 
     </span>
    </p>
   </div>
   <div class='ocr_carea' id='block_1_65' title="bbox 472 3359 2077 3437">
    <p class='ocr_par' dir='ltr' id='par_1_65' title="bbox 472 3359 2077 3437">
     <span class='ocr_line' id='line_1_65' title="bbox 472 3359 2077 3437; baseline -0.001 -20"><span class='ocrx_word' id='word_1_509' title='bbox 472 3362 588 3434; x_wconf 82' lang='lat' dir='ltr'><strong>Ego</strong></span> <span class='ocrx_word' id='word_1_510' title='bbox 617 3380 734 3419; x_wconf 78' lang='lat' dir='ltr'><strong>sunt</strong></span> <span class='ocrx_word' id='word_1_511' title='bbox 757 3364 841 3419; x_wconf 78' lang='lat' dir='ltr'><strong>eis</strong></span> <span class='ocrx_word' id='word_1_512' title='bbox 872 3362 1070 3437; x_wconf 83' lang='lat' dir='ltr'><strong>(Joan.</strong></span> <span class='ocrx_word' id='word_1_513' title='bbox 1101 3379 1188 3419; x_wconf 75' lang='lat' dir='ltr'><strong>xiv</strong></span> <span class='ocrx_word' id='word_1_514' title='bbox 1204 3364 1248 3431; x_wconf 87' lang='lat'><strong>).</strong></span> <span class='ocrx_word' id='word_1_515' title='bbox 1292 3362 1359 3418; x_wconf 88' lang='lat' dir='ltr'><strong>Et</strong></span> <span class='ocrx_word' id='word_1_516' title='bbox 1388 3361 1732 3418; x_wconf 88' lang='lat' dir='ltr'><strong>ambulemus</strong></span> <span class='ocrx_word' id='word_1_517' title='bbox 1759 3359 1814 3417; x_wconf 93' lang='lat' dir='ltr'><strong>in</strong></span> <span class='ocrx_word' id='word_1_518' title='bbox 1862 3361 2077 3417; x_wconf 86' lang='lat' dir='ltr'><strong>semitis</strong></span> 
     </span>
    </p>
   </div>
   <div class='ocr_carea' id='block_1_66' title="bbox 468 3453 2076 3526">
    <p class='ocr_par' dir='ltr' id='par_1_66' title="bbox 468 3453 2076 3526">
     <span class='ocr_line' id='line_1_66' title="bbox 468 3453 2076 3526; baseline -0.002 -15"><span class='ocrx_word' id='word_1_519' title='bbox 468 3457 611 3523; x_wconf 81' lang='lat' dir='ltr'><strong>ejus.</strong></span> <span class='ocrx_word' id='word_1_520' title='bbox 636 3455 689 3512; x_wconf 86' lang='lat' dir='ltr'><strong>in</strong></span> <span class='ocrx_word' id='word_1_521' title='bbox 713 3456 996 3526; x_wconf 76' lang='lat' dir='ltr'><strong>Apostolis</strong></span> <span class='ocrx_word' id='word_1_522' title='bbox 1026 3455 1261 3525; x_wconf 80' lang='lat' dir='ltr'><strong>scilicet,</strong></span> <span class='ocrx_word' id='word_1_523' title='bbox 1292 3470 1388 3525; x_wconf 88' lang='lat' dir='ltr'><strong>per</strong></span> <span class='ocrx_word' id='word_1_524' title='bbox 1408 3469 1545 3526; x_wconf 88' lang='lat' dir='ltr'><strong>quos</strong></span> <span class='ocrx_word' id='word_1_525' title='bbox 1575 3455 1629 3510; x_wconf 88' lang='lat' dir='ltr'><strong>in</strong></span> <span class='ocrx_word' id='word_1_526' title='bbox 1652 3453 1929 3509; x_wconf 88' lang='lat' dir='ltr'><strong>Christuut</strong></span> <span class='ocrx_word' id='word_1_527' title='bbox 1956 3470 2076 3508; x_wconf 86' lang='lat' dir='ltr'><strong>cre-</strong></span> 
     </span>
    </p>
   </div>
   <div class='ocr_carea' id='block_1_67' title="bbox 468 3549 2071 3621">
    <p class='ocr_par' dir='ltr' id='par_1_67' title="bbox 468 3549 2071 3621">
     <span class='ocr_line' id='line_1_67' title="bbox 468 3549 2071 3621; baseline -0.001 -16"><span class='ocrx_word' id='word_1_528' title='bbox 468 3549 729 3606; x_wconf 86' lang='lat' dir='ltr'><strong>didimus.</strong></span> <span class='ocrx_word' id='word_1_529' title='bbox 781 3551 858 3607; x_wconf 92' lang='lat' dir='ltr'><strong>De</strong></span> <span class='ocrx_word' id='word_1_530' title='bbox 884 3550 1018 3608; x_wconf 89' lang='lat' dir='ltr'><strong>Sion</strong></span> <span class='ocrx_word' id='word_1_531' title='bbox 1048 3551 1192 3607; x_wconf 90' lang='lat' dir='ltr'><strong>enim</strong></span> <span class='ocrx_word' id='word_1_532' title='bbox 1245 3550 1334 3607; x_wconf 74' lang='lat' dir='ltr'><strong>lex</strong></span> <span class='ocrx_word' id='word_1_533' title='bbox 1376 3564 1601 3621; x_wconf 87' lang='lat' dir='ltr'><strong>egressa</strong></span> <span class='ocrx_word' id='word_1_534' title='bbox 1627 3559 1713 3605; x_wconf 90' lang='lat' dir='ltr'><strong>est</strong></span> <span class='ocrx_word' id='word_1_535' title='bbox 1743 3550 2071 3620; x_wconf 83' lang='lat' dir='ltr'><strong>spiritualis,</strong></span> 
     </span>
    </p>
   </div>
   <div class='ocr_carea' id='block_1_68' title="bbox 468 3642 2075 3713">
    <p class='ocr_par' dir='ltr' id='par_1_68' title="bbox 468 3642 2075 3713">
     <span class='ocr_line' id='line_1_68' title="bbox 468 3642 2075 3713; baseline 0.001 -17"><span class='ocrx_word' id='word_1_536' title='bbox 468 3651 524 3698; x_wconf 89' lang='lat' dir='ltr'><strong>et</strong></span> <span class='ocrx_word' id='word_1_537' title='bbox 553 3642 618 3698; x_wconf 87' lang='lat' dir='ltr'><strong>ad</strong></span> <span class='ocrx_word' id='word_1_538' title='bbox 645 3649 839 3712; x_wconf 84' lang='lat' dir='ltr'><strong>gentes</strong></span> <span class='ocrx_word' id='word_1_539' title='bbox 871 3643 966 3699; x_wconf 90' lang='lat' dir='ltr'><strong>Dei</strong></span> <span class='ocrx_word' id='word_1_540' title='bbox 993 3657 1179 3699; x_wconf 89' lang='lat' dir='ltr'><strong>sermo</strong></span> <span class='ocrx_word' id='word_1_541' title='bbox 1202 3642 1229 3683; x_wconf 73' lang='grc' dir='ltr'><strong>ιο</strong></span> <span class='ocrx_word' id='word_1_542' title='bbox 1257 3642 1513 3699; x_wconf 89' lang='lat' dir='ltr'><strong>transivit</strong></span> <span class='ocrx_word' id='word_1_543' title='bbox 1539 3642 1609 3697; x_wconf 91' lang='lat' dir='ltr'><strong>de</strong></span> <span class='ocrx_word' id='word_1_544' title='bbox 1631 3642 1958 3709; x_wconf 81' lang='lat' dir='ltr'><strong>Jerusalem,</strong></span> <span class='ocrx_word' id='word_1_545' title='bbox 1983 3644 2075 3713; x_wconf 89' lang='lat' dir='ltr'><strong>qui</strong></span> 
     </span>
    </p>
   </div>
   <div class='ocr_carea' id='block_1_69' title="bbox 465 3736 2077 3809">
    <p class='ocr_par' dir='ltr' id='par_1_69' title="bbox 465 3736 2077 3809">
     <span class='ocr_line' id='line_1_69' title="bbox 465 3736 2077 3809; baseline -0.001 -15"><span class='ocrx_word' id='word_1_546' title='bbox 465 3736 735 3808; x_wconf 83' lang='lat' dir='ltr'><strong>judicabit</strong></span> <span class='ocrx_word' id='word_1_547' title='bbox 777 3739 921 3794; x_wconf 89' lang='lat' dir='ltr'><strong>inter</strong></span> <span class='ocrx_word' id='word_1_548' title='bbox 950 3738 1182 3809; x_wconf 87' lang='lat' dir='ltr'><strong>populos</strong></span> <span class='ocrx_word' id='word_1_549' title='bbox 1208 3738 1410 3794; x_wconf 79' lang='lat' dir='ltr'><strong>multos</strong></span> <span class='ocrx_word' id='word_1_550' title='bbox 1451 3736 1637 3809; x_wconf 81' lang='lat' dir='ltr'><strong>(Joan.</strong></span> <span class='ocrx_word' id='word_1_551' title='bbox 1673 3754 1725 3804; x_wconf 80' lang='grc' dir='ltr'><strong>ν,</strong></span> <span class='ocrx_word' id='word_1_552' title='bbox 1753 3737 1884 3809; x_wconf 70' lang='lat'><strong>22):</strong></span> <span class='ocrx_word' id='word_1_553' title='bbox 1915 3737 2077 3793; x_wconf 89' lang='lat' dir='ltr'><strong>Pater</strong></span> 
     </span>
    </p>
   </div>
   <div class='ocr_carea' id='block_1_70' title="bbox 474 3829 2075 3901">
    <p class='ocr_par' dir='ltr' id='par_1_70' title="bbox 474 3829 2075 3901">
     <span class='ocr_line' id='line_1_70' title="bbox 474 3829 2075 3901; baseline 0 -14"><span class='ocrx_word' id='word_1_554' title='bbox 474 3833 620 3887; x_wconf 90' lang='lat' dir='ltr'><strong>enim</strong></span> <span class='ocrx_word' id='word_1_555' title='bbox 648 3847 813 3888; x_wconf 87' lang='lat' dir='ltr'><strong>omne</strong></span> <span class='ocrx_word' id='word_1_556' title='bbox 834 3829 1100 3901; x_wconf 86' lang='lat' dir='ltr'><strong>judicium</strong></span> <span class='ocrx_word' id='word_1_557' title='bbox 1128 3830 1280 3886; x_wconf 88' lang='lat' dir='ltr'><strong>dedit</strong></span> <span class='ocrx_word' id='word_1_558' title='bbox 1306 3831 1464 3886; x_wconf 89' lang='lat' dir='ltr'><strong>Filio.</strong></span> <span class='ocrx_word' id='word_1_559' title='bbox 1499 3832 1565 3886; x_wconf 87' lang='lat' dir='ltr'><strong>Et</strong></span> <span class='ocrx_word' id='word_1_560' title='bbox 1595 3831 1863 3899; x_wconf 80' lang='lat' dir='ltr'><strong>corripiet</strong></span> <span class='ocrx_word' id='word_1_561' title='bbox 1884 3841 2075 3901; x_wconf 85' lang='lat' dir='ltr'><strong>gentes</strong></span> 
     </span>
    </p>
   </div>
   <div class='ocr_carea' id='block_1_71' title="bbox 481 3922 2077 3995">
    <p class='ocr_par' dir='ltr' id='par_1_71' title="bbox 481 3922 2077 3995">
     <span class='ocr_line' id='line_1_71' title="bbox 481 3922 2077 3995; baseline 0.001 -19"><span class='ocrx_word' id='word_1_562' title='bbox 481 3935 504 3963; x_wconf 72' lang='grc' dir='ltr'><strong>ε</strong></span> <span class='ocrx_word' id='word_1_563' title='bbox 539 3924 736 3982; x_wconf 84' lang='lat' dir='ltr'><strong>multas</strong></span> <span class='ocrx_word' id='word_1_564' title='bbox 764 3938 935 3994; x_wconf 89' lang='lat' dir='ltr'><strong>usque</strong></span> <span class='ocrx_word' id='word_1_565' title='bbox 972 3923 1030 3980; x_wconf 90' lang='lat' dir='ltr'><strong>in</strong></span> <span class='ocrx_word' id='word_1_566' title='bbox 1061 3922 1413 3995; x_wconf 85' lang='lat' dir='ltr'><strong>longinquum</strong></span> <span class='ocrx_word' id='word_1_567' title='bbox 1447 3922 1574 3994; x_wconf 87' lang='lat' dir='ltr'><strong>(Ps.</strong></span> <span class='ocrx_word' id='word_1_568' title='bbox 1609 3938 1762 3988; x_wconf 74' lang='lat' dir='ltr'><strong>scut,</strong></span> <span class='ocrx_word' id='word_1_569' title='bbox 1806 3926 1865 3980; x_wconf 80' lang='lat' dir='ltr'><strong>ll</strong></span> <span class='ocrx_word' id='word_1_570' title='bbox 1895 3927 1945 3995; x_wconf 88' lang='lat'><strong>):</strong></span> <span class='ocrx_word' id='word_1_571' title='bbox 1973 3924 2077 3978; x_wconf 80' lang='lat' dir='ltr'><strong>Do-</strong></span> 
     </span>
    </p>
   </div>
   <div class='ocr_carea' id='block_1_72' title="bbox 473 4016 2076 4088">
    <p class='ocr_par' dir='ltr' id='par_1_72' title="bbox 473 4016 2076 4088">
     <span class='ocr_line' id='line_1_72' title="bbox 473 4016 2076 4088; baseline 0 -17"><span class='ocrx_word' id='word_1_572' title='bbox 473 4017 653 4072; x_wconf 87' lang='lat' dir='ltr'><strong>minus</strong></span> <span class='ocrx_word' id='word_1_573' title='bbox 681 4017 826 4072; x_wconf 87' lang='lat' dir='ltr'><strong>enim</strong></span> <span class='ocrx_word' id='word_1_574' title='bbox 848 4016 1217 4088; x_wconf 87' lang='lat' dir='ltr'><strong>apprehendit</strong></span> <span class='ocrx_word' id='word_1_575' title='bbox 1245 4018 1523 4087; x_wconf 86' lang='lat' dir='ltr'><strong>sapientes</strong></span> <span class='ocrx_word' id='word_1_576' title='bbox 1552 4018 1606 4072; x_wconf 93' lang='lat' dir='ltr'><strong>in</strong></span> <span class='ocrx_word' id='word_1_577' title='bbox 1631 4017 1833 4073; x_wconf 87' lang='lat' dir='ltr'><strong>astutia</strong></span> <span class='ocrx_word' id='word_1_578' title='bbox 1858 4032 2076 4083; x_wconf 89' lang='lat' dir='ltr'><strong>eorum,</strong></span> 
     </span>
    </p>
   </div>
   <div class='ocr_carea' id='block_1_73' title="bbox 471 4109 2077 4181">
    <p class='ocr_par' dir='ltr' id='par_1_73' title="bbox 471 4109 2077 4181">
     <span class='ocr_line' id='line_1_73' title="bbox 471 4109 2077 4181; baseline -0.001 -15"><span class='ocrx_word' id='word_1_579' title='bbox 471 4117 527 4166; x_wconf 86' lang='lat' dir='ltr'><strong>et</strong></span> <span class='ocrx_word' id='word_1_580' title='bbox 554 4109 812 4178; x_wconf 80' lang='lat' dir='ltr'><strong>cognovit</strong></span> <span class='ocrx_word' id='word_1_581' title='bbox 840 4110 1200 4180; x_wconf 80' lang='lat' dir='ltr'><strong>cogitationes</strong></span> <span class='ocrx_word' id='word_1_582' title='bbox 1227 4110 1581 4181; x_wconf 88' lang='lat' dir='ltr'><strong>sapientium,</strong></span> <span class='ocrx_word' id='word_1_583' title='bbox 1626 4109 1884 4180; x_wconf 88' lang='lat' dir='ltr'><strong>quoniam</strong></span> <span class='ocrx_word' id='word_1_584' title='bbox 1922 4126 2077 4165; x_wconf 67' lang='lat' dir='ltr'><strong>vana:</strong></span> 
     </span>
    </p>
   </div>
   <div class='ocr_carea' id='block_1_74' title="bbox 469 4201 2077 4278">
    <p class='ocr_par' dir='ltr' id='par_1_74' title="bbox 469 4201 2077 4278">
     <span class='ocr_line' id='line_1_74' title="bbox 469 4201 2077 4278; baseline 0.003 -19"><span class='ocrx_word' id='word_1_585' title='bbox 469 4211 617 4259; x_wconf 86' lang='lat' dir='ltr'><strong>sunt.</strong></span> <span class='ocrx_word' id='word_1_586' title='bbox 652 4201 926 4273; x_wconf 86' lang='lat' dir='ltr'><strong>Dijndicat</strong></span> <span class='ocrx_word' id='word_1_587' title='bbox 951 4213 1132 4260; x_wconf 87' lang='lat' dir='ltr'><strong>autem</strong></span> <span class='ocrx_word' id='word_1_588' title='bbox 1166 4205 1307 4260; x_wconf 90' lang='lat' dir='ltr'><strong>inter</strong></span> <span class='ocrx_word' id='word_1_589' title='bbox 1340 4205 1574 4276; x_wconf 87' lang='lat' dir='ltr'><strong>populos</strong></span> <span class='ocrx_word' id='word_1_590' title='bbox 1596 4207 1689 4276; x_wconf 88' lang='lat' dir='ltr'><strong>qui</strong></span> <span class='ocrx_word' id='word_1_591' title='bbox 1721 4207 1899 4263; x_wconf 87' lang='lat' dir='ltr'><strong>salute</strong></span> <span class='ocrx_word' id='word_1_592' title='bbox 1928 4206 2077 4278; x_wconf 88' lang='lat' dir='ltr'><strong>digni</strong></span> 
     </span>
    </p>
   </div>
   <div class='ocr_carea' id='block_1_75' title="bbox 471 4296 2077 4368">
    <p class='ocr_par' dir='ltr' id='par_1_75' title="bbox 471 4296 2077 4368">
     <span class='ocr_line' id='line_1_75' title="bbox 471 4296 2077 4368; baseline 0.003 -16"><span class='ocrx_word' id='word_1_593' title='bbox 471 4296 612 4364; x_wconf 88' lang='lat' dir='ltr'><strong>sint,</strong></span> <span class='ocrx_word' id='word_1_594' title='bbox 642 4306 699 4352; x_wconf 91' lang='lat' dir='ltr'><strong>et</strong></span> <span class='ocrx_word' id='word_1_595' title='bbox 728 4298 816 4365; x_wconf 87' lang='lat' dir='ltr'><strong>qui</strong></span> <span class='ocrx_word' id='word_1_596' title='bbox 846 4296 1078 4367; x_wconf 82' lang='lat' dir='ltr'><strong>indigni,</strong></span> <span class='ocrx_word' id='word_1_597' title='bbox 1124 4305 1181 4354; x_wconf 90' lang='lat' dir='ltr'><strong>et</strong></span> <span class='ocrx_word' id='word_1_598' title='bbox 1225 4298 1279 4354; x_wconf 87' lang='lat' dir='ltr'><strong>in</strong></span> <span class='ocrx_word' id='word_1_599' title='bbox 1318 4299 1437 4368; x_wconf 85' lang='lat' dir='ltr'><strong>ejus</strong></span> <span class='ocrx_word' id='word_1_600' title='bbox 1467 4300 1702 4355; x_wconf 88' lang='lat' dir='ltr'><strong>adventu</strong></span> <span class='ocrx_word' id='word_1_601' title='bbox 1758 4315 1922 4357; x_wconf 89' lang='lat' dir='ltr'><strong>omne</strong></span> <span class='ocrx_word' id='word_1_602' title='bbox 1958 4302 2077 4357; x_wconf 82' lang='lat' dir='ltr'><strong>bel-</strong></span> 
     </span>
    </p>
   </div>
   <div class='ocr_carea' id='block_1_76' title="bbox 472 4387 2075 4463">
    <p class='ocr_par' dir='ltr' id='par_1_76' title="bbox 472 4387 2075 4463">
     <span class='ocr_line' id='line_1_76' title="bbox 472 4387 2075 4463; baseline 0.002 -19"><span class='ocrx_word' id='word_1_603' title='bbox 472 4387 619 4444; x_wconf 87' lang='lat' dir='ltr'><strong>landi</strong></span> <span class='ocrx_word' id='word_1_604' title='bbox 651 4387 893 4444; x_wconf 82' lang='lat' dir='ltr'><strong>studium</strong></span> <span class='ocrx_word' id='word_1_605' title='bbox 925 4388 1243 4446; x_wconf 90' lang='lat' dir='ltr'><strong>conferetur</strong></span> <span class='ocrx_word' id='word_1_606' title='bbox 1273 4390 1339 4445; x_wconf 88' lang='lat' dir='ltr'><strong>ad</strong></span> <span class='ocrx_word' id='word_1_607' title='bbox 1389 4405 1578 4459; x_wconf 76' lang='lat' dir='ltr'><strong>pacem</strong></span> <span class='ocrx_word' id='word_1_608' title='bbox 1610 4388 1783 4463; x_wconf 87' lang='lat' dir='ltr'><strong>(Isai.</strong></span> <span class='ocrx_word' id='word_1_609' title='bbox 1814 4406 1870 4457; x_wconf 88' lang='grc' dir='ltr'><strong>ιι,</strong></span> <span class='ocrx_word' id='word_1_610' title='bbox 1900 4389 1986 4463; x_wconf 74' lang='grc'><strong>4).</strong></span> <span class='ocrx_word' id='word_1_611' title='bbox 2018 4393 2075 4447; x_wconf 91' lang='lat' dir='ltr'><strong>ln</strong></span> 
     </span>
    </p>
   </div>
   <div class='ocr_carea' id='block_1_77' title="bbox 472 4483 2073 4555">
    <p class='ocr_par' dir='ltr' id='par_1_77' title="bbox 472 4483 2073 4555">
     <span class='ocr_line' id='line_1_77' title="bbox 472 4483 2073 4555; baseline 0.004 -17"><span class='ocrx_word' id='word_1_612' title='bbox 472 4493 658 4540; x_wconf 84' lang='lat' dir='ltr'><strong>aratra</strong></span> <span class='ocrx_word' id='word_1_613' title='bbox 690 4483 854 4554; x_wconf 86' lang='lat' dir='ltr'><strong>gladii</strong></span> <span class='ocrx_word' id='word_1_614' title='bbox 893 4485 1273 4553; x_wconf 85' lang='lat' dir='ltr'><strong>mutabuntur,</strong></span> <span class='ocrx_word' id='word_1_615' title='bbox 1308 4486 1477 4542; x_wconf 71' lang='lat' dir='ltr'><strong>hastae</strong></span> <span class='ocrx_word' id='word_1_616' title='bbox 1497 4485 1771 4542; x_wconf 88' lang='lat' dir='ltr'><strong>cudentur</strong></span> <span class='ocrx_word' id='word_1_617' title='bbox 1801 4488 1854 4542; x_wconf 91' lang='lat' dir='ltr'><strong>in</strong></span> <span class='ocrx_word' id='word_1_618' title='bbox 1883 4486 2073 4555; x_wconf 47' lang='lat' dir='ltr'><strong>falces,</strong></span> 
     </span>
    </p>
   </div>
   <div class='ocr_carea' id='block_1_78' title="bbox 471 4565 2154 4653">
    <p class='ocr_par' dir='ltr' id='par_1_78' title="bbox 471 4565 2154 4653">
     <span class='ocr_line' id='line_1_78' title="bbox 471 4565 2154 4653; baseline 0.002 -20"><span class='ocrx_word' id='word_1_619' title='bbox 471 4593 604 4647; x_wconf 82' lang='lat' dir='ltr'><strong>gens</strong></span> <span class='ocrx_word' id='word_1_620' title='bbox 632 4579 838 4635; x_wconf 89' lang='lat' dir='ltr'><strong>bellare</strong></span> <span class='ocrx_word' id='word_1_621' title='bbox 870 4580 1080 4635; x_wconf 89' lang='lat' dir='ltr'><strong>desinet</strong></span> <span class='ocrx_word' id='word_1_622' title='bbox 1121 4589 1308 4635; x_wconf 90' lang='lat' dir='ltr'><strong>contra</strong></span> <span class='ocrx_word' id='word_1_623' title='bbox 1338 4590 1582 4650; x_wconf 87' lang='lat' dir='ltr'><strong>gentem.</strong></span> <span class='ocrx_word' id='word_1_624' title='bbox 1627 4580 1800 4638; x_wconf 87' lang='lat' dir='ltr'><strong>Nemo</strong></span> <span class='ocrx_word' id='word_1_625' title='bbox 1829 4598 2073 4653; x_wconf 85' lang='lat' dir='ltr'><strong>pugnare</strong></span> <span class='ocrx_word' id='word_1_626' title='bbox 2100 4565 2154 4626; x_wconf 83' lang='grc' dir='ltr'><strong>Ῑ)</strong></span> 
     </span>
    </p>
   </div>
   <div class='ocr_carea' id='block_1_79' title="bbox 471 4671 2075 4747">
    <p class='ocr_par' dir='ltr' id='par_1_79' title="bbox 471 4671 2075 4747">
     <span class='ocr_line' id='line_1_79' title="bbox 471 4671 2075 4747; baseline 0.002 -20"><span class='ocrx_word' id='word_1_627' title='bbox 471 4671 667 4735; x_wconf 86' lang='lat' dir='ltr'><strong>discet,</strong></span> <span class='ocrx_word' id='word_1_628' title='bbox 697 4671 973 4743; x_wconf 88' lang='lat' dir='ltr'><strong>pugnandi</strong></span> <span class='ocrx_word' id='word_1_629' title='bbox 1005 4675 1333 4730; x_wconf 88' lang='lat' dir='ltr'><strong>necessitate</strong></span> <span class='ocrx_word' id='word_1_630' title='bbox 1354 4676 1624 4747; x_wconf 84' lang='lat' dir='ltr'><strong>deposita.</strong></span> <span class='ocrx_word' id='word_1_631' title='bbox 1655 4673 1939 4746; x_wconf 76' lang='lat' dir='ltr'><strong>Tantaque</strong></span> <span class='ocrx_word' id='word_1_632' title='bbox 1967 4675 2075 4730; x_wconf 88' lang='lat' dir='ltr'><strong>erit</strong></span> 
     </span>
    </p>
   </div>
   <div class='ocr_carea' id='block_1_80' title="bbox 469 4766 2075 4836">
    <p class='ocr_par' dir='ltr' id='par_1_80' title="bbox 469 4766 2075 4836">
     <span class='ocr_line' id='line_1_80' title="bbox 469 4766 2075 4836; baseline 0.005 -19"><span class='ocrx_word' id='word_1_633' title='bbox 469 4766 713 4834; x_wconf 85' lang='lat' dir='ltr'><strong>requies,</strong></span> <span class='ocrx_word' id='word_1_634' title='bbox 760 4773 820 4820; x_wconf 89' lang='lat' dir='ltr'><strong>ut</strong></span> <span class='ocrx_word' id='word_1_635' title='bbox 866 4782 974 4821; x_wconf 84' lang='lat' dir='ltr'><strong>non</strong></span> <span class='ocrx_word' id='word_1_636' title='bbox 1025 4766 1205 4823; x_wconf 89' lang='lat' dir='ltr'><strong>solum</strong></span> <span class='ocrx_word' id='word_1_637' title='bbox 1253 4766 1305 4824; x_wconf 91' lang='lat' dir='ltr'><strong>in</strong></span> <span class='ocrx_word' id='word_1_638' title='bbox 1354 4767 1604 4836; x_wconf 84' lang='lat' dir='ltr'><strong>urbibus,</strong></span> <span class='ocrx_word' id='word_1_639' title='bbox 1658 4770 1754 4826; x_wconf 87' lang='lat' dir='ltr'><strong>sed</strong></span> <span class='ocrx_word' id='word_1_640' title='bbox 1798 4768 1851 4825; x_wconf 90' lang='lat' dir='ltr'><strong>in</strong></span> <span class='ocrx_word' id='word_1_641' title='bbox 1883 4768 2075 4825; x_wconf 87' lang='lat' dir='ltr'><strong>viculis</strong></span> 
     </span>
    </p>
   </div>
   <div class='ocr_carea' id='block_1_81' title="bbox 468 4858 2072 4932">
    <p class='ocr_par' dir='ltr' id='par_1_81' title="bbox 468 4858 2072 4932">
     <span class='ocr_line' id='line_1_81' title="bbox 468 4858 2072 4932; baseline 0.004 -22"><span class='ocrx_word' id='word_1_642' title='bbox 468 4870 686 4928; x_wconf 80' lang='lat' dir='ltr'><strong>quoque</strong></span> <span class='ocrx_word' id='word_1_643' title='bbox 701 4865 756 4913; x_wconf 89' lang='lat' dir='ltr'><strong>et</strong></span> <span class='ocrx_word' id='word_1_644' title='bbox 779 4859 925 4929; x_wconf 84' lang='lat' dir='ltr'><strong>agris</strong></span> <span class='ocrx_word' id='word_1_645' title='bbox 952 4858 1027 4915; x_wconf 90' lang='lat' dir='ltr'><strong>sit</strong></span> <span class='ocrx_word' id='word_1_646' title='bbox 1049 4861 1423 4932; x_wconf 83' lang='lat' dir='ltr'><strong>unusquisque</strong></span> <span class='ocrx_word' id='word_1_647' title='bbox 1447 4875 1677 4917; x_wconf 86' lang='lat' dir='ltr'><strong>securus</strong></span> <span class='ocrx_word' id='word_1_648' title='bbox 1707 4879 1723 4918; x_wconf 87' lang='lat'><strong>:</strong></span> <span class='ocrx_word' id='word_1_649' title='bbox 1748 4871 1804 4916; x_wconf 90' lang='lat' dir='ltr'><strong>et</strong></span> <span class='ocrx_word' id='word_1_650' title='bbox 1828 4862 1933 4916; x_wconf 90' lang='lat' dir='ltr'><strong>hoc</strong></span> <span class='ocrx_word' id='word_1_651' title='bbox 1958 4863 2072 4928; x_wconf 87' lang='lat' dir='ltr'><strong>fiet,</strong></span> 
     </span>
    </p>
   </div>
   <div class='ocr_carea' id='block_1_82' title="bbox 468 4946 2076 5027">
    <p class='ocr_par' dir='ltr' id='par_1_82' title="bbox 468 4946 2076 5027">
     <span class='ocr_line' id='line_1_82' title="bbox 468 4946 2076 5027; baseline 0.004 -24"><span class='ocrx_word' id='word_1_652' title='bbox 468 4950 593 5021; x_wconf 91' lang='lat' dir='ltr'><strong>quia</strong></span> <span class='ocrx_word' id='word_1_653' title='bbox 618 4965 679 5005; x_wconf 86' lang='lat' dir='ltr'><strong>os</strong></span> <span class='ocrx_word' id='word_1_654' title='bbox 695 4949 909 5007; x_wconf 91' lang='lat' dir='ltr'><strong>Domini</strong></span> <span class='ocrx_word' id='word_1_655' title='bbox 925 4950 1172 5008; x_wconf 88' lang='lat' dir='ltr'><strong>locutum</strong></span> <span class='ocrx_word' id='word_1_656' title='bbox 1193 4961 1295 5008; x_wconf 91' lang='lat' dir='ltr'><strong>est.</strong></span> <span class='ocrx_word' id='word_1_657' title='bbox 1319 4954 1399 5009; x_wconf 83' lang='lat' dir='ltr'><strong>Ac</strong></span> <span class='ocrx_word' id='word_1_658' title='bbox 1421 4955 1657 5023; x_wconf 90' lang='lat' dir='ltr'><strong>primum</strong></span> <span class='ocrx_word' id='word_1_659' title='bbox 1676 4946 1897 5027; x_wconf 82' lang='lat' dir='ltr'><strong>quidem</strong></span> <span class='ocrx_word' id='word_1_660' title='bbox 1914 4953 2076 5025; x_wconf 80' lang='lat' dir='ltr'><strong>juxta</strong></span> 
     </span>
    </p>
   </div>
   <div class='ocr_carea' id='block_1_83' title="bbox 466 5044 2077 5120">
    <p class='ocr_par' dir='ltr' id='par_1_83' title="bbox 466 5044 2077 5120">
     <span class='ocr_line' id='line_1_83' title="bbox 466 5044 2077 5120; baseline 0.003 -20"><span class='ocrx_word' id='word_1_661' title='bbox 466 5044 732 5114; x_wconf 79' lang='lat' dir='ltr'><strong>litteram,</strong></span> <span class='ocrx_word' id='word_1_662' title='bbox 750 5056 1038 5120; x_wconf 88' lang='lat' dir='ltr'><strong>antequam</strong></span> <span class='ocrx_word' id='word_1_663' title='bbox 1061 5057 1380 5105; x_wconf 84' lang='lat' dir='ltr'><strong>nasceretur</strong></span> <span class='ocrx_word' id='word_1_664' title='bbox 1393 5049 1551 5105; x_wconf 87' lang='lat' dir='ltr'><strong>nobis</strong></span> <span class='ocrx_word' id='word_1_665' title='bbox 1576 5064 1731 5117; x_wconf 87' lang='lat' dir='ltr'><strong>puer,</strong></span> <span class='ocrx_word' id='word_1_666' title='bbox 1749 5048 1907 5119; x_wconf 89' lang='lat' dir='ltr'><strong>cujus</strong></span> <span class='ocrx_word' id='word_1_667' title='bbox 1924 5049 2077 5119; x_wconf 90' lang='lat' dir='ltr'><strong>prin-</strong></span> 
     </span>
    </p>
   </div>
   <div class='ocr_carea' id='block_1_84' title="bbox 469 5139 2079 5211">
    <p class='ocr_par' dir='ltr' id='par_1_84' title="bbox 469 5139 2079 5211">
     <span class='ocr_line' id='line_1_84' title="bbox 469 5139 2079 5211; baseline 0 -15"><span class='ocrx_word' id='word_1_668' title='bbox 469 5139 683 5211; x_wconf 84' lang='lat' dir='ltr'><strong>cipatus</strong></span> <span class='ocrx_word' id='word_1_669' title='bbox 708 5141 762 5196; x_wconf 93' lang='lat' dir='ltr'><strong>in</strong></span> <span class='ocrx_word' id='word_1_670' title='bbox 787 5141 1018 5197; x_wconf 89' lang='lat' dir='ltr'><strong>humero</strong></span> <span class='ocrx_word' id='word_1_671' title='bbox 1060 5144 1199 5210; x_wconf 85' lang='lat' dir='ltr'><strong>ejus,</strong></span> <span class='ocrx_word' id='word_1_672' title='bbox 1227 5151 1372 5196; x_wconf 90' lang='lat' dir='ltr'><strong>totus</strong></span> <span class='ocrx_word' id='word_1_673' title='bbox 1390 5141 1545 5198; x_wconf 88' lang='lat' dir='ltr'><strong>orbis</strong></span> <span class='ocrx_word' id='word_1_674' title='bbox 1584 5141 1774 5211; x_wconf 89' lang='lat' dir='ltr'><strong>plenus</strong></span> <span class='ocrx_word' id='word_1_675' title='bbox 1805 5154 1923 5197; x_wconf 86' lang='lat' dir='ltr'><strong>erat</strong></span> <span class='ocrx_word' id='word_1_676' title='bbox 1952 5157 2079 5197; x_wconf 90' lang='lat' dir='ltr'><strong>san-</strong></span> 
     </span>
    </p>
   </div>
   <div class='ocr_carea' id='block_1_85' title="bbox 468 5234 2079 5309">
    <p class='ocr_par' dir='ltr' id='par_1_85' title="bbox 468 5234 2079 5309">
     <span class='ocr_line' id='line_1_85' title="bbox 468 5234 2079 5309; baseline 0.004 -21"><span class='ocrx_word' id='word_1_677' title='bbox 468 5234 656 5305; x_wconf 81' lang='lat' dir='ltr'><strong>guine,</strong></span> <span class='ocrx_word' id='word_1_678' title='bbox 670 5236 858 5307; x_wconf 77' lang='lat' dir='ltr'><strong>populi</strong></span> <span class='ocrx_word' id='word_1_679' title='bbox 882 5245 1073 5292; x_wconf 84' lang='lat' dir='ltr'><strong>contra</strong></span> <span class='ocrx_word' id='word_1_680' title='bbox 1094 5235 1345 5306; x_wconf 84' lang='lat' dir='ltr'><strong>populos,</strong></span> <span class='ocrx_word' id='word_1_681' title='bbox 1365 5249 1527 5307; x_wconf 83' lang='lat' dir='ltr'><strong>reges</strong></span> <span class='ocrx_word' id='word_1_682' title='bbox 1540 5244 1731 5291; x_wconf 84' lang='lat' dir='ltr'><strong>contra</strong></span> <span class='ocrx_word' id='word_1_683' title='bbox 1748 5251 1926 5309; x_wconf 87' lang='lat' dir='ltr'><strong>reges,</strong></span> <span class='ocrx_word' id='word_1_684' title='bbox 1941 5253 2079 5308; x_wconf 86' lang='lat' dir='ltr'><strong>gen-</strong></span> 
     </span>
    </p>
   </div>
   <div class='ocr_carea' id='block_1_86' title="bbox 468 5326 2080 5406">
    <p class='ocr_par' dir='ltr' id='par_1_86' title="bbox 468 5326 2080 5406">
     <span class='ocr_line' id='line_1_86' title="bbox 468 5326 2080 5406; baseline 0.004 -21"><span class='ocrx_word' id='word_1_685' title='bbox 468 5336 552 5387; x_wconf 87' lang='lat' dir='ltr'><strong>tes</strong></span> <span class='ocrx_word' id='word_1_686' title='bbox 574 5326 909 5387; x_wconf 87' lang='lat' dir='ltr'><strong>dimicabant</strong></span> <span class='ocrx_word' id='word_1_687' title='bbox 939 5331 1228 5388; x_wconf 80' lang='lat' dir='ltr'><strong>adversum</strong></span> <span class='ocrx_word' id='word_1_688' title='bbox 1255 5340 1468 5404; x_wconf 87' lang='lat' dir='ltr'><strong>gentes.</strong></span> <span class='ocrx_word' id='word_1_689' title='bbox 1504 5330 1745 5406; x_wconf 87' lang='lat' dir='ltr'><strong>Denique</strong></span> <span class='ocrx_word' id='word_1_690' title='bbox 1771 5332 1935 5391; x_wconf 88' lang='lat' dir='ltr'><strong>etiam</strong></span> <span class='ocrx_word' id='word_1_691' title='bbox 1965 5334 2080 5406; x_wconf 84' lang='lat' dir='ltr'><strong>ipsa</strong></span> 
     </span>
    </p>
   </div>
   <div class='ocr_carea' id='block_1_87' title="bbox 543 5507 2059 5580">
    <p class='ocr_par' dir='ltr' id='par_1_87' title="bbox 543 5507 2059 5580">
     <span class='ocr_line' id='line_1_87' title="bbox 543 5507 2059 5580; baseline 0.003 -16"><span class='ocrx_word' id='word_1_692' title='bbox 543 5516 568 5544; x_wconf 72' lang='grc' dir='ltr'>η</span> <span class='ocrx_word' id='word_1_693' title='bbox 587 5507 960 5580; x_wconf 65' lang='lat' dir='ltr'><strong>Expuusimus</strong></span> <span class='ocrx_word' id='word_1_694' title='bbox 974 5511 1059 5567; x_wconf 79' lang='lat' dir='ltr'><strong>hic</strong></span> <span class='ocrx_word' id='word_1_695' title='bbox 1080 5509 1301 5567; x_wconf 71' lang='lat' dir='ltr'><strong>mlas</strong></span> <span class='ocrx_word' id='word_1_696' title='bbox 1314 5510 1392 5565; x_wconf 80' lang='lat' dir='ltr'><strong>ita</strong></span> <span class='ocrx_word' id='word_1_697' title='bbox 1411 5510 1541 5566; x_wconf 75' lang='lat' dir='ltr'><strong>eiad</strong></span> <span class='ocrx_word' id='word_1_698' title='bbox 1567 5522 1878 5568; x_wconf 80' lang='lat' dir='ltr'><strong>nostrorum</strong></span> <span class='ocrx_word' id='word_1_699' title='bbox 1896 5511 2059 5569; x_wconf 88' lang='lat' dir='ltr'><strong>codd.</strong></span> 
     </span>
    </p>
   </div>
   <div class='ocr_carea' id='block_1_88' title="bbox 466 5577 2059 5655">
    <p class='ocr_par' dir='ltr' id='par_1_88' title="bbox 466 5577 2059 5655">
     <span class='ocr_line' id='line_1_88' title="bbox 466 5577 2059 5655; baseline 0.002 -20"><span class='ocrx_word' id='word_1_700' title='bbox 466 5577 651 5655; x_wconf 71' lang='lat' dir='ltr'><strong>fiderit,</strong></span> <span class='ocrx_word' id='word_1_701' title='bbox 670 5577 997 5655; x_wconf 73' lang='lat' dir='ltr'><strong>septemque</strong></span> <span class='ocrx_word' id='word_1_702' title='bbox 1017 5583 1253 5638; x_wconf 83' lang='lat' dir='ltr'><strong>aliorum</strong></span> <span class='ocrx_word' id='word_1_703' title='bbox 1273 5597 1342 5639; x_wconf 78' lang='lat' dir='ltr'><strong>ex</strong></span> <span class='ocrx_word' id='word_1_704' title='bbox 1365 5580 1669 5655; x_wconf 84' lang='lat' dir='ltr'><strong>Florentia,</strong></span> <span class='ocrx_word' id='word_1_705' title='bbox 1692 5599 1833 5655; x_wconf 84' lang='lat' dir='ltr'><strong>quos</strong></span> <span class='ocrx_word' id='word_1_706' title='bbox 1855 5584 2059 5640; x_wconf 77' lang='lat' dir='ltr'><strong>Victor.</strong></span> 
     </span>
    </p>
   </div>
   <div class='ocr_carea' id='block_1_89' title="bbox 464 5653 2059 5733">
    <p class='ocr_par' dir='ltr' id='par_1_89' title="bbox 464 5653 2059 5733">
     <span class='ocr_line' id='line_1_89' title="bbox 464 5653 2059 5733; baseline 0.004 -28"><span class='ocrx_word' id='word_1_707' title='bbox 464 5653 760 5733; x_wconf 70' lang='lat' dir='ltr'><strong>consuluit.</strong></span> <span class='ocrx_word' id='word_1_708' title='bbox 790 5653 1169 5733; x_wconf 28' lang='lat' dir='ltr'><strong>Mox‘quoque</strong></span> <span class='ocrx_word' id='word_1_709' title='bbox 1191 5670 1281 5711; x_wconf 81' lang='lat' dir='ltr'><strong>seu</strong></span> <span class='ocrx_word' id='word_1_710' title='bbox 1310 5673 1364 5711; x_wconf 82' lang='lat' dir='ltr'><strong>se</strong></span> <span class='ocrx_word' id='word_1_711' title='bbox 1392 5654 1691 5727; x_wconf 69' lang='lat' dir='ltr'><strong>patibulum</strong></span> <span class='ocrx_word' id='word_1_712' title='bbox 1714 5653 1855 5715; x_wconf 71' lang='lat' dir='ltr'><strong>inse.</strong></span> <span class='ocrx_word' id='word_1_713' title='bbox 1886 5657 2059 5712; x_wconf 84' lang='lat' dir='ltr'><strong>nostri</strong></span> 
     </span>
    </p>
   </div>
   <div class='ocr_carea' id='block_1_90' title="bbox 465 5727 1192 5798">
    <p class='ocr_par' dir='ltr' id='par_1_90' title="bbox 465 5727 1192 5798">
     <span class='ocr_line' id='line_1_90' title="bbox 465 5727 1192 5798; baseline 0.01 -24"><span class='ocrx_word' id='word_1_714' title='bbox 465 5727 721 5798; x_wconf 68' lang='lat' dir='ltr'><strong>retinent,</strong></span> <span class='ocrx_word' id='word_1_715' title='bbox 758 5743 855 5796; x_wconf 90' lang='lat' dir='ltr'><strong>pro</strong></span> <span class='ocrx_word' id='word_1_716' title='bbox 877 5744 930 5781; x_wconf 87' lang='lat' dir='ltr'><strong>se</strong></span> <span class='ocrx_word' id='word_1_717' title='bbox 954 5727 1192 5798; x_wconf 82' lang='lat' dir='ltr'><strong>patibuli.</strong></span> 
     </span>
    </p>
   </div>
   <div class='ocr_carea' id='block_1_91' title="bbox 534 5790 2059 5873">
    <p class='ocr_par' dir='ltr' id='par_1_91' title="bbox 534 5790 2059 5873">
     <span class='ocr_line' id='line_1_91' title="bbox 534 5790 2059 5873; baseline 0.007 -25"><span class='ocrx_word' id='word_1_718' title='bbox 534 5790 561 5829; x_wconf 70' lang='grc' dir='ltr'><strong>ι’</strong></span> <span class='ocrx_word' id='word_1_719' title='bbox 606 5790 809 5853; x_wconf 79' lang='lat' dir='ltr'><strong>Victor.</strong></span> <span class='ocrx_word' id='word_1_720' title='bbox 842 5790 1098 5869; x_wconf 67' lang='lat' dir='ltr'><strong>transibit,</strong></span> <span class='ocrx_word' id='word_1_721' title='bbox 1148 5808 1272 5869; x_wconf 87' lang='lat' dir='ltr'><strong>post</strong></span> <span class='ocrx_word' id='word_1_722' title='bbox 1308 5814 1467 5871; x_wconf 88' lang='lat' dir='ltr'><strong>quem</strong></span> <span class='ocrx_word' id='word_1_723' title='bbox 1498 5816 1623 5857; x_wconf 81' lang='lat' dir='ltr'><strong>mox</strong></span> <span class='ocrx_word' id='word_1_724' title='bbox 1647 5801 1895 5859; x_wconf 90' lang='lat' dir='ltr'><strong>codicum</strong></span> <span class='ocrx_word' id='word_1_725' title='bbox 1919 5817 2059 5873; x_wconf 92' lang='lat' dir='ltr'><strong>quo-</strong></span> 
     </span>
    </p>
   </div>
   <div class='ocr_carea' id='block_1_92' title="bbox 2179 3265 3800 3323">
    <p class='ocr_par' dir='ltr' id='par_1_92' title="bbox 2179 3265 3800 3323">
     <span class='ocr_line' id='line_1_92' title="bbox 2179 3265 3800 3323; baseline 0.002 -4"><span class='ocrx_word' id='word_1_726' title='bbox 2179 3278 2284 3322; x_wconf 90' lang='lat' dir='ltr'><strong>nos</strong></span> <span class='ocrx_word' id='word_1_727' title='bbox 2309 3280 2441 3320; x_wconf 88' lang='lat' dir='ltr'><strong>vero</strong></span> <span class='ocrx_word' id='word_1_728' title='bbox 2461 3266 2865 3323; x_wconf 80' lang='lat' dir='ltr'><strong>ambulabimus</strong></span> <span class='ocrx_word' id='word_1_729' title='bbox 2896 3267 2949 3321; x_wconf 92' lang='lat' dir='ltr'><strong>in</strong></span> <span class='ocrx_word' id='word_1_730' title='bbox 2981 3266 3206 3323; x_wconf 86' lang='lat' dir='ltr'><strong>nomine</strong></span> <span class='ocrx_word' id='word_1_731' title='bbox 3235 3265 3452 3323; x_wconf 90' lang='lat' dir='ltr'><strong>Domini</strong></span> <span class='ocrx_word' id='word_1_732' title='bbox 3486 3265 3581 3322; x_wconf 91' lang='lat' dir='ltr'><strong>Dei</strong></span> <span class='ocrx_word' id='word_1_733' title='bbox 3616 3266 3800 3322; x_wconf 84' lang='lat' dir='ltr'><strong>nostri</strong></span> 
     </span>
    </p>
   </div>
   <div class='ocr_carea' id='block_1_93' title="bbox 2181 3358 3802 3430">
    <p class='ocr_par' dir='ltr' id='par_1_93' title="bbox 2181 3358 3802 3430">
     <span class='ocr_line' id='line_1_93' title="bbox 2181 3358 3802 3430; baseline 0.004 -20"><span class='ocrx_word' id='word_1_734' title='bbox 2181 3358 2232 3411; x_wconf 93' lang='lat' dir='ltr'><strong>in</strong></span> <span class='ocrx_word' id='word_1_735' title='bbox 2262 3358 2521 3415; x_wconf 59' lang='lat' dir='ltr'><strong>sarculum</strong></span> <span class='ocrx_word' id='word_1_736' title='bbox 2551 3368 2605 3415; x_wconf 90' lang='lat' dir='ltr'><strong>et</strong></span> <span class='ocrx_word' id='word_1_737' title='bbox 2641 3359 2805 3415; x_wconf 90' lang='lat' dir='ltr'><strong>ultra.</strong></span> <span class='ocrx_word' id='word_1_738' title='bbox 2853 3359 3104 3427; x_wconf 84' lang='lat' dir='ltr'><strong>Cunctis,</strong></span> <span class='ocrx_word' id='word_1_739' title='bbox 3137 3359 3429 3430; x_wconf 87' lang='lat' dir='ltr'><strong>inquiunt,</strong></span> <span class='ocrx_word' id='word_1_740' title='bbox 3474 3358 3802 3417; x_wconf 75' lang='lat' dir='ltr'><strong>nationibus</strong></span> 
     </span>
    </p>
   </div>
   <div class='ocr_carea' id='block_1_94' title="bbox 2179 3450 3804 3521">
    <p class='ocr_par' dir='ltr' id='par_1_94' title="bbox 2179 3450 3804 3521">
     <span class='ocr_line' id='line_1_94' title="bbox 2179 3450 3804 3521; baseline 0.002 -16"><span class='ocrx_word' id='word_1_741' title='bbox 2179 3450 2434 3506; x_wconf 90' lang='lat' dir='ltr'><strong>euntibus</strong></span> <span class='ocrx_word' id='word_1_742' title='bbox 2463 3451 2617 3520; x_wconf 79' lang='lat' dir='ltr'><strong>juxta</strong></span> <span class='ocrx_word' id='word_1_743' title='bbox 2654 3467 2901 3509; x_wconf 89' lang='lat' dir='ltr'><strong>errorem</strong></span> <span class='ocrx_word' id='word_1_744' title='bbox 2929 3467 3123 3521; x_wconf 85' lang='lat' dir='ltr'><strong>suum,</strong></span> <span class='ocrx_word' id='word_1_745' title='bbox 3170 3468 3272 3509; x_wconf 77' lang='lat' dir='ltr'><strong>nos</strong></span> <span class='ocrx_word' id='word_1_746' title='bbox 3311 3453 3378 3507; x_wconf 83' lang='lat' dir='ltr'><strong>ad</strong></span> <span class='ocrx_word' id='word_1_747' title='bbox 3411 3464 3655 3509; x_wconf 87' lang='lat' dir='ltr'><strong>montem</strong></span> <span class='ocrx_word' id='word_1_748' title='bbox 3687 3452 3804 3509; x_wconf 86' lang='lat' dir='ltr'><strong>Do—</strong></span> 
     </span>
    </p>
   </div>
   <div class='ocr_carea' id='block_1_95' title="bbox 2180 3544 3802 3613">
    <p class='ocr_par' dir='ltr' id='par_1_95' title="bbox 2180 3544 3802 3613">
     <span class='ocr_line' id='line_1_95' title="bbox 2180 3544 3802 3613; baseline 0.003 -15"><span class='ocrx_word' id='word_1_749' title='bbox 2180 3545 2311 3598; x_wconf 89' lang='lat' dir='ltr'><strong>mini</strong></span> <span class='ocrx_word' id='word_1_750' title='bbox 2345 3546 2750 3610; x_wconf 80' lang='lat' dir='ltr'><strong>festinavimus,</strong></span> <span class='ocrx_word' id='word_1_751' title='bbox 2785 3555 2842 3603; x_wconf 88' lang='lat' dir='ltr'><strong>et</strong></span> <span class='ocrx_word' id='word_1_752' title='bbox 2880 3546 3172 3603; x_wconf 78' lang='lat' dir='ltr'><strong>diximus:</strong></span> <span class='ocrx_word' id='word_1_753' title='bbox 3212 3544 3411 3613; x_wconf 76' lang='lat' dir='ltr'><strong>Venite,</strong></span> <span class='ocrx_word' id='word_1_754' title='bbox 3446 3547 3802 3603; x_wconf 63' lang='lat' dir='ltr'><strong>ascendentis</strong></span> 
     </span>
    </p>
   </div>
   <div class='ocr_carea' id='block_1_96' title="bbox 2178 3636 3798 3710">
    <p class='ocr_par' dir='ltr' id='par_1_96' title="bbox 2178 3636 3798 3710">
     <span class='ocr_line' id='line_1_96' title="bbox 2178 3636 3798 3710; baseline 0.002 -19"><span class='ocrx_word' id='word_1_755' title='bbox 2178 3637 2234 3691; x_wconf 81' lang='lat' dir='ltr'><strong>in</strong></span> <span class='ocrx_word' id='word_1_756' title='bbox 2256 3646 2479 3692; x_wconf 83' lang='lat' dir='ltr'><strong>montem</strong></span> <span class='ocrx_word' id='word_1_757' title='bbox 2503 3636 2737 3706; x_wconf 73' lang='lat' dir='ltr'><strong>Domini,</strong></span> <span class='ocrx_word' id='word_1_758' title='bbox 2766 3647 2816 3694; x_wconf 81' lang='lat' dir='ltr'><strong>et</strong></span> <span class='ocrx_word' id='word_1_759' title='bbox 2842 3639 2893 3693; x_wconf 83' lang='lat' dir='ltr'><strong>in</strong></span> <span class='ocrx_word' id='word_1_760' title='bbox 2914 3638 3128 3693; x_wconf 87' lang='lat' dir='ltr'><strong>domum</strong></span> <span class='ocrx_word' id='word_1_761' title='bbox 3147 3637 3245 3694; x_wconf 83' lang='lat' dir='ltr'><strong>Dei</strong></span> <span class='ocrx_word' id='word_1_762' title='bbox 3261 3636 3607 3710; x_wconf 76' lang='lat' dir='ltr'><strong>Jacob.(lsai.</strong></span> <span class='ocrx_word' id='word_1_763' title='bbox 3626 3653 3689 3705; x_wconf 85' lang='grc' dir='ltr'><strong>ιι,</strong></span> <span class='ocrx_word' id='word_1_764' title='bbox 3711 3638 3798 3710; x_wconf 73' lang='grc' dir='ltr'><strong>ὅ),</strong></span> 
     </span>
    </p>
   </div>
   <div class='ocr_carea' id='block_1_97' title="bbox 2178 3730 3798 3800">
    <p class='ocr_par' dir='ltr' id='par_1_97' title="bbox 2178 3730 3798 3800">
     <span class='ocr_line' id='line_1_97' title="bbox 2178 3730 3798 3800; baseline 0 -13"><span class='ocrx_word' id='word_1_765' title='bbox 2178 3739 2234 3787; x_wconf 87' lang='lat' dir='ltr'><strong>et</strong></span> <span class='ocrx_word' id='word_1_766' title='bbox 2262 3731 2668 3789; x_wconf 87' lang='lat' dir='ltr'><strong>ambulabimus</strong></span> <span class='ocrx_word' id='word_1_767' title='bbox 2700 3730 2753 3789; x_wconf 90' lang='lat' dir='ltr'><strong>in</strong></span> <span class='ocrx_word' id='word_1_768' title='bbox 2786 3732 3008 3789; x_wconf 84' lang='lat' dir='ltr'><strong>nomine</strong></span> <span class='ocrx_word' id='word_1_769' title='bbox 3058 3732 3265 3789; x_wconf 80' lang='lat' dir='ltr'><strong>Christi</strong></span> <span class='ocrx_word' id='word_1_770' title='bbox 3319 3731 3536 3789; x_wconf 85' lang='lat' dir='ltr'><strong>Domini</strong></span> <span class='ocrx_word' id='word_1_771' title='bbox 3588 3733 3798 3800; x_wconf 82' lang='lat' dir='ltr'><strong>nostri,</strong></span> 
     </span>
    </p>
   </div>
   <div class='ocr_carea' id='block_1_98' title="bbox 2178 3824 3799 3898">
    <p class='ocr_par' dir='ltr' id='par_1_98' title="bbox 2178 3824 3799 3898">
     <span class='ocr_line' id='line_1_98' title="bbox 2178 3824 3799 3898; baseline 0.001 -18"><span class='ocrx_word' id='word_1_772' title='bbox 2178 3824 2303 3895; x_wconf 87' lang='lat' dir='ltr'><strong>quia</strong></span> <span class='ocrx_word' id='word_1_773' title='bbox 2334 3827 2452 3894; x_wconf 88' lang='lat' dir='ltr'><strong>ipse</strong></span> <span class='ocrx_word' id='word_1_774' title='bbox 2476 3836 2554 3883; x_wconf 75' lang='lat' dir='ltr'><strong>eat</strong></span> <span class='ocrx_word' id='word_1_775' title='bbox 2591 3842 2750 3883; x_wconf 88' lang='lat' dir='ltr'><strong>mons</strong></span> <span class='ocrx_word' id='word_1_776' title='bbox 2777 3827 2869 3898; x_wconf 87' lang='lat' dir='ltr'><strong>qui</strong></span> <span class='ocrx_word' id='word_1_777' title='bbox 2904 3828 3050 3885; x_wconf 88' lang='lat' dir='ltr'><strong>Deus</strong></span> <span class='ocrx_word' id='word_1_778' title='bbox 3080 3838 3187 3884; x_wconf 86' lang='lat' dir='ltr'><strong>est.</strong></span> <span class='ocrx_word' id='word_1_779' title='bbox 3223 3828 3278 3884; x_wconf 89' lang='lat' dir='ltr'><strong>lu</strong></span> <span class='ocrx_word' id='word_1_780' title='bbox 3325 3828 3416 3885; x_wconf 87' lang='lat' dir='ltr'><strong>die</strong></span> <span class='ocrx_word' id='word_1_781' title='bbox 3463 3827 3550 3884; x_wconf 90' lang='lat' dir='ltr'><strong>illa</strong></span> <span class='ocrx_word' id='word_1_782' title='bbox 3602 3828 3655 3883; x_wconf 91' lang='lat' dir='ltr'><strong>in</strong></span> <span class='ocrx_word' id='word_1_783' title='bbox 3686 3840 3799 3898; x_wconf 87' lang='lat' dir='ltr'><strong>qua</strong></span> 
     </span>
    </p>
   </div>
   <div class='ocr_carea' id='block_1_99' title="bbox 2180 3918 3801 3992">
    <p class='ocr_par' dir='ltr' id='par_1_99' title="bbox 2180 3918 3801 3992">
     <span class='ocr_line' id='line_1_99' title="bbox 2180 3918 3801 3992; baseline 0.004 -21"><span class='ocrx_word' id='word_1_784' title='bbox 2180 3918 2377 3974; x_wconf 84' lang='lat' dir='ltr'><strong>lucebit</strong></span> <span class='ocrx_word' id='word_1_785' title='bbox 2423 3920 2502 3974; x_wconf 89' lang='lat' dir='ltr'><strong>sol</strong></span> <span class='ocrx_word' id='word_1_786' title='bbox 2553 3921 2800 3989; x_wconf 73' lang='lat' dir='ltr'><strong>iustitiae,</strong></span> <span class='ocrx_word' id='word_1_787' title='bbox 2850 3920 3270 3991; x_wconf 82' lang='lat' dir='ltr'><strong>congregabitur</strong></span> <span class='ocrx_word' id='word_1_788' title='bbox 3314 3921 3403 3977; x_wconf 88' lang='lat' dir='ltr'><strong>illa</strong></span> <span class='ocrx_word' id='word_1_789' title='bbox 3450 3936 3571 3992; x_wconf 68' lang='lat' dir='ltr'><strong>qua:</strong></span> <span class='ocrx_word' id='word_1_790' title='bbox 3615 3920 3801 3979; x_wconf 84' lang='lat' dir='ltr'><strong>fuerat</strong></span> 
     </span>
    </p>
   </div>
   <div class='ocr_carea' id='block_1_100' title="bbox 2178 4014 3796 4085">
    <p class='ocr_par' dir='ltr' id='par_1_100' title="bbox 2178 4014 3796 4085">
     <span class='ocr_line' id='line_1_100' title="bbox 2178 4014 3796 4085; baseline 0.004 -20"><span class='ocrx_word' id='word_1_791' title='bbox 2178 4022 2305 4068; x_wconf 85' lang='lat' dir='ltr'><strong>ante</strong></span> <span class='ocrx_word' id='word_1_792' title='bbox 2324 4015 2579 4079; x_wconf 75' lang='lat' dir='ltr'><strong>contrita,</strong></span> <span class='ocrx_word' id='word_1_793' title='bbox 2608 4026 2663 4071; x_wconf 91' lang='lat' dir='ltr'><strong>et</strong></span> <span class='ocrx_word' id='word_1_794' title='bbox 2684 4030 2811 4085; x_wconf 66' lang='lat' dir='ltr'><strong>quas</strong></span> <span class='ocrx_word' id='word_1_795' title='bbox 2833 4014 3061 4085; x_wconf 79' lang='lat' dir='ltr'><strong>expulsa</strong></span> <span class='ocrx_word' id='word_1_796' title='bbox 3090 4026 3235 4080; x_wconf 85' lang='lat' dir='ltr'><strong>erat,</strong></span> <span class='ocrx_word' id='word_1_797' title='bbox 3260 4015 3613 4085; x_wconf 79' lang='lat' dir='ltr'><strong>suscipietur,</strong></span> <span class='ocrx_word' id='word_1_798' title='bbox 3643 4028 3700 4071; x_wconf 91' lang='lat' dir='ltr'><strong>et</strong></span> <span class='ocrx_word' id='word_1_799' title='bbox 3720 4016 3796 4072; x_wconf 81' lang='lat' dir='ltr'><strong>ad</strong></span> 
     </span>
    </p>
   </div>
   <div class='ocr_carea' id='block_1_101' title="bbox 2180 4103 3793 4179">
    <p class='ocr_par' dir='ltr' id='par_1_101' title="bbox 2180 4103 3793 4179">
     <span class='ocr_line' id='line_1_101' title="bbox 2180 4103 3793 4179; baseline 0.002 -20"><span class='ocrx_word' id='word_1_800' title='bbox 2180 4103 2285 4160; x_wconf 86' lang='lat' dir='ltr'><strong>hoc</strong></span> <span class='ocrx_word' id='word_1_801' title='bbox 2315 4106 2738 4178; x_wconf 78' lang='lat' dir='ltr'><strong>congregabitur</strong></span> <span class='ocrx_word' id='word_1_802' title='bbox 2769 4108 3026 4175; x_wconf 86' lang='lat' dir='ltr'><strong>contrita,</strong></span> <span class='ocrx_word' id='word_1_803' title='bbox 3059 4117 3120 4164; x_wconf 89' lang='lat' dir='ltr'><strong>ut</strong></span> <span class='ocrx_word' id='word_1_804' title='bbox 3147 4116 3386 4178; x_wconf 86' lang='lat' dir='ltr'><strong>ponatur</strong></span> <span class='ocrx_word' id='word_1_805' title='bbox 3419 4109 3472 4163; x_wconf 89' lang='lat' dir='ltr'><strong>in</strong></span> <span class='ocrx_word' id='word_1_806' title='bbox 3505 4107 3793 4179; x_wconf 80' lang='lat' dir='ltr'><strong>reliquias,</strong></span> 
     </span>
    </p>
   </div>
   <div class='ocr_carea' id='block_1_102' title="bbox 2179 4198 3799 4272">
    <p class='ocr_par' dir='ltr' id='par_1_102' title="bbox 2179 4198 3799 4272">
     <span class='ocr_line' id='line_1_102' title="bbox 2179 4198 3799 4272; baseline 0.003 -18"><span class='ocrx_word' id='word_1_807' title='bbox 2179 4208 2236 4254; x_wconf 89' lang='lat' dir='ltr'><strong>et</strong></span> <span class='ocrx_word' id='word_1_808' title='bbox 2279 4198 2545 4258; x_wconf 89' lang='lat' dir='ltr'><strong>derelicta</strong></span> <span class='ocrx_word' id='word_1_809' title='bbox 2595 4203 2647 4259; x_wconf 89' lang='lat' dir='ltr'><strong>iu</strong></span> <span class='ocrx_word' id='word_1_810' title='bbox 2681 4214 2899 4272; x_wconf 88' lang='lat' dir='ltr'><strong>gentem</strong></span> <span class='ocrx_word' id='word_1_811' title='bbox 2928 4203 3152 4260; x_wconf 85' lang='lat' dir='ltr'><strong>fortem.</strong></span> <span class='ocrx_word' id='word_1_812' title='bbox 3191 4202 3315 4259; x_wconf 86' lang='lat' dir='ltr'><strong>Nisi</strong></span> <span class='ocrx_word' id='word_1_813' title='bbox 3356 4202 3504 4261; x_wconf 86' lang='lat' dir='ltr'><strong>enim</strong></span> <span class='ocrx_word' id='word_1_814' title='bbox 3536 4203 3799 4261; x_wconf 66' lang='lat' dir='ltr'><strong>Dentium</strong></span> 
     </span>
    </p>
   </div>
   <div class='ocr_carea' id='block_1_103' title="bbox 2179 4296 3789 4371">
    <p class='ocr_par' dir='ltr' id='par_1_103' title="bbox 2179 4296 3789 4371">
     <span class='ocr_line' id='line_1_103' title="bbox 2179 4296 3789 4371; baseline 0.004 -22"><span class='ocrx_word' id='word_1_815' title='bbox 2179 4296 2394 4352; x_wconf 83' lang='lat' dir='ltr'><strong>sabaotlt</strong></span> <span class='ocrx_word' id='word_1_816' title='bbox 2423 4299 2714 4369; x_wconf 76' lang='lat' dir='ltr'><strong>reliquisset</strong></span> <span class='ocrx_word' id='word_1_817' title='bbox 2733 4299 2877 4354; x_wconf 84' lang='lat' dir='ltr'><strong>nobis</strong></span> <span class='ocrx_word' id='word_1_818' title='bbox 2895 4314 3086 4363; x_wconf 77' lang='lat' dir='ltr'><strong>semen,</strong></span> <span class='ocrx_word' id='word_1_819' title='bbox 3107 4301 3256 4371; x_wconf 78' lang='lat' dir='ltr'><strong>quasi</strong></span> <span class='ocrx_word' id='word_1_820' title='bbox 3276 4300 3507 4356; x_wconf 85' lang='lat' dir='ltr'><strong>Sodoma</strong></span> <span class='ocrx_word' id='word_1_821' title='bbox 3531 4316 3789 4368; x_wconf 75' lang='lat' dir='ltr'><strong>essentne,</strong></span> 
     </span>
    </p>
   </div>
   <div class='ocr_carea' id='block_1_104' title="bbox 2180 4390 3797 4467">
    <p class='ocr_par' dir='ltr' id='par_1_104' title="bbox 2180 4390 3797 4467">
     <span class='ocr_line' id='line_1_104' title="bbox 2180 4390 3797 4467; baseline 0.003 -24"><span class='ocrx_word' id='word_1_822' title='bbox 2180 4400 2226 4444; x_wconf 85' lang='lat' dir='ltr'><strong>et</strong></span> <span class='ocrx_word' id='word_1_823' title='bbox 2252 4391 2403 4461; x_wconf 83' lang='lat' dir='ltr'><strong>quasi</strong></span> <span class='ocrx_word' id='word_1_824' title='bbox 2435 4390 2727 4446; x_wconf 70' lang='lat' dir='ltr'><strong>Consors/ta</strong></span> <span class='ocrx_word' id='word_1_825' title='bbox 2782 4393 2974 4448; x_wconf 79' lang='lat' dir='ltr'><strong>similes</strong></span> <span class='ocrx_word' id='word_1_826' title='bbox 3016 4393 3295 4463; x_wconf 76' lang='lat' dir='ltr'><strong>fuissemus</strong></span> <span class='ocrx_word' id='word_1_827' title='bbox 3322 4393 3502 4467; x_wconf 85' lang='lat' dir='ltr'><strong>(Rom.</strong></span> <span class='ocrx_word' id='word_1_828' title='bbox 3547 4409 3624 4460; x_wconf 81' lang='lat' dir='ltr'><strong>ix,</strong></span> <span class='ocrx_word' id='word_1_829' title='bbox 3671 4392 3797 4466; x_wconf 70' lang='grc'><strong>29).</strong></span> 
     </span>
    </p>
   </div>
   <div class='ocr_carea' id='block_1_105' title="bbox 2182 4486 3797 4561">
    <p class='ocr_par' dir='ltr' id='par_1_105' title="bbox 2182 4486 3797 4561">
     <span class='ocr_line' id='line_1_105' title="bbox 2182 4486 3797 4561; baseline -0.002 -15"><span class='ocrx_word' id='word_1_830' title='bbox 2182 4486 2291 4546; x_wconf 87' lang='lat' dir='ltr'><strong>Sed</strong></span> <span class='ocrx_word' id='word_1_831' title='bbox 2317 4487 2471 4558; x_wconf 77' lang='lat' dir='ltr'><strong>juxta</strong></span> <span class='ocrx_word' id='word_1_832' title='bbox 2488 4487 2656 4561; x_wconf 63' lang='grc'><strong>478</strong></span> <span class='ocrx_word' id='word_1_833' title='bbox 2679 4488 3005 4545; x_wconf 82' lang='lat' dir='ltr'><strong>ilehraieum</strong></span> <span class='ocrx_word' id='word_1_834' title='bbox 3031 4488 3256 4559; x_wconf 88' lang='lat' dir='ltr'><strong>pulchre</strong></span> <span class='ocrx_word' id='word_1_835' title='bbox 3281 4506 3294 4542; x_wconf 85' lang='lat'><strong>:</strong></span> <span class='ocrx_word' id='word_1_836' title='bbox 3320 4486 3681 4561; x_wconf 83' lang='lat' dir='ltr'><strong>Congrcgabo,</strong></span> <span class='ocrx_word' id='word_1_837' title='bbox 3700 4488 3797 4542; x_wconf 58' lang='lat' dir='ltr'><strong>in-</strong></span> 
     </span>
    </p>
   </div>
   <div class='ocr_carea' id='block_1_106' title="bbox 2179 4580 3802 4658">
    <p class='ocr_par' dir='ltr' id='par_1_106' title="bbox 2179 4580 3802 4658">
     <span class='ocr_line' id='line_1_106' title="bbox 2179 4580 3802 4658; baseline -0.003 -18"><span class='ocrx_word' id='word_1_838' title='bbox 2179 4588 2319 4658; x_wconf 88' lang='lat' dir='ltr'><strong>quit,</strong></span> <span class='ocrx_word' id='word_1_839' title='bbox 2340 4585 2741 4647; x_wconf 77' lang='lat' dir='ltr'><strong>claudicantem,</strong></span> <span class='ocrx_word' id='word_1_840' title='bbox 2766 4592 2810 4636; x_wconf 83' lang='lat' dir='ltr'><strong>et</strong></span> <span class='ocrx_word' id='word_1_841' title='bbox 2838 4580 2949 4653; x_wconf 83' lang='lat' dir='ltr'><strong>[AL</strong></span> <span class='ocrx_word' id='word_1_842' title='bbox 2978 4581 3031 4635; x_wconf 88' lang='lat' dir='ltr'><strong>id</strong></span> <span class='ocrx_word' id='word_1_843' title='bbox 3058 4580 3155 4653; x_wconf 86' lang='lat' dir='ltr'><strong>est]</strong></span> <span class='ocrx_word' id='word_1_844' title='bbox 3174 4598 3288 4635; x_wconf 85' lang='lat' dir='ltr'><strong>eam</strong></span> <span class='ocrx_word' id='word_1_845' title='bbox 3311 4597 3427 4651; x_wconf 72' lang='lat' dir='ltr'><strong>qua:</strong></span> <span class='ocrx_word' id='word_1_846' title='bbox 3454 4582 3585 4635; x_wconf 87' lang='lat' dir='ltr'><strong>male</strong></span> <span class='ocrx_word' id='word_1_847' title='bbox 3605 4580 3802 4635; x_wconf 81' lang='lat' dir='ltr'><strong>ambu-</strong></span> 
     </span>
    </p>
   </div>
   <div class='ocr_carea' id='block_1_107' title="bbox 2178 4670 3803 4746">
    <p class='ocr_par' dir='ltr' id='par_1_107' title="bbox 2178 4670 3803 4746">
     <span class='ocr_line' id='line_1_107' title="bbox 2178 4670 3803 4746; baseline -0.006 -12"><span class='ocrx_word' id='word_1_848' title='bbox 2178 4681 2371 4734; x_wconf 73' lang='lat' dir='ltr'><strong>laverat</strong></span> <span class='ocrx_word' id='word_1_849' title='bbox 2402 4685 2456 4731; x_wconf 89' lang='lat' dir='ltr'><strong>et</strong></span> <span class='ocrx_word' id='word_1_850' title='bbox 2484 4677 2550 4730; x_wconf 86' lang='lat' dir='ltr'><strong>ad</strong></span> <span class='ocrx_word' id='word_1_851' title='bbox 2600 4690 2760 4746; x_wconf 89' lang='lat' dir='ltr'><strong>quam</strong></span> <span class='ocrx_word' id='word_1_852' title='bbox 2794 4673 2937 4729; x_wconf 82' lang='lat' dir='ltr'><strong>Elias</strong></span> <span class='ocrx_word' id='word_1_853' title='bbox 2988 4674 3205 4729; x_wconf 82' lang='lat' dir='ltr'><strong>dixerat</strong></span> <span class='ocrx_word' id='word_1_854' title='bbox 3235 4690 3250 4726; x_wconf 86' lang='lat'><strong>:</strong></span> <span class='ocrx_word' id='word_1_855' title='bbox 3289 4670 3564 4745; x_wconf 86' lang='lat' dir='ltr'><strong>Usquequo</strong></span> <span class='ocrx_word' id='word_1_856' title='bbox 3588 4672 3803 4727; x_wconf 84' lang='lat' dir='ltr'><strong>claudi-</strong></span> 
     </span>
    </p>
   </div>
   <div class='ocr_carea' id='block_1_108' title="bbox 2180 4771 3802 4847">
    <p class='ocr_par' dir='ltr' id='par_1_108' title="bbox 2180 4771 3802 4847">
     <span class='ocr_line' id='line_1_108' title="bbox 2180 4771 3802 4847; baseline -0.002 -15"><span class='ocrx_word' id='word_1_857' title='bbox 2180 4778 2309 4832; x_wconf 85' lang='lat' dir='ltr'><strong>catis</strong></span> <span class='ocrx_word' id='word_1_858' title='bbox 2341 4775 2436 4847; x_wconf 92' lang='lat' dir='ltr'><strong>(Ill</strong></span> <span class='ocrx_word' id='word_1_859' title='bbox 2465 4774 2593 4844; x_wconf 81' lang='lat' dir='ltr'><strong>Reg.</strong></span> <span class='ocrx_word' id='word_1_860' title='bbox 2624 4772 2815 4843; x_wconf 81' lang='lat' dir='ltr'><strong>xviii)?</strong></span> <span class='ocrx_word' id='word_1_861' title='bbox 2852 4772 3010 4843; x_wconf 90' lang='lat' dir='ltr'><strong>cujus</strong></span> <span class='ocrx_word' id='word_1_862' title='bbox 3050 4788 3146 4843; x_wconf 80' lang='lat' dir='ltr'><strong>pes</strong></span> <span class='ocrx_word' id='word_1_863' title='bbox 3176 4771 3583 4829; x_wconf 72' lang='lat' dir='ltr'><strong>scandalizatus</strong></span> <span class='ocrx_word' id='word_1_864' title='bbox 3617 4773 3802 4828; x_wconf 84' lang='lat' dir='ltr'><strong>luerat</strong></span> 
     </span>
    </p>
   </div>
   <div class='ocr_carea' id='block_1_109' title="bbox 2179 4862 3798 4935">
    <p class='ocr_par' dir='ltr' id='par_1_109' title="bbox 2179 4862 3798 4935">
     <span class='ocr_line' id='line_1_109' title="bbox 2179 4862 3798 4935; baseline -0.001 -14"><span class='ocrx_word' id='word_1_865' title='bbox 2179 4865 2456 4921; x_wconf 84' lang='lat' dir='ltr'><strong>abscissus</strong></span> <span class='ocrx_word' id='word_1_866' title='bbox 2477 4862 2676 4935; x_wconf 74' lang='lat' dir='ltr'><strong>(Mare.</strong></span> <span class='ocrx_word' id='word_1_867' title='bbox 2704 4862 2997 4933; x_wconf 80' lang='lat' dir='ltr'><strong>tx).Quam</strong></span> <span class='ocrx_word' id='word_1_868' title='bbox 3023 4864 3320 4935; x_wconf 80' lang='lat' dir='ltr'><strong>ejeceram,</strong></span> <span class='ocrx_word' id='word_1_869' title='bbox 3337 4872 3395 4919; x_wconf 86' lang='lat' dir='ltr'><strong>et</strong></span> <span class='ocrx_word' id='word_1_870' title='bbox 3420 4866 3507 4920; x_wconf 92' lang='lat' dir='ltr'><strong>cui</strong></span> <span class='ocrx_word' id='word_1_871' title='bbox 3532 4864 3798 4921; x_wconf 83' lang='lat' dir='ltr'><strong>dederam</strong></span> 
     </span>
    </p>
   </div>
   <div class='ocr_carea' id='block_1_110' title="bbox 2182 4955 3801 5032">
    <p class='ocr_par' dir='ltr' id='par_1_110' title="bbox 2182 4955 3801 5032">
     <span class='ocr_line' id='line_1_110' title="bbox 2182 4955 3801 5032; baseline -0.009 -17"><span class='ocrx_word' id='word_1_872' title='bbox 2182 4959 2424 5015; x_wconf 89' lang='lat' dir='ltr'><strong>libellum</strong></span> <span class='ocrx_word' id='word_1_873' title='bbox 2461 4955 2695 5026; x_wconf 90' lang='lat' dir='ltr'><strong>repudii,</strong></span> <span class='ocrx_word' id='word_1_874' title='bbox 2739 4955 2989 5028; x_wconf 83' lang='lat' dir='ltr'><strong>colligam</strong></span> <span class='ocrx_word' id='word_1_875' title='bbox 3024 4974 3038 5010; x_wconf 87' lang='lat'><strong>:</strong></span> <span class='ocrx_word' id='word_1_876' title='bbox 3072 4966 3128 5012; x_wconf 83' lang='lat' dir='ltr'><strong>et</strong></span> <span class='ocrx_word' id='word_1_877' title='bbox 3160 4972 3323 5032; x_wconf 88' lang='lat' dir='ltr'><strong>quam</strong></span> <span class='ocrx_word' id='word_1_878' title='bbox 3354 4955 3657 5013; x_wconf 76' lang='lat' dir='ltr'><strong>afﬂixerant</strong></span> <span class='ocrx_word' id='word_1_879' title='bbox 3704 4971 3801 5013; x_wconf 81' lang='lat' dir='ltr'><strong>ca-</strong></span> 
     </span>
    </p>
   </div>
   <div class='ocr_carea' id='block_1_111' title="bbox 2178 5050 3800 5127">
    <p class='ocr_par' dir='ltr' id='par_1_111' title="bbox 2178 5050 3800 5127">
     <span class='ocr_line' id='line_1_111' title="bbox 2178 5050 3800 5127; baseline -0.001 -15"><span class='ocrx_word' id='word_1_880' title='bbox 2178 5052 2524 5127; x_wconf 80' lang='lat' dir='ltr'><strong>plivitatibus</strong></span> <span class='ocrx_word' id='word_1_881' title='bbox 2548 5052 2739 5120; x_wconf 84' lang='lat' dir='ltr'><strong>variis,</strong></span> <span class='ocrx_word' id='word_1_882' title='bbox 2766 5050 2852 5107; x_wconf 78' lang='lat' dir='ltr'><strong>vel</strong></span> <span class='ocrx_word' id='word_1_883' title='bbox 2886 5052 3218 5108; x_wconf 81' lang='lat' dir='ltr'><strong>tradiderant</strong></span> <span class='ocrx_word' id='word_1_884' title='bbox 3249 5050 3470 5111; x_wconf 85' lang='lat' dir='ltr'><strong>diabolo</strong></span> <span class='ocrx_word' id='word_1_885' title='bbox 3500 5059 3556 5109; x_wconf 83' lang='lat' dir='ltr'><strong>et</strong></span> <span class='ocrx_word' id='word_1_886' title='bbox 3583 5051 3800 5123; x_wconf 86' lang='lat' dir='ltr'><strong>angelis</strong></span> 
     </span>
    </p>
   </div>
   <div class='ocr_carea' id='block_1_112' title="bbox 2176 5142 3801 5217">
    <p class='ocr_par' dir='ltr' id='par_1_112' title="bbox 2176 5142 3801 5217">
     <span class='ocr_line' id='line_1_112' title="bbox 2176 5142 3801 5217; baseline -0.001 -15"><span class='ocrx_word' id='word_1_887' title='bbox 2176 5148 2314 5217; x_wconf 80' lang='lat' dir='ltr'><strong>ejus.</strong></span> <span class='ocrx_word' id='word_1_888' title='bbox 2340 5144 2420 5201; x_wconf 80' lang='lat' dir='ltr'><strong>Ar.</strong></span> <span class='ocrx_word' id='word_1_889' title='bbox 2448 5161 2516 5200; x_wconf 88' lang='lat' dir='ltr'><strong>ne</strong></span> <span class='ocrx_word' id='word_1_890' title='bbox 2532 5145 2718 5200; x_wconf 86' lang='lat' dir='ltr'><strong>statim</strong></span> <span class='ocrx_word' id='word_1_891' title='bbox 2746 5144 2901 5201; x_wconf 87' lang='lat' dir='ltr'><strong>nobis</strong></span> <span class='ocrx_word' id='word_1_892' title='bbox 2930 5142 3161 5215; x_wconf 86' lang='lat' dir='ltr'><strong>diligens</strong></span> <span class='ocrx_word' id='word_1_893' title='bbox 3182 5144 3357 5200; x_wconf 84' lang='lat' dir='ltr'><strong>lector</strong></span> <span class='ocrx_word' id='word_1_894' title='bbox 3374 5153 3636 5215; x_wconf 89' lang='lat' dir='ltr'><strong>opponat.</strong></span> <span class='ocrx_word' id='word_1_895' title='bbox 3654 5158 3801 5215; x_wconf 88' lang='lat' dir='ltr'><strong>quo-</strong></span> 
     </span>
    </p>
   </div>
   <div class='ocr_carea' id='block_1_113' title="bbox 2178 5236 3796 5311">
    <p class='ocr_par' dir='ltr' id='par_1_113' title="bbox 2178 5236 3796 5311">
     <span class='ocr_line' id='line_1_113' title="bbox 2178 5236 3796 5311; baseline -0.001 -14"><span class='ocrx_word' id='word_1_896' title='bbox 2178 5240 2341 5297; x_wconf 90' lang='lat' dir='ltr'><strong>modo</strong></span> <span class='ocrx_word' id='word_1_897' title='bbox 2372 5246 2757 5311; x_wconf 84' lang='lat' dir='ltr'><strong>congregatam</strong></span> <span class='ocrx_word' id='word_1_898' title='bbox 2781 5236 2982 5293; x_wconf 87' lang='lat' dir='ltr'><strong>asseris</strong></span> <span class='ocrx_word' id='word_1_899' title='bbox 3022 5237 3450 5308; x_wconf 80' lang='lat' dir='ltr'><strong>claudicantem,</strong></span> <span class='ocrx_word' id='word_1_900' title='bbox 3486 5247 3542 5294; x_wconf 88' lang='lat' dir='ltr'><strong>et</strong></span> <span class='ocrx_word' id='word_1_901' title='bbox 3579 5239 3796 5296; x_wconf 75' lang='lat' dir='ltr'><strong>collec-</strong></span> 
     </span>
    </p>
   </div>
   <div class='ocr_carea' id='block_1_114' title="bbox 2180 5330 3798 5404">
    <p class='ocr_par' dir='ltr' id='par_1_114' title="bbox 2180 5330 3798 5404">
     <span class='ocr_line' id='line_1_114' title="bbox 2180 5330 3798 5404; baseline 0.001 -15"><span class='ocrx_word' id='word_1_902' title='bbox 2180 5343 2288 5390; x_wconf 92' lang='lat' dir='ltr'><strong>tam</strong></span> <span class='ocrx_word' id='word_1_903' title='bbox 2330 5348 2454 5392; x_wconf 89' lang='lat' dir='ltr'><strong>eam</strong></span> <span class='ocrx_word' id='word_1_904' title='bbox 2494 5347 2615 5403; x_wconf 80' lang='lat' dir='ltr'><strong>quae</strong></span> <span class='ocrx_word' id='word_1_905' title='bbox 2650 5330 2823 5389; x_wconf 87' lang='lat' dir='ltr'><strong>fuerat</strong></span> <span class='ocrx_word' id='word_1_906' title='bbox 2853 5332 3029 5404; x_wconf 90' lang='lat' dir='ltr'><strong>ejecta</strong></span> <span class='ocrx_word' id='word_1_907' title='bbox 3051 5373 3068 5402; x_wconf 92' lang='lat'><strong>,</strong></span> <span class='ocrx_word' id='word_1_908' title='bbox 3103 5347 3228 5389; x_wconf 89' lang='lat' dir='ltr'><strong>cum</strong></span> <span class='ocrx_word' id='word_1_909' title='bbox 3268 5331 3441 5391; x_wconf 74' lang='grc' dir='ltr'><strong>«ιιιόωὶ</strong></span> <span class='ocrx_word' id='word_1_910' title='bbox 3474 5330 3528 5390; x_wconf 89' lang='lat' dir='ltr'><strong>in</strong></span> <span class='ocrx_word' id='word_1_911' title='bbox 3558 5333 3798 5391; x_wconf 76' lang='lat' dir='ltr'><strong>infideli-</strong></span> 
     </span>
    </p>
   </div>
   <div class='ocr_carea' id='block_1_115' title="bbox 2170 5513 3794 5597">
    <p class='ocr_par' dir='ltr' id='par_1_115' title="bbox 2170 5513 3794 5597">
     <span class='ocr_line' id='line_1_115' title="bbox 2170 5513 3794 5597; baseline 0.004 -31"><span class='ocrx_word' id='word_1_912' title='bbox 2170 5528 2275 5597; x_wconf 80' lang='lat' dir='ltr'><strong>que</strong></span> <span class='ocrx_word' id='word_1_913' title='bbox 2305 5520 2620 5597; x_wconf 74' lang='lat' dir='ltr'><strong>nostrorum</strong></span> <span class='ocrx_word' id='word_1_914' title='bbox 2653 5513 2981 5570; x_wconf 83' lang='lat' dir='ltr'><strong>auctoritate</strong></span> <span class='ocrx_word' id='word_1_915' title='bbox 3002 5515 3265 5588; x_wconf 79' lang='lat' dir='ltr'><strong>judicabit</strong></span> <span class='ocrx_word' id='word_1_916' title='bbox 3291 5515 3544 5587; x_wconf 79' lang='lat' dir='ltr'><strong>tegimus,</strong></span> <span class='ocrx_word' id='word_1_917' title='bbox 3577 5530 3677 5588; x_wconf 90' lang='lat' dir='ltr'><strong>pro</strong></span> <span class='ocrx_word' id='word_1_918' title='bbox 3689 5516 3794 5588; x_wconf 83' lang='lat' dir='ltr'><strong>ju-</strong></span> 
     </span>
    </p>
   </div>
   <div class='ocr_carea' id='block_1_116' title="bbox 2170 5585 3795 5729">
    <p class='ocr_par' dir='ltr' id='par_1_116' title="bbox 2170 5585 3795 5729">
     <span class='ocr_line' id='line_1_116' title="bbox 2170 5585 3795 5729; baseline 0.009 -21"><span class='ocrx_word' id='word_1_919' title='bbox 2170 5585 2499 5729; x_wconf 39' lang='lat' dir='ltr'><strong>fhzéoltilenuo</strong></span> <span class='ocrx_word' id='word_1_920' title='bbox 2541 5659 2820 5714; x_wconf 85' lang='lat' dir='ltr'><strong>Victorius</strong></span> <span class='ocrx_word' id='word_1_921' title='bbox 2844 5671 2911 5713; x_wconf 80' lang='lat' dir='ltr'><strong>es</strong></span> <span class='ocrx_word' id='word_1_922' title='bbox 2947 5666 3187 5729; x_wconf 88' lang='lat' dir='ltr'><strong>utraque</strong></span> <span class='ocrx_word' id='word_1_923' title='bbox 3228 5658 3475 5717; x_wconf 79' lang='lat' dir='ltr'><strong>editione</strong></span> <span class='ocrx_word' id='word_1_924' title='bbox 3504 5660 3697 5718; x_wconf 63' lang='grc' dir='ltr'><strong>(ιι-αθ</strong></span> <span class='ocrx_word' id='word_1_925' title='bbox 3730 5672 3795 5717; x_wconf 82' lang='lat' dir='ltr'><strong>et</strong></span> 
     </span>
    </p>
   </div>
   <div class='ocr_carea' id='block_1_117' title="bbox 2167 5727 3795 5813">
    <p class='ocr_par' dir='ltr' id='par_1_117' title="bbox 2167 5727 3795 5813">
     <span class='ocr_line' id='line_1_117' title="bbox 2167 5727 3795 5813; baseline 0.003 -28"><span class='ocrx_word' id='word_1_926' title='bbox 2167 5727 2369 5813; x_wconf 40' lang='lat' dir='ltr'><strong>Latina.</strong></span> <span class='ocrx_word' id='word_1_927' title='bbox 2391 5730 2481 5787; x_wconf 90' lang='lat' dir='ltr'><strong>hic</strong></span> <span class='ocrx_word' id='word_1_928' title='bbox 2505 5730 2664 5786; x_wconf 83' lang='lat' dir='ltr'><strong>Mich.</strong></span> <span class='ocrx_word' id='word_1_929' title='bbox 2698 5730 2754 5795; x_wconf 73' lang='grc'><strong>4,</strong></span> <span class='ocrx_word' id='word_1_930' title='bbox 2782 5730 3004 5813; x_wconf 73' lang='lat' dir='ltr'><strong>junctis</strong></span> <span class='ocrx_word' id='word_1_931' title='bbox 3034 5727 3334 5790; x_wconf 64' lang='lat' dir='ltr'><strong>Florentiae</strong></span> <span class='ocrx_word' id='word_1_932' title='bbox 3360 5733 3649 5791; x_wconf 84' lang='lat' dir='ltr'><strong>codicibus</strong></span> <span class='ocrx_word' id='word_1_933' title='bbox 3695 5749 3795 5790; x_wconf 56' lang='lat' dir='ltr'><strong>re-</strong></span> 
     </span>
    </p>
   </div>
   <div class='ocr_carea' id='block_1_118' title="bbox 2168 5803 2898 5874">
    <p class='ocr_par' dir='ltr' id='par_1_118' title="bbox 2168 5803 2898 5874">
     <span class='ocr_line' id='line_1_118' title="bbox 2168 5803 2898 5874; baseline -0.001 -16"><span class='ocrx_word' id='word_1_934' title='bbox 2168 5804 2320 5872; x_wconf 87' lang='lat' dir='ltr'><strong>ponit</strong></span> <span class='ocrx_word' id='word_1_935' title='bbox 2344 5803 2526 5873; x_wconf 76' lang='lat' dir='ltr'><strong>fortes,</strong></span> <span class='ocrx_word' id='word_1_936' title='bbox 2558 5816 2655 5874; x_wconf 74' lang='lat' dir='ltr'><strong>pro</strong></span> <span class='ocrx_word' id='word_1_937' title='bbox 2681 5803 2898 5858; x_wconf 70' lang='lat' dir='ltr'><strong>multas.</strong></span> 
     </span>
    </p>
   </div>
  </div>
