4078 6342
296 220 443 279 “89

1058 213 1711 276 COMMENTARIORUM
1752 216 1818 277 IN
1858 207 2198 277 MlCﬂeEAM
2237 214 2369 273 LIB.
2412 215 2480 273 ll.
2520 214 2675 274 CAP.
2723 215 2813 273 lV.

3466 216 3608 275 H90

293 344 402 389 tate
427 336 815 404 permaneant?
837 334 1038 391 Audiat
1058 335 1126 391 de
1152 336 1322 405 prima
1346 334 1550 392 Christi
1573 334 1681 390 dici
1705 333 1891 389 Eccle—
1917 332 1972 397 Α
1996 341 2053 388 et
2081 331 2207 387 huic
2249 332 2435 387 simile
2478 330 2551 388 de
2581 333 2749 398 Isaia,
2800 332 3018 387 .lndazos
3069 340 3121 387 et
3163 346 3351 388 eorum
3399 335 3609 388 erroris

292 428 372 483 sia
400 444 524 500 qua:
553 427 793 485 credidit
823 444 892 485 ex
935 428 1166 496 .ludteis,
1195 428 1265 484 de
1292 444 1396 497 qua
1428 428 1646 484 luerunt
1674 436 1729 483 et
1754 429 1899 497 Apo-

290 522 461 589 stoli,
515 536 679 592 super
740 538 849 593 qua
905 521 961 578 in
991 522 1220 579 Actibus
1273 523 1663 591 Apostolorum
1724 521 1901 577 Lucas

292 615 562 672 describit
591 634 604 670 :
632 616 776 687 quod
813 617 866 671 in
915 632 1019 670 ttna
1060 616 1151 671 die
1191 615 1528 672 crediderint
1572 616 1674 670 tria
1707 614 1899 681 millia,

291 708 457 763 etiam
499 708 629 764 alibi
658 710 901 779 quinque
924 707 1091 763 millia
1116 707 1259 780 (Act.
1294 708 1373 779 tt),
1410 717 1462 764 et
1489 707 1557 763 de
1583 706 1778 778 quibus
1807 707 1900 763 Ja-

293 800 465 855 Cobus
495 800 737 870 loquitur
787 800 857 856 ad
905 800 1136 856 Paulum
1184 819 1196 855 :
1266 800 1447 869 Vides,
1499 801 1664 871 frater
1712 799 1901 865 Paule,

294 904 491 964 quanta
520 894 691 949 millia
712 895 817 950 sint
848 896 910 949 (le
932 893 1140 950 Iudaeis
1171 895 1519 963 credentium,
1552 906 1603 951 et
1637 911 1810 950 attines
1850 893 1906 947 hi

297 986 635 1043 cernulatores
656 986 812 1059 Legis
825 997 945 1042 sunt
973 986 1164 1061 (Ibid.,
1198 1004 1313 1056 xxi,
1343 987 1458 1059 ΞΟ).
1490 986 1599 1045 Sed
1623 997 1682 1044 et
1705 986 1908 1057 :igniii-

295 1082 533 1137 cantiam
583 1079 873 1138 considera
907 1082 1284 1153 prophetalem
1311 1100 1326 1137 ς
1358 1081 1475 1138 Non
1504 1081 1678 1149 dixit,
1707 1095 1905 1152 ponam

297 1173 699 1231 claudicantcm
728 1182 895 1230 totam
931 1174 1173 1242 salvam;
1200 1174 1299 1231 sed
1325 1191 1515 1247 ponam
1533 1174 1909 1229 claudicantem

297 1266 352 1322 in
380 1268 647 1337 reliquias,
679 1276 738 1323 ut
769 1268 1016 1340 reliquiae
1042 1279 1100 1326 et
1114 1269 1313 1326 electio
1338 1270 1501 1325 salvze
1525 1268 1678 1335 liant,
1708 1279 1760 1323 et
1786 1282 1907 1323 eam

297 1374 420 1430 quae
452 1360 818 1426 laboraverat,
854 1362 907 1417 in
935 1374 1156 1434 gentem
1188 1362 1492 1430 robustam,
1522 1361 1577 1418 in
1599 1376 1799 1417 nomen
1827 1360 1908 1415 vi-

298 1449 499 1508 dclicet
528 1450 923 1519 Christianum,
964 1454 1112 1524 quod
1160 1470 1266 1511 non
1297 1455 1533 1526 gladius,
1578 1469 1685 1509 non
1734 1456 1908 1525 ignes,

301 1560 411 1601 non
444 1555 716 1604 tormenta
755 1547 1113 1619 superabunt.
1159 1549 1296 1605 Vide
1325 1550 1483 1605 [idem
1521 1558 1574 1605 et
1602 1546 1911 1619 passionem

299 1637 622 1712 Martyrum,
645 1648 701 1695 et
730 1640 799 1696 de
826 1640 1048 1697 robusta
1079 1653 1244 1714 gente
1275 1656 1384 1698 non
1429 1641 1693 1711 ambiges.
1728 1640 1795 1695 Et
1825 1654 1913 1695 re-

2002 424 2248 482 hmredes
2280 424 2347 479 ad
2376 422 2529 479 mille
2559 440 2825 480 annorum
2857 426 3061 481 referre
3082 424 3372 496 imperium
3402 424 3609 481 Christi

2000 530 2165 589 atque
2192 528 2524 575 sanctorum.
2557 519 2627 574 Et
2654 519 2788 575 illud
2817 521 2961 590 quod
3003 520 3208 575 dicitur
3237 537 3254 575 :
3286 520 3479 575 Omnes
3516 537 3611 593 po-

2002 614 2114 685 puli
2143 612 2508 683 ambulabunt,
2542 614 2895 685 unusquisque
2926 615 2984 668 in
3019 614 3226 669 nomine
3266 612 3480 670 Domini
3515 614 3611 670 Dei

2002 708 2110 773 sui,
2138 710 2207 764 ita
2230 707 2602 776 interpretari,
2624 723 3069 777 unamquamque
3085 717 3301 780 gentem
3318 725 3442 765 cum
3466 709 3612 765 idolo

2004 816 2107 857 suo
2127 803 2396 873 torqueri,
2421 811 2480 857 et
2501 804 2640 857 mitti
2663 803 2717 857 in
2739 803 2917 874 ignem
2939 803 3128 859 a-terni
3150 805 3425 875 supplicii.
3445 804 3612 878 479

2009 892 2116 950 Sed
2148 910 2214 949 ex
2245 896 2714 965 consequentibus
2758 903 3064 966 arguuntur
3083 938 3098 965 ,
3139 911 3247 951 non
3274 897 3347 953 de
3375 897 3484 953 line
3510 912 3612 954 sae-

2009 987 2257 1044 culorum
2286 988 2390 1044 boc
2419 988 2550 1056 dici,
2582 989 2679 1046 sed
2717 990 2786 1045 de
2827 990 3007 1059 primo
3035 990 3269 1047 adventu
3295 990 3518 1063 Christi,
3557 995 3609 1049 in

2010 1095 2118 1150 quo
2139 1081 2478 1153 colliguntur
2507 1084 2759 1154 reliquim
2783 1084 3167 1153 claudicantis,
3201 1096 3257 1141 et
3278 1096 3466 1155 gentes
3488 1094 3615 1144 ante

2010 1175 2313 1230 salvantur.
2344 1176 2514 1247 Igitur
2543 1177 2716 1232 lsaias
2746 1178 3123 1249 hujuscemodi
3162 1182 3341 1248 posuit
3373 1182 3615 1237 testimo-

2014 1266 2161 1322 nium
2205 1283 2218 1320 :
2270 1267 2457 1325 Sermo
2494 1271 2583 1339 qui
2616 1273 2789 1340 fartus
2818 1280 2895 1325 est
2919 1270 2989 1323 ad
3016 1271 3218 1325 Isaiam
3248 1272 3417 1341 [ilium
3458 1274 3613 1329 Amos

2014 1361 2076 1414 tle
2097 1360 2128 1416 J
2139 1361 2245 1415 uda
2274 1370 2323 1416 et
2356 1359 2649 1417 Jerusalem
2688 1378 2707 1416 :
2735 1363 2984 1430 quiarerit
3013 1364 3068 1417 in
3098 1364 3391 1418 novissimis
3437 1365 3619 1420 diebus

2013 1455 2323 1526 manifestus
2357 1472 2503 1509 mons
2530 1453 2763 1517 Domini,
2795 1465 2845 1510 et
2872 1457 3061 1510 domus
3105 1455 3202 1510 Dei
3228 1473 3384 1529 super
3405 1459 3620 1512 summi-

2014 1555 2169 1602 tatem
2212 1549 2488 1609 montium,
2518 1558 2567 1603 et
2588 1548 2905 1603 exaltabitur
2926 1566 3084 1622 super
3120 1550 3303 1617 colles,
3335 1562 3383 1606 et
3420 1553 3623 1606 venient

2014 1639 2084 1692 ad
2103 1656 2220 1693 eum
2236 1656 2410 1694 omnes
2424 1650 2620 1713 gentes,
2644 1652 2693 1696 et
2708 1641 2857 1695 ibunt
2875 1643 3109 1697 nationes
3123 1644 3316 1710 multis,
3340 1654 3389 1699 et
3410 1645 3580 1714 dicent
3607 1660 3625 1700 :

299 1724 487 1802 gnahit
514 1732 776 1790 Dominus
802 1747 967 1805 super
1001 1750 1122 1800 eos,
1148 1734 1200 1789 id
1233 1744 1337 1802 est,
1365 1749 1530 1804 super
1549 1742 1740 1804 gentes
1773 1732 1907 1786 mul-
1939 1736 1987 1799 Β
2020 1732 2223 1801 Venite,
2239 1737 2579 1792 accendamus
2594 1738 2646 1792 in
2665 1750 2887 1793 montem
2903 1738 3134 1805 Domini,
3158 1741 3274 1793 etin
3301 1742 3508 1794 domum
3527 1738 3628 1793 Dei

303 1832 424 1892 tas,
451 1836 506 1880 et
533 1840 698 1894 super
743 1826 1001 1897 reliquias
1030 1826 1401 1883 claudicantes
1443 1828 1495 1881 in
1538 1835 1722 1882 monte
1752 1825 1907 1891 Sion,

303 1915 359 1973 in
398 1918 667 1985 Ecclesia,
693 1920 745 1975 in
778 1921 1019 1990 specula,
1047 1922 1099 1975 in
1124 1921 1594 1993 contemplatione
1622 1922 1905 1986 virtutum,

303 2029 333 2068 a
366 2014 626 2085 prmsenti
653 2015 879 2085 stecnlo,
911 2026 966 2072 et
989 2031 1164 2088 usque
1196 2017 1249 2072 in
1282 2014 1549 2072 futurum.
1594 2016 1649 2073 Si
1672 2017 1795 2087 quis
1817 2033 1913 2072 au-

305 2114 414 2164 tem
444 2108 679 2164 voluerit
708 2110 812 2165 hoc
842 2109 987 2183 quod
1019 2110 1221 2166 dicitur
1255 2129 1268 2165 :
1301 2109 1640 2184 Congregabo
1656 2126 1771 2165 eam
1797 2126 1912 2182 qua:

305 2204 528 2257 contrita
548 2202 672 2273 fuit,
701 2213 748 2258 et
779 2207 1000 2278 ejectum
1028 2204 1341 2276 suscipiam,
1370 2212 1427 2259 et
1448 2210 1670 2269 caetera,
1698 2202 1768 2259 de
1798 2203 1913 2258 ani-

306 2312 393 2352 ma
435 2296 668 2352 humana
701 2297 1013 2369 intelligere
1042 2297 1186 2369 quod
1218 2305 1346 2353 ante
1384 2296 1683 2352 adventum
1709 2294 1918 2351 Christi

306 2386 471 2443 variis
496 2388 842 2460 passionibus
874 2388 1137 2459 vitiisque
1184 2389 1461 2455 servierit,
1497 2397 1552 2443 et
1576 2388 1730 2460 quasi
1759 2401 1918 2444 erro-

308 2495 407 2536 nea
433 2489 487 2535 et
508 2479 755 2537 morbida
783 2481 903 2537 ovis
924 2481 1174 2551 luporum
1202 2482 1368 2537 fuerit
1393 2480 1594 2537 laniata
1622 2476 1915 2545 mor-ibus,

308 2587 414 2627 non
448 2570 658 2628 errabit
690 2591 703 2626 :
733 2570 861 2629 dum
896 2582 1076 2628 tamen
1104 2574 1315 2631 noverit
1344 2589 1486 2643 eam,
1519 2588 1644 2646 qua:
1685 2574 1921 2629 contrita

283 2662 485 2730 ,fuerat
509 2674 565 2720 et
596 2660 823 2732 afﬂiCta,
862 2665 963 2721 sub
987 2663 1204 2720 Domini
1238 2677 1423 2735 postea
1456 2680 1623 2737 regno
1661 2665 1920 2733 futuram,

307 2764 365 2810 et
395 2755 663 2812 vieturam
698 2756 749 2811 in
784 2754 940 2825 Sion,
981 2766 1037 2813 et
1081 2755 1149 2813 ad
1200 2758 1488 2827 pristinum
1521 2766 1762 2813 montem
1798 2758 1924 2813 boni

308 2850 542 2921 pastoris
576 2848 820 2907 humeris
852 2850 1239 2920 reportandam
1268 2850 1425 2923 (Luc.
1473 2852 1592 2925 xv).
1627 2851 1921 2909 Sciendum

310 2957 546 3015 quoque,
593 2953 648 2998 et
678 2942 781 2999 hoc
825 2940 1123 3014 capitulum
1156 2943 1301 3014 quod
1351 2960 1494 2999 nunc
1544 2948 1920 3015 exposuimus,

2011 1824 2197 1892 Jacob,
2211 1830 2602 1884 etannuntiabit
2620 1832 2768 1885 nobis
2784 1829 3096 1904 milia»:
3108 1842 3367 1899 nostram,
3386 1842 3433 1888 et
3445 1835 3631 1887 ambu-

2011 1917 2235 1975 labimus
2256 1920 2309 1974 in
2328 1934 2389 1975 ea
2408 1936 2425 1973 :
2455 1920 2521 1976 de
2540 1921 2671 1977 Sion
2700 1925 2833 1976 enim
2851 1923 3102 1991 exietlex,
3129 1935 3177 1980 et
3200 1924 3631 1980 rt'rbumDomuti

2015 2014 2079 2067 (le
2095 2010 2389 2069 Jerusalem
2410 2030 2431 2068 :
2458 2024 2507 2069 et
2528 2016 2789 2085 judicabit
2813 2019 2950 2073 inter
2978 2031 3151 2089 gentes
3193 2020 3403 2086 multas,
3449 2028 3497 2073 et
3545 2035 3629 2072 ar-

2015 2118 2132 2176 guet
2157 2108 2405 2179 populant
2432 2107 2720 2176 plurimum
2740 2148 2755 2175 ,
2784 2120 2833 2164 et
2865 2111 3135 2165 concident
3175 2112 3381 2179 gladios
3411 2127 3532 2166 suos
3574 2112 3631 2167 in

2020 2209 2221 2265 aratra,
2249 2210 2296 2254 et
2339 2199 2556 2271 aibynas
2600 2216 2723 2257 suas
2760 2202 2813 2255 in
2853 2200 3035 2271 falces,
3085 2212 3132 2255 et
3179 2218 3280 2256 non
3309 2212 3473 2257 suntet
3506 2218 3628 2275 gens

2017 2301 2199 2348 contra
2212 2302 2415 2361 gentem
2432 2293 2692 2365 gladium,
2718 2302 2767 2349 et
2796 2310 2899 2350 non
2924 2294 3124 2350 discent
3146 2295 3288 2349 ultra
3323 2294 3634 2369 belligerare

2023 2386 2180 2460 (Isai.
2216 2390 2277 2460 ιι)
2322 2406 2335 2441 :
2388 2388 2773 2459 Signiﬁcanter
2805 2388 2894 2445 hic
2941 2388 3049 2462 [ΑΙ.
3107 2388 3211 2462 his]
3261 2388 3461 2444 dicitur
3486 2389 3630 2460 quod

2025 2496 2211 2538 sermo
2262 2481 2357 2537 Dei
2405 2482 2694 2551 egrediens
2739 2482 2809 2538 de
2856 2481 3186 2551 Jerusalem,
3236 2482 3446 2553 judicet
3492 2483 3636 2537 inter

2024 2580 2217 2643 gentos
2251 2574 2473 2638 multas,
2491 2581 2547 2627 et
2569 2580 2763 2644 arguat
2780 2574 2998 2642 proprie
3020 2572 3279 2642 populum
3297 2570 3631 2629 Judaeorum.

2030 2667 2138 2721 Nos
2161 2667 2303 2722 enim
2332 2667 2486 2738 quasi
2532 2676 2850 2736 peccatores
2875 2667 3029 2744 gusta
3059 2679 3284 2736 operum
3318 2666 3634 2722 nostrorum

2027 2775 2336 2817 mensuram
2360 2760 2667 2829 judicabit:
2698 2760 2823 2816 illos
2852 2776 2985 2816 vero
3020 2769 3078 2815 ut
3103 2759 3303 2830 impios
3325 2768 3382 2816 et
3413 2773 3635 2832 negato—

2026 2868 2113 2910 res
2131 2869 2240 2909 non
2255 2852 2545 2924 judicabit,
2580 2853 2679 2910 sed
2705 2862 2902 2924 arguet
2928 2852 3347 2911 condemnatos.

1173 3168 1659 3284 LIBER
1739 3166 2620 3282 SECUNDUS.

393 3450 623 3526 Semper
651 3453 853 3509 invidis
874 3450 1298 3524 respondemus,
1332 3450 1460 3521 quia
1484 3465 1589 3507 non
1623 3460 1806 3508 cessat
1845 3452 1931 3508 in-
1958 3454 2004 3517 C
2037 3451 2354 3511 Graecorum
2390 3451 2676 3507 benedicta
2722 3450 3060 3519 transferre,
3106 3462 3398 3510 accusetur
3435 3452 3649 3512 Ennius

326 3549 470 3604 vidia
510 3566 524 3602 :
569 3557 623 3604 et
659 3547 921 3603 librorum
953 3554 1268 3603 nostrorum
1307 3546 1533 3600 exordia
1562 3586 1577 3606 .
1610 3547 1930 3603 aemulorum

331 3641 615 3697 maledicta
644 3638 932 3695 coniurant
962 3656 974 3692 :
1008 3639 1102 3709 qui
1134 3637 1297 3707 vulgo
1326 3638 1556 3707 iactant,
1601 3652 1689 3695 me
1731 3639 1934 3696 sterilis

329 3736 607 3807 jejunique
647 3735 920 3791 sermonis
963 3732 1226 3804 quasdam
1277 3731 1519 3802 ineptias
1566 3731 1834 3799 scribere,
1881 3742 1938 3788 et

333 3843 454 3884 cum
487 3829 631 3898 loqui
661 3826 926 3890 nesciam,
967 3834 1148 3880 tacere
1179 3839 1288 3879 non
1330 3838 1512 3894 posse.
1556 3821 1743 3896 Itaque
1772 3824 1935 3880 obse-

334 3934 429 3976 cro
458 3935 579 3985 νινε,
608 3931 643 3974 o
671 3919 837 3973 Paula
868 3928 924 3974 et
954 3916 1337 3979 Eustochium,
1385 3925 1444 3971 ut
1463 3917 1532 3972 ad
1563 3915 1940 3989 hujuscemodi

336 4013 565 4069 latratus
613 4011 881 4068 claudatis
923 4026 1107 4081 aures,
1158 4020 1218 4068 et
1267 4011 1573 4079 infantiam,
1622 4019 1685 4067 ιιι
1725 4012 1939 4083 dicunt,

338 4122 515 4163 meam
547 4107 893 4163 orationibus
918 4106 1267 4177 adjuvantes,
1301 4107 1608 4177 impetretis
1639 4107 1774 4162 mihi
1791 4108 1946 4178 juxta

340 4201 667 4268 Apostolum
695 4202 1109 4273 adapertionem
1132 4202 1243 4256 oris
1276 4204 1407 4269 mei,
1440 4209 1501 4257 ut
1532 4202 1603 4258 de
1644 4202 1950 4275 Scripturis

345 4295 589 4365 loquenti
613 4294 860 4367 adaptari
887 4294 1060 4366 possit
1086 4312 1099 4349 :
1126 4294 1382 4350 Dominus
1400 4294 1547 4349 dabit
1570 4296 1775 4351 verbum
1798 4312 1948 4352 evano

346 4388 687 4461 gelizantibus
712 4392 898 4445 virtute
919 4391 1086 4447 multa
1115 4390 1239 4463 (Ps.
1274 4406 1440 4459 um,
1475 4391 1588 4462 η).
1625 4390 1821 4449 Moneo
1848 4408 1948 4450 au-

350 4490 456 4536 tem
479 4488 670 4537 tauros
694 4482 938 4553 pingues,
956 4484 1047 4554 qui
1066 4484 1548 4541 circumdederunt
1567 4485 1687 4557 me(
1696 4485 1788 4542 Ps.
1809 4485 1950 4558 χιιι),

353 4587 405 4629 ιιι
436 4574 721 4647 quiescant
764 4587 823 4632 et
871 4576 1130 4633 desinant
1170 4579 1531 4645 maledicere,
1573 4579 1859 4636 malefacta
1886 4596 1955 4637 ne

355 4678 584 4724 noscant
611 4683 730 4737 sua,
764 4685 888 4738 qua:
926 4668 1273 4738 proferentur
1312 4680 1455 4740 post,
1494 4670 1541 4725 si
1581 4682 1813 4742 purgent
1843 4672 1954 4744 [ΑΙ.

358 4758 611 4833 pergunt]
637 4760 852 4816 laedere.
878 4760 1012 4817 Nam
1042 4761 1187 4831 quod
1212 4761 1425 4827 dicunt,
1456 4762 1709 4833 Origenis
1742 4779 1829 4818 me
1861 4776 1958 4820 vo-

2038 3557 2097 3607 et
2127 3549 2301 3611 Maro,
2359 3546 2606 3615 Plautus,
2658 3544 2913 3601 Carcilius
2960 3556 3018 3602 et
3067 3545 3382 3617 Terentius,
3434 3550 3648 3607 Tullius

2040 3654 2262 3711 quoque
2294 3646 2353 3693 et
2391 3638 2577 3695 caeteri
2633 3636 2958 3707 eloquentes
3014 3637 3140 3704 viri,
3189 3639 3280 3711 qui
3334 3655 3442 3697 non
3472 3641 3651 3697 solum

2042 3748 2256 3802 versus,
2281 3732 2377 3788 sed
2409 3732 2576 3787 multa
2604 3732 2783 3803 capita
2815 3743 2869 3787 et
2899 3731 3253 3801 longissimos
3278 3732 3449 3790 libros
3477 3748 3544 3790 ac
3570 3733 3652 3789 l'a-

2046 3825 2205 3882 bulas
2234 3826 2473 3897 integras
2497 3824 2914 3881 transtulerunt.
2940 3824 3051 3881 Sed
3091 3832 3149 3881 et
3189 3826 3427 3882 Hilarius
3469 3835 3657 3885 noster

2046 3919 2174 3975 furti
2218 3932 2348 3975 reus
2397 3915 2487 3982 sit,
2518 3917 2753 3990 quodin
2795 3918 3035 3989 psalmos
3067 3918 3429 3991 quadraginta
3483 3921 3659 3979 lenne

2049 4011 2217 4068 millia
2247 4023 2501 4067 versuum
2545 4010 2846 4081 supradicti
2877 4009 3130 4083 Origenis
3179 4010 3248 4067 ad
3278 4027 3499 4069 sensum
3531 4026 3657 4069 vcr-

2050 4107 2199 4161 terit.
2222 4107 2467 4173 Quorum
2489 4103 2733 4159 omnium
2756 4104 3000 4159 aemulari
3022 4116 3228 4176 exopto
3244 4104 3656 4177 negligentiam,

2054 4203 2233 4274 p0tius
2264 4214 2427 4273 quam
2462 4202 2688 4255 istorum
2728 4198 3019 4255 obscuram
3057 4198 3422 4270 diligentiam.
3458 4197 3659 4256 Verum

2051 4295 2161 4367 jam
2194 4304 2411 4364 tempus
2431 4301 2515 4349 est
2544 4292 2775 4349 alterum
2806 4294 2861 4347 in
2903 4291 3182 4348 Miclueam
3212 4294 3408 4348 librum
3432 4294 3659 4361 cudere,

2055 4398 2113 4445 et
2158 4387 2506 4445 renascentia
2552 4386 2746 4461 hydrae
2794 4387 2973 4458 capita
3010 4384 3039 4425 ιι
3076 4386 3283 4460 ῥοπάλῳ
3322 4385 3662 4444 contundere

2058 4481 2386 4553 prophetali.

2129 4575 2330 4645 (Vors.
2360 4575 2425 4643 8,
2446 4571 2539 4645 9.)
2570 4570 2733 4645 ᾔει
2770 4569 2838 4626 Et
2870 4581 2925 4626 tu
2946 4610 2962 4636 ,
2988 4571 3146 4626 turris
3174 4572 3383 4644 gregis,
3413 4571 3666 4628 nebulosa

2062 4667 2177 4738 ﬁlia
2208 4667 2339 4723 Sion
2359 4711 2373 4733 ,
2413 4681 2575 4735 usque
2602 4664 2672 4718 ad
2699 4674 2747 4718 te
2773 4664 2940 4719 veniet
2962 4705 2978 4731 ,
3026 4674 3074 4719 et
3101 4665 3266 4720 veniet
3296 4674 3524 4735 potestas
3556 4666 3669 4737 pri-

2064 4776 2150 4815 ma
2172 4800 2186 4828 ,
2238 4774 2460 4828 regnum
2500 4758 2626 4827 ﬁlia:
2669 4756 2985 4812 Jerusalem.
3038 4755 3201 4812 Nune
3247 4774 3410 4830 quare
3447 4774 3668 4816 nttzrore

358 4856 563 4911 lumina
592 4857 914 4925 compilare,
946 4865 1004 4912 et
1030 4856 1396 4912 contaminari
1430 4872 1537 4911 non
1582 4857 1781 4915 decere
1808 4866 1962 4915 vete-
1991 4873 2047 4935 ι)
2070 4853 2443 4910 contrahet-is?
2481 4854 2736 4926 numquid
2761 4868 2854 4908 res:
2884 4868 2988 4908 non
3019 4863 3095 4908 est
3127 4854 3254 4921 tibi,
3295 4864 3384 4910 aut
3414 4856 3668 4911 consilia-

361 4966 478 5006 rum
502 4953 701 5021 scripta
729 4970 742 5005 :
775 4960 802 4989 α
830 4950 975 5022 quod
1010 4950 1086 5007 illi
1132 4950 1481 5006 maledictum
1512 4950 1808 5007 vehemens
1838 4966 1964 5009 esse
2068 4951 2180 5005 rius
2199 4960 2323 5004 tuas
2344 4949 2531 5020 periit:
2551 4950 2676 5020 quia
2702 4948 3097 5017 comprehendit
3126 4957 3174 5004 te
3202 4949 3356 5005 dolor
3378 4953 3529 5020 quasi
3550 4966 3672 5021 par-

362 5045 693 5107 exisumant,
745 5042 992 5099 eamdem
1043 5043 1261 5099 laudem
1312 5059 1414 5114 ego
1448 5046 1740 5099 maximam
1795 5044 1959 5111 duco,

364 5152 486 5192 cum
518 5139 671 5195 illuni
702 5139 905 5194 imitari
932 5138 1076 5202 volo,
1112 5154 1271 5207 quem
1315 5140 1527 5193 cunctis
1574 5138 1958 5207 prudentibus,

366 5240 421 5286 et
448 5232 608 5287 vobis
641 5233 853 5302 placere
881 5248 989 5286 non
1022 5230 1239 5286 dubito.
1283 5230 1344 5287 Si
1384 5231 1529 5287 enim
1581 5231 1832 5288 criminis
1877 5240 1965 5288 est

440 5373 467 5403 ³
495 5363 581 5421 Ex
609 5364 844 5422 Terentii
876 5366 1102 5437 prologo
1125 5365 1177 5421 in
1210 5362 1472 5420 Andriam
1502 5380 1515 5419 :

497 5458 826 5512 Contaminari
852 5474 946 5512 non
969 5461 1157 5511 decere
1178 5459 1393 5523 fabulas;

373 5554 485 5601 tum
518 5560 584 5600 ex
616 5545 841 5615 prologo
874 5544 926 5599 in
959 5545 1235 5615 Adelphos
1270 5562 1283 5597 :

502 5637 640 5695 Quod
660 5636 732 5686 illi
758 5636 1069 5686 maledictum
1088 5637 1364 5687 vehemens
1388 5637 1709 5693 existumant,

502 5699 624 5750 Eam
641 5698 834 5748 laudem
859 5700 935 5762 hic
949 5701 1083 5749 ducit
1104 5712 1402 5762 maxumam,
1429 5709 1539 5749 cum
1562 5696 1662 5749 illis
1679 5699 1845 5762 placet

509 5762 604 5823 Qui
632 5762 774 5813 vobis
791 5761 1036 5812 universis
1054 5767 1107 5813 et
1125 5759 1302 5825 populo
1324 5759 1541 5825 placent.

2073 5046 2370 5101 turientem.
2394 5040 2540 5101 LXX
2577 5060 2592 5099 :
2633 5042 2702 5098 Et
2735 5056 2819 5111 tu,
2852 5044 3012 5100 turris
3036 5046 3242 5119 gregis,
3289 5046 3522 5119 caligosa
3562 5048 3677 5118 ﬁlia

2072 5138 2227 5206 Sion,
2255 5150 2310 5192 at
2340 5146 2387 5193 te
2404 5138 2593 5202 veniet,
2622 5144 2669 5192 et
2694 5137 3015 5210 ingredietur
3043 5137 3371 5209 principatus
3399 5152 3418 5175 ε
3451 5140 3670 5210 primus,

2070 5249 2292 5306 regnum
2310 5238 2361 5298 -;—
2391 5232 2455 5287 de
2478 5230 2751 5304 Babylone
2771 5232 2899 5303 ﬁlim
2915 5229 3233 5287 Jerusalem.
3258 5231 3329 5286 Et
3352 5247 3490 5287 nunc
3510 5248 3674 5303 quare

2072 5363 2313 5437 Denique
2341 5366 2393 5421 in
2426 5365 2533 5422 line
2553 5381 2770 5423 rursum
2793 5382 2865 5422 ex
2892 5367 3124 5438 prologo
3152 5367 3210 5424 in
3240 5368 3500 5426 Andriam
3532 5386 3545 5423 :

2195 5458 2415 5518 Quorum
2438 5457 2652 5508 aemulari
2675 5464 2881 5521 emptat
2902 5458 3285 5522 negligentiam,

2198 5523 2367 5573 Potius
2387 5535 2537 5585 quam
2552 5523 2753 5572 istorum
2776 5522 3036 5573 obscuram
3058 5523 3390 5587 diligentiam.

2142 5604 2168 5643 ι’
2201 5604 2256 5679 id
2286 5615 2391 5674 est,
2422 5605 2571 5659 clava
2610 5619 2628 5658 :
2660 5619 2818 5671 mss.,
2869 5604 3089 5679 ropalo;
3120 5606 3235 5673 alii,
3289 5609 3433 5679 palo,
3484 5619 3536 5665 et
3590 5624 3672 5666 re-

2074 5677 2362 5814 “iiii.”
2386 5747 2612 5819 primum
2633 5764 2851 5822 regnum
2870 5759 2948 5806 est
2971 5750 3035 5805 de
3058 5747 3343 5822 Babylone.
