4084 6340
509 285 644 344 1191

1762 277 1825 337 s.
1856 251 2142 337 .EUSEBll
2183 272 2567 334 HlEltONYMl

3808 12 3833 125 ἒ

3680 274 3805 335 “99

506 397 793 471 cognovisti
822 394 1007 451 mala?
1036 393 1291 465 numquid
1320 408 1413 448 rex
1444 409 1550 447 non
1579 402 1692 448 erat
1720 392 1843 459 tibi,
1876 401 1966 447 aut
1989 410 2113 448 ron-
2139 393 2191 456 Α
2218 401 2370 447 turus
2398 402 2512 457 est,
2536 390 2755 462 inquit,
2800 389 3065 446 Dominus
3082 399 3138 447 et
3169 399 3412 460 potestas
3444 392 3619 462 prima
3650 401 3701 448 ct
3724 410 3803 450 re-

506 493 684 550 siliunt
717 502 857 545 tuum
892 490 1046 560 periit
1076 530 1091 556 ,
1130 490 1255 560 quia
1287 488 1623 544 obtinuerunt
1656 498 1704 543 te
1737 488 1941 543 dolores
1983 490 2115 543 sicut

512 584 933 657 parturientem?
974 582 1205 639 Turrem
1238 582 1420 652 gregis
1453 581 1777 636 nebulosam
1807 581 1925 635 sive
1953 597 2115 650 squa-

511 678 717 735 lentem
737 720 753 747 ,
788 676 934 744 quod
966 675 1237 733 Hebraice
1264 674 1469 730 dicitur
1495 690 1668 731 OPHEL
1704 674 1879 747 (τηεν)
1910 674 2111 729 nullam

512 772 677 829 aliam
726 771 994 828 debemus
1040 768 1328 839 accipere,
1380 768 1483 823 nisi
1525 767 1674 823 illam
1712 767 1780 823 de
1812 783 1916 839 qua
1949 766 2116 822 lsaias

511 868 593 923 ait
618 883 631 920 :
660 864 729 921 Et
758 865 1015 934 aediﬁcavi
1041 874 1240 918 turrem
1266 865 1321 917 in
1350 863 1521 918 medio
1543 863 1659 932 ejus
1677 908 1689 931 ,
1721 861 1773 916 id
1801 871 1905 929 est,
1930 861 2113 915 vineae.

528 959 689 1016 Vinea
719 970 894 1015 autem
924 958 1143 1013 Domini
1174 958 1361 1013 domus
1387 966 1461 1012 est
1493 956 1661 1013 Israel
1716 955 1735 1027 (
1765 955 1899 1010 Isai.
1928 972 1983 1022 v,
2016 954 2052 1008 9.
2073 953 2112 1025 ).

515 1051 644 1109 Haec
677 1052 844 1107 turris
874 1050 1134 1121 quamdiu
1168 1050 1335 1106 habet
1362 1051 1621 1114 torcular,
1670 1048 1722 1104 id
1754 1056 1876 1117 est,
1907 1048 2114 1115 altare,

514 1148 654 1205 etin
684 1146 922 1204 circuitu
958 1145 1284 1209 maceriam,
1336 1144 1551 1199 auxilia
1582 1142 1834 1199 videlicet
1874 1142 2114 1212 Angelo-

519 1259 677 1307 ruut.
727 1251 919 1297 etnon
970 1238 1279 1310 ingreditur
1325 1236 1575 1293 diabolus
1604 1251 1733 1306 aper
1771 1234 1824 1290 in
1864 1233 2114 1298 vineam,

518 1350 627 1392 non
675 1344 760 1391 est
799 1332 1055 1405 squalida
1086 1378 1099 1401 ,
1154 1347 1262 1388 non
1308 1342 1394 1387 est
1439 1330 1760 1394 tenebrosa,
1804 1329 1899 1384 sed
1936 1342 1965 1381 a
2014 1327 2118 1381 Do-

519 1430 671 1486 mino
730 1430 949 1485 lucente
998 1428 1192 1483 sortita
1230 1424 1588 1493 vocabulum,
1639 1422 1946 1494 appellatur
1980 1418 2119 1475 civi-

523 1522 640 1591 tas,
672 1539 795 1594 quae
839 1523 892 1578 iu
936 1528 1123 1578 monte
1164 1521 1268 1576 sita
1312 1520 1484 1576 latere
1527 1534 1634 1574 non
1674 1526 1873 1589 poteSt.
1926 1514 2117 1571 Turris

517 1619 684 1690 igitur
715 1617 991 1689 quondam
1022 1616 1204 1687 gregis
1232 1623 1288 1671 et
1318 1613 1504 1685 populi
1549 1613 1643 1669 Dei
1690 1611 1710 1685 (
1738 1612 1861 1683 quia
1896 1609 2117 1681 pessimi

519 1711 704 1767 coloni
730 1708 1131 1766 interfecerunt
1157 1707 1331 1776 patris
1362 1706 1583 1762 familiae
1610 1705 1781 1760 ﬁlium
1806 1702 1969 1775 (Luc.
2014 1700 2117 1774 xx)

2182 508 2186 511 ·
2216 500 2379 555 gnum
2404 483 2426 537 ?
2455 484 2635 551 Quare
2669 499 2814 539 nunc
2843 498 3079 539 maerore
3104 482 3446 539 contraheris
3472 525 3485 549 ,
3530 493 3626 538 aut
3652 500 3807 555 quare

2217 580 2518 650 Cognovisti
2568 579 2765 634 mala?
2815 578 3013 636 Statim
3061 579 3423 649 respondetur
3473 589 3529 634 et
3573 578 3806 634 dicitur:

2216 675 2352 744 Quia
2385 690 2479 730 rex
2522 691 2628 729 non
2660 682 2746 730 est
2778 673 2907 741 tibi,
2969 684 3023 730 et
3064 671 3416 729 consiliarius
3449 683 3574 727 tuus
3617 670 3808 741 periit,

2216 770 2339 840 quia
2374 768 2799 837 comprehendit
2823 778 2875 823 te
2898 768 3056 823 dolor
3086 768 3227 823 sicut
3258 766 3684 837 parturientem.
3718 768 3811 820 Aut

2217 870 2369 919 certe
2398 878 2522 918 cum
2558 864 2674 917 haec
2704 864 2887 917 omnia
2918 861 3124 917 habeas
3148 904 3162 928 ,
3209 861 3342 915 vitio
3377 871 3466 915 tuo
3496 875 3606 914 nec
3638 860 3809 929 regis.

2219 971 2320 1011 nec
2356 954 2656 1010 causiliarii
2689 955 2917 1011 mereris
2948 955 3237 1010 auxilium.
3282 953 3436 1023 Quod
3482 963 3670 1008 autem
3701 952 3811 1007 ait:

2222 1051 2397 1119 Quare
2426 1053 2709 1124 cognovisti
2740 1052 2919 1105 mala?
2968 1051 3061 1106 illo
3090 1065 3253 1106 sensu
3284 1048 3667 1119 accipiendum
3697 1056 3776 1102 est
3801 1089 3812 1112 ,

2218 1145 2361 1217 quod
2392 1145 2569 1201 omnis
2614 1147 2705 1217 qui
2754 1154 2999 1201 meretur
3044 1153 3099 1199 et
3143 1144 3348 1213 patitur
3386 1143 3529 1197 mala
3558 1187 3572 1205 ,
3626 1141 3816 1196 dicitur

2219 1254 2380 1295 nosse
2413 1239 2553 1294 mala
2576 1286 2589 1308 ,
2642 1247 2697 1294 et
2727 1237 2982 1309 ignorare
3008 1237 3172 1292 bella.
3212 1236 3375 1291 Juxta
3408 1233 3539 1289 illud
3585 1232 3731 1303 quod
3768 1234 3814 1287 iu

2222 1335 2395 1402 primo
2422 1348 2639 1404 quoque
2679 1331 2989 1403 Regnorum
3040 1330 3180 1386 libro
3225 1330 3485 1401 scriptum
3527 1335 3617 1383 est
3652 1346 3664 1382 :
3696 1325 3817 1382 Filii

2219 1425 2374 1489 Heli,
2405 1425 2501 1496 filii
2524 1426 2861 1497 pestilentia,
2890 1440 2993 1478 non
3024 1431 3369 1495 cognoverunt
3401 1419 3568 1474 Deum
3601 1418 3623 1490 (
3647 1418 3668 1475 l
3693 1418 3813 1488 Reg.

2220 1538 2291 1587 ιι,
2324 1522 2448 1591 12).
2507 1520 2577 1575 Ει
2623 1520 2790 1576 alibi:
2823 1520 2925 1589 Qui
2963 1519 3188 1574 custodit
3227 1516 3575 1584 mandatum,
3636 1514 3817 1569 nesciet

2219 1616 2429 1671 verbum
2458 1616 2653 1670 malum
2686 1615 2705 1687 (
2730 1612 2933 1670 Eccles.
2969 1629 3059 1669 \‘lll
3080 1654 3095 1680 ,
3128 1612 3162 1668 5
3184 1613 3225 1683 ).
3258 1609 3327 1666 Ει
3361 1609 3427 1665 ad
3460 1616 3815 1681 peccatores:

2224 1710 2467 1766 Recedite
2489 1728 2520 1764 a
2544 1727 2643 1777 me,
2663 1710 2835 1781 inquit
2853 1709 3138 1774 Dominus,
3156 1708 3244 1780 qui
3261 1707 3548 1779 operamini
3570 1705 3814 1774 iniquita-

518 1819 665 1861 nunc
687 1801 937 1874 squalida
960 1801 1121 1857 est'et
1144 1800 1429 1865 destituta,
1453 1808 1509 1854 et
1529 1798 1632 1853 sub
1654 1796 1871 1852 nomine
1897 1806 1922 1834 ⁸
1942 1794 2110 1863 Ariel,
2145 1806 2195 1868 B
2222 1816 2343 1875 (em,
2364 1806 2487 1878 quia
2509 1806 2675 1860 ηεοεὶο
2691 1822 2778 1860 vos
2802 1804 2920 1876 (P3.
2936 1820 3017 1869 γι,
3035 1804 3113 1875 9),
3134 1801 3456 1858 Econlmrio
3474 1800 3544 1855 de
3558 1800 3814 1855 Domino:

520 1899 723 1955 clamat
755 1896 823 1952 de
854 1904 998 1952 terra
1030 1894 1083 1949 in
1118 1893 1279 1949 Isaia.
1301 1891 1370 1947 Et
1399 1891 1508 1947 haec
1539 1890 1701 1945 turris
1723 1888 1848 1959 ﬁlia:
1869 1888 2112 1955 estSion,

516 1991 654 2056 sive,
685 1999 744 2044 ut
764 1986 1133 2061 Symmachus
1157 1987 1326 2041 vertit
1352 1985 1404 2040 in
1428 1984 1681 2040 Grazcum
1709 1999 1721 2036 :
1748 1980 1879 2054 Ipsa
1902 1990 1977 2035 est
2006 1981 2118 2049 [ilia

518 2082 652 2138 Sion
697 2079 883 2154 (lsai.
915 2079 1077 2153 xxix)
1108 2098 1122 2136 :
1155 2088 1209 2135 et
1251 2094 1421 2151 usque
1448 2078 1515 2134 ad
1549 2078 1689 2133 hanc
1715 2078 1899 2132 veniet
1930 2075 2074 2131 Dens
2099 2117 2114 2141 ,

517 2177 604 2233 vel
636 2185 881 2248 potestas
904 2175 1125 2247 fprima,
1152 2190 1273 2246 qua:
1319 2184 1560 2246 potestas
1602 2188 1829 2245 regnum
1870 2181 1957 2228 est
1988 2171 2117 2226 ﬁlia:

522 2268 855 2326 Jerusalem.
908 2268 1069 2325 Venit
1096 2279 1278 2324 autem
1310 2267 1376 2323 ad
1410 2267 1549 2324 hanc
1590 2268 1783 2323 turrim
1819 2266 1987 2338 prima
2019 2280 2120 2337 po-

520 2372 725 2430 testas,
774 2364 891 2419 sive
933 2362 1272 2434 principatus
1304 2361 1542 2432 primus,
1597 2362 1689 2416 ille
1734 2361 1827 2431 qui
1864 2360 2115 2416 dixerat:

518 2457 636 2532 Ego
657 2474 771 2514 sum
799 2457 961 2531 alpha
991 2466 1039 2512 et
1076 2470 1150 2525 Ω,
1187 2456 1514 2527 principium
1544 2465 1599 2512 et
1633 2456 1791 2522 ﬁnis,
1823 2454 2033 2525 primus
2062 2462 2118 2509 et

522 2552 860 2607 novissimus
889 2551 1090 2625 (Apoc.
1119 2567 1261 2619 χιιι,
1296 2550 1417 2622 t5).
1458 2549 1525 2604 Et
1555 2549 1644 2621 qui
1667 2564 1735 2603 ex
1768 2562 2000 2619 persona
2030 2562 2118 2602 as-

518 2645 722 2715 sumpti
768 2644 1008 2702 hominis
1048 2647 1125 2701 ait
1165 2645 1219 2701 in
1248 2642 1583 2699 Proverbiis.
1633 2641 1884 2697 Dominus
1930 2641 2120 2695 creavit

517 2755 599 2795 me
618 2739 671 2793 in
693 2740 951 2812 principio
972 2741 1171 2793 viarum
1193 2754 1411 2794 suarum
1426 2739 1481 2792 in
1503 2754 1659 2810 opera
1675 2754 1771 2792 sua
1788 2736 1973 2809 (Prov.
1998 2752 2113 2806 vnt,

516 2832 637 2903 22),
656 2832 795 2902 sive,
830 2842 887 2886 ut
915 2834 967 2889 in
996 2832 1226 2889 Hebraeo
1248 2831 1277 2871 δ
1310 2832 1595 2889 scribitur:
1621 2830 1877 2886 Dominus
1893 2830 2118 2904 possedit

518 2943 599 2981 me
626 2942 860 2984 .‘CANANI
890 2929 909 3001 (
934 2936 1050 3012 mp
1076 2927 1095 2998 )
1125 2928 1269 2983 enim
1300 2942 1407 2982 non
1440 2927 1633 2982 creavit
1663 2942 1773 2992 me,
1821 2925 1918 2984 sed
1948 2943 2120 2997 posse-

527 3020 603 3075 dit
633 3038 714 3076 me
755 3021 1083 3093 habuitque,
1126 3022 1423 3092 signiﬁcat.
1454 3021 1522 3077 Et
1550 3023 1701 3077 venit
1731 3030 1971 3093 potestas
2003 3020 2117 3093 pri-

520 3130 608 3169 tua
636 3159 651 3183 ,
682 3122 739 3170 et
783 3130 1015 3186 regnum
1051 3115 1178 3171 tiliae
1217 3114 1557 3186 Jerusalem,
1609 3126 1667 3171 ut
1713 3125 1837 3187 post
1888 3117 2116 3187 primam

2225 1900 2459 1966 Quicum
2474 1916 2574 1953 non
2603 1900 2919 1973 coynovisset
2946 1908 3235 1970 peccatum,
3270 1914 3365 1965 pro
3385 1896 3533 1950 nobis
3555 1905 3816 1968 peccatum

2221 1993 2399 2065 fecit(l
2422 1991 3089 2064 Cor.v,2l),subauditur,
3106 1991 3251 2045 Deus
3270 1990 3449 2045 l'ater.
3468 1989 3585 2043 Rex
3619 1996 3814 2049 autem.

2220 2097 2275 2144 et
2304 2088 2485 2160 magni
2510 2087 2723 2144 consilii
2756 2086 2997 2159 Angelus
3018 2128 3033 2153 ,
3063 2085 3317 2143 Salvator
3345 2081 3701 2154 intelligitur,
3733 2080 3816 2152 qui

2222 2182 2383 2251 periit
2412 2196 2512 2251 pro
2542 2179 2742 2252 populo
2775 2196 2879 2235 non
2920 2178 3180 2235 credente
3200 2219 3217 2246 ,
3270 2193 3428 2247 quem
3457 2174 3817 2246 comprehen-

2220 2274 2418 2330 derunt
2464 2274 2680 2330 dolores
2734 2274 2875 2329 sicut
2924 2271 3323 2344 parturientem
3370 2288 3381 2324 :
3434 2279 3635 2341 putans
3681 2266 3817 2323 enim

2220 2369 2391 2425 Israel
2420 2370 2671 2426 obtinere
2693 2384 2752 2425 se
2784 2369 3113 2439 imperium,
3168 2379 3395 2437 repente
3432 2377 3689 2421 vastatus
3718 2372 3813 2419 est.

2221 2463 2289 2518 Et
2321 2463 2595 2536 quomodo
2635 2464 2853 2535 pariens
2894 2464 3145 2520 dolorem
3177 2462 3419 2533 ellugere
3450 2477 3561 2516 non
3605 2467 3817 2532 potest:

2218 2559 2299 2613 sic
2329 2558 2422 2614 ille
2453 2559 2826 2614 imminentem
2859 2559 3239 2629 captivitatem
3266 2599 3280 2623 ,
3330 2555 3495 2630 483
3526 2565 3584 2611 et
3611 2552 3814 2610 exerci-

2224 2661 2336 2707 tum
2366 2651 2489 2707 urbi
2521 2652 2914 2708 circumdatum
2946 2653 3121 2708 vitare
3145 2659 3201 2707 et
3226 2649 3448 2705 dill‘crre
3477 2665 3591 2704 non
3629 2646 3815 2721 potuit.

2221 2746 2488 2818 Legamus
2518 2748 2854 2817 Scripturas,
2879 2757 2934 2801 et.
2957 2761 3250 2815 numquam
3274 2744 3646 2807 inveniemus,
3671 2754 3815 2796 sane

2222 2846 2304 2894 tas
2331 2839 2612 2905 mulieres,
2637 2853 2871 2910 excepta
2897 2840 3121 2907 liachel,
3145 2854 3267 2894 cum
3298 2838 3484 2894 dolore
3508 2834 3816 2909 peperisse:

2225 2947 2343 3001 qua:
2389 2933 2512 3004 quia
2562 2933 2615 2987 in
2663 2934 2747 2987 via
2780 2943 2897 2987 erat
2925 2977 2939 3001 ,
2988 2942 3043 2987 et
3082 2932 3134 2987 in
3179 2931 3570 3001 hippodromo,
3613 2930 3666 2984 id
3698 2936 3814 2994 εει,

2227 3044 2474 3099 equorum
2506 3044 2665 3081 cursu
2685 3070 2700 3095 ,
2744 3027 2837 3099 qui
2868 3026 2920 3081 itt
2948 3025 3185 3098 [Egypto
3213 3024 3619 3087 venundantur.
3654 3022 3815 3077 ﬁlium

2224 3119 2708 3190 peperiltloluris,
2740 3136 2899 3191 quem
2948 3130 3136 3192 postea
3192 3118 3411 3175 vocavit
3450 3127 3605 3188 pater
3655 3117 3813 3171 tilium

519 3210 676 3265 ﬁeret
708 3218 764 3266 et
793 3209 1034 3265 secunda
1063 3256 1075 3281 ,
1128 3209 1271 3266 sicut
1309 3213 1455 3267 enim
1500 3212 1617 3281 ipse
1663 3211 1905 3282 loquitur
1939 3211 2113 3267 conﬁ-
2144 3204 2186 3265 C
2223 3214 2426 3270 dextrae
2459 3213 2672 3284 (Cenes.
2706 3213 2897 3287 xxxv).
2934 3214 3042 3269 Eva
3070 3218 3243 3283 ejecta
3274 3214 3342 3269 de
3373 3212 3630 3284 paradiso
3655 3222 3707 3267 et
3730 3225 3817 3264 au-

520 3304 718 3363 denter
750 3324 765 3362 :
804 3306 921 3381 Ego
950 3323 1065 3362 sum
1099 3306 1192 3361 luas
1222 3307 1404 3361 mundi
1443 3304 1647 3380 (Joan.
1681 3322 1809 3375 vin,
1859 3306 1926 3361 l2
1948 3303 2008 3378 ):
2041 3308 2112 3361 ita

522 3409 574 3455 et
605 3398 887 3469 discipulis
906 3400 1023 3455 suis
1049 3398 1219 3455 donat
1252 3408 1310 3454 ut
1338 3398 1439 3469 ipsi
1472 3414 1689 3469 queque
1716 3398 1895 3454 lumen
1918 3414 2106 3455 vocen-

520 3502 607 3548 tur
647 3491 869 3561 mundi,
911 3491 1160 3564 dicitque
1199 3492 1269 3548 ad
1309 3507 1444 3550 eos:
1491 3493 1589 3548 Vos
1638 3495 1759 3549 estis
1806 3494 1898 3549 lux
1938 3495 2116 3548 mundi

518 3584 713 3658 (Joan.
744 3602 795 3641 vr
816 3584 859 3658 ).
885 3584 990 3641 Sed
1023 3594 1078 3642 et
1109 3586 1322 3641 vineam
1355 3601 1541 3643 veram
1567 3586 1732 3659 482
1764 3602 1822 3643 se
1854 3589 1908 3642 in
1933 3588 2112 3642 Evan-

514 3680 659 3750 gelio
700 3692 938 3746 vocans,
993 3677 1060 3732 de
1088 3679 1443 3734 credentibus
1473 3695 1571 3751 per
1599 3679 1896 3736 Jeremiam
1942 3680 2113 3751 loqui-

517 3784 604 3830 tur
630 3790 643 3827 :
687 3771 801 3846 Ego
837 3781 1011 3828 autem
1039 3772 1273 3844 plantavi
1303 3783 1348 3828 te
1374 3775 1573 3828 vineam
1613 3774 1921 3848 frugiferam
1953 3784 2113 3829 totum

516 3885 684 3923 reram
741 3866 898 3940 (Jer.
950 3882 1041 3922 ιιι
1064 3865 1106 3939 ).
1165 3866 1233 3922 Ει
1262 3882 1386 3924 cum
1410 3868 1482 3923 sit
1514 3870 1669 3938 panis
1702 3870 1855 3923 vivus
1881 3868 1948 3923 de
1973 3868 2114 3923 caelo

514 3960 890 4031 descendens,
922 3960 1207 4032 discipulis
1231 3960 1381 4017 dedit
1406 4002 1425 4030 ,
1471 3973 1529 4016 ut
1558 3963 1902 4034 appellentur
1931 3962 2108 4032 panis.

516 4053 671 4111 Unde
726 4062 783 4111 et
834 4055 1118 4125 apostolus
1179 4055 1379 4111 Paulus
1435 4056 1681 4129 loquitur
1729 4055 2109 4112 conﬁdenter:

520 4147 709 4203 Omnes
734 4147 868 4202 enim
900 4164 1035 4203 unus
1068 4148 1222 4217 panis
1253 4166 1433 4204 sumus
1455 4148 1499 4222 (Ι
1531 4148 1781 4204 Cor.xvn
1806 4148 1850 4221 ).
1880 4148 1935 4203 lu
1970 4149 2113 4203 hunc

515 4242 684 4318 igitur
722 4244 941 4301 modum
972 4244 1277 4316 ingreditur
1316 4253 1557 4315 potestas
1589 4243 1762 4315 prima
1794 4252 1849 4299 et
1884 4259 2110 4313 regnum

510 4337 566 4393 in
598 4335 925 4403 Jerusalem,
956 4344 1015 4392 ιιι
1042 4336 1343 4393 credentes
1388 4339 1441 4393 in
1479 4352 1542 4393 ea
1586 4346 1915 4405 potestatein
1946 4335 2111 4391 faciat

518 4442 574 4488 et
600 4446 845 4503 regnum.
871 4430 1026 4501 Quod
1053 4440 1238 4487 autem
1261 4431 1317 4486 in
1346 4429 1673 4499 quibusdam
1704 4428 1858 4484 libris
1883 4430 2109 4499 legitur:

513 4525 583 4581 Et
612 4528 931 4601 ingredietur
980 4524 1107 4598 [ΑΙ.
1140 4522 1519 4597 ingrediatur],
1562 4524 1883 4596 principatus
1912 4512 2110 4591 primus

2216 3307 2413 3363 diens:
2449 3306 2514 3361 In
2568 3306 2835 3362 doloribus
2884 3307 3057 3377 paries
3109 3305 3308 3377 (1ὺίά.,
3342 3321 3430 3371 ιιι,
3469 3304 3604 3376 16),
3658 3317 3813 3373 pepe-

2217 3398 2355 3453 risse
2386 3398 2715 3453 describitur
2743 3397 2795 3452 in
2828 3396 3038 3453 dolore.
3064 3395 3222 3453 Uxor
3250 3395 3488 3451 Phinees
3512 3405 3809 3459 contracta,

2215 3508 2318 3548 nec
2355 3507 2414 3547 se
2453 3492 2704 3562 erigens,
2760 3493 2905 3547 sicut
2943 3492 3032 3547 illa
3066 3507 3228 3562 quam
3270 3491 3322 3546 in
3367 3489 3669 3560 Evangelio
3705 3487 3812 3543 dia-

2215 3583 2372 3640 bolus
2428 3583 2672 3654 alligavit
2719 3582 2737 3653 (
2779 3582 2909 3637 Luc.
2959 3598 3054 3639 xm
3087 3584 3147 3654 ),
3188 3584 3405 3655 peperit
3453 3582 3481 3620 ι)
3533 3595 3810 3651 po5tquam

2216 3686 2426 3747 captam
2477 3692 2658 3731 arcani
2712 3677 2810 3733 Dei
2862 3678 3160 3748 populique
3212 3677 3563 3748 cognovisset
3608 3676 3809 3731 ruinant

2215 3769 2281 3842 (ll
2307 3770 2541 3843 Regnv).
2577 3772 2709 3828 Sara
2726 3778 2907 3827 autem
2936 3772 3058 3840 quia
3082 3784 3269 3828 sancta
3294 3781 3408 3829 erat
3425 3813 3440 3839 ,
3460 3783 3518 3827 et
3535 3773 3583 3827 ei
3607 3770 3813 3827 defece-

2217 3874 2339 3918 rant
2356 3863 2667 3929 muliebria,
2696 3874 2825 3917 nato
2849 3863 2996 3919 Isaac
3018 3864 3147 3920 dicit
3172 3881 3187 3921 :
3211 3864 3396 3919 Risum
3414 3866 3542 3918 mihi
3560 3867 3683 3935 fecit
3710 3862 3811 3917 Do-

2216 3957 2410 4021 minus,
2430 3957 2738 4027 quicumque
2780 3957 2914 4010 enim
2937 3957 3188 4025 audierit,
3216 3956 3667 4031 congratulubitur
3694 3954 3812 4010 milti

2216 4050 2372 4123 (Gen.
2395 4066 2507 4117 χχι,
2532 4050 2609 4122 6).
2658 4051 2884 4107 Dolores
2915 4052 3077 4123 igitur
3101 4054 3191 4123 qui
3224 4053 3581 4108 obtinuerunt
3614 4063 3806 4107 turrem

2214 4146 2428 4216 gregis,
2484 4144 2705 4199 dolores
2746 4144 2909 4199 inferi
2938 4153 3065 4200 sunt
3103 4155 3159 4202 et
3198 4145 3421 4202 dolores
3452 4147 3685 4209 mortis,
3724 4143 3805 4215 qui

2216 4238 2702 4296 circumdederunt
2730 4239 2950 4304 quidem
2985 4251 3040 4295 et
3073 4243 3412 4297 vallaverunt
3438 4242 3607 4296 etiam
3635 4238 3812 4294 Salva-

2217 4344 2429 4397 torem;
2489 4333 2582 4388 sed
2633 4350 2976 4405 nequaquam
3020 4352 3144 4391 eum
3185 4337 3433 4392 obtinere
3479 4342 3806 4407 potuerunt,

2213 4428 2355 4483 sicut
2384 4427 2499 4496 ipse
2532 4424 2773 4496 loquitur
2800 4429 2853 4484 in
2886 4430 3096 4500 psalmo
3134 4429 3352 4486 decimo
3390 4429 3629 4501 septimo
3657 4445 3670 4483 :
3704 4427 3806 4482 Cir-

2216 4526 2590 4582 cumdederunt
2630 4544 2711 4582 me
2747 4526 2956 4580 dolores
2995 4526 3208 4593 mortis,
3250 4534 3298 4579 et
3337 4533 3592 4580 torrentes
3626 4522 3809 4593 iniqui-

512 4637 731 4694 regnum
757 4622 884 4690 ﬁliae
910 4619 1073 4689 Sion,
1107 4630 1156 4677 et
1187 4618 1392 4692 de[Al.
1425 4628 1503 4675 est
1527 4618 1613 4691 de]
1640 4617 1938 4690 Babylone,
1971 4618 2108 4674 scia-
2141 4606 2192 4668 Ι)
2216 4619 2341 4673 tatis
2378 4620 2815 4675 conturbauerunt
2872 4636 2953 4675 me
2985 4664 2998 4689 ,
3059 4630 3109 4675 et
3161 4619 3368 4673 dolores
3404 4618 3601 4690 inferni
3640 4617 3806 4672 valla-

510 4730 636 4772 mus
661 4714 906 4771 additum
937 4729 1063 4770 esse
1083 4754 1098 4779 .
1141 4715 1263 4783 quia
1297 4728 1399 4769 nec
1429 4712 1480 4767 in
1510 4712 1742 4767 llebra~o
1767 4753 1783 4779 ,
1835 4728 1936 4768 nec
1967 4712 2108 4778 apud

510 4807 659 4863 alios
700 4805 932 4863 habetur
975 4807 1324 4877 interpretes.
1360 4805 1424 4861 Et
1468 4805 1687 4860 videtur
1728 4804 2106 4876 mihiquidem

510 4900 581 4957 de
628 4900 950 4972 captivitate
1001 4900 1248 4956 sensisse
1296 4898 1633 4971 Babylonia,
1679 4898 1825 4969 quod
1871 4898 2107 4970 populus

510 4992 638 5049 inde
667 4992 954 5063 egrediens
977 4990 1192 5047 venerit
1215 4990 1546 5046 Jerusalem.
1567 4992 1855 5061 Sequitur:
1880 4990 1945 5045 Et
1972 5009 2108 5048 nunc

507 5101 669 5158 quare
696 5084 1266 5155 mwroreucoutraheris
1285 5085 1309 5137 ?
1328 5084 1467 5151 sive,
1491 5093 1549 5138 ut
1578 5084 1631 5138 in
1664 5081 1811 5139 LXX
1843 5084 2105 5156 scriptum

507 5190 593 5237 est
627 5198 639 5236 :
684 5179 751 5235 Et
781 5194 920 5234 nunc
944 5194 1105 5250 quare
1134 5178 1417 5248 cognovisti
1454 5178 1613 5247 mala,
1660 5178 1727 5233 ad
1768 5194 1929 5250 quam
1975 5196 2106 5236 ven-

585 5306 611 5333 ιλ
638 5293 911 5351 Victorius
930 5339 944 5361 ,
971 5303 1020 5348 et
1048 5292 1140 5348 sub
1168 5293 1374 5346 nomine
1395 5290 1566 5347 Israel
1596 5291 1818 5359 clamat,
1842 5303 1947 5350 etc.
1981 5297 2100 5353 Mox

511 5367 745 5426 Palatini
775 5364 1023 5438 codices,
1056 5374 1131 5419 est
1167 5364 1325 5438 ﬁliae:
1349 5364 1531 5418 malini
1560 5381 1693 5420 vero
1724 5368 1774 5421 in
1811 5377 1961 5422 recto
1992 5370 2105 5438 ﬁlia

506 5441 615 5511 lcgi
648 5454 747 5510 pro
774 5439 917 5505 filiw.
944 5436 1270 5511 ‘Sytnmaclti
1294 5437 1908 5511 quoqtteintgrpremun
1930 5436 2102 5495 videri

507 5508 769 5570 méndosa
792 5519 996 5580 puteal,
1023 5518 1079 5564 et
1105 5524 1204 5579 pro
1231 5508 1345 5580 ipsa
1375 5518 1448 5562 est
1474 5508 1587 5579 ﬁlia
1610 5509 1762 5574 Sion,
1791 5510 2099 5580 legendum,

509 5579 804 5662 suam”;
823 5582 1037 5662 estﬁlia
1054 5580 1207 5662 Sion.
1241 5579 1514 5662 Fortassis
1539 5579 2103 5662 vocabuluma’zno'xpu-

544 5679 599 5719 ος
625 5652 949 5726 excipientis
983 5652 1188 5726 librarii
1220 5652 1392 5726 vitio,
1443 5654 1496 5707 in
1536 5653 1652 5726 ipsa
1695 5665 1955 5710 mutatum
1995 5652 2099 5712 ést.

544 5680 599 5719 ος
625 5680 949 5726 CXCIPICIIIIS
983 5680 1188 5708 llural'u
1224 5680 1353 5707 vulU
1378 5692 1392 5713 ο
1443 5680 1496 5707 ιιι
1536 5680 1652 5718 uisu
1695 5680 1955 5710 "uitatum
1995 5680 2099 5712 eat.

508 5680 674 5784 Eerte
712 5726 833 5783 eod.
878 5722 1201 5795 llexaplatis
1246 5723 1475 5797 Barher.
1524 5725 1699 5783 Graec.
1743 5728 1885 5797 apud
1930 5728 2106 5783 Mont-

510 5799 733 5856 laucou.
796 5799 878 5854 sic
927 5800 1125 5855 reeitat
1175 5796 1489 5868 Symmachi
1548 5796 2105 5877 γει-Μζάπόκρυφος

2218 4723 2390 4767 rerum
2422 4730 2521 4769 me.
2545 4714 2774 4781 Quidam
2808 4722 3001 4784 putant
3030 4721 3237 4769 turrem
3270 4712 3616 4783 squalentem
3643 4753 3657 4778 ,
3698 4708 3806 4765 sive

2220 4810 2564 4867 tenebrosam
2584 4820 2640 4868 et
2662 4810 2830 4867 ﬁliam
2849 4810 3177 4879 Jerusalem,
3192 4810 3261 4866 de
3277 4808 3488 4866 cmleSti
3509 4806 3804 4865 Jerusalem

2218 4900 2492 4973 intelligi,
2522 4918 2645 4975 quac
2675 4904 2747 4959 sit
2778 4914 2952 4958 mater
2976 4912 3288 4958 sanctorum
3309 4943 3325 4970 ,
3366 4901 3434 4956 de
3458 4916 3562 4973 qua
3590 4910 3641 4956 et
3667 4901 3806 4970 Apo-

2215 4997 2390 5052 stolus
2416 4999 2491 5052 ait
2522 5015 2536 5052 :
2568 4998 2875 5053 Accessistis
2904 4998 2974 5051 ad
3006 4997 3139 5054 Sion
3165 5004 3415 5062 ntontem,
3459 5005 3505 5049 et
3556 4994 3804 5048 civitatem

2216 5086 2311 5143 Dei
2332 5090 2883 5158 viuentis,Jerusalem
2906 5091 3157 5146 caelestem
3188 5088 3354 5162 (Heb.
3381 5104 3475 5155 ιιι,
3516 5086 3621 5159 2‘2)
3644 5126 3656 5148 .
3689 5096 3803 5154 qum

2215 5185 2422 5241 tamdiu
2453 5186 2689 5257 squalet,
2718 5186 2975 5257 quamdiu
3008 5187 3101 5240 ﬁlii
3136 5183 3221 5240 sui
3248 5198 3357 5239 non
3388 5182 3717 5237 reducuntur
3739 5173 3801 5229 ad

2209 5303 2433 5378 θυῖάτηρ
2463 5304 2601 5355 Σιών.

2284 5370 2339 5427 lu
2366 5370 2779 5430 commentariis
2810 5374 2862 5429 in
2890 5374 3041 5429 Isaiae
3069 5390 3192 5445 cap.
3227 5389 3352 5429 xxvr
3393 5392 3403 5427 :
3430 5373 3510 5429 De
3538 5370 3798 5445 sapientia

2208 5442 2473 5517 legimus,
2520 5461 2642 5513 qua:
2683 5446 2836 5517 juxta
2870 5442 3191 5502 Hebraicmn
3225 5445 3463 5515 loquitur
3496 5445 3547 5498 in
3578 5443 3798 5517 Prover-

2206 5514 2311 5569 biis
2340 5533 2351 5567 :
2386 5515 2524 5570 Deus
2552 5514 2781 5586 possedit
2812 5535 2893 5573 me
2941 5518 3151 5573 initium
3183 5514 3382 5572 viarum
3409 5532 3645 5571 suarum.
3679 5515 3799 5568 licet

2199 5587 2448 5657 quaedam
2504 5590 2838 5661 exemplaria
2872 5590 3017 5645 male
3060 5607 3160 5660 pro
3205 5590 3526 5661 possessione
3570 5586 3796 5661 habeant

2207 5670 2523 5714 creaturam.
2570 5660 2767 5717 Recole
2798 5677 2918 5730 qua:
2952 5662 3007 5716 in
3039 5659 3161 5717 eum
3194 5659 3371 5717 locum
3400 5659 3795 5715 annotavimus.

2280 5730 2307 5771 δ
2337 5732 2454 5787 Duo
2482 5731 2709 5806 Palatini
2736 5748 2893 5800 mss.,
2913 5735 3109 5805 peperit
3132 5735 3461 5806 postlmmum
3482 5740 3647 5801 capue
3669 5741 3797 5782 arar

2208 5802 2308 5860 Dei
2336 5804 2614 5875 populique
2640 5802 2946 5877 cegnomen.
