4078 6342
331 275 472 336 1195

1091 266 1741 332 COMMENTARIORUM
1777 266 1847 326 1N
1885 263 2225 325 MICHIEAM
2262 266 2392 326 LIB.
2430 269 2496 327 11.
2537 265 2690 327 CA1".
2731 271 2822 328 IV.

3477 283 3615 343 119-5

331 404 453 445 eam
471 429 486 456 ,
515 395 571 442 et
596 401 691 442 rex
721 394 778 442 et
816 385 1164 442 consiliarius
1186 401 1294 442 non
1319 387 1393 442 sit
1423 386 1479 441 in
1509 400 1597 455 ea,
1630 395 1680 441 et
1705 384 1926 439 dolores
1951 387 2005 446 Α
2029 390 2224 436 nerato
2246 380 2429 439 dicere
2454 401 2468 439 :
2498 383 2632 438 Dole
2656 430 2670 453 ,
2713 395 2760 440 et
2787 385 3003 442 viriliter
3031 403 3126 460 age
3148 430 3164 456 ,
3197 389 3405 450 sustine
3431 396 3576 453 sitim
3604 439 3620 465 ,

331 483 476 539 sicut
505 482 897 551 parturientem
929 481 1346 553 apprehendant
1370 495 1489 536 eam
1508 525 1522 546 ,
1555 479 1700 551 quod
1725 479 1924 534 frustra

331 575 582 646 peperit,
615 574 806 630 videns
828 583 1013 629 tantos
1037 574 1180 628 ﬁlios
1205 573 1544 629 interfectos.

404 669 424 738 (
447 665 603 723 Vers.
630 667 754 740 10.)
787 665 922 721 Dole
955 675 1006 720 et
1029 674 1227 738 satage,
1250 665 1366 735 ﬁlia
1388 663 1540 730 Sion,
1573 663 1723 736 quasi
1743 672 1924 735 partu-

333 759 472 814 riens
495 776 512 813 :
540 760 664 831 quia
690 776 827 814 nunc
848 758 1130 831 egredieris
1152 757 1216 812 de
1237 757 1444 811 civitate
1461 797 1475 823 ,
1510 765 1557 810 et
1583 754 1838 810 ltabitabis
1872 755 1928 808 in

334 853 581 926 regione,
617 862 663 908 et
702 853 871 908 venies
908 869 1066 924 usque
1112 852 1181 906 ad
1221 849 1546 923 Babylonem
1583 865 1602 904 :
1629 850 1700 905 ibi
1741 849 1928 904 libera-

337 948 506 1015 beris,
547 948 618 1002 ibi
670 946 886 1002 redimet
929 956 976 1003 te
1004 945 1264 1002 Dominus
1301 945 1364 1002 de
1405 962 1566 1000 manu
1599 944 1928 1000 inimicorum

337 1048 566 1094 tuorum.
600 1036 746 1094 LXX
771 1055 786 1093 :
807 1037 944 1092 Dole
963 1076 981 1106 ,
1013 1047 1061 1093 et
1081 1037 1298 1093 viriliter
1317 1053 1434 1110 age,
1459 1037 1572 1106 ﬁlia
1593 1035 1724 1093 Sion
1743 1080 1758 1103 ,
1779 1034 1930 1107 quasi

336 1136 575 1206 pariens,
607 1135 729 1203 quia
761 1151 898 1189 nunc
921 1135 1202 1205 egredieris
1231 1133 1296 1188 de
1328 1134 1567 1200 civitate,
1597 1142 1645 1186 et
1671 1130 1929 1185 habitabis

335 1226 392 1281 in
412 1242 596 1296 campo
616 1268 630 1293 ,
665 1234 713 1279 et
752 1227 923 1281 venies
952 1241 1114 1297 usque
1153 1226 1222 1280 ad
1251 1223 1572 1296 Babylonem
1599 1240 1619 1279 :
1650 1223 1772 1278 inde
1801 1222 1931 1277 libe-

336 1317 474 1373 rabit
504 1329 583 1385 te,
629 1327 677 1372 et
725 1319 845 1372 inde
881 1319 1098 1373 redimet
1145 1327 1193 1372 te
1223 1315 1484 1370 Dominus
1522 1313 1665 1369 Deus
1711 1325 1827 1368 tuus
1868 1313 1934 1368 de

339 1429 499 1467 manu
529 1413 859 1467 inimicorum
890 1423 1116 1467 tuorum.
1158 1412 1256 1466 Cui
1285 1409 1606 1481 praecipitur
1635 1419 1692 1465 ut
1721 1410 1930 1475 doleat,

340 1503 457 1560 sive
479 1504 774 1575 parturiat,
807 1514 862 1560 et
894 1516 1083 1573 posma
1114 1503 1372 1572 infertur,
1404 1503 1633 1558 viriliter
1655 1517 1787 1572 age,
1821 1516 1929 1556 non

338 1598 542 1653 frustra
569 1598 888 1668 praecipitur
913 1613 928 1663 ;
960 1595 1057 1652 sed
1090 1605 1154 1652 ut
1181 1595 1403 1652 dolores
1431 1595 1702 1666 patienter
1724 1594 1930 1664 ferens,

341 1687 658 1759 egrediatur
683 1687 752 1744 de
781 1688 1000 1743 civitate
1024 1728 1039 1754 ,
1080 1697 1133 1742 et
1165 1687 1378 1742 habitet
1415 1686 1468 1741 in
1504 1701 1698 1758 eampo
1727 1686 1848 1742 sive
1877 1686 1932 1741 in

2031 482 2186 542 porta
2232 473 2533 530 cauterium
2559 517 2573 542 ,
2626 475 2789 550 485
2831 489 2890 536 ιιι
2937 480 3143 538 certior
3182 487 3388 542 sanitas
3419 503 3620 546 conse-

2029 573 2246 636 quatur.

2101 659 2293 730 (Vers.
2346 661 2568 733 11-15.)
2608 660 2678 717 Et
2709 678 2843 718 nunc
2893 679 3219 741 congregata:
3243 681 3361 727 sunt
3387 691 3539 744 super
3573 686 3622 733 te

2027 759 2212 822 gentes
2237 751 2412 807 multae
2435 798 2450 824 ,
2489 770 2604 824 qua:
2633 755 2855 812 dicunt:
2894 757 3183 833 Lapidetur
3222 774 3270 818 et
3304 767 3524 837 aspiciat
3564 770 3618 823 in

2030 842 2161 898 Sion
2181 844 2366 900 oculus
2397 856 2594 901 noster.
2627 845 2743 918 Ipsi
2768 860 2940 904 autem
2970 868 3074 908 non
3104 869 3451 930 cognoverunt
3477 863 3619 934 cogi-

2029 937 2250 992 tationes
2276 935 2514 1008 Domini,
2546 950 2596 994 et
2625 957 2727 995 non
2755 941 3125 1001 intellexerunt
3155 951 3431 1006 consilium
3460 956 3574 1026 ejus
3602 973 3619 1006 :

2029 1028 2155 1095 quia
2183 1032 2513 1103 congregavit
2538 1048 2642 1100 eos,
2674 1035 2824 1104 quasi
2853 1037 3030 1105 fenum
3053 1055 3210 1097 areaz.
3247 1043 3415 1117 Surge
3455 1056 3501 1100 et
3529 1048 3623 1100 tri-

2032 1124 2178 1184 tura,
2209 1120 2322 1188 filia
2346 1120 2512 1187 Sion,
2543 1125 2666 1194 quia
2693 1141 2856 1180 cornu
2887 1136 3031 1181 tuum
3055 1146 3246 1200 ponam
3279 1138 3504 1206 ferreum
3529 1180 3543 1206 ,
3575 1151 3621 1193 et

2030 1212 2257 1281 ungulas
2278 1221 2394 1266 tuas
2415 1229 2605 1284 ponam
2627 1233 2812 1286 cureas,
2845 1230 2892 1274 et
2914 1223 3228 1278 comminues
3250 1229 3470 1298 papulas
3492 1231 3623 1284 mul-

2033 1310 2111 1356 tos
2139 1319 2157 1356 :
2189 1314 2237 1358 et
2277 1306 2554 1374 interﬁcies
2587 1311 2713 1380 (Al.
2753 1313 3106 1384 interﬁciam)
3149 1315 3378 1374 Domino
3415 1327 3624 1390 rapinas

2031 1408 2231 1465 eorum,
2263 1405 2309 1450 et
2335 1399 2699 1468 fortitudinem
2730 1420 2907 1457 eorum
2930 1403 3157 1462 Domino
3185 1412 3434 1468 universa:
3456 1424 3623 1472 terra;

2034 1485 2178 1579 LXX
2207 1505 2220 1541 :
2255 1488 2325 1542 Et
2354 1508 2492 1546 nunc
2513 1506 2841 1566 congregata:
2860 1511 2976 1554 sunt
2999 1518 3156 1572 super
3181 1515 3228 1559 te
3253 1518 3425 1579 gentes
3453 1511 3630 1568 multa:

2035 1578 2315 1634 dicentium
2341 1598 2362 1638 :
2389 1584 2713 1642 Insultemus
2740 1599 2786 1642 et
2813 1592 3017 1646 videant
3044 1594 3097 1648 in
3125 1578 3420 1656 Sionoculi
3440 1608 3627 1660 nostri.

2035 1670 2150 1744 Ipsi
2170 1684 2349 1729 autem
2374 1680 2670 1735 nescierunt
2696 1684 3032 1753 cogitationes
3055 1686 3268 1744 Domini
3293 1732 3308 1757 ,
3345 1705 3391 1748 et
3422 1712 3524 1752 non
3551 1700 3631 1754 in-

340 1785 570 1855 tegione
597 1825 612 1850 ,
665 1793 721 1839 et
769 1784 954 1839 veniat
991 1798 1162 1853 usque
1202 1781 1271 1837 ad
1314 1781 1648 1853 Babylonem
1674 1823 1690 1848 ’
1731 1791 1785 1837 et
1815 1795 1935 1836 cum
1965 1771 2014 1832 Β
2042 1767 2351 1824 tellea'erunt
2393 1773 2672 1826 consilium
2698 1777 2812 1846 ejus
2836 1820 2849 1845 ,
2889 1778 3012 1846 quia
3046 1785 3371 1855 congregavit
3411 1804 3497 1842 eos
3521 1829 3536 1856 ,
3578 1801 3634 1845 ut

343 1892 444 1948 pro
491 1874 657 1949 484
692 1883 922 1946 peccato
974 1875 1257 1930 sustinens
1303 1873 1676 1944 captivitatem
1721 1873 1936 1928 fortiter

344 1969 536 2025 tulerit
562 1969 703 2040 quod
736 1966 942 2022 illatum
975 1975 1101 2034 est,
1133 1975 1261 2022 tunc
1283 1966 1476 2022 liberet
1504 1981 1626 2021 eam
1651 1966 1934 2034 Dominus,

344 2071 402 2118 et
425 2061 662 2118 redimat
691 2061 835 2117 Deus
861 2075 994 2116 suus
1014 2059 1083 2116 de
1110 2075 1272 2114 manu
1300 2059 1646 2115 inimicorum
1679 2075 1935 2129 suorum,

347 2163 407 2210 ut
448 2162 731 2224 postquam
785 2151 952 2208 fuerit
995 2151 1226 2207 liberata
1253 2193 1267 2217 ,
1310 2151 1702 2207 insultantibus
1749 2151 1935 2207 dicat:

349 2243 482 2302 Noli
529 2244 782 2300 insultare
817 2245 986 2313 mihi,
1037 2245 1250 2299 inimica
1287 2261 1432 2312 mea,
1464 2245 1590 2315 quia
1625 2244 1830 2298 cecidi:
1859 2261 1942 2300 re-

347 2353 591 2409 surgam;
622 2338 717 2392 etsi
754 2339 893 2392 enim
941 2336 1269 2392 ambulavero
1295 2337 1352 2390 in
1378 2335 1597 2390 tenebris
1622 2377 1638 2404 ,
1685 2335 1939 2393 Dominus

349 2430 446 2487 lua:
473 2447 587 2486 mea
612 2440 690 2488 est
713 2447 731 2487 :
767 2433 899 2486 iram
929 2429 1142 2486 Domini
1178 2431 1438 2486 sustinebo
1463 2430 1710 2502 quoniam
1737 2433 1943 2502 peccavi

353 2525 434 2592 ei,
474 2525 634 2580 donec
665 2524 917 2596 justiﬁcet
943 2539 1158 2578 causam
1177 2540 1374 2591 meam,
1415 2532 1464 2578 et
1485 2523 1644 2592 faciat
1675 2523 1945 2596 judicium

352 2633 524 2672 meum
547 2659 563 2686 ,
605 2628 652 2673 et
689 2617 876 2672 educat
914 2634 994 2672 me
1029 2619 1084 2672 in
1125 2617 1290 2672 lucem
1312 2658 1327 2684 ,
1395 2627 1442 2671 et
1478 2617 1658 2672 videbo
1685 2618 1945 2690 justitiam

355 2715 502 2786 ejus,
543 2722 591 2766 et
618 2712 833 2783 aspiciet
859 2712 1070 2766 inimica
1095 2728 1208 2767 mea
1228 2753 1243 2780 ,
1295 2720 1343 2765 et
1370 2712 1633 2783 aperietur
1661 2712 1948 2784 ignominia

356 2803 556 2874 (Infra
591 2820 709 2874 vtu,
770 2805 864 2877 9).
911 2804 1067 2862 Unde
1110 2807 1246 2862 etin
1273 2805 1506 2862 Psalmis
1553 2820 1792 2877 congrua
1815 2821 1949 2863 voce

355 2905 609 2952 cantatur
641 2914 656 2952 :
689 2895 814 2952 Non
839 2898 894 2952 in
917 2909 1224 2969 perpetuum
1242 2898 1518 2965 irascetur,
1536 2915 1698 2968 neque
1719 2900 1773 2952 in
1795 2907 1948 2954 auer-

356 3006 482 3045 num
509 2989 904 3045 comminabitur
933 2990 1186 3046 Dominus
1207 2993 1225 3066 (
1247 2991 1398 3046 Psal.
1429 3007 1531 3060 cn,
1557 2990 1644 3064 9).
1676 2992 1830 3059 Quod
1855 3007 1950 3047 au-

356 3089 467 3140 tem
491 3081 625 3139 Dote
643 3124 660 3152 ,
691 3094 738 3139 et
766 3084 984 3140 uiriliter
1008 3102 1134 3158 age,
1163 3086 1231 3140 ad
1261 3085 1495 3141 salutem
1515 3085 1752 3142 dolentis
1782 3089 1951 3157 perti-

2038 1863 2336 1932 manipulos
2371 1883 2526 1921 arere.
2556 1866 2726 1940 Surge
2752 1871 3015 1960 etotritura
3037 1889 3140 1945 eos,
3173 1876 3286 1944 ﬁlia
3313 1878 3444 1934 Sion
3467 1897 3487 1935 :
3511 1886 3635 1952 quia

2037 1971 2232 2010 cornua
2255 1967 2346 2012 tua
2364 1976 2554 2031 ponam
2575 1960 2766 2030 ferrea,
2792 1973 2840 2016 et
2859 1965 3082 2035 ungulas
3105 1976 3222 2023 tuas
3239 1987 3428 2041 ponam
3449 1991 3632 2044 cereas,

2039 2057 2085 2102 et
2112 2051 2428 2106 comminues
2457 2054 2680 2125 populos
2708 2054 2917 2124 multos,
2949 2067 2998 2113 et
3021 2061 3223 2115 vovebis
3244 2061 3471 2120 Domino
3493 2069 3632 2122 mul-

2041 2141 2318 2196 titudinem
2361 2159 2581 2214 eorum,
2637 2157 2685 2200 et
2727 2146 2883 2202 robur
2922 2165 3095 2204 eorum
3118 2150 3348 2209 Domino
3389 2159 3638 2216 universa:

2041 2242 2210 2290 terrm.
2241 2236 2287 2292 Ο
2315 2236 2656 2306 Jerusalem,
2689 2255 2722 2294 ο
2750 2241 2855 2296 ﬁlia
2889 2243 3018 2300 Sion
3042 2285 3058 2312 ,
3105 2263 3226 2316 quae
3257 2251 3442 2308 venies
3468 2269 3640 2324 usque

2041 2329 2406 2401 Babylonem,
2440 2345 2495 2390 et
2523 2335 2597 2389 ibi
2631 2337 2956 2395 liberaberis
2978 2382 2992 2408 ,
3033 2352 3084 2396 et
3116 2343 3353 2400 redimet
3382 2355 3434 2401 te
3457 2347 3644 2402 Domi-

2043 2436 2145 2477 nus
2169 2423 2237 2479 de
2259 2440 2425 2480 manu
2449 2427 2800 2483 inimicorum
2827 2440 3041 2486 tuorum
3071 2451 3085 2487 :
3113 2449 3256 2488 nunc
3285 2437 3499 2492 interim
3530 2437 3636 2510 [ΑΙ.

2044 2514 2273 2589 iterum]
2302 2528 2645 2589 congregatae
2669 2533 2797 2577 sunt
2817 2538 2983 2593 super
3006 2533 3057 2579 te
3078 2536 3270 2596 gentes
3290 2529 3495 2592 multm,
3522 2546 3643 2599 qua:

2044 2608 2200 2678 quasi
2228 2608 2297 2666 de
2325 2609 2573 2668 adultera
2610 2613 2940 2682 loquuntur,
2981 2627 3036 2670 et
3061 2617 3250 2672 dicunt
3288 2636 3301 2672 :
3333 2619 3642 2691 Lapidetur,

2047 2712 2093 2755 et
2114 2701 2333 2772 aspiciat
2355 2703 2409 2756 in
2431 2719 2545 2756 eam
2567 2705 2747 2759 oculus
2770 2714 2962 2760 noster.
2997 2707 3124 2762 Sive
3147 2709 3277 2762 utin
3304 2709 3456 2764 LXX
3475 2711 3648 2782 scrip—

2047 2800 2164 2848 tum
2187 2802 2304 2849 est:
2330 2793 2647 2852 Insultemus
2668 2807 2716 2852 et
2735 2799 3084 2872 gaudeamus,
3108 2809 3158 2854 et
3179 2803 3468 2873 despiciant
3495 2820 3650 2874 super

2051 2883 2184 2940 Sion
2212 2886 2351 2940 oculi
2378 2889 2542 2942 nostri
2573 2904 2593 2942 :
2621 2899 2668 2944 et
2699 2907 2799 2944 non
2831 2901 3180 2961 cognoverunt
3209 2891 3424 2948 Domini
3464 2897 3650 2950 volun--

2052 2985 2206 3030 tatem
2241 2988 2396 3049 atque
2439 2980 2714 3034 consilium
2752 2997 2770 3036 :
2798 2983 2924 3051 quia
2957 2994 3247 3052 propterea
3278 2985 3568 3042 adversum
3601 2997 3654 3044 te

2053 3082 2398 3140 congregatae
2428 3072 2538 3127 sint
2565 3073 2844 3139 nationes,
2882 3084 2939 3130 ut
2969 3086 3225 3132 conteras
3255 3093 3370 3147 eas,
3392 3083 3545 3149 quasi
3579 3083 3654 3138 fe-

358 3185 486 3232 ηθεη
509 3217 524 3243 ,
557 3183 611 3233 ει
641 3149 849 3250 genus
875 3149 1130 3246 virilitér;
1173 3177 1337 3234 Jesus
1377 3192 1597 3246 quoque
1633 3149 1954 3233 ﬁlius-Nave
1981 3149 2026 3214 C
2059 3177 2186 3216 num
2214 3164 2300 3218 vel
2329 3164 2584 3234 stipulam
2615 3181 2781 3222 arcte.
2821 3168 2993 3239 Surge
3021 3170 3214 3240 igitur,
3251 3171 3360 3226 ﬁlia
3391 3173 3519 3228 Sion
3540 3216 3555 3240 ,
3597 3186 3652 3231 et

361 3269 515 3324 teStis
541 3279 646 3336 est,
676 3271 761 3326 cui
788 3269 1054 3326 Dominus
1079 3269 1248 3326 dicit:
1282 3267 1628 3342 Confortare,
1659 3279 1706 3324 et
1735 3270 1951 3326 uiriliter

358 3379 455 3436 age
484 3361 680 3436 (Iosue
708 3378 759 3429 ι,
805 3362 894 3434 1).
919 3363 1080 3420 Dolet
1108 3373 1290 3420 autem
1331 3371 1389 3420 et
1425 3363 1538 3433 agit
1578 3363 1815 3419 viriliter
1844 3362 1952 3417 ﬁlia

356 3451 513 3520 Sion,
545 3455 672 3526 quia
696 3455 995 3511 excalciata
1024 3463 1080 3510 et
1105 3453 1246 3510 nuda
1267 3468 1486 3524 egressa
1515 3464 1596 3509 est
1619 3453 1686 3511 de
1707 3455 1949 3521 civitate,

359 3555 415 3602 et
435 3545 646 3616 captiva
673 3545 918 3602 ducenda
938 3554 1025 3602 est
1046 3545 1099 3601 in
1124 3561 1373 3616 campum
1404 3545 1673 3616 Sennaar,
1698 3553 1755 3601 et
1774 3544 1950 3600 futura

359 3636 413 3694 in
445 3637 725 3710 Babylone
753 3639 933 3695 donec
961 3637 1266 3694 Zorobabel
1296 3638 1517 3707 veniat,
1559 3646 1613 3692 et
1635 3638 1841 3692 Ezdras
1861 3637 1953 3708 qui

360 3730 752 3801 interpretatur
778 3731 1025 3803 adjutor,
1076 3739 1132 3786 et
1162 3729 1232 3785 de
1269 3743 1438 3785 manu
1473 3728 1858 3785 Chaldaeorum
1888 3728 1954 3784 li-

359 3819 513 3876 beret
541 3835 682 3877 eam.
707 3819 864 3888 Quod
892 3836 1014 3876 cum
1035 3820 1195 3890 juxta
1221 3821 1463 3876 litteram
1489 3820 1833 3876 manifestum
1855 3822 1948 3891 sit,

357 3913 670 3984 intelligere
699 3911 834 3969 mihi
871 3912 1088 3969 videtur
1126 3912 1362 3968 animam
1408 3921 1634 3984 propter
1669 3923 1951 3984 peccatum

360 4006 431 4062 de
463 4005 706 4062 Ecclesia
737 4006 948 4076 pulsam
973 4047 990 4073 ,
1035 4014 1091 4062 et
1120 4005 1342 4062 inimico
1369 4014 1425 4061 et
1462 4005 1628 4060 ultori
1667 4005 1950 4062 contradi-

361 4103 470 4151 tam
503 4096 558 4151 in
587 4096 870 4152 interitum
901 4097 1104 4166 carnis,
1128 4105 1192 4152 ut
1216 4097 1445 4168 Spiritus
1471 4098 1656 4152 salvus
1682 4099 1777 4153 ﬁat
1799 4097 1953 4154 exire

359 4186 430 4244 de
459 4187 680 4244 civitate
703 4203 864 4260 quam
890 4187 1130 4244 fluminis
1160 4189 1399 4260 impetus
1428 4189 1695 4258 laetiﬁcat,
1723 4199 1776 4246 et
1798 4189 1952 4245 habi-

363 4290 480 4338 tare
513 4296 623 4338 non
651 4283 706 4337 in
735 4290 956 4352 monte,
985 4283 1076 4340 ubi
1103 4284 1258 4356 prius
1289 4282 1499 4350 fuerat,
1531 4284 1629 4340 sed
1650 4283 1704 4338 in
1725 4299 1947 4356 campo,

360 4374 417 4430 in
456 4390 566 4444 quo
605 4374 960 4445 Assyriorum
1001 4386 1229 4448 vagatur
1267 4377 1579 4446 exercitus,
1636 4386 1696 4434 et
1734 4393 1860 4435 esse
1893 4377 1950 4434 in

361 4465 684 4522 confusione
717 4466 976 4523 vitiorum
1015 4481 1260 4537 suorum,
1291 4478 1347 4524 et
1382 4476 1670 4540 postquam
1696 4469 1951 4526 habuerit

2055 3255 2109 3310 in
2138 3257 2397 3314 cornibus
2420 3259 2631 3326 ferreis,
2665 3277 2785 3331 quae
2809 3262 2905 3317 tibi
2930 3263 3058 3318 dare
3083 3280 3169 3320 me
3191 3267 3454 3353 spondeo,
3488 3279 3652 3339 atque

2054 3347 2109 3402 in
2140 3349 2357 3420 ungulis
2383 3353 2566 3418 aereis,
2599 3367 2734 3423 quas
2765 3364 3054 3424 acceptura
3086 3371 3169 3425 es,
3203 3347 3404 3414 ventila
3429 3370 3483 3415 et
3509 3377 3644 3416 con-

2057 3450 2172 3495 tere
2195 3441 2446 3511 populos,
2470 3451 2526 3498 et
2545 3443 2790 3500 interﬁce
2810 3461 2904 3501 eos
2918 3446 3150 3502 Domino
3172 3450 3440 3506 universa:
3465 3461 3648 3508 terrae.

2055 3531 2171 3587 Tali
2199 3534 2343 3589 enim
2375 3533 2594 3590 victima
2633 3545 2688 3591 et
2729 3537 2823 3593 tali
2859 3539 3132 3594 sacriﬁcio
3159 3541 3485 3600 delectatur.
3521 3545 3652 3601 Haec

2053 3623 2226 3680 Judaei
2247 3625 2477 3682 necdum
2502 3627 2716 3698 expleta
2738 3640 3051 3695 cernentes,
3075 3633 3127 3688 in
3151 3633 3335 3690 futuro
3357 3636 3656 3692 sibiChris-

2057 3716 2094 3771 ti
2127 3717 2458 3786 pollicentur
2483 3719 2750 3787 adventu,
2781 3732 2836 3776 et
2864 3721 3055 3778 dicunt
3086 3725 3371 3781 universas
3397 3729 3652 3785 nationes

2055 3807 2280 3864 Judaico
2307 3811 2508 3882 p0pulo
2541 3811 2871 3880 servituras,
2907 3814 3194 3886 ipsumque
3217 3817 3512 3888 imperium
3541 3820 3651 3876 Ro-

2054 3915 2378 3970 manorum,
2407 3904 2551 3974 quod
2581 3906 2682 3961 sub
2713 3907 2934 3963 nomine
2977 3909 3403 3979 interpretantur
3435 3912 3607 3969 Edom
3634 3955 3648 3981 ,

2053 3997 2448 4055 conterendum
2476 4012 2600 4054 esse
2629 3999 2845 4070 ungulis
2871 4001 2984 4056 suis
3006 4011 3062 4056 et
3090 4004 3348 4060 cornibus
3378 4008 3651 4062 ventilan-

2055 4092 2203 4148 dum.
2235 4091 2390 4161 Quod
2417 4106 2577 4162 quam
2601 4091 2828 4147 stultum
2857 4094 2949 4160 sit,
2979 4108 3050 4148 ex
3073 4097 3326 4152 omnibus
3349 4098 3651 4170 Scripturis

2053 4184 2216 4241 facile
2240 4184 2672 4255 comprobatur;
2715 4184 2810 4240 sed
2848 4183 2952 4240 hoc
2982 4185 3211 4242 alterius
3253 4193 3516 4259 temporis
3545 4202 3648 4248 est.

2051 4277 2163 4334 Nos
2189 4294 2320 4349 ergo
2353 4277 2447 4349 qui
2476 4291 2585 4332 non
2615 4276 2956 4333 occidentem
2982 4278 3242 4345 litteram,
3277 4281 3374 4336 sed
3398 4282 3646 4352 spiritum

2052 4370 2417 4426 viviﬁcantem
2431 4370 2726 4441 sequimur,
2743 4370 2980 4427 dicimus
2997 4370 3289 4428 adversum
3311 4374 3473 4429 ﬁliam
3495 4377 3622 4432 Sion
3636 4418 3649 4444 .,

2052 4481 2175 4537 qua:
2201 4465 2591 4534 interpretatur
2627 4462 2795 4535 486
2831 4464 3074 4518 Ecclesia
3103 4509 3116 4533 ,
3157 4464 3356 4520 multas
3399 4468 3650 4526 nationes

361 4559 686 4628 compedes,
717 4567 772 4614 et
795 4559 1024 4616 traxerit
1045 4559 1242 4615 molam
1265 4601 1280 4628 ,
1307 4569 1362 4616 et
1386 4539 1612 4616 farinam
1633 4561 1948 4633 Babyloniis
1974 4539 2029 4600 D
2054 4558 2361 4614 daemonum
2387 4556 2739 4626 congregari,
2774 4564 2828 4610 et
2857 4556 2911 4609 in
2945 4557 3202 4624 prmsenti
3227 4559 3461 4627 sreculo,
3503 4563 3650 4630 quod

362 4652 588 4718 fecerit,
633 4653 686 4707 in
727 4661 902 4709 semet
940 4668 1215 4709 reversam
1251 4653 1472 4710 dicere:
1509 4655 1705 4722 Quanti
1752 4672 1949 4710 merce-

363 4748 498 4801 narii
522 4747 685 4819 patris
710 4747 810 4801 mei
835 4756 1142 4802 saturantur
1175 4746 1429 4817 panibus,
1469 4755 1516 4802 et
1551 4765 1644 4820 ego
1689 4748 1771 4803 hic
1813 4751 1950 4820 fama

362 4856 512 4911 pereo
545 4839 712 4912 (Luc.
739 4855 833 4908 xv,
862 4838 998 4910 17)!
1032 4848 1084 4894 et
1109 4839 1177 4894 ad
1210 4850 1488 4910 paternam
1513 4841 1733 4897 domum
1761 4849 1950 4912 postea

362 4938 734 4988 revertentem
773 4928 978 5000 suscipi
1009 4944 1037 4983 a
1069 4931 1498 4986 clementissimo
1528 4940 1679 5002 patre
1702 4973 1718 5001 ,
1768 4941 1822 4988 et
1862 4950 1948 4989 re-

361 5020 498 5078 dimi
537 5021 606 5076 de
654 5035 823 5075 manu
869 5019 1153 5075 durissimi
1191 5021 1419 5078 domini.
1453 5023 1726 5079 Ponamus
1764 5039 1948 5079 exem-

361 5113 510 5185 plum
537 5121 597 5168 ut
625 5113 770 5182 quod
803 5112 1106 5181 imperatur
1128 5113 1253 5170 ﬁlia:
1272 5113 1425 5180 Sion,
1449 5125 1505 5171 et
1526 5114 1728 5172 dicitur
1753 5133 1766 5171 :
1789 5114 1944 5184 Dote,

363 5215 412 5262 et
431 5205 644 5260 viriliter
673 5221 768 5272 age
795 5205 944 5275 quasi
971 5205 1179 5277 pariens
1203 5247 1219 5273 ,
1249 5222 1361 5263 non
1389 5205 1457 5262 ad
1489 5222 1702 5278 poenam
1724 5251 1738 5277 ,
1763 5209 1862 5266 sed
1883 5209 1950 5264 ad

361 5296 653 5351 utilitatem
678 5293 831 5349 illius
859 5295 1190 5354 referamus.
1224 5297 1494 5368 Loquitur
1524 5299 1722 5371 Paulus
1755 5299 1822 5355 ad
1847 5299 1953 5356 Ga-

360 5387 552 5445 latas;
602 5382 788 5440 Filioli
837 5387 969 5454 mei,
1034 5404 1160 5457 quos
1211 5388 1401 5444 iterum
1450 5391 1727 5460 parturio,
1792 5390 1953 5445 donec

364 5475 600 5532 Christus
628 5477 880 5547 formetur
899 5479 954 5532 in
975 5479 1119 5534 vobis
1144 5477 1354 5550 (Galat.
1378 5494 1458 5549 tv,
1481 5481 1612 5552 19).
1649 5481 1716 5536 Et
1746 5482 1952 5536 tamdiu

362 5567 555 5635 doluit,
583 5567 794 5624 tamdiu
823 5567 928 5642 [AL
953 5571 1211 5640 quamdiu
1237 5571 1257 5643 ]
1293 5572 1587 5641 parturivit
1608 5615 1623 5641 ,
1655 5572 1830 5629 donec
1857 5589 1954 5631 eos

364 5677 578 5719 rursum
610 5676 712 5732 per
740 5663 1116 5732 paenitentiam
1157 5675 1482 5736 generaret,
1523 5666 1616 5737 qui
1656 5681 1754 5738 per
1785 5667 1956 5725 delic-

367 5764 481 5813 tum
508 5755 806 5826 perierant.
835 5753 974 5810 Puta
1001 5755 1270 5813 medicum
1301 5756 1670 5827 febricitanti,
1702 5759 1788 5816 vel
1830 5761 1954 5817 vul-

676 5849 954 5913 ΡΑΤιιοι..
1001 5851 1205 5914 XXV.

2052 4651 2105 4706 in
2135 4649 2370 4720 maligno
2396 4649 2636 4719 positum
2663 4654 2746 4703 est
2769 4687 2785 4713 ,
2829 4645 3093 4704 insultare
3119 4689 3132 4714 ,
3179 4657 3232 4704 et
3277 4651 3332 4704 in
3373 4652 3650 4711 occisione

2052 4744 2286 4799 ﬁliorum
2319 4743 2436 4814 ejus
2457 4741 2715 4813 gaudere,
2744 4741 3053 4797 nescientes
3081 4742 3438 4813 cogitationes
3465 4747 3649 4804 Domi-

2052 4838 2108 4892 ni
2133 4879 2146 4905 ,
2188 4853 2289 4894 nec
2319 4835 2438 4906 ejus
2471 4833 2756 4891 consilium
2782 4842 3167 4904 agnoscentes.
3202 4835 3260 4891 Si
3281 4838 3422 4892 enim
3448 4854 3649 4911 cogno-

2051 4933 2293 5000 vissent,
2349 4944 2642 5001 numquam
2666 4929 2952 4984 Dominum
2994 4929 3300 5000 majestatis
3345 4933 3642 4990 cruciﬁxis-

2055 5033 2177 5082 sent
2201 5023 2256 5095 (l
2289 5023 2409 5079 Cor.
2435 5039 2494 5091 ιι,
2525 5023 2604 5095 8).
2633 5022 2994 5092 Congregahit
3023 5023 3207 5092 itaque
3237 5039 3332 5081 eos
3357 5029 3508 5094 quasi
3540 5044 3647 5083 ma-

2055 5117 2270 5188 nipulos
2309 5131 2453 5172 areae
2479 5157 2494 5182 ,
2545 5123 2602 5168 ut
2641 5114 2899 5185 quidquid
2938 5115 3219 5186 spinosum
3260 5116 3464 5174 habere
3489 5121 3646 5177 video

2056 5209 2252 5264 bantur
2274 5216 2326 5263 et
2352 5222 2657 5278 aspersum,
2691 5222 3033 5278 vacuumque
3053 5217 3106 5263 et
3129 5208 3270 5273 leve,
3301 5213 3516 5281 ungulis
3536 5215 3650 5269 suis

2055 5311 2302 5358 coulerat
2325 5345 2340 5370 ,
2384 5311 2439 5357 et
2463 5300 2721 5357 cornibus
2749 5302 2976 5357 ventilet
3003 5343 3018 5367 ,
3045 5311 3097 5357 et
3140 5318 3331 5371 purum
3355 5320 3649 5364 remanens

2056 5397 2410 5466 frumentum,
2437 5397 2492 5451 in
2518 5395 2733 5452 Domini
2753 5395 3014 5450 offeratur
3035 5396 3278 5450 donaria.
3305 5397 3442 5465 Quid
3466 5411 3647 5457 autem

2057 5491 2111 5547 in
2141 5505 2207 5546 eo
2232 5489 2502 5560 signiﬁcet
2527 5487 2670 5558 quod
2697 5489 2774 5542 ait
2798 5504 2810 5541 :
2838 5485 2910 5540 Et
2934 5488 3245 5544 comminues
3269 5489 3488 5561 papulas
3516 5495 3649 5550 mul-

2062 5592 2139 5636 tos
2164 5623 2179 5648 ,
2221 5589 2270 5636 et
2311 5579 2632 5636 consecrabis
2667 5577 2893 5632 Domino
2918 5577 3303 5633 multitudinem
3339 5596 3517 5637 eorum
3543 5626 3558 5652 ,
3605 5596 3652 5641 et

2061 5674 2218 5728 robur
2244 5689 2424 5730 eorum
2462 5671 2685 5727 Domino
2729 5671 2979 5725 universa:
3020 5681 3189 5726 terrae.
3233 5671 3499 5743 Legamus
3542 5677 3651 5733 Nu-

2063 5780 2245 5824 meros
2269 5809 2286 5838 ,
2325 5774 2382 5822 et
2416 5764 2605 5820 Jesum
2637 5761 2789 5818 Nave
2815 5803 2829 5829 ,
2865 5771 2921 5819 et
2958 5762 3191 5834 primum
3233 5764 3542 5835 Regnorum
3593 5771 3658 5829 li.

3298 5857 3376 5921 38
