4078 6342
526 268 666 328 1195

1783 258 1836 319 8.
1881 256 2149 320 EUSEBII
2190 258 2561 322 IIIERONYMI

3666 270 3787 327 Hild

522 385 681 440 brum
702 420 719 449 ,
753 386 812 436 et
829 378 1135 436 videbimus
1157 376 1432 449 quomodo
1460 377 1531 434 de
1562 374 1822 449 subjectis
1845 377 2118 449 gentibus,
2148 378 2197 440 A
2225 397 2357 448 nos;
2386 390 2439 436 et
2467 379 2728 436 Romanis
2750 379 3115 452 potestatibus
3144 381 3371 438 subdita:
3394 423 3409 450 ,
3442 382 3791 452 percutienlur

524 492 651 534 cum
678 475 928 531 universa
959 472 1225 543 perierint
1264 471 1318 527 in
1348 484 1445 527 ore
1470 470 1637 541 gladii
1668 515 1683 539 ,
1724 484 1917 526 aurum
1950 480 2003 525 et
2031 484 2120 525 ar-

522 580 745 642 gentum
771 610 786 636 ,
827 576 881 622 et
916 575 1027 621 tam
1066 564 1134 621 de
1162 564 1476 621 hominibus
1502 607 1517 630 ,
1567 579 1727 636 quam
1756 563 1824 618 de
1859 563 2119 633 jumentis

525 670 712 719 certus
733 658 931 731 praedas
961 671 1222 713 numerus
1244 657 1481 713 Domino
1505 665 1862 713 consecratus
1888 655 1979 711 sit.
2013 656 2118 709 De-

530 758 699 828 nique
729 764 787 810 et
816 752 1029 817 Acbor,
1062 751 1155 822 qui
1190 750 1259 807 de
1289 752 1638 807 anathemate
1666 748 1886 806 Jericho
1914 746 2121 818 aliquid

524 860 615 906 ess
652 850 865 903 iuratus
895 886 911 913 ,
948 845 1294 902 conturbavit
1330 845 1590 915 populum
1622 888 1635 913 ,
1682 848 1740 899 et
1780 856 1849 898 ex
1892 848 2120 911 peccato

525 940 656 999 valli
682 950 707 978 ει
733 953 932 995 nomen
948 938 1267 1009 impositum
1285 946 1394 1005 est,
1412 948 1553 993 nunc
1571 946 1750 993 aenos
1773 933 1928 1007 (ηυγ
1942 933 2117 1021 pm),

529 1034 585 1089 id
612 1039 697 1089 est
717 1074 732 1100 ,
759 1031 911 1087 uallis
942 1030 1216 1095 tumultus,
1249 1027 1365 1085 sive
1391 1030 1657 1083 turbarum
1685 1027 1869 1100 (Iesus
1892 1025 2017 1097 vn).
2056 1025 2123 1082 Ut

530 1133 711 1180 autem
739 1123 882 1179 scias
903 1122 1058 1192 juxta
1086 1120 1231 1177 LXX
1275 1121 1603 1191 interpretes
1634 1162 1650 1188 ,
1694 1119 1785 1190 qui
1825 1118 2119 1173 dixerunt:

525 1215 865 1272 Consecrabis
893 1212 1118 1267 Domino
1146 1212 1533 1266 multitudinem
1561 1224 1762 1278 eorum,
1792 1219 1839 1264 et
1866 1209 2020 1264 robur
2046 1224 2125 1264 eo-

525 1326 645 1365 rum
668 1308 893 1363 Domino
914 1307 1166 1361 universa:
1188 1315 1357 1370 terra,
1390 1307 1443 1359 in
1471 1305 1666 1360 bonam
1690 1310 1894 1373 partem
1921 1302 2124 1358 debere

526 1401 703 1473 accipi
732 1400 1204 1457 consecrationem
1245 1414 1258 1451 :
1289 1396 1594 1453 Theodotio
1622 1409 1722 1466 pro
1748 1394 2119 1464 multitudine,

528 1508 751 1549 munera
781 1489 1058 1547 transtulit
1089 1506 1104 1543 :
1134 1489 1331 1557 Quinta
1360 1488 1527 1543 editio
1550 1528 1565 1555 ,
1606 1486 2035 1545 emolumentum.
2068 1483 2123 1540 id

527 1584 677 1655 est,h
700 1579 1365 1656 ὠφόλςωεὸγῐηιηπὶιυε,
1396 1578 1621 1648 lucrum,
1643 1576 1694 1632 id
1721 1586 1825 1645 est,
1855 1577 1915 1634 τὸ
1944 1575 2124 1652 κέρδος

528 1699 720 1734 αντων.

2222 472 2275 529 in
2317 474 2534 529 maxilla
2568 473 2741 529 tribus
2770 471 2959 527 Israel.
3012 473 3249 530 Abstulit
3282 473 3427 530 enim
3462 474 3708 531 Dominus
3735 478 3794 534 de

2220 565 2405 622 Iudaea
2439 576 2493 622 et
2524 566 2592 622 de
2615 564 2918 622 Jerusalem
2946 612 2960 635 ,
3009 565 3208 625 fortem
3241 578 3295 626 et
3324 566 3560 625 validum
3589 612 3603 636 ,
3643 579 3693 624 et
3720 585 3797 626 sa-

2222 659 2457 729 pientem
2503 658 2899 725 architectum,
2954 666 3010 715 et
3055 661 3450 733 intelligenlem
3514 664 3795 721 auditorem

2224 751 2349 826 [ΑΙ.
2383 752 2730 827 adjutorem]
2756 799 2769 823 ,
2823 764 2881 812 et
2910 760 3011 814 vim
3052 755 3171 827 ejus
3202 768 3376 828 usque
3404 754 3568 811 hodie
3616 757 3797 813 clausa)

2222 856 2417 905 suntet
2443 848 2703 919 obseptar,
2723 862 2825 906 nec
2846 859 3025 922 potest
3048 850 3235 923 egredi
3262 850 3331 906 de
3352 850 3691 920 captivitate;
3716 849 3797 905 sed

2221 941 2516 999 durissimo
2539 943 2801 1013 premitur
2825 942 3058 1017 Imperio
3080 943 3238 1018 (Isai.
3267 954 3346 1011 nt,
3378 944 3431 1013 l,
3455 940 3609 1014 2).Si
3635 951 3796 1000 autem

2219 1022 2371 1100 juxta
2393 1029 2733 1098 superiorem
2756 1044 2981 1087 sensum
3006 1032 3341 1087 voluerimus
3359 1026 3685 1085 chcclesia
3704 1030 3803 1085 die.

2224 1128 2337 1174 tum
2360 1121 2613 1191 accipere
2632 1136 2647 1176 :
2664 1120 2822 1176 Nunc
2843 1122 3137 1178 obstruetur
3154 1121 3266 1193 ﬁlia
3295 1121 3659 1182 obstructione.
3684 1122 3801 1178 illud

2223 1210 2446 1267 de()see
2470 1212 2811 1281 proferamus
2833 1216 3168 1285 exemplum,
3187 1216 3243 1270 in
3266 1228 3373 1285 quo
3394 1211 3637 1269 adultera
3655 1215 3803 1283 loqui.

2225 1311 2357 1359 tur:
2396 1302 2596 1359 Vadam
2640 1314 2755 1376 post
2795 1316 3054 1363 mutares
3092 1320 3234 1362 meos
3262 1348 3277 1375 ,
3336 1307 3428 1377 qui
3470 1306 3659 1360 dabant
3691 1308 3802 1362 mihi

2224 1411 2383 1467 panes
2415 1412 2553 1452 meos
2574 1442 2587 1467 ,
2622 1406 2669 1452 et
2698 1414 2887 1468 aquam
2912 1415 3079 1455 meam
3104 1440 3120 1467 ,
3164 1409 3211 1455 et
3236 1400 3545 1454 vestimenta
3574 1415 3683 1454 mea
3708 1442 3718 1463 ,
3761 1408 3802 1454 et

2227 1485 2531 1541 linteamina
2552 1503 2686 1555 mea,
2720 1490 2890 1544 oleum
2915 1506 3103 1559 meum,
3138 1498 3187 1545 et
3214 1492 3391 1545 omnia
3410 1500 3533 1561 qua
3554 1489 3680 1544 mihi
3702 1507 3804 1561 pro-

2225 1587 2342 1634 sunt
2372 1579 2540 1651 (Osee
2569 1592 2609 1636 η
2632 1622 2645 1646 ,
2679 1580 2769 1653 5).
2814 1581 2881 1637 Et
2925 1590 3112 1651 postea
3150 1582 3295 1638 Dens
3320 1582 3518 1637 volens
3559 1582 3803 1651 impedire

2226 1672 2610 1744 cogitationem
2644 1676 2935 1745 pessimam
2969 1720 2983 1745 ,
3037 1691 3146 1731 non
3185 1688 3307 1731 eam
3349 1674 3485 1731 facit
3509 1674 3650 1747 quod
3678 1676 3804 1731 desi-

595 1765 751 1837 (Cap.
777 1762 1085 1822 V.—-Vers.
1114 1763 1195 1837 I.)
1227 1762 1386 1818 Nunc
1406 1762 1711 1830 rastaberis,
1733 1762 1847 1831 ﬁlia
1868 1763 2121 1817 latronis:
2154 1762 2202 1831 Β
2227 1765 2382 1821 derat
2411 1766 2753 1837 adimplere;
2798 1767 2894 1823 sed
2936 1768 3171 1823 obstruit
3205 1769 3324 1822 vias
3359 1767 3485 1838 ejus
3513 1809 3528 1833 ,
3578 1782 3645 1821 ne
3684 1778 3802 1823 ceno

530 1857 855 1913 obsidionem
879 1864 1167 1926 posuerunt
1194 1869 1352 1925 super
1375 1870 1472 1907 nos
1513 1868 1530 1906 :
1564 1853 1620 1906 in
1653 1852 1801 1925 virga
1836 1853 2125 1923 percutth

533 1948 806 2006 maxillam
833 1947 1034 2019 judicia
1059 1946 1248 2002 Israel.
1277 1944 1420 2001 LXX
1455 1963 1470 2000 ς
1505 1944 1555 1999 Ν
1563 1961 1663 1999 unc
1686 1944 1981 2000 obstruetur
2014 1945 2125 2014 ﬁlia

530 2049 881 2104 obstructione
924 2061 942 2100 :
982 2044 1281 2116 angustiam
1309 2042 1481 2113 posuit
1518 2056 1677 2110 super
1702 2055 1795 2094 nos
1837 2054 1855 2093 :
1901 2039 1956 2093 in
1982 2039 2125 2109 virga

529 2140 819 2212 percutiant
842 2152 999 2209 super
1022 2136 1293 2191 maxillam
1317 2134 1478 2189 tribus
1495 2130 1688 2187 Israel.
1714 2131 1829 2186 Non
1852 2129 1995 2201 quod
2018 2142 2126 2184 una

528 2236 704 2291 tribus
725 2231 997 2304 percutiat
1018 2229 1293 2285 maxillam
1316 2227 1574 2295 alterius,
1599 2226 1694 2282 sed
1717 2225 1863 2297 quod
1885 2225 1975 2279 alii
1997 2238 2121 2295 per-

527 2330 737 2385 cutiant
765 2328 940 2381 tribus
968 2312 1141 2380 Israel
1174 2325 1228 2377 in
1260 2322 1564 2377 maxillam.
1598 2321 1880 2376 Pollicitus
1908 2320 2124 2391 quidem

524 2423 627 2479 tibi
655 2437 798 2487 sum,
827 2437 862 2475 ο
892 2420 1000 2475 ﬁlia
1020 2419 1173 2483 Sion,
1203 2416 1346 2489 quod
1376 2424 1664 2473 venturum
1689 2416 1762 2470 sit
1785 2424 1998 2484 tempus
2022 2428 2126 2482 quo

525 2532 700 2574 cornu
725 2526 873 2570 tuum
906 2528 1102 2584 ponam
1133 2511 1369 2567 ferreum
1394 2550 1409 2578 ,
1441 2519 1496 2564 et
1522 2508 1751 2580 ungulas
1775 2519 1896 2561 tuas
1920 2520 2090 2561 aereas
2112 2544 2127 2574 ,

528 2618 584 2665 et
609 2609 945 2664 comminuta
977 2604 1289 2661 daemonum
1319 2601 1668 2657 multitudine
1690 2642 1704 2665 ,
1733 2598 1936 2655 offeras
1966 2597 2125 2669 quid-

528 2698 661 2770 quid
693 2699 770 2753 illi
806 2705 933 2753 ante
975 2694 1333 2765 possederant
1372 2693 1605 2747 Domino
1646 2691 1836 2763 (Rom.
1866 2687 1958 2760 ιι)
2009 2689 2128 2743 uni-

530 2808 708 2848 versa:
740 2803 920 2846 terrae.
947 2789 1053 2847 Sed
1081 2789 1206 2858 quia
1238 2788 1340 2842 hoc
1363 2796 1492 2842 tunc
1514 2786 1759 2841 futurum
1781 2793 1887 2851 est,
1911 2782 2128 2854 quando

530 2883 924 2940 subintraverit
975 2880 1215 2951 gentium
1260 2878 1545 2949 plenitudo
1575 2918 1589 2944 ,
1643 2887 1698 2933 et
1740 2876 1921 2931 omnis
1959 2875 2128 2930 Israel

529 2978 769 3033 salvatus
804 2974 969 3030 fuerit
1000 2994 1012 3027 :
1046 2987 1189 3028 nunc
1219 2970 1436 3026 interim
1464 2984 1561 3041 pro
1591 2970 1801 3024 meritis
1828 2968 1935 3023 tuis
1963 2966 2125 3039 48³1

528 3079 771 3134 vastare,
806 3066 922 3122 sive
955 3066 1093 3120 utin
1128 3064 1354 3119 Hebraeo
1386 3063 1615 3117 habetur
1643 3101 1658 3125 ,
1700 3061 1991 3115 concidere.
2025 3061 2127 3113 Ne-

2227 1867 2487 1927 sequatur
2537 1867 2812 1914 amatores
2869 1874 3040 1925 suos,
3106 1868 3159 1915 et
3208 1860 3447 1929 amplius
3496 1860 3801 1915 fornicetur.

2227 1950 2316 2006 Ait
2354 1948 2521 2024 588
2553 1953 2758 2023 quippe
2790 1968 2802 2005 :
2840 1949 3127 2022 Propterea
3153 1966 3268 2007 ecce
3295 1966 3389 2026 ego
3415 1952 3676 2007 obstruunt
3708 1954 3802 2007 vias

2226 2045 2339 2114 ejus
2380 2044 2434 2097 in
2475 2043 2691 2099 sudibus
2718 2084 2731 2109 ,
2776 2054 2823 2099 et
2866 2045 3128 2114 obsepiarn
3158 2046 3267 2100 vias
3295 2048 3411 2118 ejus
3443 2060 3463 2099 :
3500 2053 3549 2099 et
3593 2048 3805 2100 semitam

2224 2150 2371 2189 suam
2402 2152 2507 2190 non
2534 2136 2775 2204 inueniet,
2810 2145 2859 2191 et
2886 2147 3219 2208 persequetur
3246 2148 3513 2192 amatores
3543 2136 3651 2209 [AL
3675 2138 3807 2193 addit

2226 2225 2413 2299 suos],
2445 2237 2492 2281 et
2525 2242 2627 2281 non
2650 2228 3009 2299 apprehendet
3036 2242 3122 2283 eos
3142 2269 3155 2292 ,
3189 2236 3239 2284 et
3266 2236 3469 2298 φρίττει
3493 2240 3609 2295 eos,
3650 2237 3695 2283 et
3718 2244 3807 2284 non

2227 2321 2480 2387 inveniet,
2512 2330 2560 2374 et
2586 2320 2725 2375 dicet
2756 2336 2776 2375 :
2810 2320 3018 2374 Vadam
3040 2330 3090 2375 et
3112 2330 3344 2376 revertar
3365 2322 3436 2375 ad
3463 2321 3629 2376 cirum
3657 2338 3806 2375 meum

2229 2413 2457 2482 priorem
2475 2413 2597 2483 quia
2619 2412 2750 2467 bene
2767 2412 2897 2467 mihi
2918 2424 3032 2468 erat
3059 2411 3289 2485 (Ibidem
3318 2459 3331 2483 ,
3365 2429 3421 2468 vr
3443 2452 3458 2481 ,
3490 2429 3592 2468 sec.
3620 2412 3803 2483 LXX).

2227 2506 2620 2562 Animadverte
2676 2522 2816 2576 opus
2870 2507 3084 2562 Domini
3136 2506 3440 2577 profecisse
3496 2524 3512 2561 :
3566 2506 3801 2561 Adultera

2227 2597 2376 2654 enim
2405 2613 2512 2654 non
2546 2598 2828 2654 inveniens
2858 2601 3002 2654 viam
3034 2613 3209 2663 suam,
3244 2614 3349 2656 nec
3380 2600 3577 2655 valens
3600 2612 3805 2670 pergere

2227 2702 2336 2760 quo
2363 2690 2602 2755 volebat,
2633 2692 2962 2747 necessitate
2986 2693 3246 2748 obstricta
3270 2693 3339 2748 ad
3363 2694 3622 2748 maritum
3644 2704 3805 2748 rever»

2228 2780 2361 2836 titur
2390 2782 2650 2852 priorem,
2683 2792 2737 2837 ct
2763 2783 3072 2847 conﬁtetur,
3104 2782 3298 2839 melius
3323 2783 3431 2839 sibi
3455 2785 3510 2839 in
3532 2783 3688 2838 domo
3716 2783 3803 2837 viri

2228 2887 2350 2928 esse
2392 2872 2627 2943 prioris,
2680 2890 2842 2945 quam
2888 2877 3163 2944 quondam
3207 2876 3349 2946 apud
3382 2885 3656 2932 amatores
3691 2890 3801 2932 suos

2228 2963 2427 3033 fuerat,
2457 2965 3007 3037 tribulationibusque
3026 3006 3041 3033 ,
3071 2978 3129 3024 et
3150 2969 3325 3040 plagis
3355 2967 3520 3024 Israel
3553 2970 3796 3023 eruditur.

2232 3055 2386 3113 Unde
2418 3066 2473 3113 et
2493 3058 2559 3112 ad
2587 3058 2704 3130 (At.
2732 3057 2837 3129 de)
2876 3060 3046 3113 David
3083 3059 3186 3114 sub
3217 3068 3348 3131 typo
3368 3060 3577 3115 Christi
3603 3060 3804 3131 mystice

529 3173 805 3233 quaquam
832 3160 977 3214 enim
1007 3158 1163 3228 juxta
1187 3155 1510 3225 Apostolum
1547 3153 1774 3225 (Philip.
1804 3151 1885 3224 ut)
1911 3152 2122 3207 vocaris
2148 3154 2194 3222 ρ
2228 3150 2433 3207 dicitur
2453 3168 2466 3205 :
2485 3150 2545 3205 Si
2568 3152 2933 3223 dereliquerint
2953 3154 3051 3223 filii
3075 3156 3189 3226 ejus
3212 3153 3376 3224 legent
3392 3170 3584 3222 munt,
3606 3164 3653 3209 et
3674 3155 3805 3225 inju-

529 3254 894 3312 Circumcisio
922 3296 938 3321 ,
986 3252 1081 3306 sed
1122 3248 1367 3305 concisio
1414 3265 1427 3303 :
1478 3262 1580 3303 nec
1620 3255 1674 3303 te
1712 3246 1927 3317 appello
1958 3246 2124 3301 tiliam

528 3362 738 3416 meam,
768 3344 865 3400 sed
895 3334 1127 3398 latronis
1159 3342 1324 3396 tiliam
1344 3382 1359 3407 ,
1409 3340 1552 3410 quod
1597 3339 1862 3395 Hebraice
1901 3339 2123 3406 dicitur,

529 3452 672 3495 sua
695 3451 871 3493 GBDUD
902 3434 1042 3506 ('tTt:
1068 3430 1194 3501 ω),
1229 3430 1280 3485 id
1314 3439 1419 3495 est,
1450 3429 1650 3483 diaboli
1676 3429 1741 3482 ad
1773 3428 2126 3498 praedandum

531 3546 750 3602 semper
773 3526 1029 3585 accincti.
1062 3524 1265 3580 Fecisti
1288 3524 1432 3578 enim
1460 3521 1681 3576 domum
1712 3535 1886 3575 meam
1909 3519 2130 3589 spelun-

531 3638 652 3679 cam
684 3624 983 3688 latronum,
1019 3615 1331 3688 repugnasti
1354 3614 1641 3669 adversum
1675 3627 1760 3667 me
1784 3652 1800 3679 ,
1833 3622 1887 3668 et
1920 3613 2011 3668 lilii
2052 3613 2129 3668 tui

532 3713 875 3770 obsidionem
907 3717 1209 3780 posuerunt
1244 3722 1409 3777 super
1439 3722 1526 3761 me
1546 3746 1559 3769 ,
1602 3713 1659 3760 et
1687 3720 1855 3774 super
1886 3705 2083 3760 Filium
2110 3749 2125 3774 ,

535 3815 591 3861 et
620 3804 883 3875 Spiritum
916 3803 940 3833 °
975 3815 1180 3854 meum.
1232 3801 1311 3854 An
1345 3813 1451 3853 non
1478 3796 1813 3853 contumelia
1844 3796 2128 3851 Trinitatis

532 3906 637 3963 est,
669 3893 888 3966 quando
917 3894 969 3948 in
993 3893 1151 3961 virga
1184 3899 1237 3946 et
1263 3890 1478 3946 calamo
1504 3930 1517 3953 ,
1551 3898 1601 3943 te
1625 3888 1878 3955 faciente,
1908 3904 2130 3958 percus-

532 4003 656 4044 sere
677 3986 907 4043 Romani
930 3991 1096 4054 caput
1119 3982 1322 4053 judicis
1348 3981 1538 4047 Israel,
1571 3982 1815 4036 dicentes
1848 3999 1860 4036 :
1893 3980 2131 4052 Prophe-

534 4080 639 4134 tisa
661 4077 825 4143 nobis,
855 4074 1083 4139 Christe,
1105 4076 1222 4144 quis
1245 4084 1319 4128 est
1340 4075 1429 4143 qui
1454 4082 1501 4125 te
1524 4074 1775 4143 percussit
1793 4072 1949 4143 (Nat.
1976 4088 2125 4141 xxvi,

534 4172 678 4245 60)?
728 4170 847 4225 sive
897 4166 1117 4237 quando
1155 4179 1297 4223 unus
1324 4165 1393 4221 de
1430 4166 1698 4220 ministris
1729 4165 1834 4220 tuis
1865 4166 2133 4234 percussit

532 4278 659 4318 eum
707 4262 761 4315 in
805 4257 1088 4313 maxillam
1115 4296 1131 4320 ,
1180 4255 1371 4310 dicens
1406 4270 1418 4308 :
1450 4255 1540 4310 Sic
1571 4254 1855 4327 respondes
1899 4258 2133 4326 ponti/isi

538 4354 719 4427 (Joan.
751 4366 882 4407 xvm
903 4388 921 4419 ,
948 4349 1080 4420 22)?
1121 4348 1235 4403 Iloc
1254 4347 1411 4417 juxta
1444 4347 1768 4402 IIebrsicum
1796 4384 1812 4415 ,
1845 4349 1931 4403 cui
1960 4349 2131 4404 iuter~

536 4447 832 4520 pretationi
865 4444 1057 4514 Aquila
1090 4452 1143 4498 et
1175 4439 1538 4512 Symmachus
1564 4484 1577 4508 ,
1616 4448 1671 4496 et
1700 4439 2003 4495 Theodotio
2028 4484 2042 4507 ,
2076 4452 2130 4497 et

2226 3241 2375 3295 diciis
2396 3242 2519 3296 meis
2543 3258 2645 3296 non
2668 3244 3069 3313 ambulaverint,
3100 3246 3144 3298 si
3155 3247 3395 3317 justitias
3419 3262 3560 3300 meas
3580 3248 3804 3316 profana-

2228 3336 2406 3400 verint,
2420 3343 2471 3388 et
2484 3347 2738 3405 nmepta
2758 3353 2868 3392 utea
2888 3355 2989 3392 non
3002 3339 3361 3403 eustodierint,
3378 3340 3600 3395 visitabo
3616 3340 3665 3393 in
3680 3339 3804 3408 virga

2226 3428 2520 3495 iniquitates
2549 3445 2744 3491 eorum,
2780 3440 2826 3483 et
2856 3431 2907 3483 in
2931 3432 3156 3501 ﬂagellis
3179 3443 3387 3503 peccata
3415 3446 3596 3486 eorum
3622 3447 3640 3485 :
3666 3432 3798 3484 mise-

2228 3520 2508 3574 ricordiam
2540 3531 2712 3574 autent
2750 3538 2920 3576 meam
2949 3539 3050 3575 non
3090 3523 3388 3595 dispergam
3424 3524 3491 3577 ab
3529 3538 3588 3578 eo
3631 3522 3801 3595 (Psal.

2227 3624 2498 3676 Lxxxvm,
2532 3612 2595 3666 5|
2627 3614 2818 3683 seqq).
2852 3613 3287 3669 Tribulationem
3318 3628 3453 3686 ergo
3478 3615 3657 3685 posuit
3682 3615 3803 3669 Deus

2229 3717 2397 3771 super
2429 3703 2593 3756 tiliam
2624 3702 2793 3759 Israel
2820 3746 2835 3769 ,
2867 3716 2920 3760 ct
2956 3708 3263 3776 percutiant
3295 3722 3413 3763 eam
3451 3707 3642 3779 Angcli
3669 3749 3681 3770 ,
3727 3706 3801 3776 qui

2232 3794 2408 3864 plagis
2438 3795 2718 3863 pra‘positi
2751 3803 2919 3861 sunt,
2968 3797 3018 3849 in
3062 3798 3305 3851 maxilla.
3344 3801 3421 3853 Ac
3454 3814 3525 3854 ne
3552 3798 3685 3853 forte
3728 3812 3805 3850 ne-

2231 3884 2401 3939 scires
2428 3899 2549 3953 qua:
2578 3894 2721 3940 esset
2754 3886 2861 3941 tilia
2887 3928 2901 3951 ,
2924 3902 3046 3957 quae
3084 3888 3387 3945 obstruitur
3411 3889 3798 3956 obstructione,

2232 3985 2287 4033 et
2319 3978 2535 4046 ponitur
2568 3979 2622 4031 in
2650 3981 2901 4049 angustia
2924 4018 2937 4045 ,
2970 3982 3156 4036 statim
3190 3983 3421 4039 infertur
3448 4026 3462 4050 ,
3503 3994 3560 4041 et
3586 3983 3799 4047 dicitur,

2234 4069 2395 4123 tribus
2426 4070 2619 4125 Israel.
2663 4071 2775 4125 Nos
2801 4082 2981 4127 autem
3029 4088 3219 4129 sumus
3253 4075 3418 4131 Israel
3450 4118 3467 4143 ,
3514 4077 3602 4145 qui
3646 4085 3801 4131 mente

2232 4163 2505 4218 cernimus
2530 4164 2721 4230 Deum,
2750 4165 2817 4219 ad
2842 4180 3073 4235 quorum
3097 4167 3513 4223 distinctionem
3535 4167 3801 4237 Apostolus

2232 4257 2476 4327 loquitur
2506 4274 2519 4311 :
2562 4257 2739 4313 Videte
2762 4258 2936 4313 Israel
2958 4262 3246 4314 secundum
3269 4277 3479 4317 carnem
3501 4262 3544 4333 (I
3568 4262 3681 4316 Cor.
3704 4274 3799 4322 ιιι,

2236 4349 2366 4419 18).
2413 4349 2719 4420 Numquam
2752 4351 2895 4405 euim
2930 4362 3153 4409 vocaret
3180 4368 3441 4410 carnenm
3484 4354 3667 4419 Israel,
3714 4351 3800 4406 nisi

2234 4443 2402 4496 sciret
2424 4455 2553 4497 ease
2578 4444 2742 4496 etiam
2775 4443 3142 4512 spiritualem.

538 4539 710 4597 editio
756 4536 942 4608 quinta
996 4532 1362 4589 consentiunt.
1392 4531 1553 4586 quta
1589 4530 1730 4586 LXX
1758 4540 1939 4586 autem
1962 4534 2129 4590 multo
2155 4548 2210 4610 Β
2304 4534 2487 4606 (Vers.
2510 4534 2597 4604 2.)
2626 4534 2691 4588 Et
2717 4546 2791 4600 tu,
2818 4535 3080 4592 Bethleem
3102 4538 3399 4609 Ephratha,
3430 4539 3674 4608 parvulus
3692 4554 3740 4591 es
3757 4538 3802 4590 in

537 4628 563 4668 ἀ
580 4630 737 4685 altior
763 4640 958 4684 sensus
974 4635 1079 4692 est,
1099 4634 1154 4680 et
1169 4624 1322 4694 quasi
1341 4638 1367 4676 a
1390 4624 1612 4693 proprio
1631 4623 1949 4693 intelligitur
1972 4641 2127 4681 exor.

537 4720 655 4778 dio.
686 4719 841 4774 Nunc
863 4717 1171 4771 obstruitur
1198 4729 1467 4786 synagoga
1498 4713 1878 4770 obstructione
1923 4733 1937 4769 :
1968 4726 2024 4771 et
2053 4717 2134 4771 di~

536 4820 669 4874 cent
698 4811 790 4883 qui
818 4809 875 4865 in
898 4825 959 4863 ea
984 4807 1156 4863 clausi
1184 4806 1386 4863 iuerint
1410 4821 1425 4861 :
1454 4805 1762 4877 Angustiam
1785 4809 1955 4880 posuit
1977 4826 2133 4881 super

604 5029 632 5057 ι
661 5016 920 5077 Diximus
952 5013 1004 5066 in
1038 5008 1181 5064 notis
1209 5009 1277 5081 ad
1306 5009 1453 5064 Libr.
1501 5008 1768 5065 Locorum
1799 5050 1814 5076 ,
1856 5010 1946 5081 qui
1985 5026 2117 5068 con-

534 5101 678 5147 stare
708 5085 943 5142 nominis
976 5082 1170 5135 allusio
1196 5080 1383 5135 debet.
1611 5131 1619 5137 ,

601 5161 630 5200 1)
673 5157 834 5212 Addit
862 5155 1067 5210 Victor.
1101 5151 1152 5207 id
1182 5163 1263 5208 est
1291 5150 1429 5227 δῶρα
1464 5168 1476 5205 :
1509 5161 1564 5206 et
1592 5167 1718 5207 mox
1744 5192 1759 5218 ,
1801 5152 2007 5207 lucrum
2038 5171 2127 5209 eo-

530 5246 668 5286 rum.

602 5313 626 5341 °
669 5301 785 5355 Duo
814 5311 971 5363 mss.,
1006 5305 1051 5349 et
1086 5293 1350 5363 Spiritum
1382 5302 1640 5347 sanctum.

601 5371 628 5409 ἀ
672 5372 774 5426 Pro
801 5369 979 5435 altior,
1014 5379 1134 5434 quin
1157 5380 1281 5419 vera
1313 5373 1410 5438 est
1427 5379 1557 5419 mss.
1586 5374 1896 5438 nostrorum
1929 5367 2126 5438 lectio,

535 5452 594 5499 ut
627 5458 690 5498 ex
722 5442 840 5511 ipso
872 5441 1039 5507 liquet
1074 5443 1363 5511 etmtextu,
1400 5435 1662 5489 hactenus
1691 5437 1925 5511 obtinuit
1951 5435 2122 5491 aliter.

610 5524 633 5551 ε
674 5506 1045 5567 Palatinorum
1080 5521 1181 5575 ope
1216 5506 1467 5560 Codicum
1498 5508 1862 5575 expunximus
1894 5522 2081 5561 vocem
2111 5550 2125 5575 ,

535 5597 881 5654 nequaquam,
908 5593 1030 5654 qua;
1058 5576 1145 5631 hic
1163 5577 1628 5654 interserebatur.
1656 5578 1851 5631 Brixia:
1875 5578 2130 5654 similiter

534 5647 772 5721 codices,
803 5647 943 5723 quos
971 5648 1247 5723 Victorius
1274 5647 1719 5723 consuluit,_easn
1754 5664 1875 5723 non
1895 5648 2123 5704 habent:

535 5738 711 5794 neque
735 5717 900 5795 porro
922 5722 1037 5792 ipse
1050 5717 1272 5776 Graecus
1287 5727 1488 5787 textus,
1504 5718 1660 5789 cujus
1676 5718 1839 5775 verba
1864 5718 1918 5775 in
1939 5734 2127 5778 emen-

2236 4625 2464 4678 millibus
2484 4623 2630 4677 Iuda
2656 4640 2755 4678 σθω
2782 4634 2830 4679 te
2859 4625 2987 4679 mihi
3015 4629 3309 4697 egredietur
3331 4629 3421 4699 qui
3445 4630 3512 4682 sit
3536 4628 3803 4681 dominator

2238 4717 2289 4770 in
2308 4713 2501 4782 Israel,
2518 4722 2566 4769 et
2580 4731 2816 4786 egressus
2836 4720 2952 4789 ejus
2974 4719 3039 4772 ab
3066 4718 3214 4771 initio
3236 4736 3268 4770 a
3294 4719 3477 4773 diebus
3501 4718 3799 4773 clamitaris.

2238 4809 2381 4866 LXX
2417 4828 2429 4865 :
2460 4808 2527 4864 Et
2557 4820 2635 4876 tu,
2663 4808 2927 4865 Bethleem
2948 4810 3135 4865 domus
3166 4808 3425 4881 Epttrata,
3461 4820 3484 4849 ε
3513 4811 3713 4865 minime
3736 4826 3798 4873 es,

2221 5014 2520 5105 dTatioril'ms
2549 5014 2702 5105 libris
2735 5015 2994 5105 I'ttec‘esie
3020 5017 3182 5105 trladit
3222 5018 3280 5073 Β.
3310 5018 3532 5086 Doctor,
3547 5018 3800 5105 gms-ra:

2221 5087 2269 5141 εἶ
2283 5092 2376 5141 τοῦ
2404 5087 2531 5142 εἶναι
2617 5088 2821 5158 χιλιάσι
2844 5087 3384 5157 ’Μύδωριιθιηηυαηι
3409 5105 3515 5145 non
3530 5087 3800 5145 dilli'tenlttt'

2224 5171 2344 5233 cum
2379 5157 2906 5233 negandiparticula
2935 5166 3019 5233 pri
3034 5161 3297 5233 ὀλιγοστὸς
3338 5161 3536 5233 legisse
3564 5158 3797 5233 Theodo:

2230 5227 2393 5281 ritmn
2426 5225 2667 5293 {sicque
2699 5225 2963 5298 prml'erre
2992 5225 3648 5286 Bai-berinium'codicem
3673 5273 3687 5296 ,
3724 5225 3799 5281 cui

2235 5306 2416 5374 tamen
2447 5298 2513 5351 ad
2545 5303 3014 5374 oratnapponitur
3044 5302 3328 5374 ὀλιγοστὸς,
3358 5302 3560 5374 absque
3584 5308 3650 5374 μή
3678 5317 3690 5355 :
3717 5300 3798 5374 tic-

2235 5370 2399 5438 nique
2424 5378 2479 5424 et
2506 5384 2570 5423 ex
2593 5369 2808 5444 Latinis
2824 5372 2888 5444 S._
2904 5369 3239 5444 Cyprianum
3273 5372 3367 5444 lib.
3396 5386 3436 5427 ll
3466 5369 3798 5444 Testimonio-

2234 5454 2378 5512 rum,
2412 5457 2513 5492 non
2538 5442 2749 5512 exigua.
2786 5441 2894 5497 Sed
2924 5441 3025 5498 nec
3057 5442 3188 5497 illud
3223 5443 3415 5509 refert,
3448 5452 3507 5498 ut
3536 5443 3605 5497 ait
3638 5442 3797 5496 Viola-

2233 5511 2371 5584 ᾔεις,
2406 5512 2550 5575 quod
2670 5510 2922 5567 Matthazo
2951 5514 3299 5584 Evangellsta
3328 5514 3663 5570 inveniatur:
3689 5522 3794 5584 eum

2236 5579 2596 5652 Hieronymus
2626 5583 2710 5635 hic
2738 5586 2886 5638 clare
2916 5579 3131 5640 asserat
3155 5626 3170 5650 ,
3214 5585 3584 5640 testimonium
3623 5579 3739 5637 illud
3769 5593 3793 5631 a

2236 5652 2493 5707 Matthteo
2514 5653 2759 5719 citatum,
2797 5670 2896 5709 nec
2919 5655 3209 5719 Hebraico,
3240 5671 3341 5712 nec
3362 5653 3703 5725 Septuaginta
3726 5652 3795 5702 in-

2234 5725 2569 5794 terpretibus
2623 5726 2941 5783 convenire.
2992 5725 3240 5784 Deluissc
3268 5734 3453 5785 ante.
3504 5727 3555 5782 in
3604 5725 3792 5794 vulgata
