4078 6342
373 283 512 341 ΗΘΊ
1149 275 1806 340 COMMENTARIOBUM
1843 275 1908 334 ΙΝ
1949 275 2023 333 ιιι

2129 273 2289 334 ΕΔΜ
2326 275 2455 335 LIB.
2498 277 2563 335 ll.
2603 278 2760 338 CAP.
2801 279 2868 336 V.
3527 287 3661 346 H98

371 402 426 447 ut
448 393 518 446 sis
537 391 593 447 in
617 391 843 448 millibus
863 391 1009 448 Iuda
1038 407 1055 447 :
1082 408 1146 449 ea:
1170 399 1219 448 te
1239 392 1369 448 mihi
1389 390 1711 462 egredietur,
1745 397 1797 444 ut
1818 389 1883 444 sit
1904 388 1962 444 in
1988 391 2036 451 Α
2066 387 2268 443 thleem
2299 429 2314 454 ,
2347 396 2405 444 et
2453 389 2506 445 in
2537 391 2790 448 omnibus
2824 392 3021 449 linibus
3049 393 3168 464 ejus
3194 411 3224 452 a
3259 391 3465 455 bimatu
3499 411 3550 457 et
3584 403 3667 458 in-

373 485 657 557 principem
679 482 848 540 Israel
877 525 890 548 ,
932 491 982 540 et
1022 501 1252 557 egressus
1293 485 1407 556 ejus
1433 479 1495 538 ab
1517 481 1670 537 initio
1693 497 1758 536 ex
1785 480 1964 535 diebus
2066 478 2147 536 ira
2167 481 2596 556 [Al.deorsum],
2614 485 2914 542 secundum
2938 498 3153 559 tempus
3169 492 3310 560 quod
3325 494 3667 563 exquisierat

369 577 573 634 seaculi.
592 578 650 634 ln
677 578 1025 649 Evangelium
1050 577 1352 634 secundum
1371 575 1684 632 Matthteum
1707 573 1966 646 (illaut),
2067 591 2098 630 a
2128 577 2325 648 magis,
2359 583 2416 633 et
2442 587 2668 650 propter
2698 580 2995 648 plurimum
3021 585 3342 655 sanguinem
3373 589 3558 644 audita
3586 600 3672 645 est

369 683 494 725 cum
519 670 660 741 magi
677 670 748 726 de
763 669 987 726 Oriente
1011 667 1337 737 venissent,
1374 679 1432 724 et
1453 667 1746 722 llerodesa
1773 665 1970 721 scribis
2067 677 2170 720 vox
2205 666 2258 722 in
2297 669 2525 724 excelso
2550 710 2565 736 ,
2608 670 2860 739 planctus
2897 683 2951 728 et
2981 675 3224 732 ululatus
3270 678 3476 738 Rachel
3535 682 3670 738 ﬂen-

373 777 667 838 quazreret,
701 767 920 823 ubinam
947 766 1200 822 Christus
1233 764 1501 821 Dominus
1524 769 1862 826 nasceretur,
1885 777 1970 817 re-
2071 760 2140 815 tis
2170 761 2374 817 liberos
2403 777 2532 818 suos
2562 763 2700 832 (Jer.
2735 765 2911 838 xxxt).
2944 765 3200 840 Legimus
3228 771 3384 841 juxta
3439 773 3673 844 Septua-

371 859 658 930 spondisse
677 859 844 932 ‘89
889 863 1218 915 narrantur:
1244 856 1314 912 In
1335 855 1598 912 Bethleem
1621 863 1760 910 terra
1787 851 1930 908 Iuda
1955 892 1972 921 ,
2071 851 2222 923 ginta
2263 851 2549 909 dumtaxat
2578 853 2909 924 interpretes
2936 902 2949 926 ,
2981 859 3036 913 in
3077 861 3207 918 Jesu
3237 863 3385 921 Nave
3410 907 3426 932 ,
3457 866 3547 922 ubi
3579 869 3675 922 tri-

371 953 465 1022 qui
495 952 782 1022 propheta:
816 949 1187 1006 testimonium
1238 948 1504 1005 addentes
1533 992 1548 1016 ,
1577 945 1834 1002 dixerunt
1858 959 1871 998 :
1904 941 1973 998 Et
2073 943 2196 1012 bus,
2225 943 2379 1001 Iuda:
2407 945 2570 1002 urbes
2591 955 2647 1002 et
2672 948 2872 1018 oppida
2892 951 3459 1020 describuntur,iuter
3479 969 3674 1014 caetera

373 1055 430 1100 tu
454 1085 470 1111 ,
499 1042 786 1099 Betlttleent
816 1050 956 1099 terra
1003 1039 1150 1098 Iuda
1179 1087 1194 1113 ,
1227 1056 1555 1114 nequaquam
1585 1039 1796 1094 minima
1822 1054 1874 1094 es
1917 1038 1974 1092 in
2071 1036 2236 1092 etiam
2267 1037 2373 1092 hoc
2403 1039 2668 1109 scriptum
2711 1057 2724 1094 :
2760 1039 2946 1098 Thwco
2967 1083 2984 1111 ,
3017 1055 3062 1099 et
3109 1045 3387 1119 Ephratlta
3413 1095 3427 1118 ,
3459 1053 3568 1108 Iure
3601 1063 3676 1108 est

374 1137 590 1193 ducibus
637 1134 782 1190 Iuda
811 1152 830 1192 :
855 1151 921 1192 ea:
971 1145 1018 1191 te
1048 1135 1184 1191 enim
1207 1136 1500 1208 egredietur
1526 1135 1636 1189 dua;
1661 1175 1674 1198 ,
1714 1133 1801 1206 qui
1827 1141 1972 1202 regat

2129 1127 2368 1196 ethleem,
2401 1137 2449 1183 et
2485 1129 2700 1203 Phagor
2725 1173 2740 1198 ,
2771 1142 2817 1187 et
2840 1131 2868 1172 ά
2893 1133 3111 1191 Aetham
3139 1179 3154 1204 ,
3185 1149 3235 1194 et
3263 1140 3427 1197 Culon
3456 1186 3469 1210 ,
3493 1155 3541 1198 et
3565 1144 3677 1199 Ta-

371 1225 623 1302 populum
647 1237 820 1283 meum
842 1225 1033 1282 Israel.
1068 1226 1225 1295 Quod
1285 1225 1656 1282 testimonium
1719 1235 1820 1278 nec
1868 1222 1976 1277 lle-
2073 1219 2148 1276 mi
2170 1222 2277 1295 [AL
2311 1219 2546 1296 Tatuini]
2571 1267 2583 1289 ,
2612 1233 2658 1279 et
2695 1225 2878 1295 Soris,
2908 1237 2958 1280 et
3005 1227 3208 1286 Canem
3237 1273 3252 1298 ,
3280 1242 3332 1288 et
3363 1233 3556 1291 Gallim
3579 1280 3592 1304 ,
3631 1249 3679 1293 el

373 1323 593 1389 braico,
624 1335 727 1378 nec
771 1320 1130 1392 Septuaginta
1189 1317 1583 1387 interpretibus
1637 1316 1933 1370 convenire
1955 1355 1971 1381 ,
2074 1310 2306 1384 Baztlter,
2331 1321 2380 1370 et
2408 1313 2692 1382 Manoclto,
2715 1318 3226 1390 civitatesundecim,
3251 1337 3298 1379 et
3328 1328 3485 1382 viculi
3506 1344 3684 1384 earum

371 1427 462 1473 me
509 1429 728 1488 quoque
783 1420 1000 1470 tacente
1041 1411 1386 1483 perspicuum
1435 1417 1556 1476 est,
1587 1416 1644 1464 et
1685 1406 1927 1462 arbitror
1959 1446 1974 1472 ,
2076 1402 2261 1475 (Iosue
2279 1407 2394 1476 xv),
2421 1408 2567 1476 quod
2593 1423 2695 1464 nec
2740 1410 2794 1466 in
2835 1410 3102 1470 Hebraico
3128 1457 3144 1482 ,
3197 1429 3300 1472 nec
3329 1421 3469 1490 apud
3514 1422 3679 1478 alium

373 1509 690 1566 Mattheum
718 1506 997 1563 volentem
1025 1517 1256 1577 arguere
1285 1503 1600 1561 Scribarum
1637 1509 1697 1558 et
1724 1499 1977 1556 sacerdo-
2077 1498 2354 1555 invenitur
2392 1499 2753 1571 interpretem
2776 1545 2791 1571 ,
2821 1514 2878 1560 et
2924 1504 3040 1562 sive
3074 1507 3144 1564 de
3190 1512 3472 1570 veteribus
3521 1515 3690 1583 ,libris

373 1611 488 1658 tum
521 1641 538 1669 ,
569 1613 700 1672 erga
743 1599 943 1654 divinae
971 1597 1278 1668 Scriptum
1315 1595 1606 1652 lectionem
1629 1635 1644 1661 ,
1702 1592 1980 1664 negligen-
2078 1605 2298 1647 erasnm
2329 1593 2403 1649 sit
2434 1593 2651 1649 malitia
2681 1591 2996 1652 Iudaeorum
3023 1640 3038 1663 ,
3072 1613 3144 1656 ne
3171 1601 3420 1660 Christus
3447 1603 3517 1662 de
3544 1607 3685 1662 tribu

375 1699 509 1751 tiam
531 1737 546 1762 ,
578 1695 660 1750 sic
689 1692 858 1750 etiam
883 1691 1139 1764 posuisse
1158 1732 1173 1758 ,
1197 1697 1256 1744 ut
1273 1687 1342 1744 ab
1370 1688 1452 1744 eis
1479 1687 1683 1742 dictum
1707 1693 1808 1741 est.
1840 1684 1980 1741 Sunt
2080 1682 2218 1739 Iuda
2246 1693 2402 1741 ortus
2441 1685 2720 1742 videretur
2748 1699 2764 1742 :
2798 1689 2918 1744 sive
2951 1701 2980 1744 a
3014 1691 3375 1765 Septuaginta
3408 1695 3686 1764 additum,

375 1800 558 1847 autem
609 1789 702 1861 qui
731 1793 1020 1852 asserunt,
1053 1786 1108 1840 in
1137 1783 1395 1840 omnibus
1430 1794 1570 1850 pene
1611 1778 1942 1836 testimoniis
1966 1815 1981 1842 ,
2017 1773 2068 1835 B
2092 1785 2442 1848 nequaquam
2471 1777 2684 1846 liquido
2716 1791 3142 1851 cognoscentes,
3177 1793 3389 1843 eertum
3421 1791 3551 1860 quid
3590 1808 3689 1847 uo-

376 1901 504 1958 qua:
549 1883 622 1941 de
674 1882 854 1939 veteri
901 1879 1260 1936 Testamento
1287 1885 1616 1941 sumuntur,
1675 1870 1979 1928 istiusmodi
2083 1867 2282 1924 vimus.
2307 1867 2676 1927 Nihilominus
2703 1881 2758 1928 et
2784 1871 2852 1929 de
2900 1869 3040 1931 libro
3076 1873 3326 1934 Iudicum
3379 1881 3482 1938 hoc
3513 1884 3688 1952 ipsum

375 1993 502 2035 esse
528 1989 772 2032 errorem
803 2016 818 2042 ,
854 1982 912 2028 ut
960 1980 1053 2028 aut
1083 1969 1222 2026 ordo
1252 1975 1493 2025 mutetur
1517 2007 1533 2030 ,
1565 1973 1658 2020 aut
1695 1964 1861 2020 verba
1887 2005 1900 2027 ,
1927 1969 1986 2019 et

2129 1973 2382 2016 ossumus
2412 1963 2758 2032 approbare,
2791 1965 2937 2035 quod
2967 1963 3251 2025 Bethleem
3285 1969 3336 2026 in
3381 1974 3524 2030 tribu
3551 1973 3690 2033 Iuda

375 2068 652 2126 interdum
687 2076 713 2104 ⁸
737 2078 941 2122 settsus
971 2077 1193 2135 quoque
1214 2062 1332 2132 ipse
1353 2058 1602 2116 diversus
1628 2058 1720 2123 sit,
1739 2057 1824 2112 vel
1853 2067 1984 2125 apo-
2086 2055 2185 2120 sit,
2210 2052 2482 2126 scripturn
2527 2063 2614 2112 est
2642 2055 2789 2114 enim
2819 2074 2838 2114 :
2870 2057 2936 2114 Et
2967 2060 3066 2130 fuit
3094 2063 3169 2118 vir
3209 2059 3415 2123 Levites
3460 2069 3698 2127 habitans

377 2160 655 2231 stolis,vet
685 2158 1036 2226 evangelistis
1061 2171 1170 2211 non
1193 2169 1259 2210 ex
1289 2153 1434 2209 libro
1453 2149 1808 2221 carpentibus
1829 2145 1985 2202 testi-
2083 2145 2140 2200 in
2165 2145 2411 2201 lateribus
2439 2145 2625 2202 domus
2657 2147 2770 2222 [AL
2812 2149 3026 2224 montis]
3075 2151 3332 2227 Ephraim
3352 2201 3366 2224 ,
3411 2169 3459 2214 el
3499 2165 3697 2233 at‘cepil

378 2252 562 2308 monia
598 2291 614 2318 ,
645 2252 741 2307 sed
785 2249 1072 2305 memoriae
1118 2245 1472 2302 credentibus
1499 2285 1513 2308 ,
1557 2255 1678 2312 qua:
1732 2253 1982 2295 nonnun-
2086 2235 2186 2293 sibi
2216 2240 2483 2294 mulierem
2511 2241 2854 2296 concubinam
2883 2245 2948 2298 dc
2983 2243 3250 2304 Bethleem
3275 2245 3450 2317 Iuda,
3485 2265 3532 2307 et
3563 2254 3700 2309 irata

377 2361 539 2417 quam
569 2344 798 2399 fallitur.
834 2343 1182 2412 Exponamns
1225 2351 1358 2408 ergo
1389 2335 1715 2390 llebraicum
1743 2349 1755 2385 :
1787 2329 1858 2385 Et
1904 2338 1985 2396 tu,
2089 2339 2161 2384 est
2203 2329 2250 2384 ei
2278 2331 2567 2386 concubina
2595 2349 2690 2388 sua
2721 2376 2735 2400 ,
2771 2343 2817 2389 et
2847 2336 2972 2390 abiit
3011 2338 3066 2392 in
3106 2341 3317 2396 domum
3346 2343 3510 2415 patris
3536 2349 3619 2400 sui
3649 2349 3702 2400 ξη

381 2436 649 2492 Bethleem
677 2477 692 2502 ,
723 2435 777 2490 id
809 2439 926 2500 est,
958 2433 1142 2488 domus
1171 2433 1324 2502 partis
1352 2474 1364 2499 ,
1395 2441 1514 2500 quae
1542 2425 1754 2482 vocaris
1775 2423 1989 2493 prra-
2091 2419 2355 2476 Bethlem
2377 2420 2521 2476 Iuda
2545 2421 2746 2494 (Iudic.
2774 2439 2888 2494 xix,
2919 2427 2995 2499 l).
3017 2429 3254 2485 Pulchre
3277 2441 3456 2489 autem
3482 2435 3701 2502 dicitur,

380 2529 474 2585 um
506 2571 519 2596 ,
547 2526 774 2584 minima
807 2526 1026 2596 quidem
1057 2537 1116 2581 es
1145 2525 1200 2578 in
1229 2521 1542 2578 civitatibus
1568 2515 1704 2574 Iuda
1734 2559 1748 2585 ,
1780 2525 1836 2571 et
1865 2523 1990 2570 tan-
2090 2509 2147 2564 in
2175 2509 2444 2568 Bethleem
2465 2511 2642 2576 Iuda,
2675 2513 2740 2570 ad
2779 2513 3193 2574 distinctionem
3224 2521 3346 2591 ejus
3377 2523 3657 2582 Bethleem
3688 2570 3702 2594 ,

381 2622 457 2678 ﬁ,
487 2619 730 2676 minibus
780 2623 1126 2686 comparata,
1161 2615 1252 2667 vix
1281 2625 1480 2682 parvus
1511 2623 1572 2663 es
1611 2605 1861 2668 viculus;
1895 2603 1990 2659 sed
2093 2615 2215 2670 quas
2261 2604 2316 2657 in
2346 2602 2573 2659 Galilaea
2613 2606 2718 2661 sita
2757 2615 2877 2676 est,
2909 2609 3051 2665 sicut
3085 2612 3137 2666 in
3171 2613 3358 2668 eodem
3387 2613 3518 2672 Iesu
3546 2618 3705 2674 volu-

384 2725 451 2770 cx
474 2712 578 2768 hoc
602 2707 986 2780 parvoviculo
1013 2703 1324 2776 egredietur
1345 2699 1595 2756 Christus
1617 2740 1630 2765 ,
1661 2698 1752 2766 qui
1782 2703 1867 2750 est
1883 2693 1990 2766 [Αι.
2097 2695 2242 2750 mine
2272 2697 2473 2764 reperi.
2520 2697 2708 2752 Potest
2737 2698 3020 2770 Ephratha
3054 2703 3107 2758 in
3161 2705 3343 2775 lingua
3388 2719 3576 2764 nostra
3621 2727 3710 2766 so-

383 2801 480 2874 δὴ]
529 2799 844 2856 dominator
876 2799 929 2853 in
957 2795 1158 2852 lsrael.
1180 2794 1259 2850 Ae
1283 2808 1353 2848 ne
1384 2800 1538 2861 putes
1567 2803 1691 2844 eum
1706 2787 1772 2842 de
1792 2799 1996 2857 genere
2098 2800 2257 2855 nare,
2287 2790 2630 2864 καρποφόρον,
2661 2791 2870 2848 uberem
2898 2805 3062 2865 atque
3093 2797 3422 2870 frugiferam,
3456 2813 3508 2856 ει
3541 2804 3590 2858 id
3627 2806 3707 2874 ip_

389 2893 788 2951 Davidtantum
817 2903 971 2954 esse,
1001 2887 1093 2944 cui
1122 2885 1444 2958 repromisi,
1476 2883 1704 2938 dicens:
1730 2881 1808 2935 De
1826 2884 1997 2951 fructu
2099 2891 2220 2933 sum
2253 2879 2547 2936 ostendere
2578 2884 2632 2936 in
2668 2887 2958 2954 mysterio,
2995 2889 3140 2958 quod
3172 2901 3226 2945 et
3249 2892 3442 2949 domus
3472 2896 3648 2966 panis.

389 2987 586 3043 νε.ίὼ
603 2985 680 3040 ηε
713 2997 903 3054 "nam
927 2995 1086 3052 ηερε,-
1109 2977 1322 3036 “demit
1361 2971 1661 3045 meam(Ps.
1680 2973 1996 3042 cxxxt,ll),
2175 2968 2358 3039 (Vers.
2388 2969 2471 3042 '5.)
2503 2971 2729 3044 Propter
2753 2974 3009 3032 [taedebit
3041 2997 3128 3034 eos
3158 2997 3319 3054 usque
3339 2987 3408 3038 ad
3436 2997 3634 3060 tempus
3658 2991 3711 3044 in

389 3079 574 3137 cam-,5
603 3077 906 3147 “sumptio
937 3073 1178 3130 divinam
1211 3087 1320 3128 non
1355 3069 1582 3140 impedit
1616 3067 1956 3136 maiestatem
1985 3083 1998 3120 :
2101 3073 2204 3129 quo
2234 3063 2532 3129 parturiens
2563 3066 2754 3134 pariet,
2788 3075 2833 3121 et
2859 3068 3098 3141 reliquie:
3118 3073 3343 3144 fratrum
3376 3081 3489 3149 ejus
3511 3093 3712 3134 conver-

393 3171 464 3229 ὼ
491 3185 582 3228 me
609 3171 756 3228 enim
781 3179 942 3224 natus
973 3175 1058 3224 est
1107 3173 1238 3220 ante
1275 3161 1459 3220 omnia
1489 3160 1714 3225 saecula,
1750 3167 1810 3214 et
1857 3166 1994 3211 tem-
2025 3156 2073 3220 C
2105 3159 2274 3244 tentur
2296 3154 2364 3208 ad
2386 3153 2530 3224 ﬁlios
2545 3155 2736 3213 Israel.
2756 3158 3242 3234 LXX:Pr0pterea
3267 3169 3412 3224 dabit
3440 3187 3526 3226 eos
3552 3190 3716 3244 usque

398 3279 598 3337 parum
629 3261 883 3318 conditor
939 3259 997 3315 in
1033 3267 1284 3326 tempore
1330 3268 1438 3310 non
1471 3260 1705 3309 tenetur.
1751 3247 1872 3317 Ipse
1921 3255 2006 3302 est
2109 3243 2180 3296 ad
2209 3251 2414 3337 tempus
2442 3249 2696 3318 parientis
2717 3253 2920 3320 :pariet
2944 3253 3053 3326 [AL
3088 3259 3438 3325 parturientes
3465 3263 3716 3335 parient],

399 3334 491 3414 cui
513 3358 653 3414 etin
681 3355 793 3411 alio
811 3353 1028 3425 psalmo
1063 3351 1216 3407 dixi:
1262 3353 1393 3403 Ante
1420 3347 1721 3417 Luciferum
1767 3342 1922 3416 genui
1961 3350 2008 3395 te
2113 3344 2162 3390 et
2190 3334 2428 3405 reliquie
2449 3339 2674 3408 fratrum
2721 3353 3039 3398 revertentur
3069 3349 3138 3400 ad
3191 3347 3327 3417 ﬁlios
3356 3348 3544 3406 Israel.
3581 3334 3718 3420 Quia

4060 835 4061 860 1

4060 875 4061 920 1

4060 993 4061 1052 1

4059 1053 4061 1098 1

4060 1209 4061 1260 1

4060 1331 4061 1360 1

4060 1567 4061 1594 1

4059 1619 4061 1668 1

4060 1789 4061 1826 1

4060 1839 4061 1892 1

4060 1929 4061 1964 1

4060 1969 4061 2022 1

4060 2085 4061 2124 1

329 3476 332 3478 ·
407 3451 526 3525 (Ps.
557 3463 668 3518 etx,
693 3449 774 3520 5).
803 3449 866 3505 ln
896 3445 1171 3518 principio
1187 3442 1332 3499 enim
1363 3438 1737 3496 eratVerbum
1757 3475 1772 3502 ,
1799 3444 1857 3491 et
1875 3432 2009 3489 Ver-

405 3545 534 3601 bum
561 3549 682 3601 erat
706 3542 850 3613 apud
875 3541 1052 3597 Deum
1079 3579 1094 3605 ,
1127 3546 1183 3593 et
1214 3538 1358 3592 Deus
1385 3543 1504 3590 erat
1542 3531 1781 3588 Verbum
1823 3527 2010 3600 (Iaan.

405 3648 446 3701 ι,
475 3635 554 3706 ι).
588 3635 704 3692 Hoc
733 3643 855 3689 erat
887 3633 940 3687 in
971 3629 1240 3702 principio
1265 3627 1409 3698 apud
1448 3626 1642 3682 Deum.
1689 3623 1755 3678 Et
1807 3621 2013 3676 idcirco

407 3742 662 3802 egressus
709 3726 830 3796 ejus
884 3725 956 3780 ab
985 3723 1143 3779 initio
1172 3735 1202 3776 a
1234 3720 1432 3777 diebus
1459 3715 1805 3772 aeternitatis.
1857 3711 2014 3780 Quod

406 3830 592 3877 autem
625 3816 906 3873 Bethleem
948 3815 1066 3886 ipsa
1099 3814 1172 3869 sit
1212 3811 1526 3885 Ephratba,
1569 3809 1708 3869 liber
1738 3805 2016 3862 Geneseos

405 3911 651 3969 ostenrdit
683 3951 700 3977 ,
752 3909 808 3963 in
837 3921 950 3975 quo
991 3904 1276 3976 Scriptura
1320 3907 1756 3959 commemorat:
1805 3894 2018 3950 Mortua

412 4015 487 4060 est
505 4003 790 4071 Rachel,“
812 3999 1012 4074 sepulta
1037 3999 1190 4054 inuia
1220 3993 1640 4069 Ephratlta,htac
1665 4002 1736 4046 est
1755 3987 2016 4044 Bethleem

415 4097 627 4170 (Genu.
651 4095 840 4164 xxxv).
871 4094 939 4149 Et
959 4094 1014 4148 in
1039 4101 1274 4162 utroque
1297 4087 1520 4146 nomine
1540 4082 1815 4156 significat
1842 4094 2020 4136 saera-

418 4197 660 4244 mentum
684 4201 698 4242 :
724 4186 919 4241 domus
941 4185 1086 4241 enim
1111 4184 1268 4254 panis
1289 4182 1491 4237 dicitur
1512 4223 1526 4249 ,
1558 4181 1784 4249 promer
1815 4185 2012 4241 panem

415 4279 620 4350 vitum,
651 4278 744 4349 qui
767 4277 838 4333 de
855 4277 997 4333 ciale
1017 4274 1299 4332 descendit
1323 4272 1514 4346 (Ioan.
1537 4269 1636 4338 vr).
1660 4267 1730 4321 Et
1751 4265 2012 4336 Ephrata,

417 4372 566 4444 quod
597 4371 990 4439 interpretatur
1015 4372 1247 4441 furorem
1275 4377 1298 4406 ο
1330 4363 1466 4420 videt
1499 4401 1516 4430 ,
1565 4370 1789 4434 propter
1851 4355 2019 4409 Hero-

417 4464 508 4519 dis
531 4462 796 4520 insaniam
821 4501 840 4526 ,
871 4463 998 4531 quia
1029 4460 1199 4533 ια)
1221 4459 1415 4515 illusus
1438 4472 1468 4511 a
1501 4455 1672 4525 mgis
1695 4495 1710 4521 ,
1741 4451 1911 4506 iratus
1934 4453 2018 4501 est

419 4556 580 4612 valde
602 4595 617 4623 ,
645 4565 706 4612 et
727 4557 950 4612 mittens
979 4553 1276 4608 universes
1321 4548 1526 4607 occidit
1580 4544 1819 4602 infantes
1835 4540 1892 4596 in
1913 4538 2019 4594 Be-

427 4723 572 4781 LXX
603 4722 844 4794 editione
868 4717 1393 4794 vocemncgativam
1421 4761 1436 4785 ,
1466 4719 1704 4794 spartea

427 4810 690 4866 ronymus
719 4785 1225 4866 adul’ammachiut'n
1243 4790 1294 4866 i_n
1321 4789 1462 4866 libro
1491 4787 1558 4840 de
1583 4785 2022 4866 Optimogenere

429 4852 817 4936 interpretandi
847 4861 1091 4936 pluribus
1115 4860 1315 4936 verbis,
1347 4859 1489 4936 inter
1513 4852 1771 4936 quieuit”:
1797 4852 1915 4936 l’rc
1934 4867 2025 4907 ue-

499 4921 686 5011 aqi'urm
707 4921 1010 5011 minii-nues
1024 4933 1079 4986 in
1099 4921 1315 5011 ducibus
1340 4929 1485 5011 uda
1499 4921 1770 5011 λιιι-ςιξΧ
1792 4921 2022 5011 legitur:

493 4993 674 5062 adicis
701 5022 780 5079 es,
812 5004 965 5079 uisis
991 5001 1300 5079 in_millib_us
1325 4993 1572 5079 Iudaiin
1593 4995 1818 5079 Hebraeo
1842 4993 2025 5079 {Par-

433 5079 586 5133 uulus
613 5093 666 5131 es
693 5077 748 5130 in
765 5066 1009 5130 millibus
1027 5072 1192 5128 Iuda.
1227 5072 1406 5129 Unum
1433 5070 1598 5135 addo,
1627 5066 1770 5137 quod
1803 5076 1887 5121 est
1914 5067 2030 5121 ani-

435 5147 816 5220 madversione
840 5145 1082 5220 dignum,
1119 5143 1341 5199 verbum
1369 5141 1699 5220 l-lebraicum
1725 5143 1888 5220 many.
1921 5153 2027 5220 non

435 5219 598 5276 modo
627 5207 1080 5292 parvu_lunt',_sed
1119 5222 1175 5292 et
1200 5215 1520 5292 econtrario
1547 5223 1792 5292 magnum
1810 5207 2031 5292 signiti-

433 5297 568 5346 ωε
589 5329 606 5355 ,
629 5285 802 5360 ἐπειρύ
841 5296 902 5344 α
937 5285 1256 5360 chbochio
1280 5294 1528 5360 notatum
1559 5285 1728 5360 ess_in
1749 5285 2034 5360 satismi-

437 5350 600 5416 scell;
622 5350 936 5432 adportant
973 5356 1135 5412 Mosis
1158 5399 1172 5422 ,
1203 5371 1254 5412 c.
1277 5358 1349 5422 ‘2;
1383 5356 1550 5410 immo
1578 5360 1632 5408 et
1655 5351 1720 5406 Β.
1748 5350 2030 5432 Τιιιιειιιιιιι

440 5432 656 5487 erudito
669 5429 870 5512 iudico
903 5443 1021 5512 non.
1041 5435 1151 5482 tam
1179 5443 1398 5497 paruum
1425 5465 1440 5493 ,
1493 5439 1654 5495 quam
1709 5429 1885 5492 pretio
1924 5435 2040 5475 ma-

443 5517 606 5574 gnum
636 5499 839 5570 aliquid
870 5505 1048 5554 sonat.

517 5584 545 5646 tt
575 5573 703 5646 llarc
724 5574 777 5626 in
819 5561 1319 5646 reitanti‘ponderis
1340 5563 1580 5638 Opinatio
1602 5561 1900 5646 periculum
1932 5561 2042 5644 lec-

445 5643 548 5700 tori
571 5643 829 5698 lacessat.
843 5634 1147 5696 Verissime
1173 5645 1352 5694 autem
1375 5634 1447 5693 ex
1467 5652 1564 5692 sun
1585 5634 1750 5692 sensu
1775 5634 2041 5706 Hierony-

448 5729 570 5770 mus
585 5714 637 5768 in
662 5714 791 5768 Mat.
810 5728 952 5765 xxvu
973 5729 985 5764 :
1004 5707 1477 5781 Evangelistarum,
1505 5708 1601 5773 ait,
1620 5716 1664 5762 et
1688 5703 2042 5778 apostolorum

451 5794 590 5840 more
612 5783 842 5856 vulgato,
856 5782 948 5853 qui
973 5779 1242 5837 vervorum
1269 5779 1452 5835 ordine
1470 5783 1840 5851 prwtermisso,
1859 5792 2038 5833 sensus

2113 3430 2184 3486 de
2212 3431 2518 3495 Bethleem,
2549 3449 2672 3505 qua:
2700 3445 2783 3492 est
2806 3437 3106 3508 Ephratba,
3141 3457 3393 3513 egressus
3421 3453 3506 3501 est
3526 3447 3720 3502 Chris-

2117 3531 2207 3578 ιιι
2225 3522 2540 3580 dominatur
2567 3528 2620 3582 in
2651 3527 2852 3596 lsrael,
2884 3540 3207 3602 etegressus
3224 3535 3344 3605 ejus
3371 3553 3482 3592 non
3513 3553 3578 3594 eo
3608 3552 3726 3595 tan-

2119 3623 2234 3669 tum
2264 3618 2439 3671 iuerat
2462 3627 2708 3690 tempore
2729 3637 2836 3692 quo
2874 3625 3024 3679 visus
3078 3625 3132 3680 in
3164 3640 3332 3684 carne
3364 3639 3482 3697 est,
3507 3633 3604 3686 sed
3651 3633 3720 3686 ab

2114 3706 2272 3762 initio
2293 3710 2642 3778 teteruitatis,
2673 3713 2790 3770 sive
2817 3714 2886 3770 ab
2917 3715 3074 3771 initio
3101 3719 3311 3774 saeculi.
3341 3720 3477 3788 Quia
3504 3739 3726 3795 semper

2115 3797 2234 3868 ipse
2265 3799 2480 3856 locutus
2503 3809 2587 3857 est
2613 3817 2708 3872 per
2740 3805 3065 3875 pr0pbetas,
3093 3805 3254 3883 49],
3285 3821 3339 3867 et
3399 3825 3584 3869 sermo
3623 3815 3722 3871 Dei

2112 3890 2288 3947 laetus
2315 3903 2400 3947 est
2431 3894 2485 3949 in
2515 3911 2678 3951 manu
2711 3911 2904 3953 eorum
2924 3898 3038 3972 [AL
3058 3903 3396 3977 sanctorum]
3425 3923 3437 3959 :
3471 3906 3593 3961 ideo
3624 3907 3720 3962 da-

2119 3981 2202 4038 bit
2235 3983 2478 4054 Iudaeos,
2509 4002 2713 4060 eosque
2735 4005 2964 4063 regnare
2999 3995 3282 4065 permittet
3305 4011 3475 4070 usque
3498 4001 3564 4055 ad
3591 4011 3728 4057 tem-

2125 4090 2226 4145 pus
2259 4078 2561 4148 psrientis,
2617 4083 2836 4152 quando
2890 4087 3193 4156 completur
3237 4087 3413 4144 illud:
3469 4090 3672 4147 Ltetare
3706 4135 3721 4160 ,

2111 4165 2322 4234 sterilis,
2367 4183 2484 4237 qua
2513 4187 2614 4227 non
2637 4173 2805 4244 paris,
2838 4185 3048 4247 erumpe
3074 4189 3121 4231 et
3145 4177 3314 4234 clama
3334 4197 3448 4251 qum
3470 4199 3572 4237 non
3602 4201 3726 4256 par-

2109 4260 2265 4328 turis,
2294 4265 2539 4333 quoniam
2565 4265 2716 4322 mulli
2736 4269 2836 4338 ﬁlii
2865 4271 3080 4327 desertae
3097 4275 3265 4344 magis
3291 4291 3442 4346 quam
3471 4277 3582 4347 ejus
3609 4295 3725 4349 qua:

2115 4351 2266 4408 habet
2292 4359 2459 4412 uirum
2485 4357 2642 4430 (Isai.
2673 4373 2786 4427 uv,
2817 4363 2871 4430 l,
2895 4381 2996 4418 sec.
3022 4359 3353 4436 LXX).Cum
3384 4369 3529 4423 enim
3563 4372 3727 4425 steri-

2115 4443 2188 4502 lis
2207 4451 2490 4518 pepererit
2515 4459 2760 4523 septem.
2800 4461 2856 4510 et
2886 4471 3006 4524 qua:
3039 4457 3240 4512 multos
3263 4457 3526 4514 habuerat
3560 4461 3722 4525 ﬁlios,

2124 4536 2290 4595 fuerit
2316 4541 2586 4599 inﬁrmata
2616 4585 2632 4610 ,
2665 4551 2724 4601 et
2751 4544 2955 4603 delicto
2982 4549 3166 4619 populi
3207 4547 3416 4606 Iudaici
3447 4552 3728 4623 plenitudo

1601 4719 1656 4787 te
1677 4708 1872 4787 asserit
1896 4706 2017 4762 Hie-
2047 4700 2100 4762 D
2127 4713 2330 4787 tantum
2345 4710 2408 4765 de
2426 4713 2583 4787 ueteri
2603 4710 3216 4787 Testamentomoferuut
3239 4717 3294 4771 iu
3316 4719 3626 4787 emplum.

2197 4775 2224 4815 ι’
2243 4779 2411 4836 Mutat
2430 4782 2699 4839 Victorius
2714 4784 2766 4839 in
2785 4793 2928 4839 tuam
2945 4775 3016 4841 ex

2127 4855 2184 4903 el.
2211 4849 2500 4908 llebraico.

2205 4931 2236 5001 =_
2263 4923 2695 5001 Verbum_vid_et,_
2719 4925 2865 5001 quod
2908 4935 2992 4982 est
3033 4929 3217 4999 utique
3258 4945 3384 4998 pars
3412 4932 3581 4986 altera
3609 4941 3728 5001 ety-

2133 4993 2380 5119 mologia
2405 4998 2558 5080 vocis
2587 4993 2864 5068 Epitratha
2890 5037 2904 5062 ,
2934 5013 2963 5052 ιι
2993 4993 3177 5082 radice
3223 4993 3342 5082 {tm
3392 5018 3512 5069 quae
3557 4993 3729 5056 vide-re

2133 5077 2270 5119 suum
2297 5075 2402 5119 teat
2423 5107 2437 5119 .
2478 5085 2528 5119 ιιι
2557 5069 2825 5119 hactenus
2858 5069 3092 5119 vulgatis
3122 5072 3275 5119 llbl‘ls
3301 5073 3522 5119 ἀίξαι-ιιι-
3559 5074 3727 5119 nostri

2132 5065 2402 5139 signiﬁcat
2423 5107 2437 5130 ,
2478 5070 2528 5121 in
2557 5065 2825 5124 hactenus
2858 5069 3092 5139 vulgatis
3122 5072 3275 5126 libris
3301 5065 3525 5138 deerat,
3559 5074 3729 5128 nostri

2135 5149 2267 5189 mss.
2301 5136 2599 5212 sufﬁciunt.
2650 5140 2832 5212 Malim
2865 5136 3041 5195 tanien
3067 5143 3206 5195 vides
3240 5157 3338 5212 pro
3367 5136 3590 5199 videt—ex
3613 5145 3728 5212 ipsa

2137 5210 2654 5282 quamjocabulum
2675 5211 2817 5282 illud
2857 5221 3017 5266 sonat
3062 5210 3299 5282 secunda
3332 5229 3584 5282 persona.
3637 5210 3733 5270 Sic

2135 5277 2598 5403 zténvminum
2631 5281 2774 5336 libro
2802 5282 2869 5337 de
2898 5282 3200 5342 Psalterio:
3234 5277 3510 5354 Epitratlta
3537 5327 3549 5350 ,
3586 5287 3735 5355 equi-

2176 5364 2255 5401 em
2281 5364 2419 5404 vtaes
2430 5392 2438 5402 .

2213 5418 2239 5455 (ι
2270 5421 2325 5476 In
2354 5421 2588 5476 Palatio.
2623 5437 2726 5478 me.
2763 5421 2974 5492 Ethaas,
3007 5433 3056 5477 et
3081 5422 3308 5490 Chulou,
3339 5435 3385 5478 et
3421 5425 3655 5492 Delium,
3685 5437 3758 5485 et,

2144 5487 2324 5558 Seres,
2353 5499 2398 5545 et
2431 5492 2635 5556 Carem,
2663 5502 2712 5546 et
2742 5492 2935 5560 Galiut,
2963 5487 3009 5546 et
3037 5493 3250 5558 Teclter,
3275 5487 3321 5548 et
3347 5495 3616 5552 Mauucho
3645 5487 3731 5552 ἐἰ-

2143 5561 2320 5617 vitales
2347 5563 2636 5628 duodecim,
2669 5573 2716 5617 et
2740 5565 2918 5618 viculis
2943 5581 3142 5620 earum.
3203 5567 3352 5621 Unus
3382 5567 3734 5624 Bibliotheca:

2141 5629 2521 5710 'l‘_rajectinm_a
2567 5633 3139 5710 _Belaudo‘laudatus:
3176 5635 3652 5710 ‘Tlteco...Fagor,
3687 5651 3731 5693 rt

2148 5699 2350 5778 Erilli",
2373 5715 2420 5760 et
2441 5704 2672 5778 gaulon,
2707 5705 3042 5778 cl__Datht_m,
3069 5717 3114 5760 el
3161 5707 3320 5764 Seres
3382 5722 3430 5764 et
3459 5699 3660 5778 (Iouem,
3691 5719 3732 5765 et

2147 5775 2333 5844 Salim,
2361 5788 2408 5830 et
2439 5775 2646 5846 Tel/ter,
2679 5785 2725 5831 ct
2759 5775 3040 5846 Monacho,
3071 5787 3174 5834 etc.

3089 4787 3263 4858 ulgata
3283 4789 3522 4846 editione
3539 4789 3730 4846 Graeco
