4084 6340
432 240 574 299 H99

1638 234 1747 306 [ξε.
1789 226 2063 292 EUSEBll
2098 227 2479 288 HIERONYMI

3602 225 3745 283 1200

436 357 679 428 gentium
699 353 1117 420 subintraverit,
1151 361 1277 408 tunc
1300 350 1477 407 omnis
1497 347 1667 405 Israel
1690 348 1874 404 salvus
1911 346 2024 411 lict,
2052 343 2108 406 Α
2132 342 2508 413 magniﬁcatus
2534 349 2617 397 est
2647 338 2893 396 Christus
2924 350 3094 409 usque
3117 336 3186 393 ad
3215 336 3513 393 terminum
3544 341 3736 428 terrae.

434 461 489 508 et
519 451 763 521 reliquiae
779 450 1005 506 fratrum
1028 448 1148 519 ejus
1163 448 1230 503 ad
1252 447 1392 503 ﬁlios
1412 445 1581 502 Israel
1599 451 2021 506 convertentur;

432 551 491 599 et
524 542 821 599 adveniens
849 540 996 597 Elias
1037 539 1305 611 prOpheta
1332 580 1346 606 ,
1401 538 1546 609 quod
1607 539 2024 605 interpretatur,

433 634 577 689 Deus
604 633 858 690 Dominus
881 674 898 702 ,
931 640 1212 689 convertet
1233 630 1397 687 corda
1430 640 1641 701 patrum
1671 628 1739 683 ad
1766 627 1906 681 ﬁlios
1930 666 1944 688 ,
1973 635 2029 680 et

431 744 529 784 cor
554 728 791 785 ﬁliorum
822 727 889 784 ad
934 735 1117 798 patres
1145 742 1275 782 suos
1306 724 1458 798 (Luc.
1494 741 1531 791 ι,
1564 723 1677 793 l7),
1711 730 1765 778 et
1794 718 2028 776 novissi—

430 837 554 877 mus
600 822 835 892 populus
859 820 1117 891 iungetur
1147 820 1372 890 antiquo
1400 861 1415 886 ,
1450 824 1509 872 ut
1563 830 1694 871 vere
1727 813 1825 869 ﬁlii
1854 812 2026 868 Abra-

429 914 555 969 ham
599 913 983 984 appellentur,
1040 928 1166 968 cum
1221 912 1276 966 in
1323 926 1445 966 eum
1499 906 1836 964 crediderint
1865 918 2024 974 quem

428 1006 568 1062 vidit
592 1004 872 1061 Abraham
902 1051 915 1075 ,
950 1014 1006 1061 et
1032 1004 1243 1060 laetatus
1265 1012 1349 1073 est
1377 1001 1560 1075 (Joan.
1587 999 1725 1071 vui).
1755 996 1909 1064 Quod
1943 1005 2024 1051 est

428 1107 611 1155 autem
652 1108 866 1168 tempus
897 1098 951 1152 in
988 1112 1095 1167 quo
1118 1096 1325 1151 sterilis
1356 1093 1577 1165 pariet?
1607 1090 1678 1147 Ut
1717 1105 1861 1157 reor,
1892 1087 2025 1144 illud

430 1191 498 1247 dc
524 1204 633 1262 quo
658 1190 829 1247 Isaias
859 1190 1101 1260 loquitur
1132 1207 1147 1243 :
1179 1188 1433 1257 Tempore
1460 1184 1763 1257 acceptabili
1788 1181 2027 1236 exaudiui

427 1291 495 1349 te,
526 1291 576 1336 et
605 1282 658 1335 in
682 1282 767 1335 die
797 1280 982 1335 salutis
1010 1279 1299 1334 auxiliatus
1328 1294 1441 1333 sum
1486 1277 1576 1329 tibi
1601 1272 1737 1347 (Isa.
1766 1289 1911 1339 xux,
1944 1272 2023 1343 8).

427 1371 583 1441 Quod
613 1378 667 1426 et
693 1371 895 1426 Paulus
924 1370 1234 1440 intelligens
1262 1369 1329 1423 de
1369 1367 1566 1422 Christi
1601 1374 1844 1434 tempore
1891 1377 2029 1432 prac-

428 1464 666 1520 dicatum
696 1504 710 1529 ,
742 1464 814 1518 ait
849 1479 864 1515 :
898 1460 1033 1517 Ecce
1083 1477 1220 1515 nunc
1273 1471 1469 1531 tempus
1517 1457 1829 1529 acceptabile
1857 1497 1872 1524 ,
1914 1471 2028 1509 ecce

428 1570 568 1609 nunc
589 1554 701 1609 dies
724 1554 909 1608 salutis
937 1552 1007 1625 (ll
1028 1551 1148 1607 Cor.
1182 1568 1257 1617 vr,
1287 1549 1403 1621 21).
1446 1550 1558 1604 Hoc
1590 1549 1767 1619 ipsum
1809 1556 1942 1618 puto
1972 1556 2028 1603 et

421 1647 559 1702 illud
582 1650 811 1717 mystice
834 1644 1227 1709 demonstrari,
1256 1641 1400 1713 quod
1423 1642 1479 1695 in
1498 1640 1828 1696 Ecclesiaste
1854 1640 2024 1709 scrip-

2127 433 2282 501 Sive,
2308 433 2463 505 juxta
2485 432 2631 488 LXX
2654 475 2669 501 ,
2697 432 2822 503 quia
2855 428 3345 501 magniﬁcabuntur
3367 429 3484 501 [AL
3517 426 3738 495 magni-

2129 528 2383 602 licantur]
2431 530 2532 600 ipsi
2567 544 2690 585 cum
2722 538 2941 599 pastore
2966 541 3063 582 suo
3088 542 3261 597 usque
3291 527 3356 581 ad
3410 535 3739 582 extremum

2129 630 2292 677 lCI'l'iB
2319 664 2332 687 ,
2364 630 2416 676 Ul
2441 621 2495 677 in
2522 636 2739 677 omnem
2770 632 2970 677 terram
2995 630 3155 675 8X81"
3184 635 3351 675 SOBUS
3372 633 3584 675 eorum
3607 625 3666 673 et
3686 615 3741 671 ill

2129 714 2263 769 lines
2290 713 2438 770 orbis
2463 724 2621 771 terr-te
2641 714 2803 769 verba
2834 728 3028 769 eorum
3063 710 3183 783 (Ps.
3212 709 3390 783 xviii).

2198 807 2357 877 (\‘ers
2380 806 2459 878 5.)
2492 806 2559 861 Et
2584 807 2681 862 erit
2711 807 2807 862 iste
2837 823 2942 877 pax
2971 822 2989 861 :
3020 806 3264 877 Assyrius
3287 821 3400 860 cum
3426 803 3638 858 uenerit
3689 804 3744 858 in

2128 909 2319 953 terram
2346 908 2601 965 nostram,
2634 909 2682 953 et
2709 899 2918 970 quando
2949 899 3226 952 calcaverit
3256 898 3309 949 in
3342 895 3596 951 domibus
3626 911 3746 951 nos-

2128 993 2241 1047 tris.
2274 992 2421 1048 LXX
2450 1010 2462 1047 :
2488 991 2557 1047 Et
2589 994 2684 1048 erit
2710 992 2819 1048 haec
2848 1008 2953 1064 paa:
2980 1009 2999 1059 ;
3030 991 3277 1062 Assyrius
3300 992 3522 1061 quando
3550 1006 3743 1061 super-

2125 1086 2319 1141 venerit
2348 1087 2400 1139 in
2427 1095 2619 1140 tetram
2648 1097 2891 1154 vestram,
2922 1094 2970 1139 et
3011 1102 3129 1138 cum
3150 1085 3442 1138 ascenderit
3466 1100 3636 1156 super
3666 1101 3747 1138 re-

2125 1178 2328 1248 gionem
2349 1187 2589 1231 vestram.
2612 1177 2841 1245 Quando
2887 1177 3100 1233 venerit
3119 1177 3372 1234 diabolus
3393 1218 3407 1243 ,
3430 1154 3547 1248 qui
3571 1178 3747 1232 iuter-
3842 1182 3845 1183 ⁷
3870 1154 3877 1173 ⁷

2127 1280 2373 1340 pretatur
2403 1274 2642 1339 εὐθύνων,
2675 1272 2726 1326 id
2777 1280 2884 1339 est,
2929 1288 3152 1343 arguens
3192 1280 3356 1342 atque
3395 1271 3741 1344 corripiens,

2126 1378 2290 1435 super
2320 1373 2521 1421 terram
2551 1364 2579 1403 ιι
2608 1366 2997 1437 regionemque
3026 1364 3364 1421 credentium
3386 1405 3402 1432 ,
3433 1373 3495 1421 et
3546 1380 3744 1421 eorum

2126 1472 2261 1527 quos
2283 1467 2470 1528 pascet
2501 1458 2762 1512 Dominus
2791 1458 2844 1512 in
2876 1456 3292 1523 fortitudine,et
3312 1457 3365 1511 in
3390 1456 3745 1512 sublimitate

2127 1552 2369 1606 nominis
2404 1552 2615 1606 Domini
2672 1550 2769 1607 Dei
2814 1551 2938 1615 sui,
2974 1559 3029 1606 et
3055 1565 3149 1607 eos
3176 1550 3474 1606 calcaverit
3506 1550 3743 1605 tribula-

2126 1641 2365 1697 tionibus
2390 1641 2600 1709 variis,
2658 1650 2714 1696 et
2758 1639 2957 1696 domos
3013 1640 3315 1696 animarum
3360 1650 3691 1696 nostrarum
3722 1681 3737 1706 ,

424 1753 539 1796 tum
572 1746 658 1796 est
682 1756 696 1793 :
720 1737 951 1808 Tempus
973 1736 1233 1809 pariendi,
1267 1744 1314 1789 et
1336 1744 1537 1804 tempus
1559 1733 1812 1787 moriendi
1845 1730 2014 1803 (Eccl.
2048 1732 2096 1793 B
2123 1734 2173 1789 id
2203 1745 2326 1800 est,
2359 1749 2593 1805 corpora
2613 1734 2767 1805 quasi
2798 1735 3068 1805 superbus
3104 1734 3416 1790 ascenderit
3436 1743 3615 1805 atque
3650 1732 3742 1788 de-

425 1846 504 1900 ut,
536 1830 594 1901 2)
621 1873 636 1898 ,
691 1828 837 1900 quod
868 1844 934 1884 eo
971 1836 1216 1898 tempore
1258 1840 1364 1894 quo
1420 1840 1484 1881 ex
1516 1824 1685 1879 sterili
1734 1831 1892 1878 natus
1938 1832 2022 1877 est

424 1922 707 1994 gentilium
740 1920 978 1991 populus
1002 1960 1018 1986 ,
1050 1918 1192 1973 ﬁlios
1221 1918 1466 1972 amiserit
1493 1931 1789 1988 synagoga.
1834 1917 2025 1970 Potest

419 2022 601 2070 autem
634 2022 689 2069 et
729 2013 891 2067 aliter
942 2011 1213 2079 intelligi:
1263 2008 1424 2063 Dabit
1451 2008 1712 2062 Dominus
1762 2007 2019 2075 templum

422 2115 479 2165 et
498 2105 896 2177 Jerosolymam
922 2144 937 2171 ,
986 2111 1037 2157 et
1062 2101 1281 2158 Judaeos
1314 2115 1485 2171 usque
1517 2100 1583 2154 ad
1622 2098 1755 2153 illud
1809 2108 2022 2167 tempus

419 2215 531 2272 quo
560 2199 716 2269 virgo
736 2196 949 2268 pariet,
979 2209 1100 2265 qua:
1133 2201 1419 2264 postquam
1446 2191 1737 2262 pepererit,
1780 2200 1835 2245 et
1866 2198 2022 2244 natus

416 2292 679 2367 parvulus
704 2288 977 2361 acceperit
1005 2288 1179 2358 Spolia
1224 2286 1488 2341 Samaria:
1507 2326 1523 2352 ,
1548 2294 1604 2340 et
1629 2285 1884 2339 virtutem
1918 2284 2021 2338 Da-

421 2387 593 2442 masci
618 2427 632 2451 ,
659 2384 950 2439 interfecto
979 2381 1177 2452 populo
1202 2379 1517 2436 Judreorum
1541 2419 1555 2444 ,
1586 2377 1831 2448 reliqui-aa
1855 2377 2021 2438 Israel

419 2479 799 2537 salvabuntur.
852 2477 919 2532 Et
972 2474 1172 2531 fratres
1222 2472 1469 2540 Christi,
1519 2470 1574 2527 id
1612 2480 1736 2539 est,
1792 2469 2022 2541 apostoli

421 2577 814 2628 convertentur
839 2567 906 2623 ad
941 2567 1329 2637 prophetarum
1388 2573 1442 2619 et
1472 2561 1909 2633 patriarcharum
1961 2562 2022 2615 li-

420 2668 571 2733 dem,
622 2665 715 2736 qui
767 2671 1058 2720 venturum
1114 2659 1393 2715 Christum
1458 2656 1935 2719 aunuutiaverunt,
1969 2661 2023 2709 et

424 2774 545 2816 com
554 2757 790 2829 plebitur
813 2753 1011 2827 psalmi
1029 2752 1343 2809 vaticinium
1371 2766 1387 2809 :
1407 2749 1515 2805 Pro
1540 2749 1771 2820 patribus
1796 2749 1896 2802 tuis
1914 2749 2023 2802 nati

424 2861 544 2907 sunt
574 2850 664 2905 tibi
695 2849 886 2919 ﬁlii,et
911 2855 1108 2903 caetera
1137 2861 1257 2916 qua:
1278 2852 1584 2914 sequuntur
1602 2842 1716 2913 (Ps.
1742 2838 2020 2911 xmv,l7).

495 2943 679 3016 (Vers.
705 2942 787 3010 4.)
823 2939 889 2994 Et
920 2938 1069 2994 stabit
1097 2948 1144 2992 et
1176 2945 1345 3005 pascet
1376 2936 1429 2989 in
1458 2934 1763 3005 fortitudine
1789 2932 2018 2999 Domini,

424 3041 478 3094 in
508 3036 823 3092 sublimitate
836 3033 1060 3088 nominis
1073 3030 1285 3085 Domini
1306 3028 1405 3084 Dei
1423 3031 1505 3083 sui
1523 3069 1539 3094 ,
1569 3039 1617 3083 et
1641 3036 2016 3095 convertentur,

2124 1830 2394 1899 presserit
2423 1872 2437 1895 ,
2476 1838 2531 1884 et
2563 1838 2743 1884 tamen
2767 1827 2904 1883 nihil
2950 1843 3052 1884 nos
3073 1844 3102 1883 a
3123 1825 3325 1883 Christi
3354 1827 3637 1884 charitate
3661 1842 3743 1884 se-

2124 1922 2402 1993 paraverit
2433 1939 2447 1977 :
2472 1932 2601 1977 tuttc
2622 1922 2823 1978 Christi
2853 1939 2958 1993 pax
2984 1964 3000 1991 ,
3030 1923 3145 1978 sive
3202 1922 3320 1992 ipse
3345 1923 3612 1981 Christus
3638 1923 3742 1978 erit

2124 2014 2177 2068 in
2212 2013 2367 2069 nobis
2394 2055 2408 2079 ,
2442 2022 2497 2069 et
2520 2015 2731 2070 dicetur
2761 2014 2829 2070 de
2854 2025 3049 2071 sancto
3072 2058 3088 2081 ,
3121 2014 3275 2070 Nihil
3294 2016 3531 2088 proderit
3562 2016 3743 2071 iniuri-

2124 2123 2214 2160 cus
2237 2108 2291 2161 in
2322 2123 2401 2161 eo.
2456 2107 2732 2163 Ponamus
2776 2108 3089 2177 exemplum
3118 2150 3133 2175 ,
3166 2118 3226 2163 ut
3274 2109 3416 2178 quod
3446 2108 3696 2164 dicimus
3721 2150 3736 2176 ,

2125 2200 2298 2271 possit
2329 2199 2673 2256 manifestius
2701 2200 2838 2256 ﬁeri.
2867 2201 3029 2256 Venit
3050 2202 3310 2272 Assyrius
3330 2217 3504 2271 super
3531 2212 3738 2258 terram

2124 2292 2401 2362 quondam
2455 2292 2647 2361 Pauli,
2681 2304 2734 2349 et
2775 2293 3025 2349 ascendit
3052 2308 3215 2363 super
3254 2294 3539 2365 regionem
3573 2295 3696 2365 ejus
3720 2335 3735 2360 ,

2123 2383 2343 2453 quando
2370 2382 2551 2438 fuitin
2597 2383 2879 2439 laboribus
2927 2398 3090 2455 supra
3145 2383 3413 2450 modum;
3453 2384 3512 2438 in
3564 2384 3739 2455 plagis

2123 2473 2522 2541 abundantius,
2580 2474 2634 2529 in
2659 2475 2975 2531 carceribus
3004 2474 3167 2529 nimis
3190 2515 3205 2539 ,
3240 2476 3293 2530 in
3327 2473 3494 2547 493
3536 2474 3735 2531 morti-

2123 2564 2225 2621 bus
2254 2566 2569 2637 frequenter
2596 2584 2610 2620 :
2640 2568 2859 2637 quando
2886 2583 2915 2622 a
2947 2566 3153 2623 Iudaeis
3175 2568 3471 2639 quinquies
3502 2566 3737 2639 quadra-

2123 2672 2292 2727 genas
2325 2673 2429 2712 una
2464 2658 2641 2714 minus
2666 2659 2879 2730 accepit
2909 2700 2926 2727 ,
2960 2669 3041 2715 ter
3070 2659 3239 2729 virgis
3267 2673 3443 2717 ctesus
3468 2669 3562 2717 est
3582 2702 3599 2727 ,
3645 2674 3733 2715 se-

2126 2750 2231 2806 mel
2261 2750 2529 2821 lapidatus
2558 2761 2642 2808 est
2671 2792 2685 2818 ,
2723 2763 2744 2791 ο
2781 2760 2864 2807 ter
2884 2753 3228 2825 naufragium
3256 2753 3389 2809 fecit
3415 2796 3430 2820 ,
3458 2763 3630 2811 nocte
3681 2761 3737 2810 et

2124 2841 2214 2897 die
2238 2842 2288 2896 iu
2320 2842 2591 2911 profundo
2618 2843 2785 2899 maris
2816 2843 2936 2912 fuit,
2972 2844 3028 2898 in
3094 2844 3361 2914 periculis
3408 2846 3690 2902 latronum
3717 2887 3730 2912 ,

2124 2935 2383 3005 periculis
2412 2934 2464 2989 in
2491 2934 2647 2991 falsis
2677 2935 2961 3004 fratribus,
2989 2934 3251 3006 periculis
3271 2952 3341 2994 ex
3370 2952 3605 3009 genere,
3637 2952 3733 3007 pe-

2124 3028 2317 3083 riculis
2366 3043 2434 3085 ex
2476 3027 2774 3100 gentibus;
2810 3030 2905 3086 sed
2938 3029 2992 3083 iu
3045 3029 3132 3087 his
3168 3031 3423 3086 omnibus
3474 3030 3733 3087 vincebat

420 3131 544 3202 quia
572 3143 707 3183 nunc
757 3123 1180 3197 magni/imbitur
1246 3138 1404 3188 usque
1457 3120 1527 3173 ad
1577 3121 1819 3174 terminos
1849 3126 2018 3173 terrte.
2048 3118 2094 3182 C
2127 3133 2352 3193 propter
2374 3123 2526 3178 illum
2561 3124 2653 3194 qui
2680 3122 2953 3180 dilexerat
2978 3139 3128 3181 eum.
3158 3124 3227 3179 Et
3247 3125 3373 3181 ideo
3401 3126 3735 3197 implebatur

420 3223 606 3281 LXX:
639 3222 709 3277 Et
735 3222 889 3278 stabit
914 3261 929 3290 ,
963 3229 989 3258 α
1021 3230 1067 3274 et
1092 3220 1315 3287 videbit,
1346 3227 1391 3273 et
1420 3226 1593 3291 pascet
1622 3234 1827 3291 gregem
1874 3232 2027 3272 suum

423 3318 477 3371 in
504 3314 814 3387 fortitudine
839 3311 1099 3367 Dominus
1130 3352 1145 3379 ,
1179 3320 1225 3365 et
1250 3311 1305 3364 in
1335 3311 1505 3382 gloria
1533 3311 1763 3364 nominis
1814 3309 2027 3365 Domini

422 3408 523 3463 Dei
548 3407 631 3463 sui
655 3414 838 3471 erunt,
889 3404 1016 3477 quia
1058 3419 1197 3457 nunc
1244 3402 1714 3473 magniﬁcabuntur
1742 3417 1902 3471 usque
1956 3402 2024 3455 ad

425 3500 667 3555 terminos
702 3507 868 3553 terraz.
896 3495 1190 3564 Postquam
1218 3493 1298 3548 sol
1317 3492 1547 3563 juStitiae
1577 3508 1831 3563 egressus
1861 3492 2029 3548 fuerit

422 3606 453 3645 a
481 3589 644 3662 492
672 3586 985 3644 summitate
1015 3584 1277 3641 caelorum
1306 3625 1320 3648 ,
1343 3593 1398 3638 et
1428 3583 1741 3653 pervenerit
1763 3600 1935 3655 usque
1956 3584 2023 3638 ad

426 3684 691 3737 terminos
713 3692 906 3735 eorum
934 3718 949 3741 ,
982 3684 1038 3732 et
1059 3673 1339 3745 pepererit
1366 3675 1590 3742 pariens
1615 3719 1629 3741 ,
1672 3684 1726 3730 et
1778 3676 2023 3747 reliquiae

424 3776 654 3829 fratrum
681 3771 799 3841 ejus
828 3781 1114 3826 conversae
1142 3764 1349 3820 fuerint
1379 3764 1446 3819 ad
1468 3764 1610 3821 ﬁlios
1640 3765 1806 3821 lsrael
1835 3784 1849 3820 :
1897 3778 2024 3823 tunc

425 3867 549 3939 ipse
574 3865 839 3922 Dominus
864 3861 959 3933 qui
986 3861 1136 3930 prius
1176 3858 1525 3926 ambulabat,
1561 3869 1615 3914 et
1642 3874 1765 3913 eum
1792 3858 1876 3915 his
1932 3860 2025 3930 qui

424 3961 479 4015 in
513 3958 706 4013 itinere
741 3962 897 4011 erant
931 3951 1090 4021 positi
1117 3992 1131 4015 ,
1183 3948 1417 4005 necdum
1441 3948 1676 4005 habebat
1710 3949 1874 4005 ﬁxum
1896 3965 2022 4022 gra-

427 4053 560 4109 dum
583 4090 599 4115 ,
626 4046 793 4104 stabit
816 4054 871 4102 et
901 4051 1087 4116 pascet
1112 4057 1207 4098 eos
1235 4042 1288 4096 in
1327 4041 1641 4097 fortitudine
1680 4042 1915 4108 Domini,
1967 4051 2026 4098 ut

427 4142 640 4214 possint
668 4138 855 4194 dicere
882 4154 895 4192 :
930 4135 1181 4189 Dominus
1210 4135 1374 4207 pascit
1404 4151 1482 4188 me
1506 4175 1521 4201 ,
1549 4145 1597 4187 et
1624 4135 1757 4189 nihil
1780 4134 1907 4189 mihi
1937 4137 2024 4191 de-

426 4236 523 4289 erit
550 4249 570 4288 :
591 4233 648 4287 in
699 4230 812 4284 loco
852 4245 1059 4301 pascua:
1080 4271 1097 4295 ,
1127 4228 1199 4281 ibi
1241 4244 1322 4282 me
1350 4227 1641 4293 collocavit,
1674 4244 1827 4300 super
1864 4246 2025 4301 aquas

428 4323 724 4396 refectionis
769 4322 1013 4377 enutrivit
1062 4336 1140 4375 me
1187 4337 1205 4373 :
1267 4320 1493 4373 animam
1552 4336 1717 4375 meam
1779 4324 2025 4377 convertit

431 4421 552 4496 (Ps.
585 4435 718 4486 xxii,
751 4416 826 4489 1).
861 4415 1037 4472 Pascit
1065 4422 1246 4468 autem
1272 4426 1367 4468 eos
1394 4455 1408 4478 ,
1438 4427 1548 4468 non
1577 4413 1757 4470 solum
1787 4416 1839 4470 in
1869 4415 2026 4471 forti-

2131 3229 2282 3286 pace,
2346 3215 2470 3285 quia
2522 3215 2778 3286 impletus
2825 3216 2999 3273 fuerat
3029 3218 3378 3274 contumeliis
3409 3219 3457 3289 (l
3481 3218 3607 3273 Cor.
3632 3216 3728 3288 xi).

2127 3306 2303 3363 Judaei
2335 3308 2387 3361 iu
2418 3307 2655 3362 adventu
2679 3307 2884 3363 Christi
2913 3353 2929 3377 ,
2968 3324 3128 3380 quem
3150 3308 3250 3365 sibi
3280 3309 3583 3377 simulant,
3618 3309 3731 3365 haec

2128 3400 2309 3455 omnia
2335 3399 2486 3468 juxta
2518 3400 2752 3455 litteram
2784 3399 2964 3455 futura
2995 3417 3119 3457 esse
3147 3402 3513 3457 contendunt.

2199 3492 2379 3565 (Vers.
2410 3492 2490 3562 6.)
2524 3491 2595 3545 Et
2622 3494 2987 3548 suscitabimus
3008 3510 3162 3567 super
3186 3509 3303 3548 eum
3329 3504 3527 3565 septem
3559 3502 3730 3563 pasto-

2126 3601 2227 3651 res,
2260 3593 2308 3639 et
2336 3593 2448 3639 octo
2470 3586 2718 3657 primates
2747 3585 3003 3654 homines,
3031 3596 3083 3640 et
3108 3596 3319 3658 pascent
3349 3594 3540 3641 terram
3568 3588 3729 3641 Assur

2126 3679 2180 3733 in
2207 3678 2408 3749 gladio,
2442 3687 2489 3731 et
2516 3686 2707 3733 terram
2736 3676 2971 3733 Nemrod
2999 3679 3054 3732 in
3078 3678 3276 3734 lanceis
3303 3682 3438 3752 ejus,
3468 3686 3516 3733 et
3543 3678 3729 3733 libera-

2125 3772 2198 3826 bit
2226 3772 2289 3825 ab
2321 3772 2483 3826 Assur
2526 3788 2643 3826 cum
2670 3773 2860 3826 venerit
2903 3774 2958 3825 in
3003 3780 3194 3826 terram
3240 3782 3490 3841 nostram,
3524 3783 3577 3828 et
3616 3784 3729 3825 cum

2128 3862 2404 3917 calcaverit
2430 3864 2482 3917 in
2504 3864 2693 3932 ﬁnibus
2717 3864 2927 3919 nostris.
2950 3862 3129 3919 LXX:
3154 3864 3223 3918 Et
3243 3875 3556 3936 consurgent
3580 3878 3729 3934 super

2127 3970 2244 4007 eum
2272 3962 2463 4024 septem
2487 3961 2742 4025 pastores,
2774 3963 2822 4008 et
2851 3962 2965 4009 octo
2988 3970 3189 4010 morsus
3210 3956 3500 4023 hominum,
3540 3965 3593 4011 et
3614 3969 3728 4027 pas-

2127 4056 2237 4100 cent
2268 4048 2430 4100 Assur
2457 4046 2511 4099 in
2533 4045 2735 4117 gladio,
2763 4053 2809 4100 et
2841 4055 3034 4100 terram
3061 4046 3301 4101 Nemrod
3327 4047 3382 4101 in
3412 4052 3563 4117 fovea
3590 4046 3721 4117 ejus,

2125 4148 2173 4193 et
2227 4138 2459 4193 liberabit
2488 4139 2554 4193 de
2585 4140 2767 4205 Assur,
2816 4156 2933 4193 cum
2974 4140 3165 4194 venerit
3196 4155 3357 4209 super
3384 4148 3581 4194 terram
3620 4152 3728 4192 ues-

2128 4242 2291 4294 tram,
2336 4246 2385 4288 et
2419 4249 2536 4286 cum
2580 4234 2870 4287 ascenderit
2898 4250 3054 4303 super
3078 4233 3323 4288 terminos
3360 4242 3576 4289 vestros.
3624 4226 3726 4287 Ubi

2127 4342 2225 4383 nos
2274 4328 2553 4397 posuimus
2600 4328 2843 4399 primates
2892 4327 3166 4392 homines,
3222 4336 3280 4382 et
3332 4327 3389 4381 in
3454 4323 3722 4382 Hebraico

2126 4420 2391 4489 scriptum
2436 4429 2523 4476 est
2546 4434 2772 4476 ussrcus
2802 4434 2945 4474 ausu
2974 4417 3116 4491 (D'tts
3140 4416 3331 4487 imm),
3360 4415 3717 4488 Symmachus

429 4512 619 4567 tudine
647 4508 883 4577 Domini,
913 4506 1010 4564 sed
1035 4516 1087 4561 et
1116 4507 1166 4562 in
1192 4503 1526 4561 sublimitate
1545 4507 1784 4562 nominis
1808 4508 2025 4565 Domini
2051 4507 2106 4569 D
2131 4512 2518 4583 interpretatus
2560 4520 2647 4568 est
2684 4511 2914 4566 Christos
2967 4510 3232 4564 hominum
3254 4526 3274 4576 ;
3303 4507 3611 4566 Theodotio
3659 4512 3714 4560 et

425 4606 525 4662 Dei
554 4604 638 4661 sui
663 4644 681 4673 ,
711 4600 929 4674 quando
958 4599 1089 4656 dicit
1113 4599 1178 4654 ad
1211 4598 1426 4654 Patrem
1454 4617 1466 4653 :
1494 4597 1653 4654 Pater
1680 4613 1854 4657 sancte
1876 4644 1890 4671 ,
1920 4621 2023 4660 ser-

424 4717 484 4755 va
514 4714 601 4754 eos
620 4699 675 4752 in
705 4696 914 4750 nomine
937 4704 1025 4749 tuo
1045 4734 1060 4760 ,
1086 4709 1214 4763 quos
1243 4692 1431 4747 dedisti
1461 4695 1621 4761 mihi,
1649 4704 1705 4749 ut
1732 4697 1833 4751 sint
1860 4715 2021 4754 unum

428 4793 563 4848 sicut
594 4798 642 4845 et
663 4803 756 4843 nos
783 4804 803 4843 :
825 4785 1029 4856 quando
1055 4800 1197 4838 eram
1226 4802 1339 4838 cum
1366 4786 1456 4850 eis,
1484 4802 1577 4855 ego
1619 4788 1884 4845 servabam
1937 4809 2026 4846 eos

434 4885 489 4939 in
512 4881 713 4937 nomine
735 4888 821 4933 tuo
841 4893 858 4932 :
880 4892 1007 4948 quos
1034 4875 1220 4930 dedisti
1248 4875 1372 4929 mihi
1396 4916 1410 4941 ,
1436 4879 1687 4933 custodiri
1707 4922 1720 4947 ,
1748 4890 1798 4935 et
1856 4882 2030 4938 nullus

435 4993 500 5034 ex
531 4976 608 5029 his
641 4972 792 5045 periit
821 4969 839 5039 (
866 4967 1024 5022 Joan.
1052 4982 1183 5032 xvii,
1209 4965 1322 5035 ll).
1345 4966 1410 5021 Et
1433 4979 1806 5037 convertentur,
1834 4973 1949 5029 sive
1972 4983 2030 5029 ut

440 5067 637 5125 melius
668 5064 1053 5131 interpretatus
1080 5066 1162 5113 est
1184 5057 1563 5129 Symmachus,
1589 5060 1914 5118 habitabant.
1937 5065 2028 5122 ,ΙΑ-

438 5174 573 5218 ευευ
604 5152 942 5230 (mprlenim
959 5150 1182 5206 verbum
1201 5149 1520 5204 llebraicum
1545 5161 1834 5223 utrumque
1864 5156 2032 5227 signi-

435 5253 584 5311 ﬁcat.
630 5245 960 5304 Habitabunt
1004 5252 1182 5299 autem
1213 5241 1268 5296 in
1318 5241 1561 5298 Ecclesia
1602 5243 1855 5315 Domini,
1903 5251 2033 5321 quia

507 5441 533 5469 ει
556 5426 756 5492 Verba,
788 5433 835 5479 et
862 5421 1071 5487 videbit,
1098 5435 1219 5492 quae
1248 5429 1302 5475 et
1332 5421 1384 5475 in
1414 5419 1791 5492 Complutensi
1839 5426 2031 5485 Grzcco

435 5491 747 5569 exemplari
774 5491 1195 5570 desiderantur,
1237 5507 1367 5546 mss.
1430 5491 1663 5547 Palatini
1714 5510 1822 5550 non
1860 5513 2029 5570 agno-

429 5568 613 5636 scunt,
644 5568 1067 5639 praetermittunt
1095 5578 1313 5639 quoque
1326 5579 1450 5618 mox
1477 5579 1874 5639 gregem‘suum.

500 5644 528 5682 δ
555 5632 878 5713 Constanter
900 5652 1030 5692 mss.
1062 5632 1234 5713 nostri
1263 5632 1349 5689 hic
1400 5632 1586 5706 atque'
1621 5636 1758 5692 inira
1808 5639 2020 5713 religio-

427 5731 567 5783 nem,
600 5726 699 5785 pro
728 5711 1011 5782 regionem,
1047 5705 1357 5777 prtrlerunt.

2119 4606 2310 4678 quinta
2343 4606 2532 4677 editio,
2560 4607 2817 4677 principes
2847 4604 3144 4669 hominum;
3174 4602 3376 4673 Aquila
3400 4618 3603 4674 graves,
3626 4598 3710 4656 vel

2122 4700 2426 4755 constitutos
2456 4700 2708 4765 homines,
2736 4697 2793 4754 id
2816 4704 2902 4753 est
2930 4693 2955 4731 δ
2975 4738 2987 4760 ,
3019 4697 3439 4769 καθισταμένους.
3474 4697 3707 4751 Rursum

2126 4794 2181 4849 in
2212 4807 2278 4848 eo
2308 4792 2397 4847 ubi
2426 4806 2526 4862 ego
2548 4799 2603 4847 et
2624 4789 2818 4860 Aquila
2846 4788 3228 4846 transtulimus
3247 4830 3261 4852 ,
3288 4788 3341 4841 in
3367 4788 3555 4843 lanceis
3576 4790 3707 4860 ejus,

2132 4894 2189 4941 ut
2217 4884 2567 4941 subaudiatur
2585 4926 2599 4949 ,
2640 4892 2799 4938 terrae
2826 4880 3064 4938 Nemrod
3086 4923 3101 4949 ,
3151 4880 3511 4951 Symmachus
3537 4878 3716 4945 vertit,

2136 4980 2273 5039 ἐντὸς
2312 4979 2483 5035 πυλῶν
2509 4978 2687 5042 αὐτῆς,
2722 4974 2775 5029 id
2805 4983 2909 5042 est,
2936 4974 3077 5028 intra
3102 4982 3275 5043 portas
3297 4974 3450 5039 eius;
3477 4970 3721 5027 Theodo—

2142 5072 2237 5136 tio,
2289 5071 2342 5124 in
2391 5069 2556 5138 portis
2592 5084 2766 5121 eorum
2792 5083 2810 5133 ;
2838 5067 3027 5136 quinta
3055 5064 3249 5133 editio,
3292 5065 3342 5118 ἐν
3385 5065 3719 5141 παραξίφησιν

2139 5164 2306 5218 αὐτῶν
2329 5202 2343 5228 ,
2371 5160 2513 5231 quod
2545 5174 2644 5214 nos
2673 5173 2962 5229 possumus
2992 5157 3207 5224 dicere,
3244 5156 3301 5209 in
3337 5155 3459 5210 sicis
3502 5165 3718 5210 eorum:

2138 5254 2194 5308 in
2223 5250 2451 5306 Hebrreo
2478 5256 2658 5304 autem
2684 5248 2917 5318 positum
2944 5254 3032 5303 est
3057 5256 3080 5286 θ
3102 5260 3418 5303 ΒΑΡιιετωεε
3437 5242 3718 5318 (nn-man).

2213 5441 2235 5469 ο
2275 5428 2561 5486 Sufﬁciunt
2610 5428 2845 5484 Palatini
2890 5445 3022 5485 mss.
3067 5428 3205 5495 haec,
3255 5444 3376 5500 quae
3415 5428 3639 5497 deerant
3664 5423 3714 5481 in

2133 5502 2292 5573 editis
2325 5503 2498 5566 libris,
2533 5500 2716 5573 verba,
2745 5512 2821 5555 ter
2847 5504 3183 5573 naufragium
3212 5503 3352 5571 fecit.
3443 5569 3457 5573 Α
3480 5570 3495 5573 Α
3548 5504 3619 5527 "*"*

2123 5582 2138 5597 ‘
2166 5569 2228 5645 77d
2266 5572 2497 5642 Legerat
2535 5570 2879 5627 Martianants
2902 5613 2918 5638 ,
2957 5569 3392 5645 ‘mémapeoug.
3440 5569 3498 5626 Id
3550 5579 3713 5640 genus

2124 5644 2231 5701 alia
2253 5659 2399 5714 saepe
2433 5645 2579 5700 taciti
2606 5645 2953 5714 castigamus.

2198 5726 2222 5756 ο
2265 5712 2349 5771 ιιιί
2383 5716 2513 5785 legit
2555 5730 2689 5773 mss.
2738 5712 2910 5772 codex
2953 5715 3142 5775 Sancti
3173 5713 3467 5788 Cygiranni
3496 5722 3551 5770 et
3582 5712 3712 5769 alter
