4078 6342
376 336 508 393 1201
1151 332 1802 392 COMMENTARIORUM
1842 332 1910 389 IN
1948 328 2287 390 MICHEAM
2324 330 2457 388 LIB.
2501 332 2564 389 ll.
2601 334 2755 391 CAP.
2798 334 2864 393 ν.
3301 323 3306 327 ”
3515 342 3654 398 120:1

371 455 523 511 Tunc
555 454 721 526 igitur
756 453 863 509 erit
905 468 1041 524 pax,
1077 467 1201 508 cum
1230 452 1473 524 reliquite
1505 450 1731 505 fratrum
1759 447 1963 505 Christi
1993 450 2047 512 Α
2070 460 2232 517 super
2278 445 2537 501 verticem
2582 445 2744 518 495
2790 448 2906 517 ejus
2958 446 3220 520 iniquitas
3274 449 3393 521 ejus
3428 450 3660 508 descen-

369 562 653 604 conversas
684 545 886 602 fuerint
915 545 981 601 ad
1006 546 1146 600 filios
1167 544 1357 612 Israel,
1390 553 1445 599 et
1468 543 1682 599 venerit
1709 542 1964 613 Assyrius
2066 539 2157 595 det
2198 539 2340 611 (Ps.
2394 555 2505 607 vn,
2560 541 2628 596 16
2655 581 2670 609 ,
2732 542 2799 596 17
2830 541 2872 613 ).
2929 543 2999 599 Et
3048 545 3303 601 confosso
3345 547 3576 619 Assyrio
3630 562 3659 602 a

369 639 423 694 in
479 649 684 695 terram
734 645 1001 706 nostram,
1051 648 1105 692 et
1134 637 1305 707 adjuti
1348 652 1378 691 a
1412 636 1662 703 Domino,
1717 651 1842 690 eum
1872 636 1963 704 qui
2063 643 2275 704 septem
2300 634 2630 703 pastoribus,
2677 644 2730 689 et
2762 644 2886 691 octo
2927 638 3230 708 morsibus,
3274 638 3533 696 liberavit
3558 655 3660 696 nos

369 745 586 792 nostras
627 735 824 790 domus
852 734 1068 790 calcare
1093 731 1381 803 cupiebat,
1409 730 1671 786 velociter
1695 730 1966 785 contrive-
2064 726 2312 782 Christus
2335 727 2401 781 de
2430 742 2590 781 manu
2621 727 2811 792 Assur,
2854 731 2945 800 qui
2973 741 3197 787 venerat
3245 745 3411 803 super
3454 742 3656 790 terram

368 830 541 883 rimus
575 826 676 882 sub
708 826 936 897 pedibus
965 824 1187 881 nostris.
1221 823 1345 894 Ipse
1371 823 1513 878 enim
1546 821 1807 877 Dominus
1838 822 1915 875 ait
1947 838 1962 878 :
2067 828 2328 887 nostram,
2381 830 2436 876 et
2460 821 2672 878 calcare
2701 823 2954 892 cupiebat
2977 825 3239 881 terminos
3277 826 3464 883 Israel.
3500 828 3659 896 Quod

368 922 750 979 Suscitabimus
776 939 930 995 super
954 938 1073 977 eum
1108 931 1303 992 septem
1332 928 1596 993 pastores,
1641 927 1687 974 et
1719 927 1830 972 octo
1856 917 1965 988 pri—
2065 922 2243 967 autem
2283 914 2640 985 Symmachus
2687 917 2765 971 ait
2796 933 2809 968 :
2848 915 2909 970 Et
2948 928 3159 987 pascent
3198 927 3388 975 terram
3417 921 3581 976 Assur
3604 923 3659 975 in

371 1028 533 1074 ntates
560 1017 831 1073 hominum
855 1059 868 1083 ,
902 1018 984 1073 vel
1012 1034 1218 1072 morsus
1249 1017 1535 1071 hominum.
1571 1014 1964 1071 Suscitahimns
2064 1004 2261 1075 gladio.
2295 1012 2340 1057 εί
2362 1006 2619 1075 regionem
2640 1006 2871 1061 Nemmd
2895 1008 3032 1063 ἱηενα
3053 1018 3227 1079 Portus
3249 1015 3385 1082 eius,
3410 1012 3515 1069 hoc
3536 1029 3661 1070 Sen-

365 1119 548 1166 autem
576 1126 678 1181 ego
708 1120 763 1167 et
793 1110 968 1166 Filius
1005 1126 1159 1166 meus
1190 1119 1241 1165 ct
1270 1110 1509 1180 Spiritus
1539 1118 1785 1175 sanctus,
1813 1106 1961 1176 juxta
2066 1094 2305 1149 ﬂendum
2350 1104 2454 1162 εει,
2496 1096 2638 1168 ρυοά
2676 1098 2727 1151 in
2757 1098 2918 1154 domo
2959 1114 3054 1155 sua
3085 1100 3335 1171 θηίϐθιυι·
3376 1103 3534 1161 fortis
3554 1146 3571 1173 9
3604 1116 3661 1162 ει

362 1205 499 1261 illud
531 1206 671 1277 quod
704 1206 757 1260 in
789 1205 987 1262 Genesi
1018 1206 1283 1275 scriptum
1314 1212 1399 1261 est
1429 1221 1443 1259 :
1476 1202 1759 1257 Faciamus
1796 1200 1963 1254 homi-
2064 1188 2385 1244 νυῖηθνθίυν
2420 1191 2784 1247 θάνθῖέτπίυε·
2826 1194 2894 1249 El
2931 1194 3085 1265 l'ma
3126 1196 3381 1267 Aqlmam
3413 1208 3470 1255 θι
3493 1201 3656 1270 (Illin-

360 1313 477 1351 nem
503 1298 571 1349 ad
604 1298 887 1368 imaginem
919 1305 965 1352 et
991 1296 1383 1352 similitudinem
1408 1305 1642 1351 nostram
1684 1294 1889 1363 (Genes.
1920 1308 1957 1359 t,
2064 1293 2170 1338 tam
2196 1283 2512 1351 θάίιίοηθιην
2543 1285 2673 1341 εῖοίε
2700 1297 2756 1342 el
2796 1286 3001 1343 lanceis
3028 1297 3237 1359 Septem
3268 1299 3574 1361 paSlorum.
3603 1301 3661 1349 et

358 1388 474 1461 26).
510 1389 577 1445 Et
616 1388 783 1462 494
817 1390 871 1445 in
902 1388 1093 1445 Abdiae
1128 1390 1395 1460 principio
1424 1406 1437 1443 :
1472 1388 1684 1459 Surgite
1704 1396 1749 1441 et
1779 1401 1959 1441 ascen-
2063 1387 2185 1433 octo
2214 1390 2236 1418 α
2267 1379 2598 1435 christorum
2631 1381 2910 1435 hominum
2942 1381 3305 1438 confodiatur.

359 1484 545 1538 damus
566 1483 813 1539 adversus
836 1500 950 1539 eam
975 1484 1033 1538 in
1062 1482 1263 1555 prwlio.
1292 1482 1516 1553 Septem
1547 1491 1820 1553 pastores,
1845 1497 1958 1537 om-

2133 1474 2311 1546 (Vers.
2336 1474 2367 1527 7
2392 1474 2534 1545 seq.)
2565 1472 2633 1528 Et
2657 1484 2805 1528 erunt
2825 1474 3060 1546 reliquiae
3087 1473 3251 1529 Iacob
3277 1476 3332 1531 in
3360 1476 3533 1532 medio
3561 1494 3656 1563 po-

360 1590 462 1631 nes
498 1575 838 1646 patriarchas
878 1585 935 1631 et
976 1574 1274 1647 prophetas
1314 1585 1367 1630 et
1394 1583 1611 1630 sanctos
1637 1576 1785 1630 viros
1814 1574 1961 1630 arhi-
2059 1566 2301 1642 palorum
2356 1568 2655 1636 multorum,
2708 1569 2855 1638 (Ιααεὶ
2903 1584 2986 1622 νοδ
3027 1585 3060 1621 α
3104 1566 3355 1636 Domit").
3408 1577 3457 1623 ει
3506 1573 3658 1641 quasi

359 1674 473 1723 tror
499 1682 642 1733 esse,
685 1668 780 1739 qui
820 1668 1186 1737 hebdomadi,
1218 1668 1270 1724 id
1294 1676 1418 1735 est,
1458 1668 1631 1724 veteri
1664 1668 1957 1724 servierint
2058 1660 2214 1715 stilla:
2239 1676 2393 1730 super
2422 1659 2664 1728 herbam,
2693 1676 2809 1731 quae
2836 1676 2940 1715 non
2967 1670 3231 1733 exspectat
3254 1662 3443 1732 virum,
3476 1671 3524 1717 et
3550 1680 3654 1716 non

360 1757 755 1815 Instrumento.
808 1759 943 1815 Octo
995 1768 1176 1816 autem
1230 1775 1446 1816 morsus
1490 1759 1794 1827 hominum,
1842 1761 1957 1816 sive
2061 1751 2389 1824 prtestolatur
2426 1752 2560 1821 ﬁlios
2602 1754 2896 1806 hominum.
2930 1751 3003 1806 Et
3032 1763 3183 1807 erunt
3214 1753 3449 1826 reliquice
3489 1752 3656 1809 Iacob

359 1856 387 1885 α
409 1858 535 1905 octo
556 1852 815 1921 primates
844 1852 1117 1922 homines,
1142 1862 1197 1909 et
1220 1862 1277 1907 ut
1299 1852 1661 1924 Symmachus
1684 1853 1950 1922 inter-pre.
1982 1833 2033 1897 Β
2060 1845 2114 1899 in
2142 1845 2395 1917 gentibus,
2434 1846 2489 1899 in
2510 1846 2679 1900 medio
2710 1844 3023 1918 papulorum
3055 1844 3369 1914 multorum,
3392 1847 3543 1918 quasi
3573 1848 3653 1902 leo

356 1949 500 1996 tatus
521 1952 627 2011 est,
654 1942 906 2009 Christos,
928 1944 1215 2000 universos
1247 1945 1370 1998 novi
1386 1943 1741 2010 Testamenli,
1768 1944 1857 2015 qui
1886 1945 1953 2000 ab
2056 1939 2109 1993 in
2129 1940 2381 2011 juntentis
2407 1938 2653 1993 silvarum
2676 1982 2690 2007 ,
2716 1949 2766 1993 et
2795 1939 2946 2004 quasi
2975 1938 3175 1993 catulus
3207 1936 3374 1993 leonis
3398 1938 3455 1992 in
3480 1938 3653 2012 gregi-

357 2036 624 2104 apostolis
646 2052 819 2108 usque
840 2038 907 2093 ad
942 2038 1079 2094 hanc
1109 2046 1325 2094 :rtatem
1358 2039 1755 2095 momorderint
1780 2037 1945 2111 Assy-
2054 2030 2151 2086 bus
2182 2048 2441 2102 pecorum,
2466 2032 2701 2103 quicum
2728 2030 2994 2085 transierit
3017 2041 3063 2084 et
3093 2030 3468 2085 conculcaverit
3493 2041 3541 2085 et
3566 2046 3652 2086 ce-

356 2127 522 2196 rium,
563 2136 619 2184 et
655 2129 768 2184 suis
796 2128 1049 2185 dentibus
1086 2131 1466 2187 laceraverint.
1503 2131 1658 2187 Unde
1683 2132 1817 2187 etin
1847 2131 1950 2187 Ec-
2051 2124 2204 2195 perit,
2255 2133 2302 2177 et
2346 2139 2449 2176 non
2485 2133 2560 2177 est
2606 2123 2694 2193 qui
2741 2131 2911 2177 eruat-
2947 2121 3286 2177 Exattabitur
3328 2139 3515 2177 manus
3560 2132 3650 2177 tua

353 2218 605 2275 clesiaste
632 2220 946 2291 praecipitur
974 2238 987 2275 :
1021 2220 1089 2276 Ut
1114 2223 1292 2277 demus
1322 2231 1493 2293 partes
1522 2231 1736 2293 septem,
1769 2224 1947 2277 demus
2052 2232 2206 2284 super
2229 2215 2401 2270 hostes
2440 2224 2583 2285 tuos,
2618 2225 2664 2270 et
2707 2232 2879 2270 omnes
2918 2217 3117 2270 inimici
3145 2217 3220 2271 tui
3247 2217 3549 2273 interibunt.
3576 2217 3647 2273 Et

348 2320 395 2365 et
427 2320 538 2365 octo
570 2311 742 2386 (Eccl.
782 2313 885 2384 XI).
927 2314 992 2368 Et
1024 2316 1076 2369 in
1111 2316 1316 2384 templo
1344 2315 1640 2382 Ezechiel,
1683 2315 1825 2386 quod
1860 2315 1947 2369 in-
2050 2310 2145 2364 erit
2172 2309 2330 2363 indie
2356 2310 2484 2377 illa,
2510 2310 2637 2362 dicit
2672 2308 2957 2375 Dominus,
2989 2310 3227 2380 auferam
3254 2326 3414 2381 equos
3443 2319 3556 2365 tuos
3582 2312 3647 2365 de

353 2409 686 2473 tcrpretatur
715 2403 963 2461 Ecclesia
1004 2415 1057 2461 et
1104 2407 1345 2463 caelestis
1374 2406 1702 2474 Jerusalem,
1736 2416 1943 2476 septem
2045 2403 2304 2458 mediotui
2323 2419 2339 2455 :
2360 2412 2406 2457 et
2428 2403 2724 2475 disperdam
2744 2404 3029 2474 quadrigas
3052 2412 3187 2473 tuas,
3212 2414 3261 2456 et
3282 2390 3647 2474 perdam"civi-

349 2502 405 2550 et
430 2504 551 2550 octo
576 2495 833 2567 gradibus
867 2498 1181 2553 ascenditur
1206 2496 1420 2570 (Ezech.
1463 2500 1577 2568 η).
1605 2499 1684 2565 _Et
1714 2499 1765 2552 in
1792 2498 1941 2552 Psal-
2045 2504 2472 2563 tatesterraetute,
2490 2505 2535 2548 et
2550 2498 2809 2551 destruam
2822 2497 3319 2551 omnesmunitiones
3336 2506 3646 2565 tuas,etau-

347 2587 487 2644 terio
515 2589 829 2660 quindecim
876 2591 1074 2661 gradus
1116 2602 1263 2659 sunt,
1296 2592 1493 2663 quibus
1520 2607 1614 2662 per
1638 2592 1941 2648 hebdoma-
2043 2593 2204 2660 [erant
2226 2587 2481 2655 maleﬁcia
2498 2589 2561 2641 de
2581 2597 2861 2655 manutua,
2879 2598 2926 2642 et
2941 2588 3281 2644 divinationes
3300 2606 3401 2643 non
3421 2599 3573 2645 erunt
3588 2592 3642 2645 in

344 2679 469 2737 dem
512 2690 567 2737 et
606 2683 907 2753 ogdoadem
956 2684 1020 2737 ad
1052 2685 1323 2740 cancndas
1357 2685 1465 2740 Deo
1496 2685 1681 2740 laudes
1719 2684 1935 2740 scandi-
2043 2680 3639 2754 te.Etperirefaciamsculptiliatua,etstatuastuasdemedio

343 2787 485 2828 mus.
512 2773 568 2828 In
592 2783 781 2829 octava
804 2774 889 2830 die
911 2776 1220 2831 celebratur
1245 2777 1587 2833 circumcisio
1612 2777 1932 2848 spiritualis,
2040 2779 2313 2845 tui,etnon
2326 2777 2567 2832 adorabis
2582 2778 2718 2832 ultra
2738 2794 2895 2848 opera
2908 2788 3398 2833 manuumtuarum.
3417 2778 3484 2832 Et
3503 2779 3637 2834 euel-

340 2868 471 2922 etin
505 2868 710 2938 templo
738 2868 1049 2925 Iudaeorum
1081 2870 1379 2927 destruitur
1406 2872 1712 2939 sabbatum,
1743 2883 1797 2928 et
1817 2874 1935 2944 qui—
2038 2870 2296 2925 lamlucos
2321 2878 2437 2928 tuos
2458 2869 2524 2924 de
2538 2871 2810 2939 mediotui,
2830 2879 2874 2924 et
2891 2879 3154 2924 conteram
3170 2870 3405 2926 civitates
3423 2878 3562 2937 tuas,
3588 2881 3641 2927 et

339 2960 463 3016 dam
493 2962 686 3030 psalmi
713 2977 807 3031 pro
833 2961 1034 3019 Octava
1070 2964 1461 3019 inscribuntur.
1492 2965 1588 3020 Isti
1615 2965 1777 3035 igitur
1808 2980 1933 3035 sep-
2035 2964 2228 3033 faciam
2253 2964 2305 3017 in
2329 2963 2507 3032 furore
2536 2971 2582 3015 et
2609 2964 2663 3016 in
2690 2963 3047 3034 indignatione
3075 2964 3323 3017 ultionem
3354 2963 3409 3016 in
3438 2965 3639 3019 cunctis

337 3060 446 3108 tem
476 3062 723 3123 pastores
755 3063 812 3110 et.
834 3062 957 3111 octo
980 3070 1192 3129 morsus
1221 3055 1501 3110 hominum
1520 3099 1535 3124 ,
1569 3065 1798 3127 pascent
1823 3058 1927 3113 As-
2032 3057 2283 3127 gentibus,
2336 3072 2452 3127 quin
2482 3072 2587 3110 non
2613 3057 2910 3111 audierunt.
2934 3055 3114 3111 LXX:
3140 3055 3208 3109 Et
3232 3065 3380 3110 erunt
3400 3058 3637 3127 reliquiae

335 3159 431 3201 sur
461 3148 512 3201 in
546 3146 745 3217 gladio.
782 3147 981 3204 Vivens
1021 3150 1166 3204 enim
1202 3158 1257 3204 et
1286 3148 1479 3205 efﬁcax
1511 3165 1692 3204 sermo
1720 3152 1841 3219 Dei,
1873 3159 1929 3207 et
1963 3212 2001 3222 Δ
2030 3149 2193 3203 Jacob
2212 3150 2267 3202 in
2284 3149 2541 3222 gentibus,
2562 3150 2617 3202 in
2639 3150 2807 3203 medio
2832 3150 3146 3222 papulorum
3162 3148 3465 3217 multorum,
3484 3153 3639 3222 quasi

333 3247 524 3293 acutus
571 3253 734 3308 super
777 3255 997 3296 omnem
1027 3241 1267 3311 gladium
1309 3242 1583 3312 bicipitem
1618 3244 1809 3315 (Hebr.
1844 3261 1923 3307 tv,
1954 3212 2002 3277 ο
2032 3261 2163 3298 rosa
2183 3242 2405 3297 Domino
2423 3243 2698 3309 cadens,et
2719 3243 2868 3314 quasi
2890 3245 3013 3315 agni
3027 3252 3513 3317 supergramenmt
3530 3261 3633 3300 non

335 3327 448 3397 12),
471 3330 669 3385 missus
693 3339 777 3386 est
797 3332 865 3386 ab
884 3347 949 3387 eo
969 3334 1058 3401 qui
1088 3334 1235 3387 venit
1258 3333 1495 3403 gladium
1514 3334 1732 3391 mittere
1763 3351 1927 3407 super
2031 3345 2367 3405 congregetur
2403 3337 2676 3406 quisquam
2704 3352 2868 3405 neque
2893 3335 2958 3388 sit
2990 3336 3043 3388 in
3073 3334 3201 3405 ﬁliis
3229 3334 3519 3389 hominum.
3561 3333 3630 3389 Et

333 3428 566 3486 terram,
599 3431 658 3476 ut
683 3421 993 3478 dividantur
1015 3424 1123 3478 duo
1148 3425 1200 3478 in
1232 3434 1342 3480 tres
1364 3425 1582 3496 (Matth.
1610 3426 1689 3496 χ).
1725 3428 1789 3482 Ει
1818 3437 1928 3484 ter—
2029 3437 2181 3482 erunt
2206 3428 2441 3499 reliquiw
2471 3426 2635 3481 Jacob
2672 3428 2728 3481 in
2766 3427 3003 3500 gentibus
3025 3469 3038 3492 ,
3060 3427 3113 3480 in
3128 3428 3298 3481 medio
3316 3427 3630 3498 pepulerunt

330 3525 446 3566 ram
476 3512 715 3568 Nemrod
743 3514 856 3585 (qui
881 3516 1297 3586 interpretatur,
1333 3519 1549 3573 tentatio
1590 3520 1924 3593 descendens)
2028 3519 2307 3573 multorum
2331 3564 2344 3588 ,
2370 3519 2522 3589 quasi
2549 3519 2627 3573 leo
2648 3519 2703 3571 in
2719 3519 2996 3591 jumentis,
3022 3518 3077 3572 in
3103 3517 3262 3586 saltu,
3292 3528 3340 3572 et
3364 3520 3515 3589 quasi
3536 3535 3624 3574 ca-

330 3613 551 3673 pascent
580 3605 631 3660 in
658 3604 814 3662 fovea
853 3610 1004 3677 ejus;
1035 3610 1267 3679 gigantis
1296 3612 1440 3665 enim
1473 3620 1527 3666 et
1558 3613 1835 3667 venatoris
1874 3624 1926 3668 et
2029 3611 2167 3665 tutus
2186 3612 2350 3665 leonis
2378 3612 2430 3664 in
2449 3612 2691 3681 gregibus
2716 3627 2959 3680 pecorum
2981 3626 3000 3665 :
3026 3611 3283 3681 quomodo
3303 3612 3348 3665 si
3364 3620 3627 3683 pertrans-

328 3698 695 3767 superbientis
716 3710 903 3755 contra
931 3702 1219 3757 Dominum
1249 3711 1414 3768 terra,
1448 3715 1660 3760 nonest
1688 3709 1743 3760 in
1772 3721 1923 3762 mon-
2025 3713 2107 3755 eat
2136 3710 2181 3755 et
2205 3702 2439 3756 dividens
2459 3704 2661 3774 rapiat,
2703 3713 2747 3756 et
2771 3719 2875 3757 non
2902 3704 2967 3757 sit
2998 3704 3091 3773 qui
3117 3710 3286 3758 eruat.
3321 3701 3628 3758 Elevabitur

326 3792 495 3858 tibus,
524 3792 617 3849 sed
642 3794 697 3849 in
721 3794 911 3850 foveis.
942 3796 1050 3851 Iste
1073 3797 1270 3851 cecidit
1299 3800 1451 3866 quasi
1475 3798 1654 3868 fulgur
1668 3799 1735 3855 de
1757 3800 1918 3867 coelo,
2025 3803 2312 3848 manustua
2330 3810 2485 3865 super
2501 3810 2587 3849 eos
2602 3794 2691 3864 qui
2707 3794 2958 3848 tribulam
2981 3804 3048 3862 te,
3074 3803 3122 3848 et
3141 3810 3319 3849 omnes
3339 3795 3536 3849 inimici
3550 3799 3625 3850 tui

326 3892 383 3941 et
433 3900 654 3956 semper
691 3895 941 3943 versatur
980 3888 1125 3943 inter
1171 3889 1394 3955 bestias;
1453 3899 1508 3945 et
1542 3891 1666 3960 quia
1694 3901 1922 3947 venator
2026 3886 2326 3954 perdentur.
2353 3884 2421 3938 Et
2453 3887 2547 3941 erit
2564 3887 2615 3940 in
2632 3886 2716 3939 die
2736 3885 2994 3953 illa,dicit
3012 3884 3289 3953 Dominus,
3315 3888 3623 3957 interficiam

325 3986 434 4043 est,
486 3977 822 4034 infructuosa
871 3980 1014 4051 ligna
1052 3981 1242 4035 lustrat
1270 3992 1323 4036 et
1349 3983 1534 4038 silvas.
1570 3982 1597 4021 'D
1648 3984 1918 4051 Quantum
2023 3995 2181 4050 equos
2200 3978 2395 4033 tuosde
2415 3979 3482 4051 mediotui,etdisperdamcurrustuos,et
3502 3981 3624 4035 sub-

325 4081 456 4138 ergo
484 4083 703 4138 possum
739 4086 857 4127 mea
902 4072 1148 4127 recolere
1180 4076 1471 4143 memoria,
1506 4091 1798 4146 numquam
1834 4093 1921 4133 ve—
2022 4083 2215 4127 vertam
2232 4074 2745 4127 ciuitatesterrwtuaz
2768 4088 2783 4125 :
2804 4074 3102 4143 etauferam
3120 4089 3294 4127 omnes
3309 4074 3622 4130 munitiones

323 4172 569 4217 natoreut
606 4165 659 4218 in
702 4165 899 4220 bonam
950 4177 1159 4235 partem
1193 4166 1322 4237 legi.
1354 4167 1548 4224 Ismael
1580 4179 1635 4223 et
1657 4170 1799 4224 Esau
1830 4187 1920 4226 ve-
2021 4175 2158 4221 tuas.
2192 4163 2262 4219 Et
2288 4167 2522 4233 auferam
2550 4165 2804 4227 maleﬁcia
2827 4174 2915 4219 tua
2939 4167 3005 4220 de
3031 4166 3269 4220 manibus
3299 4167 3422 4235 tuis,
3446 4176 3494 4222 et
3536 4170 3627 4241 qui

328 4266 554 4312 natorcs
584 4257 801 4314 fuerunt
830 4259 988 4332 (Gen.
1018 4278 1107 4316 xvr
1134 4271 1181 4315 et
1213 4261 1405 4333 xxvn),
1438 4271 1494 4317 et
1524 4275 1919 4331 prtecesserunt
2021 4259 2445 4329 loquuntur,non
2468 4269 2616 4313 erunt
2629 4259 2683 4312 in
2703 4267 2853 4313 te:et
2872 4258 3621 4332 disperdamﬁﬁﬁsculptilia

324 4348 376 4402 in
406 4358 532 4418 typo
566 4351 749 4422 populi
791 4351 1025 4418 Judaici,
1057 4368 1284 4422 quorum
1315 4353 1453 4408 alter
1482 4354 1621 4410 ﬁlius
1649 4354 1917 4427 [Egyptia‘g
2020 4360 2129 4418 tua,
2158 4361 2204 4404 et
2228 4359 2426 4405 statuas
2444 4361 2561 4405 tuas
2582 4351 2646 4404 de
2665 4352 2832 4405 medio
2856 4352 2961 4418 tui,
2990 4360 3035 4405 et
3077 4353 3219 4406 ultra
3247 4368 3351 4406 non
3377 4354 3624 4413 adorabis

325 4450 429 4505 est,
462 4442 747 4497 ambulans
766 4444 916 4513 juxta
938 4459 1157 4500 carnem
1181 4453 1236 4501 et
1259 4446 1410 4515 juxta
1439 4462 1657 4502 carnem
1688 4450 1875 4505 vivens
1901 4471 1912 4505 :
2020 4460 2177 4510 Opera
2198 4460 2444 4498 manuum
2462 4453 2701 4498 tuarum:
2725 4453 2771 4498 et
2792 4445 3056 4500 succidam
3080 4446 3223 4499 lucos
3244 4445 3307 4497 de
3329 4445 3497 4501 medio
3518 4449 3614 4516 tui,

321 4533 458 4587 alter
491 4534 754 4602 printitiva
779 4546 997 4606 propter
1018 4537 1326 4593 lenticulam
1348 4540 1603 4609 perdidit,
1628 4542 1918 4599 etbenedi-
1938 4594 1989 4609 ﬁ
2018 4548 2064 4593 et
2087 4539 2343 4593 demoliar
2373 4540 2600 4592 civitates
2628 4549 2766 4605 tuas,
2800 4548 2846 4590 et
2874 4539 3063 4609 faciam
3088 4539 3262 4608 inira,
3292 4548 3341 4593 et
3365 4541 3419 4594 in
3442 4544 3619 4609 furore

320 4615 1911 4703 ctiunihusfratrisinvidensJugtateuminMesopotamiam.
1938 4594 1994 4656 Β
2021 4632 2270 4685 ultionem
2300 4632 2352 4684 in
2379 4631 2631 4701 gentibus,
2668 4646 2761 4698 pro
2785 4647 2843 4683 eo
2873 4630 3013 4696 quod
3040 4647 3145 4685 non
3174 4632 3473 4689 audierunt.
3520 4635 3613 4691 Li-

320 4714 556 4771 Redacta
589 4735 721 4788 ergo
747 4728 889 4774 terra
909 4720 1144 4775 Nemrod
1178 4722 1229 4774 in
1253 4722 1423 4776 foveis
1457 4724 1570 4778 suis
1596 4742 1609 4777 :
1633 4724 1737 4793 Qui
1768 4730 1911 4781 enim
2020 4724 2223 4781 beratis
2263 4722 2419 4778 nobis
2461 4722 2530 4778 de
2577 4728 2771 4789 Assur,
2824 4723 3038 4793 quando
3062 4725 3273 4780 venerit
3301 4740 3469 4797 super
3500 4736 3613 4785 ler-

318 4808 455 4865 fodit
486 4812 727 4880 foveam,
750 4815 952 4870 incidet
978 4816 1031 4870 in
1057 4830 1175 4869 eam
1211 4814 1392 4888 (Prov.
1422 4832 1572 4883 xxvn,
1602 4817 1656 4889 7)
1692 4836 1705 4873 :
1738 4830 1791 4874 et
1822 4823 1915 4891 qui

2017 4831 2133 4869 ram
2165 4822 2408 4869 nostram
2430 4856 2445 4879 ,
2471 4824 2526 4868 et
2556 4813 2865 4870 ascenderit
2893 4829 3056 4884 super
3079 4817 3341 4873 terminos
3366 4828 3604 4888 nostros,

317 4903 494 4959 lacum
517 4907 726 4975 aperuit
750 4916 802 4961 et
829 4906 1011 4962 etl‘odit
1034 4924 1180 4974 eum,
1210 4908 1411 4965 incidet
1436 4909 1491 4964 in
1516 4911 1722 4965 foveam
1751 4928 1913 4982 quam
2018 4919 2074 4965 et
2096 4908 2333 4965 liberatis
2361 4924 2391 4963 a
2423 4907 2652 4963 Domino
2681 4909 2772 4977 qui
2800 4907 3098 4978 suscitavit
3138 4924 3299 4982 super
3330 4927 3455 4969 eum
3486 4929 3614 4987 sep—

320 4994 446 5052 fecit
472 5042 485 5067 ,
536 5007 591 5053 et
632 5008 937 5056 revertetur
974 5001 1131 5057 dolor
1171 5002 1289 5072 ejus
1344 5002 1397 5058 in
1452 5014 1612 5073 caput
1656 5005 1773 5075 ejus
1804 5048 1818 5073 ,
1861 5018 1917 5064 et
2021 5018 2129 5063 tem
2176 5012 2427 5077 pastores
2470 5010 2525 5057 et
2574 5008 2699 5059 octo
2745 5016 2961 5060 morsus
3010 5003 3327 5076 hominum,
3364 5007 3611 5081 reliquiae

316 5200 696 5281 _S._Benedic_ti
739 5205 978 5281 Floriac.
1026 5204 1399 5281 Cluniacensis
1440 5217 1620 5265 autem
1644 5211 1904 5281 scriptum
2012 5212 2181 5268 venit.

317 5272 480 5351 habet
522 5274 864 5351 nghethem,
895 5276 1041 5348 quod
1065 5286 1203 5351 pu_to
1241 5278 1497 5351 mendum
1525 5272 1901 5351 exscript'oris,
2088 5291 2114 5319 ⁸
2141 5281 2305 5337 Iidem
2335 5294 2491 5345 mss.,
2515 5280 2621 5351 sive
2649 5281 2924 5351 optimates
2952 5284 3203 5342 homines.

313 5343 531 5469 ﬂnipro
555 5343 880 5416 Baphethee,
912 5343 1104 5418 'posuit
1130 5348 1430 5418 Baphetem.
1457 5350 1609 5405 Licet
1635 5343 1904 5408 ex'Theo;
2083 5350 2112 5391 δ
2141 5353 2422 5407 Consonat
2450 5343 2508 5407 S.
2537 5343 2863 5407 Ambrosius
2892 5355 2943 5408 in
2975 5356 3166 5423 psalm.
3204 5373 3370 5416 cxvm
3401 5378 3414 5416 :
3464 5361 3606 5421 Nul-

354 5424 537 5469 ottone
576 5428 631 5469 et
676 5420 862 5469 anima
892 5419 1133 5469 editione
1166 5422 1217 5469 in
1261 5420 1490 5469 “9.1)ar
1535 5422 1636 5469 leni
1669 5426 1901 5469 nntnprit
2011 5426 2140 5469 lum-
2172 5422 2445 5469 innuiens-
2468 5422 2751 5469 inuenimus
2774 5425 2826 5469 in
2846 5424 3140 5469 diuinarum
3160 5430 3289 5469 goria
3319 5431 3605 5469 linum“...

354 5420 537 5471 otione
570 5428 631 5493 _et
676 5420 862 5493 quinta
892 5420 1133 5493 editione
1166 5422 1217 5474 in
1261 5420 1490 5493 Hebraeo
1535 5422 1636 5492 legi
1669 5426 1901 5493 potuerit
2011 5426 2142 5490 lum,
2172 5422 2445 5491 inquiens,
2468 5422 2751 5477 inuenimus
2774 5425 2826 5478 in
2846 5420 3140 5481 divinarum
3158 5430 3289 5485 serie
3317 5420 3606 5492 litterarum

313 5434 537 5471 uottone
576 5434 631 5471 et
676 5434 862 5542 quinta
892 5434 1133 5475 coitione
1166 5435 1217 5474 tn
1262 5434 1490 5477 Hebraeo
1536 5434 1636 5492 tegi
1669 5434 1901 5493 potuerit
2011 5434 2142 5490 tum,
2172 5437 2445 5491 inquiens,
2468 5437 2751 5477 muenmtus
2774 5434 2826 5478 tn
2846 5434 3140 5481 divinarum
3158 5434 3289 5485 serie
3317 5434 3606 5492 litterarum

312 5487 677 5564 DmlBap
716 5488 931 5564 etheem,
963 5492 1017 5544 in
1044 5492 1228 5561 portis,
1276 5491 1390 5547 sive
1418 5493 1534 5547 sicis
1561 5509 1756 5548 eorum.
1791 5496 1903 5551 Sed
2011 5496 2075 5550 de
2102 5493 2438 5562 senatoribus
2478 5494 2698 5564 justum.
2750 5495 2819 5548 Et
2844 5507 3037 5552 auctor
3070 5498 3330 5557 Breviarii
3364 5507 3418 5559 in
3454 5505 3606 5564 Psal-

311 5559 598 5641 retinenda
645 5559 809 5641 lectio
840 5559 1244 5641 aliornm__mss.
1300 5578 1421 5641 cum
1458 5565 1801 5641 manifestum
1833 5567 1904 5622 sit
2010 5559 2152 5641 gnos,
2184 5565 2283 5621 sub
2312 5559 2623 5632 Hieronymi
2653 5566 2823 5641 nostri
2854 5567 3091 5637 nomine,
3120 5572 3258 5641 psal.
3288 5589 3355 5631 xc
3388 5593 3403 5631 :
3434 5559 3580 5634 sibi;

312 5625 727 5715 IIieronymum_
753 5634 950 5715 legi-sse
980 5634 1031 5715 in
1062 5634 1290 5715 Ilebrteo
1314 5633 1548 5715 affixam
1581 5637 1896 5715 femininum
2009 5625 2201 5715 inquit,
2235 5625 2594 5715 venatorner'at,
2619 5636 2740 5715 quia
2769 5648 3006 5715 peccator
3031 5625 3178 5707 eral,"
3194 5625 3257 5698 et
3277 5625 3605 5715 penita—sna};

310 5713 562 5789 personae
607 5704 794 5789 tertia}.
820 5705 1563 5789 singularish'vcrtit.enim,
1613 5710 1667 5762 in
1718 5708 1910 5789 lanceis
2007 5708 2291 5763 inuenimus
2336 5708 2391 5761 in
2430 5704 2715 5778 Scripturis
2748 5704 2938 5763 sanctis
2974 5704 3206 5769 sanctum
3245 5704 3465 5789 aliquem
3517 5704 3605 5779 se;

310 5772 447 5843 ejus,
487 5781 547 5826 ut
569 5772 940 5839 suhandiatur,
967 5786 1115 5831 terrae
1141 5776 1393 5832 Nemrod.
1425 5772 1601 5834 Man'r.
1633 5810 1706 5819 --
1727 5779 1907 5835 Nostri
2007 5790 2265 5836 notorem.

312 5856 445 5896 mss.
474 5884 491 5909 ,
533 5843 844 5914 Baphwthee
886 5862 904 5901 :
938 5849 992 5901 in
1023 5847 1147 5902 aliis
1176 5848 1487 5919 Bap/aetherii
1532 5851 1778 5905 Martiau.
1824 5852 1908 5906 in-
2093 5858 2115 5889 ε
2158 5851 2410 5906 Martian.
2445 5850 2689 5916 retinuit,
2722 5862 2836 5907 octo
2867 5852 3282 5913 Christianorum
3308 5858 3597 5919 hominum.
