4084 6340
438 289 577 346 i207

1680 283 1739 342 S.
1780 280 2053 342 EUSEBII
2080 280 2469 340 BIERONYMI

3587 285 3735 345 i208

430 419 554 475 qua
581 402 649 458 ad
679 416 836 457 suum
862 400 1100 455 ofﬁcium
1136 400 1500 469 pertinebant,
1541 398 1628 454 vel
1653 398 1721 453 ad
1751 397 2034 469 populum,
2062 395 2117 460 Α
2139 396 2231 452 ubi
2260 397 2313 452 in
2342 395 2485 453 LXX
2510 397 2599 454 vel
2627 412 2753 454 arca
2779 398 3148 467 Testamenti,
3196 400 3284 456 vel
3330 400 3502 459 altare
3546 411 3603 458 et
3650 411 3739 457 ta-

433 499 481 555 si
512 496 619 553 illis
649 496 903 551 universa
951 491 1307 561 facientibus,
1361 492 1463 561 ipsi
1513 491 1703 548 audire
1746 500 2028 561 contemp-

436 592 631 647 serint.
663 590 804 644 Sunt
850 589 940 658 qui
988 594 1202 642 montes
1230 586 1480 642 eteolles
1528 595 1585 642 et
1632 586 1795 642 fortia
1838 585 2030 642 funda-

440 692 619 738 menta
652 690 834 749 terrae,
871 680 1171 745 Abraham,
1202 679 1350 735 Isaac
1388 689 1443 736 et
1476 680 1681 747 Jacob,
1713 688 1767 737 et
1798 679 2031 751 patriar.

437 776 569 831 chas
614 775 854 844 reliquos
896 773 1359 842 interpretantur,
1408 772 1611 842 quibus
1640 773 1791 843 quasi
1820 771 2032 827 audito-

437 868 591 923 ribus
636 866 742 940 [ΑΙ.
796 861 1169 935 auctoribus],
1223 873 1276 919 et
1300 863 1366 918 ad
1400 864 1663 934 judicium
1694 863 2030 931 convocatis,

438 960 626 1030 populi
649 957 819 1013 Israel
844 957 1120 1027 negotium
1145 954 1518 1010 ventilandum
1547 957 1637 1009 sit.
1669 954 1775 1009 Alii
1796 964 2030 1017 montes,

434 1054 625 1119 colles,
661 1062 716 1107 et
742 1051 909 1106 valles
938 1050 1203 1120 Angelos,
1236 1048 1378 1104 sicut
1402 1063 1566 1118 supra
1596 1048 1849 1115 diximus,
1883 1046 2032 1102 arbi-

438 1156 673 1212 trantur,
707 1145 800 1216 qui
829 1144 918 1200 vel
941 1144 993 1198 in
1017 1142 1334 1198 ccelestibus
1363 1143 1604 1197 serviant
1646 1143 1778 1206 Deo,
1813 1142 1896 1197 vel
1928 1141 2029 1196 bo-

2135 489 2511 558 bernaculum,
2540 501 2848 563 creteraque
2869 507 2991 562 qua:
3011 491 3083 548 de
3105 492 3269 563 lignis
3295 492 3732 564 imputribilibus

2133 580 2273 636 facta
2294 580 2627 648 referuntur,
2652 583 2705 639 in
2732 584 2999 639 llebraico
3029 593 3305 655 ponuntur
3337 586 3483 657 ligna
3514 576 3729 656 Settim,

2134 688 2256 743 quae
2285 673 2485 730 habent
2526 674 2939 732 similitudinem
2972 677 3208 743 arboris,
3241 692 3403 748 quam
3444 694 3543 734 nos
3568 678 3732 748 vulgo

2136 765 2357 835 Spinam
2422 767 2598 823 albam
2654 768 2905 824 dicimus.
2974 770 3131 826 Unde
3186 771 3425 826 arbitror
3479 781 3535 826 et
3582 770 3733 827 LXX

2135 866 2338 934 σχίνον,
2368 861 2756 933 interpretatos
2799 879 2951 931 esse,
2996 864 3103 920 hoc
3147 876 3251 933 est,
3293 866 3596 933 lentiscum;
3630 864 3729 921 sed

2136 953 2395 1024 paulatim
2425 955 2774 1012 librariorum
2793 972 2985 1012 errore
3009 957 3209 1013 factum
3244 972 3387 1027 esse,
3412 968 3472 1013 ut
3492 967 3727 1031 σχοῖνοι,

2135 1046 2190 1102 id
2219 1056 2322 1115 est,
2356 1048 2526 1117 funes,
2559 1063 2657 1119 pro
2684 1054 2911 1121 σχίνοις,
2942 1050 3046 1105 hoc
3073 1059 3181 1120 est,
3213 1051 3447 1106 lentiscis
3476 1051 3732 1122 legeren-

2140 1149 2244 1196 tur.
2278 1140 2544 1213 Loquitur
2584 1142 2755 1214 igitur
2806 1145 2948 1199 Deus
2985 1145 3051 1199 ad
3077 1144 3338 1216 populum
3365 1145 3555 1211 Israel,
3584 1155 3640 1200 et
3664 1144 3737 1200 ad

438 1237 673 1293 minibus
718 1238 947 1307 prcesint
975 1251 1139 1306 super
1168 1233 1312 1290 hanc
1344 1244 1573 1304 terram,
1606 1235 1687 1290 vel
1720 1234 1863 1305 apud
1893 1233 2033 1290 infe-
2130 1234 2397 1305 judicium
2444 1244 2740 1306 provocat,
2785 1245 2840 1292 et
2880 1237 3157 1292 licentiam
3211 1247 3407 1293 contra
3443 1252 3503 1293 se
3543 1238 3740 1295 tribuit

438 1346 533 1385 ros
554 1329 861 1395 constituti,
891 1343 1084 1384 eorum
1114 1328 1206 1398 qui
1231 1342 1329 1383 suo
1350 1327 1484 1382 vitio
1512 1327 1777 1382 exstitere
1806 1326 2031 1391 terreni,

437 1423 793 1478 fundamenta
826 1423 1078 1478 dicantur
1112 1439 1124 1475 :
1152 1422 1221 1477 de
1250 1422 1446 1492 quibus
1476 1429 1638 1476 teme
1666 1420 2034 1476 fundamentis

436 1525 493 1572 et
534 1516 659 1569 alibi
705 1515 968 1585 scriptum
1029 1513 1334 1568 invenimus
1361 1531 1373 1566 :
1399 1512 1549 1583 Ignis
1579 1529 1822 1568 accensus
1858 1521 1933 1567 est
1972 1528 2035 1566 ea:

439 1613 619 1679 furore
646 1624 779 1673 meo,
812 1608 1013 1661 ardebit
1039 1622 1200 1675 usque
1229 1606 1297 1659 ad
1323 1606 1523 1677 inferos
1566 1606 1808 1661 deorsum
1833 1622 1852 1660 :
1882 1607 2034 1659 devo-

437 1702 569 1755 rabit
619 1709 829 1766 terram,
864 1708 910 1753 et
944 1699 1283 1783 fundamenta
1322 1702 1435 1769 ejus
1471 1696 1655 1767 (Deut.
1701 1713 1871 1767 xxxn,
1914 1696 2029 1767 22).

2135 1328 2467 1397 disputandi.
2500 1330 2707 1401 P0pule
2735 1346 2913 1399 meus,
2945 1331 3073 1403 quid
3105 1331 3209 1388 feci
3241 1331 3360 1398 tibi,
3385 1332 3528 1403 quod
3553 1331 3737 1389 facere

2136 1434 2245 1474 non
2275 1420 2472 1475 debui?
2501 1422 2581 1477 vel
2610 1423 2735 1493 quid
2765 1424 3073 1478 contristan
3102 1426 3188 1479 te?
3211 1424 3340 1481 licet
3359 1423 3465 1480 hoc
3491 1439 3602 1481 non
3637 1424 3738 1479 ha-

2135 1513 2336 1569 beatur
2363 1513 2420 1570 in
2445 1514 2737 1572 llebraico.
2786 1516 3086 1573 Contristat
3133 1524 3315 1573 autem
3360 1527 3517 1589 pater
3563 1518 3736 1573 ﬁlium

2138 1607 2493 1679 ﬂagellatum,
2552 1620 2607 1666 et
2646 1612 2980 1682 iniquitatesf
3005 1612 3190 1667 ovium
3250 1612 3301 1667 in
3357 1613 3508 1684 virga
3548 1620 3739 1683 pastor

2136 1701 2251 1775 [ΑΙ.
2282 1703 2539 1777 pastoris]
2570 1706 2772 1761 visitat.
2809 1704 2947 1775 Quid
2978 1706 3244 1762 molestus
3268 1707 3343 1762 fui
3368 1707 3503 1763 tibi?
3527 1708 3645 1776 vel,
3675 1716 3737 1763 ut

436 1791 624 1847 Fortia
657 1802 711 1846 et
739 1792 960 1860 antiqua
988 1791 1341 1846 fundamenta
1370 1800 1534 1845 terrae
1567 1788 1840 1860 (quorum
1872 1804 2033 1845 causa
2064 1784 2111 1844 Β
2140 1794 2536 1864 significantius
2577 1796 2629 1850 in
2661 1796 2931 1853 Hebraico
2966 1799 3229 1870 scriptum
3272 1807 3381 1868 est,
3410 1815 3521 1870 quo
3546 1800 3739 1857 labore

441 1884 727 1956 hucusque
774 1893 918 1938 terra
974 1898 1081 1938 non
1119 1884 1388 1954 praeterit,
1421 1891 1475 1937 et
1503 1896 1666 1951 super
1702 1883 1867 1937 inane
1906 1895 2039 1951 peu-

437 1978 596 2045 dens,
649 1978 847 2033 librata
892 1976 1173 2046 consistit)
1219 1977 1491 2046 justorum
1547 1976 1740 2031 merita
1787 1984 1935 2043 sunt,
1969 1974 2039 2029 de

441 2072 639 2141 quibus
684 2070 983 2140 Apostolus
1014 2070 1288 2140 loquitur:
1320 2069 1599 2137 /Ediﬁcati
1649 2085 1807 2139 super
1849 2069 2042 2141 funda-

436 2175 611 2219 menta
651 2164 1016 2232 apostolorum
1061 2174 1110 2218 et
1163 2163 1537 2234 prophetarum
1571 2161 1791 2234 (Ephes.
1832 2178 1889 2227 ll,
1923 2161 2037 2233 20).

440 2258 598 2314 Sicut
624 2256 786 2327 igitur
812 2256 1071 2327 apostoli,
1101 2266 1156 2312 et
1180 2255 1484 2326 prophetat,
1518 2263 1573 2311 et
1594 2255 1879 2310 universus
1902 2254 2041 2309 Mar—

435 2359 617 2421 tyrum
666 2349 867 2404 chorus
916 2350 1082 2404 fortia
1136 2350 1491 2404 fundamenta
1546 2358 1673 2403 sunt
1719 2356 1883 2402 teme
1917 2365 1929 2400 :
1965 2347 2043 2403 sic

438 2443 740 2499 secundum
774 2441 917 2497 LXX
942 2442 1114 2497 valles
1144 2451 1198 2497 et
1240 2450 1535 2512 praerupta,
1584 2456 1705 2510 quae
1734 2440 2043 2510 significan-

440 2536 550 2591 tius
579 2534 771 2590 Graece
799 2537 1056 2610 φάραγγες
1095 2533 1465 2602 appellantur,
1500 2546 1687 2587 eorum
1739 2540 1866 2586 sunt
1914 2532 2041 2587 fun-

437 2628 716 2691 damenta,
740 2627 831 2697 qui
864 2632 1051 2696 χοϊκοῦ
1082 2623 1238 2696 [Μεε.
1269 2621 1470 2693 choici]
1494 2623 1788 2693 imaginem
1820 2636 2043 2692 recepe-

434 2729 584 2775 runt.
634 2718 914 2774 Judiciutn
962 2730 1095 2787 ergo
1148 2715 1360 2770 Domini
1401 2730 1525 2771 cum
1577 2715 1786 2784 popqu
1830 2729 1955 2779 suo,
1989 2723 2045 2768 et

439 2826 563 2866 cum
614 2810 787 2866 Israel
833 2808 1243 2880 dijudicabitur.
1292 2807 1394 2875 Qui
1447 2815 1661 2878 poterat
1693 2807 1847 2878 quasi
1900 2807 2045 2862 Deus

439 2920 541 2976 pro
572 2902 877 2960 sceleribus
910 2901 1099 2972 populi
1148 2899 1457 2970 peccatoris
1497 2898 1705 2954 inferre
1750 2898 2042 2968 supplicia,

441 3013 552 3053 non
597 2999 716 3052 vult
763 2996 940 3052 videri
965 3006 1184 3066 potens,
1233 2994 1328 3050 sed
1370 2994 1573 3064 justus,
1608 3004 1664 3048 et
1689 2993 1756 3047 ad
1782 2992 2043 3061 judicium

439 3099 703 3160 provocat
750 3096 1095 3159 peceatores,
1122 3087 1277 3157 juxta
1310 3087 1441 3141 illud
1475 3086 1856 3157 propheticum
1893 3102 1907 3140 :
1943 3085 2045 3140 Ve-

438 3188 568 3253 nite,
598 3194 661 3238 ει·
688 3183 1014 3256 judicemur,
1046 3182 1174 3235 dicit
1219 3179 1475 3234 Dominus
1525 3179 1685 3251 (lsai.
1742 3195 1893 3245 mu,
1923 3178 2037 3249 26),
2071 3160 2116 3223 Ο

439 3278 604 3334 etiam
634 3291 777 3331 nunc
807 3276 1064 3346 p0pulum
1098 3273 1263 3328 Israel
1294 3274 1455 3345 502
1478 3274 1646 3343 cogit,
1676 3272 2043 3342 praesentibus

442 3372 689 3442 Angelis,
718 3381 773 3425 et
798 3369 947 3424 omni
978 3378 1256 3434 creatura,
1296 3368 1343 3422 si
1390 3366 1520 3437 quid
1572 3366 1772 3423 habeat
1815 3380 2043 3435 respon-

439 3463 595 3527 dere,
622 3474 679 3517 ut
696 3462 1030 3532 justificetur
1057 3461 1202 3515 Deus
1225 3462 1281 3516 in
1307 3460 1655 3516 sermonibus
1685 3462 1818 3527 suis,
1848 3467 1903 3515 et
1926 3460 2046 3514 vin-

440 3566 532 3612 cat
560 3571 681 3612 cum
710 3555 990 3626 judicatur
1018 3553 1195 3625 (Psal.
1220 3557 1301 3624 ι).

511 3649 692 3722 (Vers.
724 3651 758 3705 ὅ
786 3653 949 3720 seq.)
982 3647 1186 3719 Popule
1214 3665 1380 3713 meus,
1405 3649 1532 3719 quid
1557 3648 1660 3717 feci
1692 3648 1783 3702 tibi
1810 3664 1827 3702 :
1850 3657 1895 3702 et
1918 3648 2045 3719 quid

440 3742 691 3796 molestus
721 3742 801 3812 fui
825 3742 939 3806 tibi,
968 3742 1224 3810 responde
1243 3742 1394 3805 mihi,
1419 3741 1543 3811 quia
1562 3741 1721 3795 eduxi
1742 3749 1789 3793 te
1818 3740 1882 3793 de
1906 3750 2044 3794 terra

440 3834 687 3906 ngypti,
736 3844 783 3887 et
833 3834 896 3888 de
930 3835 1086 3887 domo
1118 3836 1447 3888 servientium
1492 3832 1710 3888 liberavi
1741 3844 1821 3898 te,
1854 3843 1900 3887 et
1928 3833 2047 3885 misi

440 3939 562 3981 ante
588 3927 777 3996 faciem
808 3935 952 3979 tuam
978 3924 1224 3996 Moysen,
1257 3936 1303 3979 et
1333 3928 1535 3992 Aaron,
1567 3936 1612 3980 et
1649 3926 1898 3980 Mariam.
1938 3925 2045 3978 Po-

441 4018 566 4089 pule
595 4033 757 4081 meus,
788 4028 1066 4081 memento,
1089 4033 1282 4087 quaeso,
1316 4017 1439 4085 quid
1468 4018 1769 4089 cogitaverit
1791 4026 1969 4070 contra
1998 4026 2046 4070 te

441 4109 630 4181 [Vulg.
664 4117 809 4163 tacet
840 4119 1025 4162 contra
1052 4109 1123 4182 te]
1156 4108 1319 4162 Balac
1347 4125 1437 4163 rex
1467 4109 1621 4164 Moab
1652 4155 1666 4179 ,
1706 4119 1752 4164 et
1794 4109 1920 4179 quid
1964 4125 2045 4162 re-

443 4201 715 4270 sponderit
748 4202 795 4254 ei
822 4200 1068 4265 Balaam,
1097 4200 1241 4270 ﬁlius
1266 4200 1421 4267 Beor,
1452 4202 1518 4255 de
1558 4201 1748 4255 Settim
1795 4217 1956 4270 usque
1976 4202 2045 4253 ad

446 4294 641 4368 Galgal
660 4336 673 4361 ,
726 4302 781 4347 ut
823 4311 1155 4365 cognosceres
1177 4296 1418 4368 justitias
1450 4295 1680 4353 Domini.
1714 4295 1859 4351 LXX
1890 4316 1902 4350 :
1939 4296 2046 4351 Po—

443 4388 602 4457 pulus
634 4403 799 4455 meus,
855 4386 979 4455 quid
1027 4387 1129 4456 feci
1176 4386 1289 4455 tibi,
1313 4391 1365 4452 -ξ-
1391 4396 1480 4441 aut
1508 4387 1635 4458 quid
1665 4387 1968 4442 contrislavi
1999 4398 2046 4441 te

447 4478 469 4549 ζ
516 4486 608 4533 aut
637 4479 693 4531 in
720 4494 822 4547 quo
852 4476 1098 4533 molestus
1139 4478 1214 4547 fui
1256 4477 1391 4532 tibi?
1420 4479 1672 4550 responde
1706 4478 1835 4531 mihi
1866 4494 1884 4532 :
1921 4480 2041 4547 quia

443 4572 603 4625 eduxi
633 4580 682 4625 te
712 4570 777 4625 de
804 4581 941 4624 terra
973 4569 1220 4643 Egypti,
1263 4579 1309 4624 et
1354 4569 1418 4625 de
1464 4572 1616 4624 domo
1664 4571 1926 4624 servitutis
1956 4588 2041 4624 re.

440 4664 580 4717 denti
612 4672 680 4729 te,
714 4672 761 4716 et
786 4663 902 4716 misi
929 4673 1048 4716 ante
1073 4664 1262 4732 faciem
1287 4674 1429 4716 tuam
1471 4662 1714 4733 Moysen,
1753 4673 1801 4717 et
1834 4654 2036 4731 Aaron,

441 4770 490 4813 et
514 4758 764 4811 Mariam.
802 4758 1040 4825 Populus
1071 4773 1239 4824 meus,
1280 4758 1561 4811 recordare
1587 4757 1713 4827 quid
1741 4758 2042 4827 cogitaverit

442 4851 717 4905 adversum
746 4859 791 4904 te
820 4848 1043 4918 Balach,
1080 4866 1170 4903 rex
1203 4849 1379 4917 Moab,
1413 4859 1461 4905 et
1491 4850 1615 4919 quid
1639 4851 1968 4920 responderit
1994 4852 2042 4904 ei

439 4941 685 5007 Balaam,
712 4940 855 5012 ﬁlius
883 4942 1040 5009 Beor,
1065 4941 1128 4994 de
1151 4941 1385 4997 Schaenis
1416 4941 1524 5013 [ΑΙ.
1554 4942 1726 4999 Seinis
1750 4953 1797 4997 et
1821 4942 2037 5014 Scynis]

440 5051 603 5104 usque
633 5035 701 5088 ad
728 5032 924 5104 Galgal
954 5050 973 5088 :
1002 5044 1060 5087 ut
1100 5044 1493 5106 cognosceretur
1542 5037 1752 5107 iustitia
1801 5034 2036 5089 Domini.

442 5127 813 5199 Projustitiis,
847 5128 963 5183 sive
982 5128 1216 5198 justitia,
1241 5130 1623 5184 misericordias
1650 5132 2044 5199 interpretatus

438 5232 524 5278 est
546 5221 923 5293 Symmachus,
958 5232 1011 5278 et
1044 5223 1133 5279 ubi
1155 5221 1298 5278 LXX
1332 5223 1563 5279 Sclicenis
1592 5237 1608 5289 ;
1640 5236 1835 5278 omnes
1863 5223 2036 5293 ipsum

437 5316 773 5373 Hebraicum
796 5331 991 5372 ξεττ-ιιι
1022 5316 1237 5387 (nium)
1269 5316 1683 5372 transtulerunt.
1715 5317 1812 5371 Est
1847 5326 2036 5373 autem

436 5407 590 5463 locus
620 5407 685 5461 in‘
700 5422 809 5478 quo
836 5406 998 5462 Balac
1027 5422 1126 5463 rex
1157 5408 1510 5464 Moabitarum
1540 5407 1830 5464 adversum
1867 5408 2037 5465 lsrael

434 5500 785 5571 congregavit
810 5501 1137 5569 exercitum,
1169 5501 1437 5573 ὁμώνυμος
1459 5500 1767 5567 arboribus,
1798 5517 1918 5573 quae
1939 5518 2036 5573 per

433 5609 680 5651 eremum
711 5596 915 5653 montis
945 5595 1075 5654 Sina
1106 5596 1270 5653 hodie
1302 5612 1521 5669 quoque
1549 5598 1870 5669 gignuntur.
1896 5596 2034 5655 Nam

506 5717 533 5746 ἰ
560 5709 657 5764 Ms.
689 5709 1084 5783 Cluniacensis,
1104 5727 1207 5765 non
1228 5711 1459 5782 typicum
1486 5711 1675 5783 Ephod
1702 5712 2031 5782 velamenque

433 5786 722 5846 portantem
753 5782 889 5837 :sed
922 5780 1224 5839 retinemus
1254 5780 1649 5853 veritatemgue,
1686 5784 1739 5839 id
1770 5793 1875 5852 est,
1906 5780 2030 5857 per-

2068 4537 2122 4598 D

2147 1894 2202 1941 te
2225 1888 2437 1954 pressi?
2482 1898 2552 1942 att
2594 1888 2858 1944 beneficia
2891 1905 3008 1945 mea
3056 1892 3442 1947 contumeliam
3470 1892 3741 1964 interpre-

2142 1978 2363 2046 taberis,
2393 1988 2449 2034 et
2479 1995 2719 2051 pepones
2749 1981 2909 2054 503
2948 1997 3250 2052 carnesque
3278 1982 3565 2055 {Egyptias
3592 1985 3740 2041 desi—

2143 2070 2361 2136 derans,
2390 2071 2605 2126 dolebis
2636 2082 2689 2127 te
2721 2074 2977 2129 eductum
3007 2074 3075 2129 de
3107 2082 3250 2129 terra
3296 2076 3539 2148 Egypli.
3568 2091 3631 2133 ac
3670 2076 3743 2133 de

2144 2170 2308 2222 domo
2345 2168 2626 2223 servitutis
2670 2183 2797 2224 meo
2837 2170 3042 2223 auxilio
3081 2170 3392 2236 liberatum,
3439 2172 3566 2241 quia
3610 2170 3740 2226 dedi

2143 2258 2400 2314 ductores
2423 2259 2517 2313 tibi
2548 2259 2770 2332 Moysen
2800 2262 3032 2316 amicum
3054 2277 3259 2331 meum,
3284 2271 3339 2318 et
3357 2262 3540 2318 Aaron
3565 2279 3744 2320 sacer-

2144 2350 2325 2406 dotem
2356 2366 2561 2418 meum,
2592 2361 2649 2408 et
2676 2352 2900 2407 Mariam
2928 2353 3322 2423 prophetissam
3357 2355 3741 2423 meam?Quod

2143 2442 2190 2497 si
2216 2442 2318 2497 hoc
2348 2442 2447 2497 tibi
2475 2458 2699 2512 parvum
2740 2444 2977 2511 videtur,
3008 2445 3307 2500 recordare
3348 2445 3494 2501 illius
3536 2455 3743 2516 tempo-

2144 2538 2221 2593 ris
2248 2534 2471 2607 quando
2498 2536 2662 2592 Balac
2689 2551 2786 2591 rex
2816 2537 2995 2603 Moab,
3021 2537 3240 2593 Balaam
3274 2537 3518 2593 divinum
3558 2539 3744 2595 adver-

2145 2642 2266 2683 sum
2299 2636 2351 2683 te
2384 2627 2641 2683 mercede
2671 2628 2953 2695 conduxit,
2984 2636 3039 2683 et
3078 2627 3203 2683 vide
3249 2629 3525 2697 quomodo
3554 2640 3740 2687 contra

2144 2718 2482 2775 voluntatem
2515 2734 2697 2791 suam,
2750 2719 2975 2789 cupiens
3021 2720 3115 2775 tibi
3147 2719 3477 2776 maledicere
3502 2720 3741 2776 hariolus

2146 2812 2494 2870 benedixerit
2521 2812 2714 2886 (Num.
2747 2814 2881 2886 xxn)
2910 2831 2923 2867 :
2953 2812 3021 2869 de
3064 2814 3259 2868 Settim
3298 2828 3471 2884 usque
3506 2813 3572 2869 ad
3609 2813 3740 2869 Gal-

2144 2907 2253 2976 gal,
2284 2914 2458 2961 totum
2487 2906 2795 2961 exercitum
2826 2905 2994 2961 Israel
3036 2905 3211 2960 oculis
3250 2904 3514 2972 lustrans,
3541 2914 3598 2961 et
3623 2919 3745 2961 mu-

2146 3009 2269 3052 tans
2297 2998 2440 3061 loca,
2471 2997 2629 3068 quasi
2656 3011 2756 3067 ego
2787 3010 2892 3051 non
2923 3013 3141 3067 possem
3172 3011 3296 3051 cum
3331 3006 3592 3068 pergente
3621 3012 3742 3067 per-

2146 3106 2298 3162 gere,
2334 3099 2388 3146 et
2418 3106 2540 3145 cum
2576 3098 2897 3145 transeunte
2941 3089 3171 3144 transire
3207 3107 3218 3142 :
3249 3097 3304 3144 et
3356 3088 3459 3144 hoc
3497 3089 3636 3156 feci,
3685 3098 3743 3144 ut

2147 3183 2541 3240 misericordiae
2570 3198 2707 3238 mea:
2737 3182 3037 3251 etjustitiae
3082 3188 3443 3236 noscerentur
3465 3180 3583 3247 tibi,
3614 3190 3741 3236 tan-

2145 3285 2257 3331 tum
2290 3284 2343 3330 te
2376 3275 2634 3346 amantis,
2668 3283 2728 3329 ut
2768 3290 2889 3330 cum
2939 3289 3039 3345 ego
3066 3273 3312 3343 quotidie
3344 3288 3440 3329 ore
3487 3274 3743 3343 blaSphe-

2146 3369 2413 3423 mantium
2446 3367 2764 3433 maledicar,
2801 3366 2896 3421 tibi
2944 3366 3013 3421 ab
3045 3366 3266 3420 inimico
3306 3378 3416 3421 non
3447 3364 3740 3421 dimiserim

2147 3460 2421 3517 maledici.
2476 3459 2692 3515 Hebraei
2743 3460 2887 3514 hunc
2934 3459 3113 3514 locum
3164 3459 3218 3513 in
3265 3473 3375 3529 quo
3425 3457 3653 3526 dicitur,
3682 3458 3745 3513 de

2148 3552 2337 3609 Settim
2367 3566 2527 3623 usque
2566 3556 2633 3606 ad
2663 3551 2874 3622 Galgal,
2906 3562 2960 3605 ut
3006 3568 3340 3623 cognosceres
3376 3553 3608 3625 justitias
3635 3550 3746 3606 Do-

2148 3646 2275 3699 mini
2308 3644 2493 3715 (Num.
2526 3647 2681 3715 xxv),
2711 3646 2780 3699 ita
2809 3653 3098 3714 exponunt
3132 3664 3142 3699 :
3179 3644 3245 3700 ab
3271 3659 3339 3701 eo
3366 3654 3613 3714 tempore
3636 3659 3744 3714 quo

2146 3735 2399 3791 fornicati
2429 3737 2559 3791 estis
2588 3738 2643 3791 in
2673 3735 2909 3805 Madian,
2943 3751 3113 3806 usque
3137 3737 3203 3790 ad
3236 3744 3450 3806 tempus
3478 3750 3586 3806 quo
3615 3734 3743 3790 Saul

2147 3829 2289 3899 apud
2314 3828 2504 3899 Galgal
2533 3839 2618 3884 est
2645 3836 2841 3884 unctus
2872 3828 2925 3882 in
2956 3844 3138 3910 regem
3170 3828 3212 3900 (Ι
3240 3827 3371 3900 Reg.
3404 3829 3488 3898 x),
3517 3828 3743 3898 repetite

2147 3923 2411 3979 memoria
2453 3937 2575 3991 quae
2625 3923 2767 3977 mala
2798 3923 3013 3992 operati
3042 3923 3195 3985 estis,
3245 3932 3299 3976 et
3341 3932 3547 3992 quanta
3592 3922 3741 3976 vobis

2146 4015 2287 4071 bona
2320 4015 2567 4080 fecerim,
2612 4024 2668 4070 et
2715 4030 2891 4069 meam
2935 4015 2990 4069 in
3021 4030 3117 4069 vos
3168 4012 3601 4068 misericordiam
3654 4028 3743 4067 eo-

2146 4108 2444 4177 guoscetis.
2478 4107 2592 4163 Hoc
2617 4109 2771 4176 juxta
2804 4108 3085 4162 historiam
3107 4107 3249 4161 Deus
3264 4106 3332 4161 ad
3362 4106 3637 4161 carnalem
3668 4105 3742 4160 ls-

2146 4202 2262 4257 rael
2295 4202 2508 4256 locutus
2538 4202 2626 4255 sit.
2657 4200 2767 4255 Nos
2796 4211 2978 4255 autem
3010 4200 3101 4270 qui
3133 4200 3379 4270 cupimus
3399 4200 3632 4255 revelata
3663 4198 3741 4253 fa-

2147 4293 2231 4347 cie
2277 4293 2505 4362 gloriam
2556 4292 2772 4348 Domini
2817 4293 3199 4363 contemplari,
3233 4302 3441 4348 etvere
3486 4292 3743 4347 habemus

2149 4396 2356 4456 patrem
2387 4386 2666 4442 Abraham
2694 4428 2707 4451 ,
2741 4386 3025 4441 audiamus
3054 4402 3176 4440 cum
3210 4387 3619 4454 peccaverimus
3647 4385 3741 4440 ad-

2145 4497 2366 4536 versum
2400 4496 2498 4536 nos
2526 4481 2892 4551 disputantem
2943 4481 3112 4551 Deum
3138 4527 3152 4549 ,
3204 4488 3260 4535 et
3303 4495 3406 4535 nos
3446 4482 3501 4535 in
3541 4480 3743 4536 beneﬁ-

2146 4576 2353 4630 ciorum
2380 4589 2601 4631 suorum
2632 4573 3002 4644 magnitudine
3031 4582 3375 4641 arguentem.
3412 4572 3742 4629 Servivimus

2141 4668 2339 4739 quippe
2366 4666 2659 4736 aliquando
2686 4666 2980 4733 Pharaoni,
3016 4676 3071 4719 et
3104 4663 3359 4736 Egyptio
3386 4665 3615 4736 Fpopulo
3662 4664 3741 4719 lu-

2143 4770 2255 4816 tum
2288 4770 2341 4815 et
2372 4762 2565 4814 lateres
2612 4760 2859 4814 fabricati
2893 4774 3082 4814 sumus
3113 4776 3126 4811 :
3159 4767 3216 4814 et
3244 4757 3479 4814 redemit
3509 4774 3609 4814 nos
3651 4760 3739 4830 qui

2142 4855 2294 4911 dedit
2325 4853 2678 4922 semetipsum
2727 4853 3162 4922 redemptionem
3210 4866 3307 4920 pro
3352 4853 3642 4919 omnibus,
3683 4860 3742 4906 ut

2142 4949 2454 5005 diceremus
2484 4948 2574 5017 qui
2606 4946 2871 5018 redempti
2899 4960 3119 5001 eramus
3149 4960 3179 5000 a
3210 4946 3467 5012 Domino,
3492 4962 3628 5017 quos
3656 4961 3739 5001 re-

2147 5041 2320 5098 demit
2348 5041 2416 5096 de
2445 5054 2606 5096 manu
2638 5040 3009 5105 inimicorum,
3041 5048 3098 5094 et
3142 5053 3280 5108 quos
3323 5039 3392 5094 de
3430 5038 3740 5109 regionibus

2148 5134 2500 5206 congregavit
2550 5151 2563 5189 :
2612 5134 2746 5199 Quia
2785 5134 2838 5186 in
2887 5142 3138 5187 wternum
3204 5131 3564 5186 misericordia
3629 5133 3738 5202 ejus

2143 5227 2318 5299 (Ps-al.
2353 5241 2463 5291 ενι,
2496 5226 2575 5297 l).
2606 5224 2801 5280 Emisit
2830 5240 3047 5296 quoque
3087 5233 3216 5279 ante
3259 5224 3453 5279 faciem
3501 5234 3735 5280 nostram

2139 5320 2364 5391 Moysen
2395 5318 2737 5387 spiritualem
2784 5318 2983 5387 legem,
3036 5327 3091 5372 et
3136 5316 3318 5371 Aaron
3367 5330 3624 5386 magnum
3655 5330 3737 5369 sa-

2136 5409 2445 5475 cerdotem,
2476 5418 2501 5445 ἰ
2533 5422 2641 5462 non
2674 5407 2913 5479 typicum
2946 5407 3158 5478 Ephod,
3182 5407 3583 5476 veritatemque
3610 5419 3729 5475 por-

2134 5513 2339 5560 tantem
2360 5548 2373 5573 ,
2414 5501 2511 5557 sed
2542 5501 2834 5557 habentem
2868 5500 2922 5556 in
2942 5499 3124 5555 fronte
3151 5497 3495 5570 signaculum
3538 5496 3736 5554 sancti-

2138 5596 2267 5654 tatis
2320 5594 2465 5667 quod
2506 5596 2651 5651 Deus
2688 5594 2853 5649 Pater
2904 5592 3163 5665 signavit.
3205 5592 3273 5647 Et
3321 5592 3472 5648 misit
3515 5590 3732 5647 Mariam

2138 5719 2344 5765 tantem
2388 5708 2535 5764 Urim
2579 5718 2624 5763 et
2650 5707 2913 5776 Tbuntim,
2939 5709 3053 5764 sive
3081 5707 3380 5779 Rationale,
3411 5710 3463 5765 in
3493 5722 3598 5780 quo
3618 5713 3732 5762 erat

2137 5781 2451 5838 illuminatio
2470 5782 2721 5836 veritatis.
2751 5782 2931 5837 Maur.
