4084 6340
302 319 439 377 Ιὶο9

1070 313 1721 373 COMMENTARIORUM
1760 315 1828 371 IN
1867 312 2205 373 ΜΙΟΗᾸΕΑΜ
2246 316 2375 373 LIB.
2419 315 2487 373 ll.
2530 315 2684 374 CAP.
2726 316 2815 375 Vl.

3452 317 3592 377 1210

297 411 616 469 vaticinium
662 410 1094 483 praphetarum,
1149 420 1205 467 et
1249 425 1360 466 non
1407 409 1587 466 solum
1638 408 1690 465 id
1738 408 2082 473 nobisAsta
2130 411 2448 477 medullata,
2494 421 2550 468 et
2598 428 2849 470 cruorem
2903 413 3162 482 arietum,
3209 422 3266 472 et
3320 412 3595 472 hircorum

297 504 584 576 prmslilit;
617 503 710 558 sed
741 502 810 559 de
841 504 1183 559 inimicorum
1236 517 1453 574 quoque
1500 515 1601 556 nos
1640 501 1890 556 manibus

297 599 573 655 liberavit.
602 597 978 653 Recordemur
1014 598 1158 652 enim
1188 595 1314 667 quid
1344 596 1669 666 cogitaverit
1690 595 1888 650 adver-

298 707 418 749 sum
443 707 562 758 nos,
594 690 759 765 505.
783 691 874 761 qui
900 691 1168 746 devorare
1191 690 1382 756 voluit,
1408 699 1464 744 et
1488 698 1728 744 nostram
1753 702 1888 743 con-

299 785 674 854 gregationem
719 784 983 854 elingere,
1026 796 1189 838 verus
1218 781 1379 837 Balac
1416 780 1684 836 diabolus.
1728 778 1889 834 Balac

299 880 444 939 enim
478 880 871 948 interpretatur
906 879 1180 950 ἐκλεὶχων,
1232 875 1284 931 id
1332 883 1453 941 est,
1501 874 1748 945 elingens,
1794 885 1887 926 rex

296 987 455 1043 aqua:
486 980 730 1043 paternae
762 990 774 1025 :
805 970 1076 1041 siquidem
1109 968 1268 1023 Moab
1302 968 1457 1038 juxta
1489 967 1653 1022 aliam
1681 974 1890 1037 etymo-

296 1066 498 1135 logiam
524 1107 538 1131 ,
588 1082 724 1133 aqua
753 1074 968 1137 paterna
995 1063 1215 1120 dicitur.
1250 1062 1384 1119 Cum
1412 1061 1577 1132 igitur
1602 1059 1890 1114 insidiare-

296 1167 385 1213 tur
414 1156 571 1214 nobis
599 1157 783 1227 Baiae,
815 1168 871 1215 et
901 1158 1257 1214 insidiaretur
1296 1170 1397 1228 per
1421 1170 1607 1209 vanum
1637 1151 1889 1224 populum

296 1271 472 1321 suum,
504 1254 648 1325 quod
676 1256 1072 1325 interpretatur
1100 1253 1341 1320 Balaam,
1374 1267 1480 1307 non
1515 1249 1761 1321 permisit
1790 1262 1889 1303 nos

296 1348 440 1405 Deus
466 1347 771 1405 maledictis
795 1349 947 1404 illius
975 1348 1301 1419 subjacere;
1335 1346 1431 1401 sed
1463 1344 1775 1401 econtrario
1795 1343 1888 1398 be-

295 1443 514 1500 nedixit
554 1442 736 1511 nobis,
789 1443 866 1499 rei
909 1444 1082 1515 ipsius
1126 1441 1353 1497 veritate
1378 1439 1690 1509 compulsus
1715 1450 1887 1493 vanus

295 1539 531 1608 pOpulus
557 1537 825 1608 gentium,
858 1544 1019 1592 natus
1047 1536 1115 1590 de
1141 1550 1208 1591 eo
1234 1533 1324 1605 qui
1351 1533 1402 1587 in
1436 1532 1581 1603 pelle
1611 1538 1695 1586 est
1723 1549 1736 1583 :
1762 1543 1885 1584 nam

295 1629 435 1685 Beor
464 1630 854 1700 interpretatur
878 1629 931 1682 in
966 1629 1125 1701 pelle,
1157 1640 1375 1695 semper
1416 1623 1567 1680 carni
1598 1633 1652 1678 et
1696 1622 1889 1677 mortis

293 1720 558 1793 operibus
583 1720 805 1776 deditus
834 1736 848 1773 :
881 1718 1277 1790 responditque
1302 1731 1400 1788 pro
1423 1715 1580 1770 nobis
1600 1728 1772 1769 vanus
1794 1726 1889 1783 po-

1996 508 2295 579 pingnium,
2319 508 2517 563 animae.
2545 508 2738 564 sordes
2758 509 2942 565 lavare
2966 508 3155 581 (Hebr.
3183 510 3268 578 ι).
3294 507 3591 580 Numquid,

1993 603 2089 669 ait,
2112 602 2256 658 dabo
2284 602 2707 673 primogenitum
2739 617 2918 657 meum
2949 617 3048 673 pro
3073 602 3289 658 scelere
3316 616 3462 671 meo,
3487 602 3597 658 sic-

1995 696 2073 750 uti
2126 711 2223 750 rex
2266 694 2424 750 Moab
2455 694 2648 749 fecisse
2686 693 3015 750 describitur
3059 694 3151 768 (IV
3180 693 3310 766 Reg.
3342 694 3466 765 ut)?
3504 702 3601 751 aut

1992 791 2232 845 fructum
2259 789 2464 846 ventris
2491 788 2600 845 mei
2632 803 2730 858 pro
2760 800 2984 861 peccato
3010 790 3209 846 anima:
3240 805 3398 859 meae,
3444 790 3593 862 quod

1993 883 2124 940 fecit
2172 883 2369 953 Jephte
2403 926 2416 949 ,
2473 897 2569 952 pro
2620 883 2929 938 temeritate
2978 883 3092 937 voti
3144 881 3382 939 oﬂ‘erens
3425 883 3593 938 filiam

1996 976 2228 1049 (Iudith.
2276 975 2403 1047 st)?
2442 974 2551 1031 Nos
2584 990 2717 1046 ergo
2756 975 2850 1045 qui
2892 989 3082 1029 sumus
3128 974 3196 1030 de
3239 975 3442 1046 populo
3489 975 3591 1033 Dei

1992 1070 2228 1127 scientes
2266 1068 2391 1139 quia
2430 1083 2539 1124 non
2589 1067 2981 1138 justilicabitur
3028 1067 3082 1122 in
3133 1077 3430 1139 conspectu
3476 1068 3597 1139 ejus

1991 1166 2172 1220 omnis
2222 1163 2409 1218 vivens
2445 1161 2566 1234 (Ps.
2612 1161 2800 1233 exul),
2841 1169 2895 1217 et
2939 1160 3234 1216 dicentes:
3283 1158 3590 1215 Iumentum

1991 1258 2159 1328 factus
2186 1272 2301 1310 sum
2329 1254 2473 1326 apud
2499 1262 2547 1308 te
2573 1253 2694 1326 (Ps.
2715 1269 2885 1319 Lxxn,
2906 1252 3028 1322 25),
3062 1259 3288 1323 agentes
3314 1253 3589 1323 paeniten-

1993 1351 2124 1407 tiam
2157 1363 2257 1420 pro
2299 1346 2557 1419 peccatis,
2608 1346 2924 1401 dubitamus
2950 1353 3006 1401 et
3053 1344 3290 1400 dicimus
3324 1361 3337 1399 :
3386 1343 3453 1398 In
3493 1361 3594 1414 quo

1992 1443 2377 1516 apprehendam
2420 1441 2724 1508 Domimtm,
2769 1441 3043 1513 suscipiam
3099 1438 3375 1494 Dominum
3419 1455 3587 1493 meum

1990 1538 2249 1593 excelsum
2266 1536 2292 1590 Ρ
2319 1534 2606 1601 Quomodo
2632 1549 2756 1590 eum
2797 1542 2990 1605 potero
3036 1543 3226 1589 tenere
3254 1533 3595 1604 fugientem?

1991 1640 2191 1703 quanta
2239 1627 2504 1685 munditia
2549 1628 2748 1683 valebo
2778 1642 3093 1698 praeparare
3143 1626 3438 1697 hospitium
3472 1625 3593 1682 Tri-

1993 1726 2178 1782 nitati?
2208 1730 2289 1779 An
2329 1720 2794 1793 comprehendam
2838 1736 2960 1776 eum
3009 1720 3062 1774 in
3106 1719 3591 1776 holocaustomati-

292 1815 481 1885 pulus,
511 1823 663 1869 ortus
709 1829 776 1870 ex
805 1829 871 1870 eo
900 1815 991 1886 qui
1041 1823 1183 1867 totus
1214 1812 1267 1866 in
1311 1811 1456 1881 pelle
1503 1818 1623 1875 est,
1673 1821 1889 1876 semper

1993 1820 2114 1884 bus.
2156 1827 2217 1872 ut
2259 1825 2432 1871 totum
2463 1830 2552 1871 me
2590 1816 2639 1871 ei
2689 1814 3071 1870 holocaustum
3112 1811 3364 1879 oﬂeram,
3404 1812 3493 1868 vel
3533 1813 3588 1868 in

293 1917 640 1963 commutans
666 1907 806 1972 loca,
839 1907 925 1963 vel
958 1916 1110 1961 stans
1134 1920 1299 1976 super
1331 1904 1553 1975 spinas;
1572 1904 1688 1958 sive
1727 1917 1888 1972 super

292 2001 595 2068 funiculos,
645 2011 703 2057 ut
751 2001 994 2072 Vulgatze
1034 2014 1255 2070 quoque
1301 1996 1555 2053 editionis
1599 2010 1892 2066 sequamur

293 2111 570 2152 errorem.
602 2096 784 2165 Spinm
832 2102 1016 2150 autem
1049 2094 1205 2164 juxta
1252 2091 1525 2163 eloquium
1567 2089 1885 2156 Salvatoris,

291 2206 445 2246 cura:
474 2188 635 2260 hujus
662 2187 870 2255 saeculi,
898 2198 953 2244 et
984 2187 1221 2256 divitiae,
1251 2194 1305 2241 et
1333 2184 1641 2254 voluptates
1672 2192 1797 2239 sunt
1837 2181 1890 2237 in

290 2282 498 2353 quibus
526 2296 697 2336 vanus
736 2288 821 2335 est
861 2279 1096 2351 populus
1158 2276 1378 2353 (Matth.
1443 2292 1573 2345 xm,
1607 2275 1779 2331 Marc.
1811 2275 1886 2345 v).

290 2352 453 2443 Quod
493 2384 672 2429 autem
704 2384 814 2429 stet
858 2373 911 2428 in
952 2372 1207 2440 funibus,
1257 2352 1592 2426 in'vinculis
1635 2367 1892 2424 videlicet

290 2477 650 2539 peccatorum
673 2464 920 2536 (funibus
941 2464 1086 2520 enim
1110 2473 1456 2535 peccatorum
1488 2477 1710 2518 suorum
1733 2476 1895 2515 unus-

290 2563 529 2633 quisque
551 2560 950 2632 constringitur
975 2558 1159 2631 [Prov.
1190 2558 1269 2630 v],
1302 2568 1357 2613 et
1386 2556 1558 2613 Isaias
1594 2558 1754 2611 testis
1785 2564 1890 2621 est,

290 2654 489 2710 dicens
518 2671 532 2707 :
568 2652 662 2708 Va:
683 2654 772 2723 qui
813 2653 1119 2722 protrahunt
1149 2660 1358 2721 peccata
1409 2667 1504 2704 sua
1540 2649 1687 2721 quasi
1716 2651 1890 2719 funem

290 2751 531 2820 longum,
555 2756 602 2802 el
624 2747 772 2818 quasi
799 2749 970 2802 lorum
991 2748 1113 2820 jugi
1132 2745 1308 2801 vitula:
1329 2746 1628 2816 iniquitates
1652 2742 1806 2814 (lsai.
1835 2759 1889 2807 v,

291 2840 413 2911 18).
447 2839 503 2896 Si
528 2840 696 2909 igitur
725 2848 854 2905 stat,
892 2855 1000 2895 non
1044 2849 1152 2893 stat
1199 2838 1301 2893 nisi
1345 2838 1398 2892 in
1428 2837 1599 2907 spinis
1631 2845 1686 2890 et
1726 2837 1779 2890 in
1812 2836 1893 2889 fu-

290 2934 460 2990 nibus
493 2950 505 2987 :
536 2932 580 2988 si
608 2943 790 2988 autem
818 2933 1052 2989 voluerit
1097 2931 1353 2999 circuire,
1385 2947 1492 2986 non
1526 2931 1689 2986 habet
1723 2930 1894 2984 stabi-

289 3029 406 3085 lem
450 3025 716 3097 gradum,
765 3026 859 3082 sed
910 3040 1128 3095 semper
1175 3026 1450 3079 fluctuans
1496 3033 1552 3078 et
1601 3022 1888 3090 vacillans,

290 3121 556 3192 pervenit
581 3137 750 3192 usque
772 3122 824 3177 al
858 3121 1080 3195 Galgala
1101 3164 1116 3188 ,
1149 3121 1291 3192 quod
1322 3121 1723 3189 interpretatur
1751 3120 1888 3175 κυλι-

288 3217 461 3286 σμός,
492 3214 544 3270 id
574 3224 677 3279 est,
707 3214 1003 3270 volubilitas
1033 3215 1117 3270 vel
1153 3222 1177 3250 ⁸
1207 3212 1553 3267 volutabrum.
1586 3212 1640 3268 Si
1669 3211 1885 3283 quando
1914 3204 1959 3267 C

288 3308 597 3364 viderimus
625 3324 956 3379 consurgere
985 3308 1202 3378 aliquos
1231 3307 1522 3361 adversum
1552 3320 1673 3370 nos,
1700 3315 1754 3359 et
1777 3307 1890 3358 avi-

285 3400 381 3455 dis
411 3399 657 3455 faueibus
686 3408 934 3455 nostrum
959 3400 1115 3455 sitire
1137 3399 1478 3469 sanguinem,
1511 3406 1567 3453 et
1595 3414 1659 3453 ex
1686 3398 1889 3467 impro-

286 3497 410 3551 visa
441 3495 857 3566 dispensatione
886 3497 1003 3563 Dei,
1037 3510 1135 3566 pro
1166 3496 1326 3550 nobis
1357 3495 1469 3550 ﬁeri
1497 3509 1615 3560 eos,
1645 3496 1734 3565 qui
1758 3508 1889 3548 con-

285 3598 378 3644 tra
401 3604 501 3645 nos
524 3598 805 3656 venerant,
838 3589 1108 3653 dicamus,
1129 3587 1345 3642 Balaam
1370 3587 1439 3641 de
1461 3586 1716 3642 funiculis
1742 3586 1887 3640 venit

284 3698 466 3753 usque
494 3683 560 3737 ad
589 3682 809 3753 Galgal,
841 3691 902 3737 ut
931 3690 1294 3752 cognoscatur
1319 3681 1525 3751 justitia
1559 3680 1677 3735 Dei.

366 3775 551 3848 (Vers.
584 3775 638 3840 6,
670 3774 749 3845 7.)
776 3774 915 3841 Quid
933 3775 1148 3845 dignum
1174 3771 1676 3843 offeramZDomino?
1704 3788 1888 3825 curva-

283 3869 356 3924 bo
383 3882 517 3939 genu
551 3866 660 3920 Deo
702 3866 945 3920 excelso?
979 3865 1245 3935 Numquid
1289 3864 1503 3932 offeram
1547 3865 1594 3919 ei
1620 3864 1889 3918 holocaus-

284 3968 511 4024 tomuta,
558 3968 604 4011 et
634 3956 820 4010 vitulos
863 3958 1170 4011 anniculos?
1197 3956 1468 4026 Numquid
1498 3955 1694 4028 placari
1721 3964 1887 4029 potest

283 4054 555 4109 Dominus
595 4053 650 4105 in
694 4051 925 4107 millibus
963 4052 1205 4116 arietant,
1238 4060 1327 4105 aut
1357 4051 1410 4103 in
1441 4049 1618 4104 multis
1656 4048 1890 4102 millibus

284 4148 561 4200 hircorum
612 4145 918 4214 pinguium?
978 4142 1250 4213 Numquid
1305 4141 1436 4195 dabo
1488 4142 1888 4213 primogenitum

284 4254 461 4294 meum
504 4254 598 4307 pro
628 4236 819 4292 scelere
856 4253 968 4291 meo
992 4252 1010 4289 :
1033 4237 1259 4305 fructum
1301 4235 1491 4289 ventris
1521 4235 1619 4287 mei
1646 4250 1743 4302 pro
1773 4250 1885 4305 pec-

288 4340 410 4387 cato
475 4328 661 4384 anima:
723 4332 887 4384 mete?
947 4328 1093 4384 LXX
1151 4346 1164 4383 :
1218 4326 1284 4381 In
1342 4345 1443 4399 quo
1498 4327 1887 4399 apprehendam

287 4426 613 4480 Dominum?
654 4424 682 4463 δ
728 4426 1012 4495 suscipiam
1058 4424 1221 4477 Deum
1276 4440 1444 4479 meum
1489 4424 1797 4477 excelsum?
1827 4422 1890 4477 Si

1992 1911 2177 1967 vitulis
2203 1908 2492 1975 anniculis,
2520 1917 2579 1962 ut
2607 1908 2692 1962 lac
2721 1906 3006 1973 deserens,
3034 1913 3091 1961 et
3117 1904 3185 1960 ad
3228 1903 3462 1960 solidum
3499 1918 3595 1960 ve-

1994 2006 2150 2061 niens
2187 2003 2393 2066 cibum,
2436 2016 2579 2056 anno
2609 2000 2825 2055 Domini
2870 1997 3200 2068 acceptabili
3241 1997 3442 2069 dignus
3472 1996 3594 2053 efﬁ-

1992 2098 2146 2155 ciar?
2175 2095 2232 2153 Si
2262 2095 2408 2150 mille
2434 2094 2683 2151 obtulero
2715 2091 2938 2155 arietes,
2971 2091 3018 2146 si
3048 2090 3239 2147 decem
3270 2091 3439 2147 millia
3481 2091 3599 2146 hir-

1993 2206 2210 2257 corum,
2246 2200 2299 2245 et
2326 2197 2470 2243 totas
2497 2187 2730 2243 Levitici
2761 2184 3011 2241 victimas
3037 2184 3400 2255 spiritualiter
3427 2184 3595 2241 intel-

1994 2284 2168 2355 ligens
2210 2282 2262 2338 in
2307 2296 2394 2336 me
2440 2280 2767 2345 exhibuero,
2817 2288 2873 2334 et
2912 2276 3109 2333 cadant
3156 2291 3222 2330 ex
3255 2275 3427 2331 latere
3470 2289 3596 2330 meo

1995 2376 2165 2441 mille,
2199 2383 2254 2430 et
2297 2374 2486 2429 decem
2514 2372 2681 2427 millia
2725 2387 2755 2426 a
2802 2382 2823 2409 ο
2873 2369 3113 2425 sinistris
3155 2369 3291 2425 meis
3326 2367 3445 2440 (Ps.
3480 2367 3594 2441 xc),

1993 2478 2175 2525 tamen
2209 2467 2343 2523 nihil
2384 2467 2606 2537 dignum
2639 2466 2770 2520 dare
2800 2473 3021 2536 potero,
3071 2463 3122 2517 in
3152 2477 3262 2533 quo
3289 2463 3601 2533 apprehen-

1994 2564 2140 2630 dam,
2185 2561 2273 2616 vel
2313 2561 2605 2632 suscipiam
2646 2558 2841 2613 Deum.
2890 2556 2947 2613 Si
2990 2555 3197 2611 dedero
3239 2553 3600 2626 primogenita

1994 2670 2116 2711 mea
2151 2670 2251 2725 pro
2286 2653 2590 2724 impietate,
2622 2659 2676 2706 et
2706 2651 2940 2705 fructum
2967 2648 3179 2703 ventris
3204 2647 3309 2703 mei
3339 2662 3440 2717 pro
3472 2661 3600 2717 pec-

1992 2759 2115 2806 cato
2143 2749 2338 2803 anima:
2363 2762 2498 2802 mea:
2531 2764 2542 2799 :
2573 2744 2715 2799 dabo
2743 2742 2963 2814 quidem
2984 2740 3247 2813 quidquid
3274 2741 3331 2794 in
3358 2754 3447 2795 me
3476 2740 3595 2810 pri-
3624 2786 3625 2789 η

1995 2858 2144 2899 mum
2182 2850 2287 2907 est,
2342 2840 2439 2896 sed
2482 2853 2581 2910 pro
2618 2851 2743 2892 meo
2786 2844 3014 2906 peccato
3050 2844 3106 2889 et
3149 2833 3430 2903 impietate
3464 2831 3602 2887 nihil

1994 2935 2217 3005 dignum
2243 2932 2468 2988 offeram
2498 2931 2631 2986 Deo.
2674 2928 2830 2985 Unde
2860 2938 2913 2984 et
2942 2926 3110 2981 David
3137 2934 3412 2995 precatur,
3444 2932 3499 2979 et
3522 2923 3605 2978 di-

1995 3029 2068 3082 cit
2099 3046 2112 3081 :
2144 3025 2319 3098 Magis
2346 3025 2610 3095 magisque
2637 3023 2752 3076 lava
2780 3037 2861 3075 me
2896 3021 2958 3074 ab
2993 3020 3267 3088 iniquitate
3305 3032 3439 3083 nica,
3490 3024 3535 3068 et
3568 3033 3600 3069 a

1997 3133 2205 3196 peccato
2228 3138 2338 3177 meo
2367 3121 2563 3174 munda
2593 3134 2692 3172 me.
2730 3117 2987 3184 Quoniam
3011 3115 3313 3185 iniquitates
3341 3125 3479 3164 meas
3507 3125 3600 3180 ego

1990 3235 2264 3294 cognosco,
2311 3226 2358 3272 et
2403 3216 2648 3269 delictum
2688 3227 2859 3266 meum
2908 3217 3091 3262 contra
3146 3222 3228 3261 me
3274 3213 3349 3259 est
3396 3218 3599 3272 semper

1990 3313 2109 3388 (Ps.
2153 3328 2204 3378 ι,
2235 3309 2315 3381 5).
2351 3309 2456 3363 Pro
2486 3314 2711 3376 peccato
2744 3303 2941 3357 animae
2978 3299 3126 3355 solus
3174 3298 3340 3368 digne
3374 3294 3600 3365 sanguis

1989 3406 2216 3462 offertur
2247 3420 2260 3455 :
2306 3410 2362 3457 et
2388 3400 2637 3470 sanguis,
2673 3412 2782 3451 non
2818 3394 3119 3449 vitulorum
3149 3433 3164 3455 ,
3199 3405 3306 3445 non
3337 3389 3593 3451 arietum,

1990 3514 2097 3554 non
2130 3496 2434 3559 hircorum,
2476 3491 2571 3547 sed
2605 3490 2858 3559 proprius
2898 3486 3062 3555 digne
3092 3482 3344 3547 olfertur,
3372 3479 3594 3535 dicente

1991 3600 2154 3659 atque
2177 3594 2459 3656 qumrente
2484 3581 2750 3653 pr0pheta
2778 3598 2791 3633 :
2823 3579 2985 3652 506
3015 3575 3153 3641 Quid
3177 3574 3457 3628 retribuam
3479 3569 3595 3624 Do-

1990 3686 2150 3749 mino,
2184 3695 2277 3753 pro
2301 3675 2532 3731 omnibus
2558 3691 2673 3746 qua:
2701 3672 2937 3726 retribuit
2968 3669 3137 3722 mihi?
3183 3667 3250 3721 Et
3281 3672 3469 3734 postea
3508 3677 3595 3716 rc-

1989 3773 2265 3846 pondente
2297 3789 2309 3823 :
2344 3768 2570 3824 Calicem
2602 3766 2847 3821 salutaris
2879 3761 3153 3834 accipiam,
3180 3768 3225 3813 et
3257 3773 3444 3810 nomen
3476 3753 3591 3809 Do-

1992 3866 2117 3920 mini
2166 3861 2429 3917 invocabo.
2474 3858 2713 3913 Preliosa
2752 3859 2805 3911 in
2853 3863 3129 3924 conspectu
3176 3848 3411 3915 Domini,
3452 3863 3595 3901 mors

1989 3970 2286 4016 sanctorum
2321 3957 2431 4028 ejus
2466 3953 2583 4026 (Ps.
2617 3949 2767 4022 cxv).
2802 3949 3005 4004 Verum
3057 3953 3113 4001 et
3164 3945 3340 4014 ipsum
3373 3940 3594 4011 sangui-

1990 4070 2114 4110 nem
2145 4067 2253 4106 non
2276 4050 2496 4112 damus,
2523 4045 2617 4102 sed
2644 4043 2946 4100 reddimus.
2976 4039 3046 4095 Et
3068 4036 3197 4108 quid
3227 4033 3441 4091 simile?
3468 4048 3593 4088 cum

1984 4151 2165 4222 justus
2214 4161 2311 4216 pro
2352 4141 2753 4215 peccatoribus,
2798 4135 2896 4192 Dei
2938 4133 3111 4189 Filius
3146 4145 3243 4201 pro
3279 4126 3595 4184 hominibus

1990 4220 2239 4297 mortuus
2268 4238 2357 4307 sit,
2393 4251 2493 4291 nos
2517 4241 2841 4305 peccatores
2868 4236 2929 4285 et
2950 4226 3202 4281 homines
3230 4236 3329 4294 pro
3357 4220 3595 4277 nominis

1989 4337 2113 4405 ejus
2140 4330 2489 4386 confessione
2516 4322 2856 4381 moriamur?

2061 4428 2251 4500 (Vers.
2282 4422 2365 4494 8.)
2392 4421 2643 4475 Indicabo
2668 4418 2779 4482 tibi,
2810 4434 2838 4467 ο
2859 4414 3033 4477 homo,
3057 4409 3182 4479 quid
3221 4408 3288 4461 sit
3308 4405 3519 4473 bonum,
3546 4413 3595 4459 et

287 4520 680 4592 apprehendam
732 4537 846 4573 eum
912 4521 967 4573 in
1029 4518 1343 4573 holocaustis
1376 4562 1389 4583 ,
1454 4518 1508 4571 in
1557 4517 1733 4571 vitulis
1788 4534 1884 4570 an-
1990 4498 2115 4591 quid
2140 4516 2396 4572 Dominus
2423 4520 2618 4580 quwrat
2651 4527 2681 4561 a
2726 4520 2796 4574 te,
2828 4506 3004 4574 utique
3031 4506 3203 4571 facere
3219 4498 3503 4571 judicium,
3530 4502 3596 4551 'et

288 4614 528 4668 uiculis?
582 4613 834 4685 suscipiat
890 4611 1147 4665 Dominus
1214 4613 1267 4665 in
1337 4610 1560 4664 millibus
1624 4586 2207 4682 arietum,Ddiligere
2262 4605 2689 4667 miscricordiam,
2735 4610 2782 4655 et
2832 4599 3113 4653 sollicitum
3166 4593 3433 4649 ambulare
3477 4608 3593 4646 cum

291 4706 455 4780 505
482 4705 559 4758 vel
604 4705 657 4757 in
698 4704 867 4758 decem
908 4704 1135 4757 millibus
1184 4704 1443 4755 hircorum
1487 4703 1802 4772 pinguium?
1842 4703 1886 4754 si

290 4798 426 4850 dabo
468 4798 805 4867 primogenita
840 4813 952 4850 mea
980 4812 1074 4867 pro
1115 4797 1373 4864 impietate
1405 4811 1423 4849 :
1451 4797 1655 4865 fructus
1694 4795 1886 4847 ventris

290 4892 393 4945 mei
422 4908 514 4963 pro
547 4901 758 4961 peccato
792 4891 981 4945 anima:
1010 4905 1153 4944 mete.
1188 4889 1330 4943 Deus
1361 4888 1617 4958 populum
1650 4886 1717 4941 ad
1749 4885 1888 4956 judi-

294 4986 440 5041 cium
493 4994 816 5055 provocarat
851 5002 863 5038 :
907 4984 995 5039 ille
1033 4984 1218 5039 sciens
1248 4992 1531 5052 peccatum
1581 4996 1735 5035 suum
1779 4995 1883 5035 non

294 5079 413 5132 vult
445 5076 803 5145 contendere,
832 5076 929 5132 sed
950 5090 1167 5146 rogare,
1199 5089 1302 5131 nec
1328 5083 1511 5129 tamen
1538 5074 1590 5128 in
1618 5074 1750 5145 ipsis
1774 5088 1895 5143 pre-

296 5172 455 5228 cibus
498 5170 660 5227 habet
687 5169 959 5225 fiduciam.
991 5168 1135 5224 Nihil
1171 5169 1318 5224 enim
1348 5168 1569 5237 dignum
1609 5175 1714 5235 est,
1745 5167 1889 5238 quod

296 5278 397 5334 pro
445 5272 666 5334 peccato
713 5263 884 5333 possit
926 5262 1036 5318 Deo
1071 5260 1275 5329 oﬂ‘erri,
1321 5269 1373 5316 et
1422 5260 1569 5316 nulla
1615 5260 1890 5315 humilitas

293 5364 478 5425 potest
515 5356 757 5412 maculas
795 5357 982 5413 eluere
1012 5355 1360 5421 delictorum,
1386 5353 1512 5426 quia
1552 5354 1889 5423 impossibile

293 5458 381 5505 est
411 5451 726 5521 sanguinem
760 5459 1061 5521 taurorum,
1098 5457 1153 5506 et
1182 5447 1504 5514 vitulorum,
1540 5456 1595 5504 et
1626 5447 1885 5504 holocau-

367 5683 391 5712 η
425 5676 541 5731 Duo
567 5674 799 5730 Palatini
828 5688 963 5729 mss.
995 5672 1318 5736 voluehrum,
1345 5677 1437 5725 aut
1460 5667 1750 5724 volucrum.

305 5811 310 5819 ε
365 5744 393 5784 δ
424 5747 741 5802 Amavimus
790 5745 918 5819 hinc
960 5746 1008 5819 si
1039 5743 1383 5813 particulam,
1433 5756 1554 5813 qua:
1604 5756 1781 5813 neque
1826 5740 1879 5795 in

276 5816 496 5897 .nostris
528 5832 659 5875 mss.
692 5832 865 5889 neque
892 5818 944 5872 in
969 5816 1159 5873 Grmco
1190 5823 1431 5872 resonat.

1989 4704 2102 4757 Deo
2129 4713 2237 4755 tuo.
2265 4698 2410 4754 LXX
2442 4715 2455 4751 :
2488 4696 2865 4749 Annuntiatum
2894 4701 2971 4744 est
2999 4689 3111 4753 tibi,
3140 4687 3316 4757 homo,
3349 4686 3475 4757 quid
3505 4685 3595 4739 bo-

1989 4812 2133 4859 num,
2164 4802 2253 4847 aut
2282 4791 2405 4863 quid
2439 4790 2518 4842 Do
2539 4788 2689 4841 uinus
2719 4793 2921 4856 qurerat
2948 4801 2979 4837 a
3010 4792 3076 4848 te,
3113 4782 3216 4835 nisi
3246 4790 3303 4835 ul
3330 4780 3493 4850 facias
3508 4781 3595 4849 ju-

1990 4888 2202 4947 (licium,
2235 4893 2282 4937 et
2312 4880 2500 4952 diligas
2528 4876 2954 4939 misericordiam,
2986 4882 3033 4927 et
3063 4881 3281 4946 paratus
3311 4870 3381 4925 sis
3411 4867 3592 4923 ambu-

1990 4980 2099 5034 lare
2151 4993 2268 5032 cum
2318 4975 2433 5030 Deo
2473 4984 2581 5029 luo.
2614 4971 2755 5038 Quia
2792 4968 3033 5035 dubitas,
3075 4982 3109 5022 ο
3148 4963 3350 5035 popula
3397 4960 3591 5024 lsrael,

1994 5077 2161 5132 immo
2191 5074 2508 5129 universum
2532 5068 2811 5125 hominum
2840 5081 3016 5137 genus
3040 5065 3406 5134 (nequaquam
3441 5060 3588 5114 enim

1991 5170 2188 5241 loquor
2231 5167 2297 5222 ad
2340 5165 2599 5239 populum
2642 5162 2983 5225 Iudaeorum,
3018 5157 3117 5214 sed
3157 5154 3489 5227 generaliter
3524 5152 3593 5207 ad

1988 5275 2209 5316 omnem
2244 5259 2518 5313 hominem
2543 5270 2696 5312 meus
2726 5269 2909 5309 sermo
2942 5247 3274 5323 percurret),
3317 5245 3593 5317 quomodo

1991 5373 2091 5427 pro
2122 5353 2363 5425 peccatis
2395 5352 2500 5408 tuis
2525 5351 2695 5407 Deum
2728 5349 2909 5421 possis
2941 5346 3190 5417 placare,
3222 5340 3269 5396 si
3296 5354 3397 5396 nec
3423 5338 3593 5395 habes

1989 5448 2243 5504 victimas
2271 5446 2468 5518 quibus
2496 5452 2591 5501 tua
2637 5448 3026 5514 compensetur
3054 5436 3307 5507 impietas
3333 5450 3345 5487 :
3375 5446 3479 5504 ego
3508 5448 3596 5487 rc-

2064 5680 2086 5708 ο
2117 5668 2350 5725 Palatini
2395 5681 2532 5722 mss.
2572 5673 2630 5722 et
2663 5663 2897 5726 Victor..
2929 5679 2961 5716 a
3006 5661 3205 5715 dextris
3249 5658 3374 5714 meis
3406 5676 3425 5713 :
3454 5656 3593 5713 infra

1988 5755 2225 5811 quoque,
2264 5739 2485 5794 Multum
2514 5739 2628 5811 lava
2667 5751 2769 5804 me,
2802 5749 2905 5806 pro
2932 5732 3106 5807 Magis
3137 5732 3423 5805 magisque,
3449 5738 3584 5800 etc.,

1986 5807 2135 5881 juxta
2160 5811 2447 5881 Vulgatam
2475 5807 2792 5867 editionem.
