4078 6342
263 305 404 361 ηιδ

1009 267 1675 353 'couunuramonuu
1715 287 1782 353 tu
1820 285 2160 348 unum
2194 286 2323 348 LIB.
2366 288 2433 347 ll.
2474 286 2629 345 car.
2672 286 2762 344 Vl.

3405 288 3551 345 ΒΗ

258 422 398 487 bibes
431 420 647 485 vittam;
687 423 734 477 et
764 414 1156 481 dissipabuntur
1184 410 1414 485 legitimo
1441 406 1623 481 populi
1650 404 1772 474 mei,
1803 414 1853 465 et
1890 407 1932 470 Α
1962 407 2296 477 malesupra,
2317 420 2417 476 pro
2434 406 2600 472 Amri,
2620 411 2872 478 populum
2888 424 3055 463 meum
3074 422 3198 469 esse
3214 408 3564 468 translatum.

261 512 438 577 munia
462 525 622 579 opera
662 507 848 567 domus
887 504 1103 571 Achab;
1146 514 1194 563 et
1229 500 1509 557 ωηὸυίαωὶ
1544 500 1599 553 in
1627 495 1859 555 consiliis

260 620 463 670 eorum,
497 610 552 657 ut
583 598 845 665 traderem
889 605 936 651 te
976 596 1033 650 in
1070 594 1434 664 perditionem,
1474 598 1519 646 et
1550 589 1861 649 habitatores

260 696 375 763 eius
426 694 480 751 iu
522 691 751 758 sibilum,
806 697 852 743 et
894 686 1176 758 opprobria
1224 682 1535 758 populorum
1573 679 1858 750 accipietis.

262 785 491 849 Multum
524 784 578 841 in
625 782 730 843 hoc
758 779 1000 851 capitulo
1042 777 1186 839 LXX
1225 778 1293 832 ab
1323 775 1588 831 ilebraica
1633 773 1861 830 veritate

261 876 599 945 discordant,
644 876 697 932 in
729 872 999 944 principio
1036 871 1122 929 vel
1165 871 1401 929 maxime
1437 887 1449 923 :
1486 867 1642 934 Audi,
1677 867 1857 935 tribus,

265 971 433 1045 509
453 979 499 1029 et
530 968 645 1039 quis
676 966 881 1021 ornabit
909 963 1205 1023 civitatem?
1229 961 1297 1017 Et
1322 962 1715 1034 dissipabuntur
1737 961 1865 1032 legi-

266 1062 396 1123 tima
448 1058 629 1132 papuli
673 1059 794 1119 mei.
846 1057 952 1119 Pro
996 1071 1105 1127 quo
1146 1070 1247 1112 nos
1304 1054 1591 1124 posuimus
1636 1061 1864 1121 propter

264 1155 540 1212 sermonis
590 1151 1079 1222 consequentiam,
1131 1148 1202 1203 Et
1268 1148 1544 1206 custodisti
1602 1153 1863 1215 prwcepta

267 1255 291 1283 ο
324 1246 495 1313 Amri,
524 1245 653 1301 licet
680 1251 734 1313 et
761 1242 815 1299 in
838 1242 1069 1307 liebrmo
1096 1240 1356 1310 scriptum
1383 1239 1454 1293 sit
1478 1257 1489 1293 :
1523 1237 1588 1292 Et
1610 1236 1865 1291 custodita

263 1348 384 1393 sunt
414 1344 675 1409 prwcepla
723 1334 889 1401 Amri,
924 1342 973 1391 ot
1003 1333 1175 1391 omnia
1201 1348 1355 1401 opera
1377 1330 1560 1389 domus
1583 1327 1775 1383 Achab.
1804 1327 1862 1387 Si

262 1430 441 1503 enim]
458 1428 726 1500 scriptum
761 1436 906 1483 esset
938 1426 992 1485 in
1041 1424 1273 1483 Hebraeo
1318 1437 1451 1481 Alli
1482 1421 1637 1492 (νων)
1668 1459 1681 1487 ,
1712 1427 1865 1481 recte

269 1520 417 1578 LXX
456 1519 881 1579 transtulissent,
943 1514 1123 1588 populi
1180 1513 1323 1571 mei:
1356 1528 1499 1581 nunc
1555 1526 1690 1575 vero
1739 1525 1864 1571 cum

267 1616 536 1683 scriptum
564 1612 635 1669 sit
663 1626 791 1667 sunt
822 1608 1042 1681 (tam):
1071 1617 1128 1669 et
1157 1621 1254 1664 ass
1294 1607 1480 1665 littera
1512 1604 1725 1670 addita,
1757 1618 1863 1671 nou

269 1707 459 1778 ΙνῬυΙί
490 1719 715 1773 nomen.
747 1702 844 1758 sed
874 1710 1085 1773 patrem
1113 1700 1301 1763 Achab
1327 1706 1509 1761 sonat.
1532 1698 1601 1757 de
1621 1711 1730 1767 quo
1759 1696 1866 1761 lie.

1963 500 2081 556 Huc
2106 514 2280 571 usque
2316 500 2469 569 juxta
2526 500 2849 557 Hebraicum
2896 502 3026 574 quid
3076 502 3232 559 nobis
3279 502 3560 559 videretur

1962 591 2335 662 expressimus
2375 609 2390 649 :
2424 607 2568 647 nunc
2611 592 2678 647 ad
2725 594 3138 650 translationem
3190 593 3333 650 LXX
3389 594 3558 650 inter—

1962 694 2177 755 pretum
2205 692 2571 753 revertentes,
2608 686 2679 740 de
2724 685 2979 756 singulis,
3010 695 3069 742 ut
3101 700 3415 755 possumus,
3451 686 3565 741 dis-

1964 787 2232 848 putemus.
2263 776 2465 837 Tribus
2485 776 2815 833 Samaritica
2843 789 3074 834 vocatur
3116 780 3182 837 ad
3205 778 3557 850 audiendum,

1963 887 2087 942 quas
2115 886 2175 931 so
2195 871 2427 931 abscidit
2458 887 2487 926 a
2517 872 2719 942 popqu
2751 872 2869 928 Dei.
2900 872 2969 928 Et
2992 873 3195 929 dicitur
3219 874 3316 943 illi,
3352 873 3557 929 frustra

1965 963 2252 1023 fabricaris
2314 963 2482 1031 idola,
2532 978 2727 1019 aureos
2770 964 2972 1019 vitulos
3022 965 3222 1021 artiﬁci
3273 965 3564 1036 componis

1964 1071 2150 1121 manu.
2179 1065 2234 1115 et
2262 1054 2290 1097 ι’
2313 1055 2613 1112 imitatione
2638 1054 2939 1111 Jerusalem
2964 1056 3049 1111 vis
3068 1056 3234 1112 aliam
3265 1066 3548 1127 metrOpo-

1966 1149 2060 1207 lim
2091 1148 2553 1218 exotruerc:quis
2585 1148 2729 1204 enim
2771 1163 2970 1204 ornare
3014 1150 3218 1218 poterit
3243 1150 3514 1205 civitatem
3541 1150 3569 1204 ι

1964 1240 2101 1303 Num
2134 1241 2295 1309 ignis,
2322 1241 2415 1311 qui
2460 1240 2783 1301 ardentibus
2811 1240 3010 1305 diaboli
3040 1242 3243 1311 jaculis
3272 1242 3567 1298 succendi-

1967 1343 2085 1398 tur;
2119 1342 2173 1391 et
2204 1333 2398 1391 domus
2430 1332 2624 1402 iniqui,
2652 1349 2775 1403 qua:
2802 1333 3101 1389 secundum
3123 1333 3385 1389 duritiam
3410 1348 3566 1390 suam

1965 1438 2019 1487 et
2040 1444 2136 1488 cor
2158 1429 2506 1498 impaenitens
2537 1428 2877 1483 thesaurizat
2912 1429 3017 1484 sibi
3045 1429 3180 1483 iram
3225 1428 3279 1482 in
3308 1428 3397 1482 die
3438 1428 3556 1495 irte,

1965 1532 2021 1579 et
2043 1522 2389 1579 revelationis
2426 1522 2557 1593 justi
2594 1521 2784 1592 iudicii
2816 1522 2911 1577 Dei
2943 1522 3122 1587 (Rom.
3151 1537 3209 1589 ll,
3247 1521 3330 1590 5)?
3361 1520 3431 1576 Et
3462 1521 3569 1576 ini-

1965 1616 2221 1687 quitatem
2262 1625 2423 1683 auget
2447 1615 2666 1684 injuria,
2698 1624 2756 1669 ut
2786 1631 2896 1670 non
2932 1616 3110 1670 solum
3158 1615 3227 1668 de
3271 1613 3436 1669 domo
3462 1612 3561 1668 Dei

1970 1710 2165 1781 rapiat,
2190 1724 2312 1778 qum
2342 1716 2425 1764 ost
2450 1707 2718 1772 Ecclesia,
2748 1707 2847 1762 sed
2881 1708 3044 1762 etiam
3068 1721 3190 1763 cum
3224 1707 3481 1776 superbia
3512 1714 3570 1765 et

269 1812 399 1868 sum
440 1804 627 1855 narrat
672 1794 905 1851 historia
935 1792 1029 1867 (ιιι
1081 1791 1209 1865 Reg-
1240 1790 1377 1859 ινι).
1418 1804 1665 1847 errorem
1719 1803 1866 1857 esse.
1894 1794 2266 1867 Bsnperrilio
2313 1798 2490 1857 aliena
2520 1798 2790 1853 devastet.
2819 1797 3093 1869 Numquid
3130 1797 3416 1869 juSIiﬁcari
3470 1812 3566 1866 p0-

271 1888 403 1945 nulli
426 1886 740 1958 ambiguum
771 1894 878 1941 est.
911 1884 1152 1953 Denique
1182 1890 1305 1950 post
1327 1881 1498 1953 patris
1537 1894 1737 1937 nomen
1768 1895 1863 1949 po-

1982 1900 2075 1949 est
2126 1891 2219 1960 qui
2248 1891 2455 1961 absque
2483 1898 2686 1947 statera
2727 1899 2782 1946 et
2813 1891 3055 1961 pondere
3086 1900 3381 1960 congregat
3428 1888 3575 1945 frau-

269 1982 414 2037 nitur
441 1979 610 2045 filius.
640 1977 976 2047 diciturquc.
992 1987 1039 2035 et
1068 1976 1241 2033 omnia
1263 1992 1419 2049 opera
1446 1976 1632 2033 domus
1661 1972 1859 2029 Achab.

1982 1985 2222 2045 lulenter
2246 1986 2313 2045 de
2346 1984 2676 2043 testimoniis
2703 1984 3114 2054 Seripturarum
3164 1983 3391 2040 divitias
3419 1997 3571 2051 snas,

271 2073 638 2131 Revertantur
687 2085 819 2144 ergo
850 2069 916 2125 ad
946 2068 1161 2135 initium
1194 2066 1443 2138 εθβίῑυιίο
1501 2066 1570 2123 Ei
1631 2066 1865 2136 βτίηηηη
1968 2094 2090 2148 qua:
2134 2078 2338 2139 divitia:
2389 2078 2631 2137 thesauri
2676 2076 2977 2146 iniquitatis
3028 2077 3200 2133 sunt?
3248 2076 3384 2131 Nam
3445 2089 3571 2131 cum

267 2164 422 2233 juxta
448 2162 685 2225 litteram
713 2162 1080 2237 disserentes,
1113 2160 1268 2219 vobis
1291 2159 1594 2221 orantibus,
1630 2159 1870 2221 nitamur
1972 2168 2250 2239 prrecipiat
2280 2168 2548 2231 Dominus
2580 2186 2593 2225 :
2630 2166 2754 2227 Non
2777 2168 2871 2227 erit
2917 2168 2973 2222 in
3011 2167 3219 2225 sacculo
3246 2176 3332 2221 tuo
3368 2166 3573 2234 pondus

272 2269 493 2313 sensum
540 2253 756 2324 assequi
789 2252 1157 2325 spiritualem.
1200 2251 1429 2319 Audile.
1476 2249 1666 2307 decem
1697 2249 1870 2311 tribus
1972 2261 2167 2331 grande
2187 2270 2235 2314 et
2281 2261 2452 2315 minus
2484 2258 2668 2331 (Deut.
2701 2258 2831 2330 xxv)
2859 2278 2871 2314 :
2900 2260 2955 2317 hi
3003 2259 3178 2328 tttrpis
3224 2258 3356 2314 lucri
3403 2258 3578 2328 gratia

274 2346 560 2413 Samaritae,
609 2360 730 2416 qua:
762 2345 917 2401 vobis
960 2344 1226 2405 Dominus
1278 2351 1658 2401 contestatur:
1695 2340 1872 2401 adhuc
1975 2369 2194 2423 semper
2242 2369 2531 2423 personam
2560 2354 2838 2421 occipiunt
2870 2352 3171 2422 iniudicio,
3202 2361 3257 2408 et
3300 2354 3352 2407 in
3381 2351 3573 2407 eadem

278 2440 439 2509 ignis,
472 2439 525 2499 id
550 2449 655 2506 est.
700 2438 957 2509 iniquitas
1000 2438 1051 2493 in
1082 2437 1245 2493 domo
1276 2436 1429 2507 impii
1479 2442 1565 2490 est
1604 2432 1789 2500 Amri,
1818 2440 1875 2503 et

1982 2461 2138 2503 causa
2164 2446 2360 2507 divites
2390 2461 2454 2501 ac
2498 2459 2789 2514 pauperes,
2833 2458 2939 2505 non
2969 2443 3121 2512 juxta
3146 2442 3443 2513 negotium.
3476 2441 3573 2497 sed

282 2531 520 2586 thesauri
553 2531 851 2603 impietatis
890 2530 943 2597 in
972 2529 1135 2584 domo
1162 2529 1310 2599 regia
1341 2535 1714 2595 perseverant.
1750 2526 1874 2587 Vul-

284 2623 355 2677 tis
382 2621 571 2678 audire
602 2636 697 2693 per
723 2621 937 2689 singula
968 2620 1166 2693 quibus
1207 2618 1364 2673 malis
1387 2618 1514 2673 urbs
1541 2627 1723 2673 veStra
1754 2616 1870 2684 ple-

283 2732 351 2769 na
384 2716 489 2770 sit?
517 2715 747 2769 Discite:
776 2729 1027 2770 mensura
1060 2713 1238 2767 minor
1270 2712 1359 2766 Dei
1388 2711 1522 2765 iram
1542 2723 1874 2780 provocans,

286 2817 488 2864 Statera
533 2805 872 2861 fraudulenta
917 2816 972 2860 ct
1017 2805 1231 2859 diversa
1265 2802 1538 2872 pondera,
1570 2809 1626 2855 et
1672 2802 1725 2855 in
1770 2800 1877 2854 alio

289 2901 531 2969 pondere
584 2901 905 2966 vendentes,
956 2901 1007 2953 in
1069 2897 1173 2951 alio
1228 2904 1479 2951 ementes
1525 2894 1876 2951 mercimonio

290 2993 475 3067 (Prov.
506 3008 595 3061 x1;
620 2992 775 3047 Deut.
807 2990 956 3064 xxv).
987 2990 1054 3045 Et
1072 2989 1341 3060 siquidem
1373 3002 1643 3060 pauperes
1663 2986 1764 3040 huc
1801 2986 1879 3039 fa~

289 3095 501 3153 cerenl,
528 3094 744 3159 poterat
784 3083 965 3154 inopia
1000 3082 1176 3137 scelus
1204 3082 1528 3136 necessitate
1560 3077 1877 3133 defendere.

1973 2538 2134 2607 juxta
2168 2536 2486 2593 facultatum
2511 2535 2909 2601 diversitatem,
2936 2535 3099 2593 aliter
3120 2542 3283 2601 atque
3304 2534 3462 2588 aliter
3485 2533 3574 2601 in.

1978 2630 2200 2695 dicant;
2226 2639 2277 2685 et
2308 2627 2708 2687 inltabitatoros
2747 2626 2985 2686 civitatis
3024 2640 3158 2691 suae,
3189 2639 3347 2693 quam
3400 2624 3581 2689 pravis

1977 2723 2345 2793 dogmatibus,
2369 2734 2733 2789 perversaque
2748 2717 2998 2781 doctrinm
3022 2733 3053 2779 a
3074 2732 3133 2777 se
3158 2715 3340 2775 ornari
3359 2722 3573 2785 putant,

1981 2816 2277 2885 loquuntur
2327 2812 2696 2875 mendacium,
2752 2820 2804 2864 et
2850 2818 3061 2879 ponunt
3102 2808 3155 2863 in
3198 2807 3474 2863 excelsum
3518 2821 3583 2863 os

1981 2925 2161 2978 suum,
2203 2917 2255 2963 et
2298 2906 2701 2977 simplicitatem
2755 2902 3125 2965 EcclesiaStici
3166 2901 3348 2971 populi
3391 2900 3578 2968 despiv.

1981 3006 2148 3061 ciunt.
2182 3001 2337 3057 Unde
2391 2997 2860 3059 clementissimus
2906 2996 3049 3051 Dens
3078 3009 3185 3053 non
3241 3008 3336 3048 eos
3377 2994 3583 3061 pariter

1986 3098 2239 3169 percutit,
2286 3096 2379 3153 sed
2407 3094 2671 3165 paulatim
2702 3108 2799 3163 per
2828 3093 3015 3162 plagas
3042 3091 3234 3150 nititur
3263 3104 3581 3149 commone-

288 3176 442 3233 Nunc
470 3192 599 3233 vero
628 3179 823 3233 divites
850 3179 993 3246 ejus,
1023 3191 1128 3231 non
1175 3185 1280 3228 tam
1327 3174 1558 3237 divitiis,
1585 3187 1745 3243 quam
1780 3171 1880 3225 iui-

1989 3208 2066 3255 ναι,
2089 3190 2279 3251 dicens
2314 3205 2325 3255 ς
2358 3186 2425 3243 Et
2477 3203 2571 3259 ego
2623 3186 2868 3256 incipiam
2911 3194 2959 3237 te
2997 3192 3259 3252 percutere
3298 3183 3587 3245 perditione

290 3276 498 3344 quitate
528 3273 676 3345 pleni
732 3283 855 3328 sunt
884 3270 1046 3343 ;quia
1077 3283 1269 3325 omnes
1316 3267 1518 3321 divitia:
1565 3265 1693 3321 dum
1742 3264 1881 3333 alios

292 3369 549 3440 spoliant,
572 3368 852 3437 iniquitate
883 3367 1191 3441 pariuntur.
1217 3361 1709 3433 Congregationem
1738 3359 1878 3417 divi-

294 3463 489 3518 tiarum
524 3440 769 3532 sequitur
798 3458 1167 3525 mendacium,
1198 3467 1252 3513 et
1301 3471 1495 3510 manus
1523 3464 1736 3509 assueta
1764 3453 1883 3506 tlte-

295 3569 486 3615 sauros
517 3554 757 3613 condere
781 3550 1179 3615 fraudulentam
1212 3548 1448 3623 linguam
1482 3546 1743 3616 possidet.
1774 3543 1881 3598 Ve-

295 3647 427 3703 ritas
448 3655 847 3717 paupertatem,
890 3642 1230 3711 mendacium
1281 3639 1497 3694 divitias
1537 3639 1693 3711 parit.
1744 3636 1880 3701 Cum

295 3741 400 3797 huc
427 3740 669 3796 facerent
701 3739 975 3811 principes
1000 3736 1195 3800 vestri,
1232 3733 1380 3788 nolui
1422 3748 1518 3785 vos
1547 3732 1727 3786 statim
1759 3730 1885 3783 sub-

298 3840 550 3896 vertere;
578 3831 671 3886 sed
710 3822 975 3903 paulatim
1007 3828 1146 3897 coepi
1180 3833 1489 3896 percutere,
1515 3833 1568 3878 et
1594 3823 1767 3895 plagis
1794 3836 1887 3875 va-

296 3924 395 3979 riis
421 3923 734 3977 admonere.
760 3921 877 3975 Misi
910 3921 964 3975 in
994 3934 1095 3974 vos
1141 3918 1363 3986 famem,
1396 3916 1517 3972 misi
1565 3912 1731 3981 sitim,
1762 3912 1886 3971 misi

298 4015 545 4087 morbos,
584 4023 640 4069 et
681 4010 935 4077 humilem
969 4012 1023 4079 in
1067 4008 1299 4066 circuitu
1345 4009 1649 4065 vastitatem
1682 4020 1695 4058 :
1728 4019 1887 4075 seges

297 4109 566 4171 frumenta
590 4121 699 4161 non
730 4104 934 4175 attulit,
959 4104 1137 4171 oleum
1185 4116 1373 4173 pressa
1405 4099 1547 4153 oliva
1597 4113 1703 4150 non
1738 4096 1885 4177 fecit,

299 4204 482 4267 vinum
514 4202 733 4271 steriles
762 4198 1055 4267 vindemia:
1089 4203 1446 4268 negaverunt.
1482 4194 1754 4249 Adversus
1785 4191 1888 4245 ini-

298 4294 558 4367 quitates,
589 4300 644 4361 et
688 4306 974 4361 mepsuras
1014 4290 1253 4354 dolosas,
1284 4297 1339 4343 et
1385 4285 1621 4371 pondera
1664 4283 1890 4343 fraudu-

303 4388 471 4455 lenta,
506 4386 620 4440 lucc
643 4384 799 4439 intuli
827 4383 1117 4459 supplicia.
1141 4381 1274 4449 Quia
1301 4393 1431 4433 vero
1459 4376 1743 4432 custodisti
1774 4391 1893 4430 om-

302 4494 397 4535 nes
410 4478 765 4543 caeremonias
784 4474 1104 4535 idololatrize
1116 4488 1255 4547 quas
1272 4471 1421 4527 Amri
1436 4484 1529 4525 rex
1554 4469 1752 4538 impius
1765 4482 1896 4523 con-

1984 3297 2192 3353 propter
2215 3289 2423 3351 peccata
2473 3288 2562 3343 tua
2588 3296 2606 3344 ;
2658 3287 2712 3335 et
2742 3287 2824 3341 est
2855 3291 3049 3333 sensus
3075 3293 3087 3329 :
3117 3273 3163 3337 Ο
3198 3275 3395 3337 civitas
3417 3289 3581 3343 quam

1985 3360 2224 3439 lueretici
2252 3373 2441 3435 volunt
2470 3382 2784 3436 exatruere.
2827 3370 3133 3441 percutiam
3166 3376 3240 3437 te,
3286 3378 3343 3423 ut
3368 3382 3584 3442 pereas,

1983 3482 2091 3523 non
2116 3466 2168 3521 in
2193 3465 2571 3532 abolitionem,
2618 3462 2715 3525 sed
2737 3463 2887 3530 juxta
2923 3462 2973 3521 id
3008 3460 3150 3529 quod
3201 3459 3471 3530 peccatrix
3504 3473 3584 3515 cs.

1984 3564 2238 3632 Sequitur
2266 3581 2278 3615 :
2304 3561 2569 3626 Contcdea,
2604 3560 2762 3632 511
2790 3566 2963 3617 etnon
2995 3555 3337 3613 saturaberis.
3377 3552 3589 3623 Legan

1985 3655 2152 3721 enim,
2186 3662 2240 3713 et
2264 3667 2371 3713 non
2413 3651 2759 3720 intelligunt;
2796 3655 3195 3715 vescentesque
3248 3643 3592 3702 sermonibus

1985 3748 2412 3816 Scripturarum,
2438 3745 2687 3807 veritatis
2718 3742 2957 3811 inepiam
2978 3740 3089 3809 (Al.
3115 3738 3339 3806 famem)
3377 3736 3592 3807 patiun—

1988 3850 2093 3899 tur.
2125 3839 2194 3897 Et
2241 3840 2467 3912 ejiciattt.
2512 3838 2707 3907 inquit.
2756 3845 2802 3893 te
2836 3850 2853 3891 :
2884 3845 2931 3893 et
2976 3832 3351 3905 apprehendrs,
3380 3839 3424 3886 et
3486 3844 3587 3885 non

1987 3935 2213 3993 salvebis
2244 3948 2261 3987 :
2287 3941 2332 3995 et
2353 3931 2661 3999 quicumque
2703 3927 2889 3987 saluati
2921 3926 3131 3999 fuerint,
3164 3922 3341 3995 gladio
3386 3921 3592 3977 traden-

1990 4035 2094 4087 tur.
2123 4024 2244 4089 Tuo
2272 4033 2347 4093 to,
2406 4023 2503 4088 ait,
2529 4020 2734 4091 judicio
2760 4018 3186 4087 derelinquam;
3230 4023 3281 4074 et
3307 4022 3591 4083 postquam

1992 4117 2159 4175 multa
2192 4130 2468 4187 quaerens.
2501 4113 2635 4177 nihil
2666 4110 2961 4183 repereris.
2999 4108 3317 4177 intelligens
3342 4118 3591 4168 errorem

1993 4219 2169 4279 tuum,
2197 4208 2432 4276 videbis,
2458 4217 2513 4273 te
2558 4221 2631 4271 ex
2665 4204 2939 4271 universis
2964 4200 3309 4273 dogmatibus
3338 4199 3445 4261 tuis
3483 4211 3596 4269 non

1993 4316 2157 4373 posse
2183 4300 2403 4371 salvari.
2426 4297 2765 4368 Quicumque
2795 4304 2978 4361 autem
3019 4309 3079 4353 se
3108 4290 3421 4364 putaverint
3448 4298 3597 4345 satu...

1996 4405 2161 4463 ratos,
2195 4407 2248 4449 et
2280 4409 2388 4461 non
2415 4392 2574 4462 eiecti
2605 4390 2803 4459 fuerint
2825 4404 2857 4445 a
2892 4405 2977 4453 se,
3010 4402 3111 4451 nec
3157 4382 3592 4450 comprehende-

1994 4488 2109 4553 rint
2138 4486 2447 4555 veritatem,
2481 4481 2770 4553 tradentur
2808 4479 3013 4553 gladio,
3047 4487 3102 4532 et
3131 4477 3308 4546 poenis
3338 4472 3595 4537 erudien-

302 4573 557 4635 stituerat
593 4571 686 4641 (Ill
724 4569 854 4643 Reg.
881 4565 1175 4641 xvrseqq.),
1202 4576 1256 4623 et
1302 4581 1465 4621 omne
1504 4578 1642 4641 opus
1697 4561 1880 4615 domus

1998 4588 2103 4637 tur.
2149 4575 2453 4645 Seminabis
2481 4588 2632 4645 ergo,
2660 4586 2695 4627 ο
2728 4571 2923 4640 tribus,
2957 4578 3012 4635 et
3039 4584 3072 4627 ο
3102 4568 3343 4639 pessima
3371 4564 3588 4632 civitas,

301 4664 488 4719 Achab
520 4672 577 4718 et
615 4661 859 4727 Jezabel,
896 4676 993 4733 pro
1023 4674 1145 4715 mea
1176 4658 1296 4729 lege
1322 4655 1584 4721 servasti,
1628 4652 1895 4723 impulsus

302 4775 421 4812 sunt
452 4758 662 4814 scelere
709 4765 825 4820 tuo,
856 4763 915 4810 ut
938 4754 1127 4813 darem
1151 4760 1204 4807 te
1230 4761 1284 4807 et
1314 4752 1651 4821 habitatores
1693 4758 1815 4803 tnos
1843 4748 1895 4824 in

303 4850 543 4915 sibilum,
573 4857 625 4904 et
648 4847 1007 4918 opprobrium
1037 4845 1221 4917 populi
1253 4846 1356 4899 mei
1388 4844 1551 4919 510
1576 4842 1900 4920 portaretis,

303 4942 431 5011 dum
459 4942 601 5012 capti
632 4940 700 4999 ab
727 4939 984 5011 Assyriis,
1014 4940 1167 5017 quasi
1197 4938 1433 5011 populus
1463 4936 1558 4993 Dei
1591 4933 1896 5011 vincitnini,

306 5046 361 5091 et
402 5043 619 5113 propter
640 5048 737 5103 vos
762 5048 958 5087 nomen
983 5048 1166 5091 meum
1200 5031 1606 5111 blasphematur
1637 5031 1687 5083 in
1719 5028 1896 5107 genti-

309 5131 409 5195 bus
434 5129 614 5203 (Rom.
640 5145 697 5192 tt,
726 5128 843 5201 24).
871 5127 1179 5197 Notandum
1220 5127 1273 5182 in
1305 5126 1556 5198 prsescnti
1582 5125 1723 5192 loco,
1753 5123 1900 5196 quod

307 5224 396 5279 ubi
429 5224 648 5293 legitur,
672 5231 721 5277 et
744 5210 1079 5295 opprobrium
1101 5222 1201 5276 mei
1233 5222 1414 5293 papuli
1444 5220 1711 5294 portabilis
1741 5234 1758 5273 :
1786 5219 1903 5274 sive

305 5326 368 5372 ttt
388 5316 532 5373 LXX
564 5316 978 5383 transtulerunt,
1013 5315 1293 5387 approbria
1343 5313 1657 5385 p0pulorum
1682 5313 1905 5381 accipie-

307 5411 395 5479 tis,
428 5424 527 5479 pro
550 5410 729 5481 populi
763 5410 883 5477 mei,
918 5423 1049 5463 sunt
1083 5408 1243 5479 (imi)
1272 5407 1327 5462 in
1362 5407 1591 5462 Hebraeo
1634 5406 1902 5485 scriptum

305 5503 396 5573 sit.
429 5498 485 5557 Si
527 5514 658 5572 ergo
681 5516 833 5569 sum,
860 5501 1046 5574 populi
1073 5502 1172 5554 mei
1200 5508 1381 5569 sonat,
1413 5498 1546 5561 nulli
1573 5498 1795 5555 dubium
1825 5505 1911 5577 est

382 5640 633 5711 uIterum
663 5640 825 5697 iidem
874 5655 1007 5701 mss.
1057 5639 1205 5711 Omri
1257 5650 1311 5696 et
1368 5638 1540 5694 0mmi
1586 5644 1903 5693 constanter

310 5712 626 5785 proterunt-

380 5783 410 5823 ι)
442 5783 666 5850 Melior,
713 5782 888 5854 inquit
954 5783 1261 5850 Victorius,
1308 5782 1473 5839 lectio
1533 5789 1618 5837 est
1669 5777 1737 5833 ad
1779 5778 1900 5832 imi-

1996 4682 2154 4737 quam
2188 4668 2332 4741 igne,
2371 4673 2429 4723 et
2466 4663 2761 4737 iniquitate
2792 4671 2848 4718 et
2896 4657 3243 4729 contumeliis
3294 4666 3350 4723 et
3388 4664 3595 4723 statera

1996 4762 2206 4841 dolosa,
2239 4767 2293 4819 et
2320 4757 2539 4825 sacculo
2592 4756 2939 4819 fraudulento
2966 4752 3212 4810 haeretici
3268 4760 3591 4817 exstruunt;

1998 4852 2317 4921 seminabis,
2347 4861 2402 4909 et
2425 4865 2533 4919 non
2552 4859 2758 4917 metes;
2794 4863 3013 4920 premes
3034 4849 3257 4915 olivam,
3288 4856 3344 4905 et
3368 4861 3476 4911 non
3501 4860 3601 4905 nn-

2000 4947 2145 5017 geris
2175 4946 2337 5013 oleo;
2369 4954 2423 5003 et
2454 4958 2611 5013 uvas,
2656 4951 2711 5015 et
2760 4958 2869 5015 non
2901 4943 3058 5013 bibes
3104 4942 3309 5005 vinum.
3370 4938 3602 5005 Prodest

2000 5041 2199 5117 quippe
2228 5039 2344 5105 tibi,
2370 5053 2560 5097 errore
2598 5037 2836 5109 cognito,
2862 5052 2929 5097 ne
2958 5035 3167 5103 habeas
3184 5032 3502 5101 discipulos,
3532 5045 3605 5095 ne

2000 5141 2161 5205 caput
2189 5140 2337 5189 tuum
2364 5131 2489 5186 oleo
2526 5143 2698 5207 ungas
2741 5138 3111 5203 peccatorum,
3162 5142 3230 5183 ne
3268 5125 3395 5183 vino
3426 5123 3605 5185 Sodoe

2004 5239 2214 5279 morum
2260 5224 2507 5287 bibentes
2536 5222 2793 5281 inebries.
2853 5221 2917 5277 Et
2944 5219 3332 5292 disperdentur
3363 5216 3606 5286 legitima

2003 5317 2187 5387 populi
2219 5320 2347 5385 mci,
2366 5318 2478 5371 sive
2503 5316 2678 5380 Amri,
2703 5325 2758 5371 et
2782 5316 2963 5369 omnia
2993 5329 3155 5384 opera
3180 5313 3376 5366 domus
3398 5308 3609 5376 Achab,

2004 5423 2192 5463 eorum
2224 5409 2313 5478 qui
2363 5409 2415 5463 in
2475 5407 2777 5463 bzeresibus
2821 5405 3171 5479 patriarchte,
3236 5413 3289 5458 et
3332 5400 3606 5473 principes

2004 5499 2355 5555 exstiterunt.
2412 5500 2560 5569 Quos
2611 5511 2924 5569 possumus,
2957 5495 3046 5553 vel
3078 5494 3145 5561 ad
3176 5492 3485 5563 contrarias
3518 5505 3602 5557 rc.-

2010 5637 2277 5761 ligonem,
2333 5644 2392 5692 ut
2450 5636 2647 5703 habent
2699 5644 2908 5711 septem
2972 5632 3268 5707 Florentius
3320 5628 3606 5703 exempla-

2011 5723 2115 5761 1'18.
