  <div class='ocr_page' id='page_1' title='image "/cluster/home/n/w/nwhite01/storage/ocr_20150623/25/hvd.32044015471394/615.png"; bbox 0 0 4078 6342; ppageno 0'>
   <div class='ocr_carea' id='block_1_1' title="bbox 538 240 679 298">
    <p class='ocr_par' dir='ltr' id='par_1_1' title="bbox 538 240 679 298">
     <span class='ocr_line' id='line_1_1' title="bbox 538 240 679 298; baseline -0.014 0"><span class='ocrx_word' id='word_1_1' title='bbox 538 240 679 298; x_wconf 73' lang='grc'><strong>1215</strong></span> 
     </span>
    </p>
   </div>
   <div class='ocr_carea' id='block_1_2' title="bbox 1778 235 2585 299">
    <p class='ocr_par' dir='ltr' id='par_1_2' title="bbox 1778 235 2585 299">
     <span class='ocr_line' id='line_1_2' title="bbox 1778 235 2585 299; baseline 0.001 -1"><span class='ocrx_word' id='word_1_2' title='bbox 1778 241 1843 299; x_wconf 78' lang='lat' dir='ltr'><strong>S.</strong></span> <span class='ocrx_word' id='word_1_3' title='bbox 1882 235 2158 299; x_wconf 82' lang='lat' dir='ltr'><strong>EUSEBII</strong></span> <span class='ocrx_word' id='word_1_4' title='bbox 2197 235 2585 299; x_wconf 77' lang='lat' dir='ltr'><strong>HIERONYMI</strong></span> 
     </span>
    </p>
   </div>
   <div class='ocr_carea' id='block_1_3' title="bbox 3715 242 3836 304">
    <p class='ocr_par' dir='ltr' id='par_1_3' title="bbox 3715 242 3836 304">
     <span class='ocr_line' id='line_1_3' title="bbox 3715 242 3836 304; baseline 0.017 -4"><span class='ocrx_word' id='word_1_5' title='bbox 3715 242 3836 304; x_wconf 69' lang='grc'><strong>1216</strong></span> 
     </span>
    </p>
   </div>
   <div class='ocr_carea' id='block_1_4' title="bbox 528 355 3844 435">
    <p class='ocr_par' dir='ltr' id='par_1_4' title="bbox 528 355 3844 435">
     <span class='ocr_line' id='line_1_4' title="bbox 528 355 3844 435; baseline 0.001 -19"><span class='ocrx_word' id='word_1_6' title='bbox 528 360 676 420; x_wconf 89' lang='lat' dir='ltr'><strong>ferre</strong></span> <span class='ocrx_word' id='word_1_7' title='bbox 703 358 955 429; x_wconf 76' lang='lat' dir='ltr'><strong>virtutes,</strong></span> <span class='ocrx_word' id='word_1_8' title='bbox 979 358 1070 415; x_wconf 91' lang='lat' dir='ltr'><strong>vel</strong></span> <span class='ocrx_word' id='word_1_9' title='bbox 1096 357 1165 416; x_wconf 91' lang='lat' dir='ltr'><strong>ad</strong></span> <span class='ocrx_word' id='word_1_10' title='bbox 1194 356 1609 427; x_wconf 65' lang='lat' dir='ltr'><strong>haeresiarchas,</strong></span> <span class='ocrx_word' id='word_1_11' title='bbox 1640 364 1702 415; x_wconf 93' lang='lat' dir='ltr'><strong>ut</strong></span> <span class='ocrx_word' id='word_1_12' title='bbox 1732 357 1836 415; x_wconf 90' lang='lat' dir='ltr'><strong>fuit</strong></span> <span class='ocrx_word' id='word_1_13' title='bbox 1889 358 2128 414; x_wconf 82' lang='lat' dir='ltr'><strong>Marcion</strong></span> <span class='ocrx_word' id='word_1_14' title='bbox 2155 355 2206 418; x_wconf 79' lang='grc' dir='ltr'><strong>Α</strong></span> <span class='ocrx_word' id='word_1_15' title='bbox 2234 369 2427 429; x_wconf 91' lang='lat' dir='ltr'><strong>panem</strong></span> <span class='ocrx_word' id='word_1_16' title='bbox 2452 374 2563 429; x_wconf 60' lang='lat' dir='ltr'><strong>prae</strong></span> <span class='ocrx_word' id='word_1_17' title='bbox 2598 359 2757 417; x_wconf 90' lang='lat' dir='ltr'><strong>famis</strong></span> <span class='ocrx_word' id='word_1_18' title='bbox 2781 362 3182 435; x_wconf 77' lang='lat' dir='ltr'><strong>magnitudine,</strong></span> <span class='ocrx_word' id='word_1_19' title='bbox 3222 361 3576 435; x_wconf 85' lang='lat' dir='ltr'><strong>quisquilias</strong></span> <span class='ocrx_word' id='word_1_20' title='bbox 3603 369 3660 418; x_wconf 92' lang='lat' dir='ltr'><strong>et</strong></span> <span class='ocrx_word' id='word_1_21' title='bbox 3693 361 3844 418; x_wconf 57' lang='lat' dir='ltr'><strong>furtu.</strong></span> 
     </span>
    </p>
   </div>
   <div class='ocr_carea' id='block_1_5' title="bbox 535 451 2133 524">
    <p class='ocr_par' dir='ltr' id='par_1_5' title="bbox 535 451 2133 524">
     <span class='ocr_line' id='line_1_5' title="bbox 535 451 2133 524; baseline -0.002 -15"><span class='ocrx_word' id='word_1_22' title='bbox 535 461 591 509; x_wconf 89' lang='lat' dir='ltr'><strong>et</strong></span> <span class='ocrx_word' id='word_1_23' title='bbox 638 451 923 519; x_wconf 87' lang='lat' dir='ltr'><strong>Basilides,</strong></span> <span class='ocrx_word' id='word_1_24' title='bbox 956 459 1013 508; x_wconf 93' lang='lat' dir='ltr'><strong>et</strong></span> <span class='ocrx_word' id='word_1_25' title='bbox 1040 466 1215 524; x_wconf 85' lang='lat' dir='ltr'><strong>nuper</strong></span> <span class='ocrx_word' id='word_1_26' title='bbox 1252 453 1435 519; x_wconf 80' lang='lat' dir='ltr'><strong>Arius,</strong></span> <span class='ocrx_word' id='word_1_27' title='bbox 1465 460 1519 509; x_wconf 90' lang='lat' dir='ltr'><strong>et</strong></span> <span class='ocrx_word' id='word_1_28' title='bbox 1566 453 1886 509; x_wconf 87' lang='lat' dir='ltr'><strong>Eunomius.</strong></span> <span class='ocrx_word' id='word_1_29' title='bbox 1920 452 1988 508; x_wconf 87' lang='lat' dir='ltr'><strong>Et</strong></span> <span class='ocrx_word' id='word_1_30' title='bbox 2016 466 2133 506; x_wconf 92' lang='lat' dir='ltr'><strong>am-</strong></span> 
     </span>
    </p>
   </div>
   <div class='ocr_carea' id='block_1_6' title="bbox 533 542 2135 612">
    <p class='ocr_par' dir='ltr' id='par_1_6' title="bbox 533 542 2135 612">
     <span class='ocr_line' id='line_1_6' title="bbox 533 542 2135 612; baseline 0 -12"><span class='ocrx_word' id='word_1_31' title='bbox 533 542 767 600; x_wconf 89' lang='lat' dir='ltr'><strong>bulastis</strong></span> <span class='ocrx_word' id='word_1_32' title='bbox 815 544 869 599; x_wconf 92' lang='lat' dir='ltr'><strong>in</strong></span> <span class='ocrx_word' id='word_1_33' title='bbox 909 543 1279 600; x_wconf 88' lang='lat' dir='ltr'><strong>voluntatibus</strong></span> <span class='ocrx_word' id='word_1_34' title='bbox 1301 559 1517 612; x_wconf 90' lang='lat' dir='ltr'><strong>eorum,</strong></span> <span class='ocrx_word' id='word_1_35' title='bbox 1577 546 1729 600; x_wconf 83' lang='lat' dir='ltr'><strong>Amri</strong></span> <span class='ocrx_word' id='word_1_36' title='bbox 1775 544 2027 601; x_wconf 88' lang='lat' dir='ltr'><strong>videlicet</strong></span> <span class='ocrx_word' id='word_1_37' title='bbox 2080 553 2135 600; x_wconf 92' lang='lat' dir='ltr'><strong>et</strong></span> 
     </span>
    </p>
   </div>
   <div class='ocr_carea' id='block_1_7' title="bbox 536 636 2135 709">
    <p class='ocr_par' dir='ltr' id='par_1_7' title="bbox 536 636 2135 709">
     <span class='ocr_line' id='line_1_7' title="bbox 536 636 2135 709; baseline 0.001 -16"><span class='ocrx_word' id='word_1_38' title='bbox 536 636 747 693; x_wconf 75' lang='lat' dir='ltr'><strong>Achab.</strong></span> <span class='ocrx_word' id='word_1_39' title='bbox 790 636 1132 709; x_wconf 87' lang='lat' dir='ltr'><strong>Pulchreque</strong></span> <span class='ocrx_word' id='word_1_40' title='bbox 1157 638 1254 705; x_wconf 89' lang='lat' dir='ltr'><strong>ait,</strong></span> <span class='ocrx_word' id='word_1_41' title='bbox 1281 640 1337 693; x_wconf 89' lang='lat' dir='ltr'><strong>in</strong></span> <span class='ocrx_word' id='word_1_42' title='bbox 1383 639 1736 693; x_wconf 88' lang='lat' dir='ltr'><strong>voluntatibus</strong></span> <span class='ocrx_word' id='word_1_43' title='bbox 1762 656 1961 695; x_wconf 88' lang='lat' dir='ltr'><strong>eorum.</strong></span> <span class='ocrx_word' id='word_1_44' title='bbox 1993 640 2135 695; x_wconf 90' lang='lat' dir='ltr'><strong>Doc-</strong></span> 
     </span>
    </p>
   </div>
   <div class='ocr_carea' id='block_1_8' title="bbox 539 729 2134 801">
    <p class='ocr_par' dir='ltr' id='par_1_8' title="bbox 539 729 2134 801">
     <span class='ocr_line' id='line_1_8' title="bbox 539 729 2134 801; baseline 0.001 -16"><span class='ocrx_word' id='word_1_45' title='bbox 539 730 685 786; x_wconf 83' lang='lat' dir='ltr'><strong>trina</strong></span> <span class='ocrx_word' id='word_1_46' title='bbox 713 729 859 786; x_wconf 89' lang='lat' dir='ltr'><strong>enim</strong></span> <span class='ocrx_word' id='word_1_47' title='bbox 890 729 1276 801; x_wconf 90' lang='lat' dir='ltr'><strong>magistrorum</strong></span> <span class='ocrx_word' id='word_1_48' title='bbox 1308 745 1564 801; x_wconf 83' lang='lat' dir='ltr'><strong>nequam,</strong></span> <span class='ocrx_word' id='word_1_49' title='bbox 1594 745 1703 787; x_wconf 91' lang='lat' dir='ltr'><strong>non</strong></span> <span class='ocrx_word' id='word_1_50' title='bbox 1760 743 1846 789; x_wconf 88' lang='lat' dir='ltr'><strong>est</strong></span> <span class='ocrx_word' id='word_1_51' title='bbox 1886 732 2134 787; x_wconf 82' lang='lat' dir='ltr'><strong>doctrina</strong></span> 
     </span>
    </p>
   </div>
   <div class='ocr_carea' id='block_1_9' title="bbox 536 824 2137 892">
    <p class='ocr_par' dir='ltr' id='par_1_9' title="bbox 536 824 2137 892">
     <span class='ocr_line' id='line_1_9' title="bbox 536 824 2137 892; baseline 0.001 -12"><span class='ocrx_word' id='word_1_52' title='bbox 536 824 655 892; x_wconf 86' lang='lat' dir='ltr'><strong>Dei,</strong></span> <span class='ocrx_word' id='word_1_53' title='bbox 690 824 785 881; x_wconf 78' lang='lat' dir='ltr'><strong>sed</strong></span> <span class='ocrx_word' id='word_1_54' title='bbox 816 824 1237 882; x_wconf 89' lang='lat' dir='ltr'><strong>adinventiones</strong></span> <span class='ocrx_word' id='word_1_55' title='bbox 1266 825 1448 882; x_wconf 90' lang='lat' dir='ltr'><strong>cordis</strong></span> <span class='ocrx_word' id='word_1_56' title='bbox 1479 826 1721 881; x_wconf 90' lang='lat' dir='ltr'><strong>illorum.</strong></span> <span class='ocrx_word' id='word_1_57' title='bbox 1757 828 1823 881; x_wconf 87' lang='lat' dir='ltr'><strong>Et</strong></span> <span class='ocrx_word' id='word_1_58' title='bbox 1847 827 2056 882; x_wconf 89' lang='lat' dir='ltr'><strong>tradam</strong></span> <span class='ocrx_word' id='word_1_59' title='bbox 2084 834 2137 881; x_wconf 88' lang='lat' dir='ltr'><strong>te</strong></span> 
     </span>
    </p>
   </div>
   <div class='ocr_carea' id='block_1_10' title="bbox 539 917 2137 991">
    <p class='ocr_par' dir='ltr' id='par_1_10' title="bbox 539 917 2137 991">
     <span class='ocr_line' id='line_1_10' title="bbox 539 917 2137 991; baseline 0.001 -18"><span class='ocrx_word' id='word_1_60' title='bbox 539 917 595 973; x_wconf 89' lang='lat' dir='ltr'><strong>in</strong></span> <span class='ocrx_word' id='word_1_61' title='bbox 648 918 1031 988; x_wconf 86' lang='lat' dir='ltr'><strong>perditionem,</strong></span> <span class='ocrx_word' id='word_1_62' title='bbox 1086 927 1148 973; x_wconf 91' lang='lat' dir='ltr'><strong>ut</strong></span> <span class='ocrx_word' id='word_1_63' title='bbox 1190 934 1389 991; x_wconf 85' lang='lat' dir='ltr'><strong>pereas</strong></span> <span class='ocrx_word' id='word_1_64' title='bbox 1419 918 1569 989; x_wconf 82' lang='lat' dir='ltr'><strong>juxta</strong></span> <span class='ocrx_word' id='word_1_65' title='bbox 1613 919 1665 974; x_wconf 90' lang='lat' dir='ltr'><strong>id</strong></span> <span class='ocrx_word' id='word_1_66' title='bbox 1702 919 1850 990; x_wconf 89' lang='lat' dir='ltr'><strong>quod</strong></span> <span class='ocrx_word' id='word_1_67' title='bbox 1881 920 2137 975; x_wconf 64' lang='lat' dir='ltr'><strong>haeretica</strong></span> 
     </span>
    </p>
   </div>
   <div class='ocr_carea' id='block_1_11' title="bbox 535 1011 2138 1083">
    <p class='ocr_par' dir='ltr' id='par_1_11' title="bbox 535 1011 2138 1083">
     <span class='ocr_line' id='line_1_11' title="bbox 535 1011 2138 1083; baseline 0.001 -16"><span class='ocrx_word' id='word_1_68' title='bbox 535 1025 617 1067; x_wconf 88' lang='lat' dir='ltr'><strong>es.</strong></span> <span class='ocrx_word' id='word_1_69' title='bbox 652 1012 717 1066; x_wconf 87' lang='lat' dir='ltr'><strong>Et</strong></span> <span class='ocrx_word' id='word_1_70' title='bbox 742 1011 1080 1068; x_wconf 85' lang='lat' dir='ltr'><strong>habitatores</strong></span> <span class='ocrx_word' id='word_1_71' title='bbox 1109 1019 1230 1066; x_wconf 89' lang='lat' dir='ltr'><strong>tuos</strong></span> <span class='ocrx_word' id='word_1_72' title='bbox 1287 1012 1342 1067; x_wconf 91' lang='lat' dir='ltr'><strong>in</strong></span> <span class='ocrx_word' id='word_1_73' title='bbox 1389 1011 1629 1081; x_wconf 90' lang='lat' dir='ltr'><strong>sibilum,</strong></span> <span class='ocrx_word' id='word_1_74' title='bbox 1691 1012 1778 1067; x_wconf 86' lang='lat' dir='ltr'><strong>vel</strong></span> <span class='ocrx_word' id='word_1_75' title='bbox 1805 1020 1866 1068; x_wconf 87' lang='lat' dir='ltr'><strong>ut</strong></span> <span class='ocrx_word' id='word_1_76' title='bbox 1899 1012 2138 1083; x_wconf 88' lang='lat' dir='ltr'><strong>pastoris</strong></span> 
     </span>
    </p>
   </div>
   <div class='ocr_carea' id='block_1_12' title="bbox 538 1104 2136 1177">
    <p class='ocr_par' dir='ltr' id='par_1_12' title="bbox 538 1104 2136 1177">
     <span class='ocr_line' id='line_1_12' title="bbox 538 1104 2136 1177; baseline -0.001 -17"><span class='ocrx_word' id='word_1_77' title='bbox 538 1104 666 1160; x_wconf 91' lang='lat' dir='ltr'><strong>boni</strong></span> <span class='ocrx_word' id='word_1_78' title='bbox 691 1105 843 1175; x_wconf 77' lang='lat' dir='ltr'><strong>juxta</strong></span> <span class='ocrx_word' id='word_1_79' title='bbox 888 1104 1209 1161; x_wconf 76' lang='lat' dir='ltr'><strong>Zachariam</strong></span> <span class='ocrx_word' id='word_1_80' title='bbox 1240 1106 1493 1177; x_wconf 90' lang='lat' dir='ltr'><strong>sequaris</strong></span> <span class='ocrx_word' id='word_1_81' title='bbox 1540 1105 1757 1161; x_wconf 89' lang='lat' dir='ltr'><strong>sibilum</strong></span> <span class='ocrx_word' id='word_1_82' title='bbox 1786 1147 1800 1171; x_wconf 94' lang='lat'><strong>,</strong></span> <span class='ocrx_word' id='word_1_83' title='bbox 1859 1104 2094 1161; x_wconf 87' lang='lat' dir='ltr'><strong>dicentis</strong></span> <span class='ocrx_word' id='word_1_84' title='bbox 2123 1121 2136 1158; x_wconf 91' lang='lat'><strong>:</strong></span> 
     </span>
    </p>
   </div>
   <div class='ocr_carea' id='block_1_13' title="bbox 543 1196 2141 1272">
    <p class='ocr_par' dir='ltr' id='par_1_13' title="bbox 543 1196 2141 1272">
     <span class='ocr_line' id='line_1_13' title="bbox 543 1196 2141 1272; baseline -0.001 -19"><span class='ocrx_word' id='word_1_85' title='bbox 543 1196 779 1253; x_wconf 89' lang='lat' dir='ltr'><strong>Sibilabo</strong></span> <span class='ocrx_word' id='word_1_86' title='bbox 834 1199 929 1267; x_wconf 90' lang='lat' dir='ltr'><strong>eis,</strong></span> <span class='ocrx_word' id='word_1_87' title='bbox 983 1207 1034 1253; x_wconf 89' lang='lat' dir='ltr'><strong>et</strong></span> <span class='ocrx_word' id='word_1_88' title='bbox 1092 1199 1417 1272; x_wconf 86' lang='lat' dir='ltr'><strong>congregabo</strong></span> <span class='ocrx_word' id='word_1_89' title='bbox 1474 1214 1581 1269; x_wconf 90' lang='lat' dir='ltr'><strong>eos,</strong></span> <span class='ocrx_word' id='word_1_90' title='bbox 1642 1199 1759 1269; x_wconf 89' lang='lat' dir='ltr'><strong>quia</strong></span> <span class='ocrx_word' id='word_1_91' title='bbox 1810 1198 2002 1253; x_wconf 80' lang='lat' dir='ltr'><strong>redemi</strong></span> <span class='ocrx_word' id='word_1_92' title='bbox 2056 1214 2141 1253; x_wconf 91' lang='lat' dir='ltr'><strong>eos</strong></span> 
     </span>
    </p>
   </div>
   <div class='ocr_carea' id='block_1_14' title="bbox 548 1287 2135 1360">
    <p class='ocr_par' dir='ltr' id='par_1_14' title="bbox 548 1287 2135 1360">
     <span class='ocr_line' id='line_1_14' title="bbox 548 1287 2135 1360; baseline -0.001 -16"><span class='ocrx_word' id='word_1_93' title='bbox 548 1287 736 1360; x_wconf 84' lang='lat' dir='ltr'><strong>(Zach.</strong></span> <span class='ocrx_word' id='word_1_94' title='bbox 768 1304 826 1354; x_wconf 84' lang='lat' dir='ltr'><strong>x,</strong></span> <span class='ocrx_word' id='word_1_95' title='bbox 868 1288 947 1360; x_wconf 92' lang='lat'><strong>8).</strong></span> <span class='ocrx_word' id='word_1_96' title='bbox 989 1287 1086 1345; x_wconf 94' lang='lat' dir='ltr'><strong>Vel</strong></span> <span class='ocrx_word' id='word_1_97' title='bbox 1117 1300 1268 1345; x_wconf 90' lang='lat' dir='ltr'><strong>certe</strong></span> <span class='ocrx_word' id='word_1_98' title='bbox 1319 1289 1371 1344; x_wconf 90' lang='lat' dir='ltr'><strong>in</strong></span> <span class='ocrx_word' id='word_1_99' title='bbox 1397 1290 1615 1344; x_wconf 88' lang='lat' dir='ltr'><strong>sibilum</strong></span> <span class='ocrx_word' id='word_1_100' title='bbox 1645 1290 1917 1357; x_wconf 89' lang='lat' dir='ltr'><strong>draconis,</strong></span> <span class='ocrx_word' id='word_1_101' title='bbox 1951 1289 2007 1345; x_wconf 91' lang='lat' dir='ltr'><strong>id</strong></span> <span class='ocrx_word' id='word_1_102' title='bbox 2035 1298 2135 1357; x_wconf 91' lang='lat' dir='ltr'><strong>est,</strong></span> 
     </span>
    </p>
   </div>
   <div class='ocr_carea' id='block_1_15' title="bbox 549 1381 2138 1453">
    <p class='ocr_par' dir='ltr' id='par_1_15' title="bbox 549 1381 2138 1453">
     <span class='ocr_line' id='line_1_15' title="bbox 549 1381 2138 1453; baseline -0.001 -16"><span class='ocrx_word' id='word_1_103' title='bbox 549 1384 602 1438; x_wconf 90' lang='lat' dir='ltr'><strong>in</strong></span> <span class='ocrx_word' id='word_1_104' title='bbox 628 1382 906 1438; x_wconf 90' lang='lat' dir='ltr'><strong>interitum</strong></span> <span class='ocrx_word' id='word_1_105' title='bbox 924 1382 1128 1446; x_wconf 88' lang='lat' dir='ltr'><strong>carnis,</strong></span> <span class='ocrx_word' id='word_1_106' title='bbox 1159 1390 1218 1437; x_wconf 90' lang='lat' dir='ltr'><strong>ut</strong></span> <span class='ocrx_word' id='word_1_107' title='bbox 1247 1382 1471 1453; x_wconf 86' lang='lat' dir='ltr'><strong>spiritus</strong></span> <span class='ocrx_word' id='word_1_108' title='bbox 1498 1382 1681 1437; x_wconf 89' lang='lat' dir='ltr'><strong>salvus</strong></span> <span class='ocrx_word' id='word_1_109' title='bbox 1713 1382 1807 1437; x_wconf 86' lang='lat' dir='ltr'><strong>fiat</strong></span> <span class='ocrx_word' id='word_1_110' title='bbox 1833 1382 1878 1453; x_wconf 87' lang='grc' dir='ltr'><strong>(Ι</strong></span> <span class='ocrx_word' id='word_1_111' title='bbox 1900 1381 2021 1437; x_wconf 86' lang='lat' dir='ltr'><strong>Cor.</strong></span> <span class='ocrx_word' id='word_1_112' title='bbox 2062 1382 2138 1453; x_wconf 89' lang='lat' dir='ltr'><strong>v),</strong></span> 
     </span>
    </p>
   </div>
   <div class='ocr_carea' id='block_1_16' title="bbox 535 1474 2144 1548">
    <p class='ocr_par' dir='ltr' id='par_1_16' title="bbox 535 1474 2144 1548">
     <span class='ocr_line' id='line_1_16' title="bbox 535 1474 2144 1548; baseline 0 -17"><span class='ocrx_word' id='word_1_113' title='bbox 535 1485 601 1531; x_wconf 61' lang='lat' dir='ltr'><strong>&#39;et</strong></span> <span class='ocrx_word' id='word_1_114' title='bbox 625 1476 868 1546; x_wconf 90' lang='lat' dir='ltr'><strong>correpti</strong></span> <span class='ocrx_word' id='word_1_115' title='bbox 898 1474 1111 1531; x_wconf 93' lang='lat' dir='ltr'><strong>discant</strong></span> <span class='ocrx_word' id='word_1_116' title='bbox 1162 1490 1268 1530; x_wconf 89' lang='lat' dir='ltr'><strong>non</strong></span> <span class='ocrx_word' id='word_1_117' title='bbox 1320 1474 1705 1543; x_wconf 84' lang='lat' dir='ltr'><strong>blasphemare</strong></span> <span class='ocrx_word' id='word_1_118' title='bbox 1747 1474 1791 1548; x_wconf 90' lang='lat' dir='ltr'><strong>(l</strong></span> <span class='ocrx_word' id='word_1_119' title='bbox 1812 1474 1950 1530; x_wconf 84' lang='lat' dir='ltr'><strong>Tim.</strong></span> <span class='ocrx_word' id='word_1_120' title='bbox 1982 1476 2044 1543; x_wconf 91' lang='grc' dir='ltr'><strong>ι).</strong></span> <span class='ocrx_word' id='word_1_121' title='bbox 2075 1476 2144 1531; x_wconf 85' lang='lat' dir='ltr'><strong>Et</strong></span> 
     </span>
    </p>
   </div>
   <div class='ocr_carea' id='block_1_17' title="bbox 552 1567 2139 1638">
    <p class='ocr_par' dir='ltr' id='par_1_17' title="bbox 552 1567 2139 1638">
     <span class='ocr_line' id='line_1_17' title="bbox 552 1567 2139 1638; baseline 0 -15"><span class='ocrx_word' id='word_1_122' title='bbox 552 1567 656 1626; x_wconf 92' lang='lat' dir='ltr'><strong>hoc</strong></span> <span class='ocrx_word' id='word_1_123' title='bbox 686 1577 856 1624; x_wconf 92' lang='lat' dir='ltr'><strong>totum</strong></span> <span class='ocrx_word' id='word_1_124' title='bbox 885 1568 1181 1637; x_wconf 89' lang='lat' dir='ltr'><strong>patientur,</strong></span> <span class='ocrx_word' id='word_1_125' title='bbox 1219 1575 1279 1622; x_wconf 91' lang='lat' dir='ltr'><strong>ut</strong></span> <span class='ocrx_word' id='word_1_126' title='bbox 1316 1567 1617 1638; x_wconf 76' lang='lat' dir='ltr'><strong>intelligant</strong></span> <span class='ocrx_word' id='word_1_127' title='bbox 1664 1582 1906 1624; x_wconf 90' lang='lat' dir='ltr'><strong>errorem</strong></span> <span class='ocrx_word' id='word_1_128' title='bbox 1960 1584 2139 1637; x_wconf 91' lang='lat' dir='ltr'><strong>suum,</strong></span> 
     </span>
    </p>
   </div>
   <div class='ocr_carea' id='block_1_18' title="bbox 548 1661 2141 1734">
    <p class='ocr_par' dir='ltr' id='par_1_18' title="bbox 548 1661 2141 1734">
     <span class='ocr_line' id='line_1_18' title="bbox 548 1661 2141 1734; baseline 0.001 -19"><span class='ocrx_word' id='word_1_129' title='bbox 548 1661 690 1732; x_wconf 93' lang='lat' dir='ltr'><strong>quod</strong></span> <span class='ocrx_word' id='word_1_130' title='bbox 721 1662 961 1717; x_wconf 91' lang='lat' dir='ltr'><strong>omnium</strong></span> <span class='ocrx_word' id='word_1_131' title='bbox 985 1663 1234 1733; x_wconf 81' lang='lat' dir='ltr'><strong>gentium</strong></span> <span class='ocrx_word' id='word_1_132' title='bbox 1267 1661 1666 1733; x_wconf 90' lang='lat' dir='ltr'><strong>multorumque</strong></span> <span class='ocrx_word' id='word_1_133' title='bbox 1687 1662 2012 1734; x_wconf 89' lang='lat' dir='ltr'><strong>populorum</strong></span> <span class='ocrx_word' id='word_1_134' title='bbox 2042 1677 2141 1733; x_wconf 86' lang='lat' dir='ltr'><strong>op-</strong></span> 
     </span>
    </p>
   </div>
   <div class='ocr_carea' id='block_1_19' title="bbox 2235 453 3846 524">
    <p class='ocr_par' dir='ltr' id='par_1_19' title="bbox 2235 453 3846 524">
     <span class='ocr_line' id='line_1_19' title="bbox 2235 453 3846 524; baseline 0.005 -18"><span class='ocrx_word' id='word_1_135' title='bbox 2235 466 2325 506; x_wconf 89' lang='lat' dir='ltr'><strong>res</strong></span> <span class='ocrx_word' id='word_1_136' title='bbox 2365 453 2645 523; x_wconf 89' lang='lat' dir='ltr'><strong>requisivi.</strong></span> <span class='ocrx_word' id='word_1_137' title='bbox 2704 455 2876 511; x_wconf 86' lang='lat' dir='ltr'><strong>Periit</strong></span> <span class='ocrx_word' id='word_1_138' title='bbox 2918 463 3139 512; x_wconf 89' lang='lat' dir='ltr'><strong>sanctus</strong></span> <span class='ocrx_word' id='word_1_139' title='bbox 3178 456 3245 512; x_wconf 90' lang='lat' dir='ltr'><strong>de</strong></span> <span class='ocrx_word' id='word_1_140' title='bbox 3301 465 3464 513; x_wconf 88' lang='lat' dir='ltr'><strong>terra</strong></span> <span class='ocrx_word' id='word_1_141' title='bbox 3498 499 3513 524; x_wconf 93' lang='lat'><strong>,</strong></span> <span class='ocrx_word' id='word_1_142' title='bbox 3579 464 3637 510; x_wconf 89' lang='lat' dir='ltr'><strong>et</strong></span> <span class='ocrx_word' id='word_1_143' title='bbox 3686 468 3846 514; x_wconf 83' lang='lat' dir='ltr'><strong>rectus</strong></span> 
     </span>
    </p>
   </div>
   <div class='ocr_carea' id='block_1_20' title="bbox 2235 543 3847 621">
    <p class='ocr_par' dir='ltr' id='par_1_20' title="bbox 2235 543 3847 621">
     <span class='ocr_line' id='line_1_20' title="bbox 2235 543 3847 621; baseline 0.004 -23"><span class='ocrx_word' id='word_1_144' title='bbox 2235 543 2290 599; x_wconf 89' lang='lat' dir='ltr'><strong>in</strong></span> <span class='ocrx_word' id='word_1_145' title='bbox 2318 544 2627 602; x_wconf 90' lang='lat' dir='ltr'><strong>hominibus</strong></span> <span class='ocrx_word' id='word_1_146' title='bbox 2647 563 2756 603; x_wconf 93' lang='lat' dir='ltr'><strong>non</strong></span> <span class='ocrx_word' id='word_1_147' title='bbox 2786 558 2870 605; x_wconf 88' lang='lat' dir='ltr'><strong>est</strong></span> <span class='ocrx_word' id='word_1_148' title='bbox 2897 566 2910 602; x_wconf 90' lang='lat'><strong>:</strong></span> <span class='ocrx_word' id='word_1_149' title='bbox 2937 550 3135 621; x_wconf 88' lang='lat' dir='ltr'><strong>ubique</strong></span> <span class='ocrx_word' id='word_1_150' title='bbox 3158 548 3630 619; x_wconf 85' lang='lat' dir='ltr'><strong>insidiae,ubiqne</strong></span> <span class='ocrx_word' id='word_1_151' title='bbox 3651 547 3847 604; x_wconf 81' lang='lat' dir='ltr'><strong>fraudu-</strong></span> 
     </span>
    </p>
   </div>
   <div class='ocr_carea' id='block_1_21' title="bbox 2236 634 3852 711">
    <p class='ocr_par' dir='ltr' id='par_1_21' title="bbox 2236 634 3852 711">
     <span class='ocr_line' id='line_1_21' title="bbox 2236 634 3852 711; baseline 0.006 -21"><span class='ocrx_word' id='word_1_152' title='bbox 2236 634 2403 691; x_wconf 88' lang='lat' dir='ltr'><strong>lentia</strong></span> <span class='ocrx_word' id='word_1_153' title='bbox 2438 656 2449 691; x_wconf 89' lang='lat'><strong>:</strong></span> <span class='ocrx_word' id='word_1_154' title='bbox 2482 638 2740 696; x_wconf 84' lang='lat' dir='ltr'><strong>innoxius</strong></span> <span class='ocrx_word' id='word_1_155' title='bbox 2760 641 2983 711; x_wconf 81' lang='lat' dir='ltr'><strong>sanguis</strong></span> <span class='ocrx_word' id='word_1_156' title='bbox 3011 640 3315 697; x_wconf 73' lang='lat' dir='ltr'><strong>etlunditur</strong></span> <span class='ocrx_word' id='word_1_157' title='bbox 3351 658 3368 696; x_wconf 90' lang='lat'><strong>:</strong></span> <span class='ocrx_word' id='word_1_158' title='bbox 3407 654 3531 711; x_wconf 68' lang='lat' dir='ltr'><strong>pra:</strong></span> <span class='ocrx_word' id='word_1_159' title='bbox 3560 639 3784 696; x_wconf 87' lang='lat' dir='ltr'><strong>avaritia</strong></span> <span class='ocrx_word' id='word_1_160' title='bbox 3805 652 3852 699; x_wconf 88' lang='lat' dir='ltr'><strong>et</strong></span> 
     </span>
    </p>
   </div>
   <div class='ocr_carea' id='block_1_22' title="bbox 2237 727 3849 802">
    <p class='ocr_par' dir='ltr' id='par_1_22' title="bbox 2237 727 3849 802">
     <span class='ocr_line' id='line_1_22' title="bbox 2237 727 3849 802; baseline 0.004 -20"><span class='ocrx_word' id='word_1_161' title='bbox 2237 727 2460 783; x_wconf 89' lang='lat' dir='ltr'><strong>libidine</strong></span> <span class='ocrx_word' id='word_1_162' title='bbox 2489 731 2821 799; x_wconf 85' lang='lat' dir='ltr'><strong>germanitas</strong></span> <span class='ocrx_word' id='word_1_163' title='bbox 2849 732 3163 802; x_wconf 85' lang='lat' dir='ltr'><strong>ignoratur;</strong></span> <span class='ocrx_word' id='word_1_164' title='bbox 3190 742 3244 787; x_wconf 90' lang='lat' dir='ltr'><strong>et</strong></span> <span class='ocrx_word' id='word_1_165' title='bbox 3267 747 3385 787; x_wconf 88' lang='lat' dir='ltr'><strong>non</strong></span> <span class='ocrx_word' id='word_1_166' title='bbox 3422 731 3614 787; x_wconf 87' lang='lat' dir='ltr'><strong>solum</strong></span> <span class='ocrx_word' id='word_1_167' title='bbox 3642 731 3849 802; x_wconf 89' lang='lat' dir='ltr'><strong>faciunt,</strong></span> 
     </span>
    </p>
   </div>
   <div class='ocr_carea' id='block_1_23' title="bbox 2237 817 3852 893">
    <p class='ocr_par' dir='ltr' id='par_1_23' title="bbox 2237 817 3852 893">
     <span class='ocr_line' id='line_1_23' title="bbox 2237 817 3852 893; baseline 0.005 -21"><span class='ocrx_word' id='word_1_168' title='bbox 2237 817 2334 873; x_wconf 90' lang='lat' dir='ltr'><strong>sed</strong></span> <span class='ocrx_word' id='word_1_169' title='bbox 2355 818 2661 875; x_wconf 90' lang='lat' dir='ltr'><strong>defendunt</strong></span> <span class='ocrx_word' id='word_1_170' title='bbox 2691 836 2908 893; x_wconf 91' lang='lat' dir='ltr'><strong>quoque</strong></span> <span class='ocrx_word' id='word_1_171' title='bbox 2958 824 3119 891; x_wconf 88' lang='lat' dir='ltr'><strong>mala,</strong></span> <span class='ocrx_word' id='word_1_172' title='bbox 3156 832 3210 877; x_wconf 91' lang='lat' dir='ltr'><strong>et</strong></span> <span class='ocrx_word' id='word_1_173' title='bbox 3242 823 3585 879; x_wconf 88' lang='lat' dir='ltr'><strong>nominibus</strong></span> <span class='ocrx_word' id='word_1_174' title='bbox 3626 836 3852 880; x_wconf 89' lang='lat' dir='ltr'><strong>commu-</strong></span> 
     </span>
    </p>
   </div>
   <div class='ocr_carea' id='block_1_24' title="bbox 2240 912 3855 986">
    <p class='ocr_par' dir='ltr' id='par_1_24' title="bbox 2240 912 3855 986">
     <span class='ocr_line' id='line_1_24' title="bbox 2240 912 3855 986; baseline 0.005 -23"><span class='ocrx_word' id='word_1_175' title='bbox 2240 912 2392 977; x_wconf 84' lang='lat' dir='ltr'><strong>tatis,</strong></span> <span class='ocrx_word' id='word_1_176' title='bbox 2416 912 2619 967; x_wconf 90' lang='lat' dir='ltr'><strong>bonum</strong></span> <span class='ocrx_word' id='word_1_177' title='bbox 2652 913 2843 968; x_wconf 91' lang='lat' dir='ltr'><strong>dicunt</strong></span> <span class='ocrx_word' id='word_1_178' title='bbox 2871 928 2995 970; x_wconf 91' lang='lat' dir='ltr'><strong>esse</strong></span> <span class='ocrx_word' id='word_1_179' title='bbox 3022 915 3165 985; x_wconf 88' lang='lat' dir='ltr'><strong>quod</strong></span> <span class='ocrx_word' id='word_1_180' title='bbox 3198 916 3414 971; x_wconf 88' lang='lat' dir='ltr'><strong>malum</strong></span> <span class='ocrx_word' id='word_1_181' title='bbox 3443 922 3558 970; x_wconf 88' lang='lat' dir='ltr'><strong>est.</strong></span> <span class='ocrx_word' id='word_1_182' title='bbox 3592 914 3699 984; x_wconf 84' lang='lat' dir='ltr'><strong>Ipsi</strong></span> <span class='ocrx_word' id='word_1_183' title='bbox 3723 917 3855 986; x_wconf 88' lang='lat' dir='ltr'><strong>prin-</strong></span> 
     </span>
    </p>
   </div>
   <div class='ocr_carea' id='block_1_25' title="bbox 2240 1002 3856 1078">
    <p class='ocr_par' dir='ltr' id='par_1_25' title="bbox 2240 1002 3856 1078">
     <span class='ocr_line' id='line_1_25' title="bbox 2240 1002 3856 1078; baseline 0.006 -23"><span class='ocrx_word' id='word_1_184' title='bbox 2240 1002 2387 1071; x_wconf 88' lang='lat' dir='ltr'><strong>cipes</strong></span> <span class='ocrx_word' id='word_1_185' title='bbox 2413 1018 2519 1058; x_wconf 91' lang='lat' dir='ltr'><strong>non</strong></span> <span class='ocrx_word' id='word_1_186' title='bbox 2550 1004 2619 1060; x_wconf 87' lang='lat' dir='ltr'><strong>ab</strong></span> <span class='ocrx_word' id='word_1_187' title='bbox 2650 1004 3004 1062; x_wconf 75' lang='lat' dir='ltr'><strong>offerentibus</strong></span> <span class='ocrx_word' id='word_1_188' title='bbox 3031 1008 3304 1078; x_wconf 88' lang='lat' dir='ltr'><strong>accipiunt</strong></span> <span class='ocrx_word' id='word_1_189' title='bbox 3335 1021 3615 1071; x_wconf 88' lang='lat' dir='ltr'><strong>munera,</strong></span> <span class='ocrx_word' id='word_1_190' title='bbox 3660 1007 3753 1063; x_wconf 86' lang='lat' dir='ltr'><strong>sed</strong></span> <span class='ocrx_word' id='word_1_191' title='bbox 3779 1023 3856 1065; x_wconf 86' lang='lat' dir='ltr'><strong>oo-</strong></span> 
     </span>
    </p>
   </div>
   <div class='ocr_carea' id='block_1_26' title="bbox 2241 1096 3854 1172">
    <p class='ocr_par' dir='ltr' id='par_1_26' title="bbox 2241 1096 3854 1172">
     <span class='ocr_line' id='line_1_26' title="bbox 2241 1096 3854 1172; baseline 0.007 -25"><span class='ocrx_word' id='word_1_192' title='bbox 2241 1103 2376 1166; x_wconf 83' lang='lat' dir='ltr'><strong>gnnt</strong></span> <span class='ocrx_word' id='word_1_193' title='bbox 2437 1096 2568 1153; x_wconf 91' lang='lat' dir='ltr'><strong>dare</strong></span> <span class='ocrx_word' id='word_1_194' title='bbox 2622 1099 2920 1170; x_wconf 90' lang='lat' dir='ltr'><strong>subjectos,</strong></span> <span class='ocrx_word' id='word_1_195' title='bbox 2991 1110 3045 1157; x_wconf 93' lang='lat' dir='ltr'><strong>et</strong></span> <span class='ocrx_word' id='word_1_196' title='bbox 3094 1102 3400 1172; x_wconf 88' lang='lat' dir='ltr'><strong>postulant.</strong></span> <span class='ocrx_word' id='word_1_197' title='bbox 3476 1101 3549 1156; x_wconf 86' lang='lat' dir='ltr'><strong>Et</strong></span> <span class='ocrx_word' id='word_1_198' title='bbox 3598 1100 3761 1170; x_wconf 81' lang='lat' dir='ltr'><strong>judex</strong></span> <span class='ocrx_word' id='word_1_199' title='bbox 3810 1105 3854 1159; x_wconf 92' lang='lat' dir='ltr'><strong>in</strong></span> 
     </span>
    </p>
   </div>
   <div class='ocr_carea' id='block_1_27' title="bbox 2241 1188 3855 1267">
    <p class='ocr_par' dir='ltr' id='par_1_27' title="bbox 2241 1188 3855 1267">
     <span class='ocr_line' id='line_1_27' title="bbox 2241 1188 3855 1267; baseline 0.005 -24"><span class='ocrx_word' id='word_1_200' title='bbox 2241 1188 2520 1245; x_wconf 89' lang='lat' dir='ltr'><strong>reddendo</strong></span> <span class='ocrx_word' id='word_1_201' title='bbox 2576 1201 2695 1257; x_wconf 89' lang='lat' dir='ltr'><strong>est,</strong></span> <span class='ocrx_word' id='word_1_202' title='bbox 2764 1193 2843 1248; x_wconf 92' lang='lat' dir='ltr'><strong>sic</strong></span> <span class='ocrx_word' id='word_1_203' title='bbox 2887 1193 3053 1248; x_wconf 89' lang='lat' dir='ltr'><strong>alium</strong></span> <span class='ocrx_word' id='word_1_204' title='bbox 3105 1194 3368 1265; x_wconf 87' lang='lat' dir='ltr'><strong>judicans</strong></span> <span class='ocrx_word' id='word_1_205' title='bbox 3404 1236 3421 1261; x_wconf 97' lang='lat'><strong>,</strong></span> <span class='ocrx_word' id='word_1_206' title='bbox 3477 1192 3765 1264; x_wconf 90' lang='lat' dir='ltr'><strong>quomodo</strong></span> <span class='ocrx_word' id='word_1_207' title='bbox 3790 1195 3855 1267; x_wconf 89' lang='lat' dir='ltr'><strong>ip-</strong></span> 
     </span>
    </p>
   </div>
   <div class='ocr_carea' id='block_1_28' title="bbox 2242 1285 3856 1358">
    <p class='ocr_par' dir='ltr' id='par_1_28' title="bbox 2242 1285 3856 1358">
     <span class='ocr_line' id='line_1_28' title="bbox 2242 1285 3856 1358; baseline 0.002 -18"><span class='ocrx_word' id='word_1_208' title='bbox 2242 1298 2302 1340; x_wconf 91' lang='lat' dir='ltr'><strong>se</strong></span> <span class='ocrx_word' id='word_1_209' title='bbox 2353 1285 2422 1339; x_wconf 91' lang='lat' dir='ltr'><strong>ab</strong></span> <span class='ocrx_word' id='word_1_210' title='bbox 2467 1286 2913 1355; x_wconf 88' lang='lat' dir='ltr'><strong>aliojudicatur,</strong></span> <span class='ocrx_word' id='word_1_211' title='bbox 2973 1296 3031 1342; x_wconf 91' lang='lat' dir='ltr'><strong>ut</strong></span> <span class='ocrx_word' id='word_1_212' title='bbox 3078 1296 3341 1358; x_wconf 71' lang='lat' dir='ltr'><strong>prieSIent</strong></span> <span class='ocrx_word' id='word_1_213' title='bbox 3396 1287 3721 1343; x_wconf 89' lang='lat' dir='ltr'><strong>sceleribus</strong></span> <span class='ocrx_word' id='word_1_214' title='bbox 3761 1290 3856 1343; x_wconf 88' lang='lat' dir='ltr'><strong>suis</strong></span> 
     </span>
    </p>
   </div>
   <div class='ocr_carea' id='block_1_29' title="bbox 2245 1378 3858 1450">
    <p class='ocr_par' dir='ltr' id='par_1_29' title="bbox 2245 1378 3858 1450">
     <span class='ocr_line' id='line_1_29' title="bbox 2245 1378 3858 1450; baseline 0.002 -19"><span class='ocrx_word' id='word_1_215' title='bbox 2245 1378 2405 1450; x_wconf 79' lang='lat'><strong>513</strong></span> <span class='ocrx_word' id='word_1_216' title='bbox 2430 1389 2670 1434; x_wconf 89' lang='lat' dir='ltr'><strong>mutuum</strong></span> <span class='ocrx_word' id='word_1_217' title='bbox 2701 1380 2961 1449; x_wconf 82' lang='lat' dir='ltr'><strong>favorem,</strong></span> <span class='ocrx_word' id='word_1_218' title='bbox 2987 1391 3041 1437; x_wconf 90' lang='lat' dir='ltr'><strong>et</strong></span> <span class='ocrx_word' id='word_1_219' title='bbox 3068 1382 3120 1436; x_wconf 90' lang='lat' dir='ltr'><strong>in</strong></span> <span class='ocrx_word' id='word_1_220' title='bbox 3158 1382 3389 1438; x_wconf 81' lang='lat' dir='ltr'><strong>alterius</strong></span> <span class='ocrx_word' id='word_1_221' title='bbox 3420 1380 3670 1436; x_wconf 86' lang='lat' dir='ltr'><strong>crimine</strong></span> <span class='ocrx_word' id='word_1_222' title='bbox 3695 1393 3752 1436; x_wconf 89' lang='lat' dir='ltr'><strong>se</strong></span> <span class='ocrx_word' id='word_1_223' title='bbox 3778 1379 3858 1435; x_wconf 87' lang='lat' dir='ltr'><strong>de-</strong></span> 
     </span>
    </p>
   </div>
   <div class='ocr_carea' id='block_1_30' title="bbox 2244 1471 3856 1547">
    <p class='ocr_par' dir='ltr' id='par_1_30' title="bbox 2244 1471 3856 1547">
     <span class='ocr_line' id='line_1_30' title="bbox 2244 1471 3856 1547; baseline 0.002 -20"><span class='ocrx_word' id='word_1_224' title='bbox 2244 1471 2485 1527; x_wconf 89' lang='lat' dir='ltr'><strong>fendant.</strong></span> <span class='ocrx_word' id='word_1_225' title='bbox 2516 1472 2854 1545; x_wconf 86' lang='lat' dir='ltr'><strong>Quicumque</strong></span> <span class='ocrx_word' id='word_1_226' title='bbox 2878 1491 3102 1547; x_wconf 83' lang='lat' dir='ltr'><strong>magnus</strong></span> <span class='ocrx_word' id='word_1_227' title='bbox 3130 1486 3234 1545; x_wconf 93' lang='lat' dir='ltr'><strong>est,</strong></span> <span class='ocrx_word' id='word_1_228' title='bbox 3264 1484 3319 1532; x_wconf 92' lang='lat' dir='ltr'><strong>et</strong></span> <span class='ocrx_word' id='word_1_229' title='bbox 3353 1486 3377 1515; x_wconf 78' lang='grc' dir='ltr'>ο</span> <span class='ocrx_word' id='word_1_230' title='bbox 3414 1474 3593 1545; x_wconf 89' lang='lat' dir='ltr'><strong>quasi</strong></span> <span class='ocrx_word' id='word_1_231' title='bbox 3643 1475 3697 1529; x_wconf 92' lang='lat' dir='ltr'><strong>in</strong></span> <span class='ocrx_word' id='word_1_232' title='bbox 3727 1474 3856 1545; x_wconf 84' lang='lat' dir='ltr'><strong>Lege</strong></span> 
     </span>
    </p>
   </div>
   <div class='ocr_carea' id='block_1_31' title="bbox 2244 1564 3851 1638">
    <p class='ocr_par' dir='ltr' id='par_1_31' title="bbox 2244 1564 3851 1638">
     <span class='ocr_line' id='line_1_31' title="bbox 2244 1564 3851 1638; baseline 0 -18"><span class='ocrx_word' id='word_1_233' title='bbox 2244 1564 2621 1630; x_wconf 89' lang='lat' dir='ltr'><strong>doctissimus,</strong></span> <span class='ocrx_word' id='word_1_234' title='bbox 2639 1582 2745 1621; x_wconf 90' lang='lat' dir='ltr'><strong>non</strong></span> <span class='ocrx_word' id='word_1_235' title='bbox 2777 1567 2895 1634; x_wconf 89' lang='lat' dir='ltr'><strong>Dei,</strong></span> <span class='ocrx_word' id='word_1_236' title='bbox 2921 1570 3017 1625; x_wconf 90' lang='lat' dir='ltr'><strong>sed</strong></span> <span class='ocrx_word' id='word_1_237' title='bbox 3042 1564 3196 1623; x_wconf 89' lang='lat' dir='ltr'><strong>suam</strong></span> <span class='ocrx_word' id='word_1_238' title='bbox 3213 1569 3472 1638; x_wconf 87' lang='lat' dir='ltr'><strong>loquitur</strong></span> <span class='ocrx_word' id='word_1_239' title='bbox 3490 1565 3851 1621; x_wconf 88' lang='lat' dir='ltr'><strong>voluntatem.</strong></span> 
     </span>
    </p>
   </div>
   <div class='ocr_carea' id='block_1_32' title="bbox 2248 1656 3851 1728">
    <p class='ocr_par' dir='ltr' id='par_1_32' title="bbox 2248 1656 3851 1728">
     <span class='ocr_line' id='line_1_32' title="bbox 2248 1656 3851 1728; baseline 0.001 -17"><span class='ocrx_word' id='word_1_240' title='bbox 2248 1656 2315 1711; x_wconf 87' lang='lat' dir='ltr'><strong>Et</strong></span> <span class='ocrx_word' id='word_1_241' title='bbox 2338 1659 2767 1715; x_wconf 83' lang='lat' dir='ltr'><strong>conturbauerunt</strong></span> <span class='ocrx_word' id='word_1_242' title='bbox 2796 1676 2931 1726; x_wconf 85' lang='lat' dir='ltr'><strong>eam,</strong></span> <span class='ocrx_word' id='word_1_243' title='bbox 2981 1660 3067 1715; x_wconf 89' lang='lat' dir='ltr'><strong>vel</strong></span> <span class='ocrx_word' id='word_1_244' title='bbox 3113 1660 3331 1728; x_wconf 87' lang='lat' dir='ltr'><strong>urbem,</strong></span> <span class='ocrx_word' id='word_1_245' title='bbox 3378 1658 3475 1714; x_wconf 87' lang='lat' dir='ltr'><strong>vel</strong></span> <span class='ocrx_word' id='word_1_246' title='bbox 3533 1657 3851 1727; x_wconf 88' lang='lat' dir='ltr'><strong>veritatem,</strong></span> 
     </span>
    </p>
   </div>
   <div class='ocr_carea' id='block_1_33' title="bbox 550 1746 3857 1825">
    <p class='ocr_par' dir='ltr' id='par_1_33' title="bbox 550 1746 3857 1825">
     <span class='ocr_line' id='line_1_33' title="bbox 550 1746 3857 1825; baseline -0.001 -17"><span class='ocrx_word' id='word_1_247' title='bbox 550 1753 768 1825; x_wconf 90' lang='lat' dir='ltr'><strong>probria</strong></span> <span class='ocrx_word' id='word_1_248' title='bbox 815 1763 872 1808; x_wconf 94' lang='lat' dir='ltr'><strong>et</strong></span> <span class='ocrx_word' id='word_1_249' title='bbox 910 1763 1134 1824; x_wconf 87' lang='lat' dir='ltr'><strong>peccata</strong></span> <span class='ocrx_word' id='word_1_250' title='bbox 1185 1752 1540 1824; x_wconf 87' lang='lat' dir='ltr'><strong>portaverint.</strong></span> <span class='ocrx_word' id='word_1_251' title='bbox 1584 1753 1709 1809; x_wconf 94' lang='lat' dir='ltr'><strong>Scio</strong></span> <span class='ocrx_word' id='word_1_252' title='bbox 1761 1754 2029 1825; x_wconf 90' lang='lat' dir='ltr'><strong>quosdam</strong></span> <span class='ocrx_word' id='word_1_253' title='bbox 2074 1752 2141 1808; x_wconf 92' lang='lat' dir='ltr'><strong>ad</strong></span> <span class='ocrx_word' id='word_1_254' title='bbox 2173 1746 2223 1809; x_wconf 87' lang='lat' dir='ltr'><strong>B</strong></span> <span class='ocrx_word' id='word_1_255' title='bbox 2249 1752 2365 1807; x_wconf 88' lang='lat' dir='ltr'><strong>sive</strong></span> <span class='ocrx_word' id='word_1_256' title='bbox 2396 1764 2624 1817; x_wconf 85' lang='lat' dir='ltr'><strong>terram,</strong></span> <span class='ocrx_word' id='word_1_257' title='bbox 2654 1753 2723 1810; x_wconf 92' lang='lat' dir='ltr'><strong>de</strong></span> <span class='ocrx_word' id='word_1_258' title='bbox 2746 1770 2847 1825; x_wconf 89' lang='lat' dir='ltr'><strong>qua</strong></span> <span class='ocrx_word' id='word_1_259' title='bbox 2877 1768 3043 1822; x_wconf 86' lang='lat' dir='ltr'><strong>supra</strong></span> <span class='ocrx_word' id='word_1_260' title='bbox 3065 1753 3265 1808; x_wconf 91' lang='lat' dir='ltr'><strong>dicitur</strong></span> <span class='ocrx_word' id='word_1_261' title='bbox 3297 1770 3308 1805; x_wconf 92' lang='lat'>:</span> <span class='ocrx_word' id='word_1_262' title='bbox 3344 1751 3530 1806; x_wconf 84' lang='lat' dir='ltr'><strong>Periit</strong></span> <span class='ocrx_word' id='word_1_263' title='bbox 3562 1758 3774 1806; x_wconf 84' lang='lat' dir='ltr'><strong>sanctus</strong></span> <span class='ocrx_word' id='word_1_264' title='bbox 3803 1753 3857 1805; x_wconf 81' lang='lat' dir='ltr'><strong>de</strong></span> 
     </span>
    </p>
   </div>
   <div class='ocr_carea' id='block_1_34' title="bbox 552 1845 2150 1916">
    <p class='ocr_par' dir='ltr' id='par_1_34' title="bbox 552 1845 2150 1916">
     <span class='ocr_line' id='line_1_34' title="bbox 552 1845 2150 1916; baseline -0.002 -14"><span class='ocrx_word' id='word_1_265' title='bbox 552 1845 852 1902; x_wconf 88' lang='lat' dir='ltr'><strong>Ecelesiam</strong></span> <span class='ocrx_word' id='word_1_266' title='bbox 893 1845 1168 1910; x_wconf 89' lang='lat' dir='ltr'><strong>retulisse,</strong></span> <span class='ocrx_word' id='word_1_267' title='bbox 1193 1860 1313 1916; x_wconf 65' lang='lat' dir='ltr'><strong>quae</strong></span> <span class='ocrx_word' id='word_1_268' title='bbox 1342 1859 1443 1900; x_wconf 94' lang='lat' dir='ltr'><strong>nos</strong></span> <span class='ocrx_word' id='word_1_269' title='bbox 1465 1859 1629 1915; x_wconf 91' lang='lat' dir='ltr'><strong>super</strong></span> <span class='ocrx_word' id='word_1_270' title='bbox 1654 1845 1955 1901; x_wconf 66' lang='lat' dir='ltr'><strong>liceresibus</strong></span> <span class='ocrx_word' id='word_1_271' title='bbox 1980 1845 2150 1900; x_wconf 81' lang='lat' dir='ltr'><strong>inter-</strong></span> 
     </span>
    </p>
   </div>
   <div class='ocr_carea' id='block_1_35' title="bbox 547 1941 2148 2013">
    <p class='ocr_par' dir='ltr' id='par_1_35' title="bbox 547 1941 2148 2013">
     <span class='ocr_line' id='line_1_35' title="bbox 547 1941 2148 2013; baseline 0.001 -16"><span class='ocrx_word' id='word_1_272' title='bbox 547 1942 749 2012; x_wconf 86' lang='lat' dir='ltr'><strong>pretati</strong></span> <span class='ocrx_word' id='word_1_273' title='bbox 781 1956 989 1998; x_wconf 90' lang='lat' dir='ltr'><strong>sumus.</strong></span> <span class='ocrx_word' id='word_1_274' title='bbox 1017 1943 1123 1998; x_wconf 90' lang='lat' dir='ltr'><strong>Sed</strong></span> <span class='ocrx_word' id='word_1_275' title='bbox 1152 1941 1424 2013; x_wconf 92' lang='lat' dir='ltr'><strong>quomodo</strong></span> <span class='ocrx_word' id='word_1_276' title='bbox 1455 1957 1651 1997; x_wconf 91' lang='lat' dir='ltr'><strong>nomen</strong></span> <span class='ocrx_word' id='word_1_277' title='bbox 1684 1944 1833 1997; x_wconf 82' lang='lat' dir='ltr'><strong>Amri</strong></span> <span class='ocrx_word' id='word_1_278' title='bbox 1859 1951 1915 1998; x_wconf 91' lang='lat' dir='ltr'><strong>et</strong></span> <span class='ocrx_word' id='word_1_279' title='bbox 1938 1942 2148 2009; x_wconf 88' lang='lat' dir='ltr'><strong>Achab,</strong></span> 
     </span>
    </p>
   </div>
   <div class='ocr_carea' id='block_1_36' title="bbox 554 2034 2152 2107">
    <p class='ocr_par' dir='ltr' id='par_1_36' title="bbox 554 2034 2152 2107">
     <span class='ocr_line' id='line_1_36' title="bbox 554 2034 2152 2107; baseline -0.001 -15"><span class='ocrx_word' id='word_1_280' title='bbox 554 2034 820 2092; x_wconf 72' lang='lat' dir='ltr'><strong>Samaria:</strong></span> <span class='ocrx_word' id='word_1_281' title='bbox 852 2036 1189 2107; x_wconf 88' lang='lat' dir='ltr'><strong>principum,</strong></span> <span class='ocrx_word' id='word_1_282' title='bbox 1223 2037 1291 2092; x_wconf 94' lang='lat' dir='ltr'><strong>ad</strong></span> <span class='ocrx_word' id='word_1_283' title='bbox 1342 2036 1650 2093; x_wconf 84' lang='lat' dir='ltr'><strong>Jerusalem</strong></span> <span class='ocrx_word' id='word_1_284' title='bbox 1699 2045 1755 2091; x_wconf 90' lang='lat' dir='ltr'><strong>et</strong></span> <span class='ocrx_word' id='word_1_285' title='bbox 1802 2035 2017 2105; x_wconf 84' lang='lat' dir='ltr'><strong>Judam,</strong></span> <span class='ocrx_word' id='word_1_286' title='bbox 2050 2036 2152 2090; x_wconf 92' lang='lat' dir='ltr'><strong>sub</strong></span> 
     </span>
    </p>
   </div>
   <div class='ocr_carea' id='block_1_37' title="bbox 555 2128 2150 2200">
    <p class='ocr_par' dir='ltr' id='par_1_37' title="bbox 555 2128 2150 2200">
     <span class='ocr_line' id='line_1_37' title="bbox 555 2128 2150 2200; baseline 0.001 -18"><span class='ocrx_word' id='word_1_287' title='bbox 555 2142 789 2198; x_wconf 92' lang='lat' dir='ltr'><strong>quorum</strong></span> <span class='ocrx_word' id='word_1_288' title='bbox 858 2129 1177 2185; x_wconf 89' lang='lat' dir='ltr'><strong>nominibus</strong></span> <span class='ocrx_word' id='word_1_289' title='bbox 1225 2130 1616 2200; x_wconf 85' lang='lat' dir='ltr'><strong>interpretatur</strong></span> <span class='ocrx_word' id='word_1_290' title='bbox 1664 2128 1930 2196; x_wconf 83' lang='lat' dir='ltr'><strong>Ecclesia,</strong></span> <span class='ocrx_word' id='word_1_291' title='bbox 1981 2128 2150 2199; x_wconf 91' lang='lat' dir='ltr'><strong>possit</strong></span> 
     </span>
    </p>
   </div>
   <div class='ocr_carea' id='block_1_38' title="bbox 554 2219 1370 2292">
    <p class='ocr_par' dir='ltr' id='par_1_38' title="bbox 554 2219 1370 2292">
     <span class='ocr_line' id='line_1_38' title="bbox 554 2219 1370 2292; baseline 0.001 -17"><span class='ocrx_word' id='word_1_292' title='bbox 554 2219 772 2289; x_wconf 87' lang='lat' dir='ltr'><strong>referri,</strong></span> <span class='ocrx_word' id='word_1_293' title='bbox 806 2237 914 2276; x_wconf 93' lang='lat' dir='ltr'><strong>non</strong></span> <span class='ocrx_word' id='word_1_294' title='bbox 944 2222 1075 2277; x_wconf 90' lang='lat' dir='ltr'><strong>satis</strong></span> <span class='ocrx_word' id='word_1_295' title='bbox 1103 2221 1370 2292; x_wconf 89' lang='lat' dir='ltr'><strong>intelligo.</strong></span> 
     </span>
    </p>
   </div>
   <div class='ocr_carea' id='block_1_39' title="bbox 626 2313 2152 2389">
    <p class='ocr_par' dir='ltr' id='par_1_39' title="bbox 626 2313 2152 2389">
     <span class='ocr_line' id='line_1_39' title="bbox 626 2313 2152 2389; baseline 0.003 -23"><span class='ocrx_word' id='word_1_296' title='bbox 626 2313 783 2385; x_wconf 89' lang='lat' dir='ltr'><strong>(Cap.</strong></span> <span class='ocrx_word' id='word_1_297' title='bbox 812 2313 924 2369; x_wconf 91' lang='lat' dir='ltr'><strong>Vll.</strong></span> <span class='ocrx_word' id='word_1_298' title='bbox 949 2345 1019 2355; x_wconf 88' lang='lat'><strong>-—</strong></span> <span class='ocrx_word' id='word_1_299' title='bbox 1050 2315 1207 2371; x_wconf 88' lang='lat' dir='ltr'><strong>Vers.</strong></span> <span class='ocrx_word' id='word_1_300' title='bbox 1243 2318 1269 2372; x_wconf 77' lang='grc'><strong>1</strong></span> <span class='ocrx_word' id='word_1_301' title='bbox 1306 2315 1450 2386; x_wconf 90' lang='lat' dir='ltr'><strong>seq.)</strong></span> <span class='ocrx_word' id='word_1_302' title='bbox 1492 2316 1655 2389; x_wconf 74' lang='lat'><strong>512</strong></span> <span class='ocrx_word' id='word_1_303' title='bbox 1690 2316 1776 2372; x_wconf 78' lang='lat' dir='ltr'><strong>Va:</strong></span> <span class='ocrx_word' id='word_1_304' title='bbox 1824 2316 1973 2386; x_wconf 79' lang='lat' dir='ltr'><strong>milii,</strong></span> <span class='ocrx_word' id='word_1_305' title='bbox 2030 2317 2152 2387; x_wconf 85' lang='lat' dir='ltr'><strong>quia</strong></span> 
     </span>
    </p>
   </div>
   <div class='ocr_carea' id='block_1_40' title="bbox 556 2407 2150 2481">
    <p class='ocr_par' dir='ltr' id='par_1_40' title="bbox 556 2407 2150 2481">
     <span class='ocr_line' id='line_1_40' title="bbox 556 2407 2150 2481; baseline 0.004 -22"><span class='ocrx_word' id='word_1_306' title='bbox 556 2407 728 2478; x_wconf 81' lang='lat' dir='ltr'><strong>factus</strong></span> <span class='ocrx_word' id='word_1_307' title='bbox 757 2422 871 2461; x_wconf 87' lang='lat' dir='ltr'><strong>sunt</strong></span> <span class='ocrx_word' id='word_1_308' title='bbox 894 2408 1028 2461; x_wconf 88' lang='lat' dir='ltr'><strong>sicut</strong></span> <span class='ocrx_word' id='word_1_309' title='bbox 1047 2409 1134 2478; x_wconf 86' lang='lat' dir='ltr'><strong>qui</strong></span> <span class='ocrx_word' id='word_1_310' title='bbox 1156 2409 1357 2481; x_wconf 84' lang='lat' dir='ltr'><strong>colligit</strong></span> <span class='ocrx_word' id='word_1_311' title='bbox 1383 2409 1435 2463; x_wconf 93' lang='lat' dir='ltr'><strong>in</strong></span> <span class='ocrx_word' id='word_1_312' title='bbox 1459 2421 1707 2464; x_wconf 85' lang='lat' dir='ltr'><strong>autumno</strong></span> <span class='ocrx_word' id='word_1_313' title='bbox 1727 2425 1956 2464; x_wconf 76' lang='lat' dir='ltr'><strong>racemos</strong></span> <span class='ocrx_word' id='word_1_314' title='bbox 1972 2411 2150 2465; x_wconf 82' lang='lat' dir='ltr'><strong>vinde—</strong></span> 
     </span>
    </p>
   </div>
   <div class='ocr_carea' id='block_1_41' title="bbox 557 2498 2151 2573">
    <p class='ocr_par' dir='ltr' id='par_1_41' title="bbox 557 2498 2151 2573">
     <span class='ocr_line' id='line_1_41' title="bbox 557 2498 2151 2573; baseline 0.003 -23"><span class='ocrx_word' id='word_1_315' title='bbox 557 2498 677 2552; x_wconf 75' lang='lat' dir='ltr'><strong>mia:</strong></span> <span class='ocrx_word' id='word_1_316' title='bbox 706 2514 725 2553; x_wconf 91' lang='lat'><strong><em>:</em></strong></span> <span class='ocrx_word' id='word_1_317' title='bbox 746 2515 847 2553; x_wconf 82' lang='lat' dir='ltr'><strong>non</strong></span> <span class='ocrx_word' id='word_1_318' title='bbox 876 2511 949 2554; x_wconf 87' lang='lat' dir='ltr'><strong>est</strong></span> <span class='ocrx_word' id='word_1_319' title='bbox 978 2499 1158 2554; x_wconf 85' lang='lat' dir='ltr'><strong>botrus</strong></span> <span class='ocrx_word' id='word_1_320' title='bbox 1182 2501 1250 2555; x_wconf 87' lang='lat' dir='ltr'><strong>ad</strong></span> <span class='ocrx_word' id='word_1_321' title='bbox 1281 2502 1647 2555; x_wconf 82' lang='lat' dir='ltr'><strong>comedendum</strong></span> <span class='ocrx_word' id='word_1_322' title='bbox 1680 2510 1740 2557; x_wconf 72' lang='grc' dir='ltr'><strong>τα</strong></span> <span class='ocrx_word' id='word_1_323' title='bbox 1767 2501 2053 2573; x_wconf 88' lang='lat' dir='ltr'><strong>primitivas</strong></span> <span class='ocrx_word' id='word_1_324' title='bbox 2084 2502 2151 2571; x_wconf 82' lang='lat' dir='ltr'><strong>ﬁ-</strong></span> 
     </span>
    </p>
   </div>
   <div class='ocr_carea' id='block_1_42' title="bbox 558 2591 2151 2660">
    <p class='ocr_par' dir='ltr' id='par_1_42' title="bbox 558 2591 2151 2660">
     <span class='ocr_line' id='line_1_42' title="bbox 558 2591 2151 2660; baseline 0.003 -17"><span class='ocrx_word' id='word_1_325' title='bbox 558 2606 647 2643; x_wconf 88' lang='lat' dir='ltr'><strong>cus</strong></span> <span class='ocrx_word' id='word_1_326' title='bbox 677 2591 988 2646; x_wconf 76' lang='lat' dir='ltr'><strong>desideravit</strong></span> <span class='ocrx_word' id='word_1_327' title='bbox 1018 2594 1193 2646; x_wconf 90' lang='lat' dir='ltr'><strong>anima</strong></span> <span class='ocrx_word' id='word_1_328' title='bbox 1214 2608 1347 2646; x_wconf 88' lang='lat' dir='ltr'><strong>mea.</strong></span> <span class='ocrx_word' id='word_1_329' title='bbox 1381 2592 1541 2647; x_wconf 84' lang='lat' dir='ltr'><strong>Periit</strong></span> <span class='ocrx_word' id='word_1_330' title='bbox 1583 2602 1790 2648; x_wconf 82' lang='lat' dir='ltr'><strong>sanctus</strong></span> <span class='ocrx_word' id='word_1_331' title='bbox 1830 2594 1896 2646; x_wconf 89' lang='lat' dir='ltr'><strong>de</strong></span> <span class='ocrx_word' id='word_1_332' title='bbox 1918 2601 2074 2660; x_wconf 88' lang='lat' dir='ltr'><strong>terra,</strong></span> <span class='ocrx_word' id='word_1_333' title='bbox 2104 2603 2151 2647; x_wconf 91' lang='lat' dir='ltr'><strong>et</strong></span> 
     </span>
    </p>
   </div>
   <div class='ocr_carea' id='block_1_43' title="bbox 555 2684 2156 2759">
    <p class='ocr_par' dir='ltr' id='par_1_43' title="bbox 555 2684 2156 2759">
     <span class='ocr_line' id='line_1_43' title="bbox 555 2684 2156 2759; baseline 0.001 -21"><span class='ocrx_word' id='word_1_334' title='bbox 555 2693 727 2738; x_wconf 87' lang='lat' dir='ltr'><strong>rectus</strong></span> <span class='ocrx_word' id='word_1_335' title='bbox 743 2686 796 2739; x_wconf 92' lang='lat' dir='ltr'><strong>in</strong></span> <span class='ocrx_word' id='word_1_336' title='bbox 814 2684 1112 2741; x_wconf 83' lang='lat' dir='ltr'><strong>hominibus</strong></span> <span class='ocrx_word' id='word_1_337' title='bbox 1153 2704 1256 2742; x_wconf 87' lang='lat' dir='ltr'><strong>non</strong></span> <span class='ocrx_word' id='word_1_338' title='bbox 1282 2695 1377 2741; x_wconf 79' lang='lat' dir='ltr'><strong>est.</strong></span> <span class='ocrx_word' id='word_1_339' title='bbox 1413 2687 1600 2742; x_wconf 82' lang='lat' dir='ltr'><strong>Omnes</strong></span> <span class='ocrx_word' id='word_1_340' title='bbox 1645 2688 1699 2741; x_wconf 90' lang='lat' dir='ltr'><strong>in</strong></span> <span class='ocrx_word' id='word_1_341' title='bbox 1736 2689 1991 2759; x_wconf 77' lang='lat' dir='ltr'><strong>sanguine</strong></span> <span class='ocrx_word' id='word_1_342' title='bbox 2027 2688 2156 2741; x_wconf 84' lang='lat' dir='ltr'><strong>insi-</strong></span> 
     </span>
    </p>
   </div>
   <div class='ocr_carea' id='block_1_44' title="bbox 559 2778 2155 2849">
    <p class='ocr_par' dir='ltr' id='par_1_44' title="bbox 559 2778 2155 2849">
     <span class='ocr_line' id='line_1_44' title="bbox 559 2778 2155 2849; baseline 0.001 -19"><span class='ocrx_word' id='word_1_343' title='bbox 559 2778 799 2845; x_wconf 84' lang='lat' dir='ltr'><strong>diantur,</strong></span> <span class='ocrx_word' id='word_1_344' title='bbox 830 2779 908 2832; x_wconf 89' lang='lat' dir='ltr'><strong>vir</strong></span> <span class='ocrx_word' id='word_1_345' title='bbox 934 2779 1156 2849; x_wconf 73' lang='lat' dir='ltr'><strong>fratrem</strong></span> <span class='ocrx_word' id='word_1_346' title='bbox 1177 2796 1328 2834; x_wconf 86' lang='lat' dir='ltr'><strong>suum</strong></span> <span class='ocrx_word' id='word_1_347' title='bbox 1358 2789 1571 2834; x_wconf 83' lang='lat' dir='ltr'><strong>venatur</strong></span> <span class='ocrx_word' id='word_1_348' title='bbox 1601 2781 1652 2833; x_wconf 91' lang='lat' dir='ltr'><strong>in</strong></span> <span class='ocrx_word' id='word_1_349' title='bbox 1678 2789 1915 2835; x_wconf 88' lang='lat' dir='ltr'><strong>mortem.</strong></span> <span class='ocrx_word' id='word_1_350' title='bbox 1958 2779 2155 2847; x_wconf 82' lang='lat' dir='ltr'><strong>Malum</strong></span> 
     </span>
    </p>
   </div>
   <div class='ocr_carea' id='block_1_45' title="bbox 558 2873 2155 2945">
    <p class='ocr_par' dir='ltr' id='par_1_45' title="bbox 558 2873 2155 2945">
     <span class='ocr_line' id='line_1_45' title="bbox 558 2873 2155 2945; baseline 0 -20"><span class='ocrx_word' id='word_1_351' title='bbox 558 2888 804 2926; x_wconf 88' lang='lat' dir='ltr'><strong>manuunt</strong></span> <span class='ocrx_word' id='word_1_352' title='bbox 826 2889 1037 2927; x_wconf 87' lang='lat' dir='ltr'><strong>suarum</strong></span> <span class='ocrx_word' id='word_1_353' title='bbox 1076 2876 1255 2928; x_wconf 87' lang='lat' dir='ltr'><strong>dicunt</strong></span> <span class='ocrx_word' id='word_1_354' title='bbox 1278 2875 1505 2939; x_wconf 86' lang='lat' dir='ltr'><strong>bonum;</strong></span> <span class='ocrx_word' id='word_1_355' title='bbox 1554 2875 1790 2945; x_wconf 83' lang='lat' dir='ltr'><strong>princeps</strong></span> <span class='ocrx_word' id='word_1_356' title='bbox 1836 2873 2083 2943; x_wconf 83' lang='lat' dir='ltr'><strong>postulat,</strong></span> <span class='ocrx_word' id='word_1_357' title='bbox 2108 2881 2155 2926; x_wconf 89' lang='lat' dir='ltr'><strong>et</strong></span> 
     </span>
    </p>
   </div>
   <div class='ocr_carea' id='block_1_46' title="bbox 550 2967 2155 3040">
    <p class='ocr_par' dir='ltr' id='par_1_46' title="bbox 550 2967 2155 3040">
     <span class='ocr_line' id='line_1_46' title="bbox 550 2967 2155 3040; baseline 0.001 -20"><span class='ocrx_word' id='word_1_358' title='bbox 550 2967 724 3040; x_wconf 79' lang='lat' dir='ltr'><strong>judea:</strong></span> <span class='ocrx_word' id='word_1_359' title='bbox 758 2968 814 3021; x_wconf 85' lang='lat' dir='ltr'><strong>in</strong></span> <span class='ocrx_word' id='word_1_360' title='bbox 847 2968 1109 3022; x_wconf 87' lang='lat' dir='ltr'><strong>reddendo</strong></span> <span class='ocrx_word' id='word_1_361' title='bbox 1138 2980 1235 3036; x_wconf 87' lang='lat' dir='ltr'><strong>est,</strong></span> <span class='ocrx_word' id='word_1_362' title='bbox 1274 2980 1322 3024; x_wconf 91' lang='lat' dir='ltr'><strong>et</strong></span> <span class='ocrx_word' id='word_1_363' title='bbox 1371 2985 1587 3040; x_wconf 86' lang='lat' dir='ltr'><strong>magnus</strong></span> <span class='ocrx_word' id='word_1_364' title='bbox 1617 2970 1819 3023; x_wconf 89' lang='lat' dir='ltr'><strong>locutus</strong></span> <span class='ocrx_word' id='word_1_365' title='bbox 1858 2978 1931 3024; x_wconf 86' lang='lat' dir='ltr'><strong>est</strong></span> <span class='ocrx_word' id='word_1_366' title='bbox 1957 2967 2155 3023; x_wconf 86' lang='lat' dir='ltr'><strong>deside-</strong></span> 
     </span>
    </p>
   </div>
   <div class='ocr_carea' id='block_1_47' title="bbox 559 3060 2156 3131">
    <p class='ocr_par' dir='ltr' id='par_1_47' title="bbox 559 3060 2156 3131">
     <span class='ocr_line' id='line_1_47' title="bbox 559 3060 2156 3131; baseline 0.002 -18"><span class='ocrx_word' id='word_1_367' title='bbox 559 3060 695 3113; x_wconf 83' lang='lat' dir='ltr'><strong>rium</strong></span> <span class='ocrx_word' id='word_1_368' title='bbox 734 3061 921 3114; x_wconf 69' lang='lat' dir='ltr'><strong>animm</strong></span> <span class='ocrx_word' id='word_1_369' title='bbox 948 3077 1077 3123; x_wconf 61' lang='lat' dir='ltr'><strong>suae,</strong></span> <span class='ocrx_word' id='word_1_370' title='bbox 1104 3070 1154 3115; x_wconf 93' lang='lat' dir='ltr'><strong>et</strong></span> <span class='ocrx_word' id='word_1_371' title='bbox 1176 3062 1610 3117; x_wconf 69' lang='lat' dir='ltr'><strong>conturbauerunt</strong></span> <span class='ocrx_word' id='word_1_372' title='bbox 1632 3080 1765 3116; x_wconf 86' lang='lat' dir='ltr'><strong>eam.</strong></span> <span class='ocrx_word' id='word_1_373' title='bbox 1810 3062 1910 3129; x_wconf 84' lang='lat' dir='ltr'><strong>Qui</strong></span> <span class='ocrx_word' id='word_1_374' title='bbox 1932 3064 2156 3131; x_wconf 81' lang='lat' dir='ltr'><strong>Optimus</strong></span> 
     </span>
    </p>
   </div>
   <div class='ocr_carea' id='block_1_48' title="bbox 2254 1844 3851 1918">
    <p class='ocr_par' dir='ltr' id='par_1_48' title="bbox 2254 1844 3851 1918">
     <span class='ocr_line' id='line_1_48' title="bbox 2254 1844 3851 1918; baseline -0.001 -19"><span class='ocrx_word' id='word_1_375' title='bbox 2254 1857 2409 1902; x_wconf 88' lang='lat' dir='ltr'><strong>terra.</strong></span> <span class='ocrx_word' id='word_1_376' title='bbox 2438 1847 2539 1915; x_wconf 88' lang='lat' dir='ltr'><strong>Qui</strong></span> <span class='ocrx_word' id='word_1_377' title='bbox 2586 1849 2731 1905; x_wconf 88' lang='lat' dir='ltr'><strong>enim</strong></span> <span class='ocrx_word' id='word_1_378' title='bbox 2779 1849 3018 1918; x_wconf 81' lang='lat' dir='ltr'><strong>Optimus</strong></span> <span class='ocrx_word' id='word_1_379' title='bbox 3049 1850 3194 1902; x_wconf 91' lang='lat' dir='ltr'><strong>inter</strong></span> <span class='ocrx_word' id='word_1_380' title='bbox 3221 1861 3318 1902; x_wconf 91' lang='lat' dir='ltr'><strong>eos</strong></span> <span class='ocrx_word' id='word_1_381' title='bbox 3346 1854 3463 1912; x_wconf 85' lang='lat' dir='ltr'><strong>est,</strong></span> <span class='ocrx_word' id='word_1_382' title='bbox 3500 1845 3665 1915; x_wconf 89' lang='lat' dir='ltr'><strong>quasi</strong></span> <span class='ocrx_word' id='word_1_383' title='bbox 3694 1844 3851 1915; x_wconf 90' lang='lat' dir='ltr'><strong>paliu-</strong></span> 
     </span>
    </p>
   </div>
   <div class='ocr_carea' id='block_1_49' title="bbox 2254 1939 3854 2013">
    <p class='ocr_par' dir='ltr' id='par_1_49' title="bbox 2254 1939 3854 2013">
     <span class='ocr_line' id='line_1_49' title="bbox 2254 1939 3854 2013; baseline -0.003 -16"><span class='ocrx_word' id='word_1_384' title='bbox 2254 1958 2344 1997; x_wconf 90' lang='lat' dir='ltr'><strong>rus</strong></span> <span class='ocrx_word' id='word_1_385' title='bbox 2378 1958 2640 2013; x_wconf 90' lang='lat' dir='ltr'><strong>pungens,</strong></span> <span class='ocrx_word' id='word_1_386' title='bbox 2672 1951 2727 1999; x_wconf 91' lang='lat' dir='ltr'><strong>et</strong></span> <span class='ocrx_word' id='word_1_387' title='bbox 2749 1943 3015 2010; x_wconf 90' lang='lat' dir='ltr'><strong>retinens,</strong></span> <span class='ocrx_word' id='word_1_388' title='bbox 3074 1942 3367 1996; x_wconf 87' lang='lat' dir='ltr'><strong>vulnerans</strong></span> <span class='ocrx_word' id='word_1_389' title='bbox 3411 1939 3854 2011; x_wconf 84' lang='lat' dir='ltr'><strong>appropinquan-</strong></span> 
     </span>
    </p>
   </div>
   <div class='ocr_carea' id='block_1_50' title="bbox 2255 2032 3847 2104">
    <p class='ocr_par' dir='ltr' id='par_1_50' title="bbox 2255 2032 3847 2104">
     <span class='ocr_line' id='line_1_50' title="bbox 2255 2032 3847 2104; baseline -0.001 -15"><span class='ocrx_word' id='word_1_390' title='bbox 2255 2044 2362 2089; x_wconf 91' lang='lat' dir='ltr'><strong>tem</strong></span> <span class='ocrx_word' id='word_1_391' title='bbox 2393 2036 2519 2103; x_wconf 90' lang='lat' dir='ltr'><strong>sibi,</strong></span> <span class='ocrx_word' id='word_1_392' title='bbox 2578 2044 2632 2091; x_wconf 90' lang='lat' dir='ltr'><strong>et</strong></span> <span class='ocrx_word' id='word_1_393' title='bbox 2662 2035 2874 2091; x_wconf 87' lang='lat' dir='ltr'><strong>adunco</strong></span> <span class='ocrx_word' id='word_1_394' title='bbox 2901 2035 3066 2091; x_wconf 92' lang='lat' dir='ltr'><strong>dente</strong></span> <span class='ocrx_word' id='word_1_395' title='bbox 3116 2033 3614 2104; x_wconf 89' lang='lat' dir='ltr'><strong>comprehendens</strong></span> <span class='ocrx_word' id='word_1_396' title='bbox 3644 2046 3660 2085; x_wconf 89' lang='lat'><strong>:</strong></span> <span class='ocrx_word' id='word_1_397' title='bbox 3693 2041 3748 2087; x_wconf 91' lang='lat' dir='ltr'><strong>et</strong></span> <span class='ocrx_word' id='word_1_398' title='bbox 3769 2032 3847 2102; x_wconf 87' lang='lat' dir='ltr'><strong>qui</strong></span> 
     </span>
    </p>
   </div>
   <div class='ocr_carea' id='block_1_51' title="bbox 2252 2124 3850 2200">
    <p class='ocr_par' dir='ltr' id='par_1_51' title="bbox 2252 2124 3850 2200">
     <span class='ocr_line' id='line_1_51' title="bbox 2252 2124 3850 2200; baseline -0.003 -18"><span class='ocrx_word' id='word_1_399' title='bbox 2252 2128 2918 2198; x_wconf 88' lang='lat' dir='ltr'><strong>reetusfueritinventus,</strong></span> <span class='ocrx_word' id='word_1_400' title='bbox 2970 2128 3123 2200; x_wconf 91' lang='lat' dir='ltr'><strong>quasi</strong></span> <span class='ocrx_word' id='word_1_401' title='bbox 3169 2127 3324 2199; x_wconf 82' lang='lat' dir='ltr'><strong>spina</strong></span> <span class='ocrx_word' id='word_1_402' title='bbox 3356 2127 3430 2182; x_wconf 92' lang='lat' dir='ltr'><strong>de</strong></span> <span class='ocrx_word' id='word_1_403' title='bbox 3491 2140 3651 2196; x_wconf 88' lang='lat' dir='ltr'><strong>sepe,</strong></span> <span class='ocrx_word' id='word_1_404' title='bbox 3707 2133 3763 2179; x_wconf 90' lang='lat' dir='ltr'><strong>ut</strong></span> <span class='ocrx_word' id='word_1_405' title='bbox 3791 2124 3850 2179; x_wconf 90' lang='lat' dir='ltr'><strong>ibi</strong></span> 
     </span>
    </p>
   </div>
   <div class='ocr_carea' id='block_1_52' title="bbox 2254 2218 3846 2291">
    <p class='ocr_par' dir='ltr' id='par_1_52' title="bbox 2254 2218 3846 2291">
     <span class='ocr_line' id='line_1_52' title="bbox 2254 2218 3846 2291; baseline -0.003 -16"><span class='ocrx_word' id='word_1_406' title='bbox 2254 2222 2562 2276; x_wconf 84' lang='lat' dir='ltr'><strong>inveniatur</strong></span> <span class='ocrx_word' id='word_1_407' title='bbox 2584 2220 2763 2289; x_wconf 89' lang='lat' dir='ltr'><strong>dolor,</strong></span> <span class='ocrx_word' id='word_1_408' title='bbox 2796 2222 2885 2276; x_wconf 91' lang='lat' dir='ltr'><strong>ubi</strong></span> <span class='ocrx_word' id='word_1_409' title='bbox 2912 2222 3202 2291; x_wconf 87' lang='lat' dir='ltr'><strong>putabatur</strong></span> <span class='ocrx_word' id='word_1_410' title='bbox 3232 2219 3530 2274; x_wconf 77' lang='lat' dir='ltr'><strong>auxilium.</strong></span> <span class='ocrx_word' id='word_1_411' title='bbox 3570 2218 3687 2274; x_wconf 83' lang='lat' dir='ltr'><strong>Hoc</strong></span> <span class='ocrx_word' id='word_1_412' title='bbox 3712 2218 3846 2287; x_wconf 73' lang='lat' dir='ltr'><strong>juxta</strong></span> 
     </span>
    </p>
   </div>
   <div class='ocr_carea' id='block_1_53' title="bbox 2257 2310 3850 2385">
    <p class='ocr_par' dir='ltr' id='par_1_53' title="bbox 2257 2310 3850 2385">
     <span class='ocr_line' id='line_1_53' title="bbox 2257 2310 3850 2385; baseline -0.003 -17"><span class='ocrx_word' id='word_1_413' title='bbox 2257 2313 2605 2368; x_wconf 87' lang='lat' dir='ltr'><strong>Hebraicum.</strong></span> <span class='ocrx_word' id='word_1_414' title='bbox 2641 2313 2812 2369; x_wconf 88' lang='lat' dir='ltr'><strong>Porro</strong></span> <span class='ocrx_word' id='word_1_415' title='bbox 2839 2314 3136 2370; x_wconf 84' lang='lat' dir='ltr'><strong>secundum</strong></span> <span class='ocrx_word' id='word_1_416' title='bbox 3192 2314 3589 2385; x_wconf 87' lang='lat' dir='ltr'><strong>Septuaginta,</strong></span> <span class='ocrx_word' id='word_1_417' title='bbox 3632 2312 3723 2382; x_wconf 89' lang='lat' dir='ltr'><strong>qui</strong></span> <span class='ocrx_word' id='word_1_418' title='bbox 3751 2310 3850 2365; x_wconf 89' lang='lat' dir='ltr'><strong>dis-</strong></span> 
     </span>
    </p>
   </div>
   <div class='ocr_carea' id='block_1_54' title="bbox 2255 2400 3845 2477">
    <p class='ocr_par' dir='ltr' id='par_1_54' title="bbox 2255 2400 3845 2477">
     <span class='ocr_line' id='line_1_54' title="bbox 2255 2400 3845 2477; baseline -0.003 -17"><span class='ocrx_word' id='word_1_419' title='bbox 2255 2407 2496 2461; x_wconf 87' lang='lat' dir='ltr'><strong>sentiunt</strong></span> <span class='ocrx_word' id='word_1_420' title='bbox 2530 2407 2584 2461; x_wconf 87' lang='lat' dir='ltr'><strong>in</strong></span> <span class='ocrx_word' id='word_1_421' title='bbox 2610 2407 2959 2477; x_wconf 86' lang='lat' dir='ltr'><strong>quibusdam,</strong></span> <span class='ocrx_word' id='word_1_422' title='bbox 3000 2414 3056 2462; x_wconf 91' lang='lat' dir='ltr'><strong>et</strong></span> <span class='ocrx_word' id='word_1_423' title='bbox 3105 2405 3158 2461; x_wconf 93' lang='lat' dir='ltr'><strong>in</strong></span> <span class='ocrx_word' id='word_1_424' title='bbox 3188 2406 3297 2460; x_wconf 89' lang='lat' dir='ltr'><strong>fine</strong></span> <span class='ocrx_word' id='word_1_425' title='bbox 3349 2402 3586 2475; x_wconf 88' lang='lat' dir='ltr'><strong>capituli</strong></span> <span class='ocrx_word' id='word_1_426' title='bbox 3643 2400 3845 2456; x_wconf 88' lang='lat' dir='ltr'><strong>omnino</strong></span> 
     </span>
    </p>
   </div>
   <div class='ocr_carea' id='block_1_55' title="bbox 2255 2494 3847 2568">
    <p class='ocr_par' dir='ltr' id='par_1_55' title="bbox 2255 2494 3847 2568">
     <span class='ocr_line' id='line_1_55' title="bbox 2255 2494 3847 2568; baseline -0.004 -15"><span class='ocrx_word' id='word_1_427' title='bbox 2255 2499 2416 2554; x_wconf 88' lang='lat' dir='ltr'><strong>aliter</strong></span> <span class='ocrx_word' id='word_1_428' title='bbox 2445 2500 2863 2566; x_wconf 88' lang='lat' dir='ltr'><strong>transtulerunt,</strong></span> <span class='ocrx_word' id='word_1_429' title='bbox 2895 2497 3273 2568; x_wconf 87' lang='lat' dir='ltr'><strong>hujuscemodi</strong></span> <span class='ocrx_word' id='word_1_430' title='bbox 3303 2497 3439 2552; x_wconf 89' lang='lat' dir='ltr'><strong>mihi</strong></span> <span class='ocrx_word' id='word_1_431' title='bbox 3472 2510 3679 2551; x_wconf 87' lang='lat' dir='ltr'><strong>sensus</strong></span> <span class='ocrx_word' id='word_1_432' title='bbox 3721 2494 3847 2548; x_wconf 85' lang='lat' dir='ltr'><strong>vide-</strong></span> 
     </span>
    </p>
   </div>
   <div class='ocr_carea' id='block_1_56' title="bbox 2259 2589 3844 2665">
    <p class='ocr_par' dir='ltr' id='par_1_56' title="bbox 2259 2589 3844 2665">
     <span class='ocr_line' id='line_1_56' title="bbox 2259 2589 3844 2665; baseline -0.004 -17"><span class='ocrx_word' id='word_1_433' title='bbox 2259 2595 2600 2665; x_wconf 75' lang='lat' dir='ltr'><strong>turzplangit</strong></span> <span class='ocrx_word' id='word_1_434' title='bbox 2632 2610 2813 2650; x_wconf 89' lang='lat' dir='ltr'><strong>sermo</strong></span> <span class='ocrx_word' id='word_1_435' title='bbox 2843 2595 3213 2665; x_wconf 79' lang='lat' dir='ltr'><strong>prOphetieus,</strong></span> <span class='ocrx_word' id='word_1_436' title='bbox 3242 2594 3356 2647; x_wconf 85' lang='lat' dir='ltr'><strong>sive</strong></span> <span class='ocrx_word' id='word_1_437' title='bbox 3378 2589 3744 2662; x_wconf 86' lang='lat' dir='ltr'><strong>apostolicus,</strong></span> <span class='ocrx_word' id='word_1_438' title='bbox 3767 2601 3844 2657; x_wconf 81' lang='lat' dir='ltr'><strong>ge-</strong></span> 
     </span>
    </p>
   </div>
   <div class='ocr_carea' id='block_1_57' title="bbox 2258 2686 3843 2758">
    <p class='ocr_par' dir='ltr' id='par_1_57' title="bbox 2258 2686 3843 2758">
     <span class='ocr_line' id='line_1_57' title="bbox 2258 2686 3843 2758; baseline -0.006 -15"><span class='ocrx_word' id='word_1_439' title='bbox 2258 2689 2522 2744; x_wconf 89' lang='lat' dir='ltr'><strong>neraliter</strong></span> <span class='ocrx_word' id='word_1_440' title='bbox 2545 2688 2841 2743; x_wconf 90' lang='lat' dir='ltr'><strong>humanum</strong></span> <span class='ocrx_word' id='word_1_441' title='bbox 2882 2703 3074 2758; x_wconf 80' lang='lat' dir='ltr'><strong>genus,</strong></span> <span class='ocrx_word' id='word_1_442' title='bbox 3110 2686 3253 2756; x_wconf 92' lang='lat' dir='ltr'><strong>quod</strong></span> <span class='ocrx_word' id='word_1_443' title='bbox 3286 2686 3496 2741; x_wconf 83' lang='lat' dir='ltr'><strong>frustra</strong></span> <span class='ocrx_word' id='word_1_444' title='bbox 3557 2690 3843 2739; x_wconf 89' lang='lat' dir='ltr'><strong>sementem</strong></span> 
     </span>
    </p>
   </div>
   <div class='ocr_carea' id='block_1_58' title="bbox 2254 2771 3840 2852">
    <p class='ocr_par' dir='ltr' id='par_1_58' title="bbox 2254 2771 3840 2852">
     <span class='ocr_line' id='line_1_58' title="bbox 2254 2771 3840 2852; baseline -0.006 -16"><span class='ocrx_word' id='word_1_445' title='bbox 2254 2782 2451 2852; x_wconf 89' lang='lat' dir='ltr'><strong>jeeerit</strong></span> <span class='ocrx_word' id='word_1_446' title='bbox 2490 2782 2886 2847; x_wconf 89' lang='lat' dir='ltr'><strong>doctrinarum,</strong></span> <span class='ocrx_word' id='word_1_447' title='bbox 2940 2788 2995 2835; x_wconf 92' lang='lat' dir='ltr'><strong>et</strong></span> <span class='ocrx_word' id='word_1_448' title='bbox 3052 2795 3151 2849; x_wconf 91' lang='lat' dir='ltr'><strong>pro</strong></span> <span class='ocrx_word' id='word_1_449' title='bbox 3197 2778 3503 2850; x_wconf 84' lang='lat' dir='ltr'><strong>segetibus,</strong></span> <span class='ocrx_word' id='word_1_450' title='bbox 3529 2784 3587 2831; x_wconf 90' lang='lat' dir='ltr'><strong>et</strong></span> <span class='ocrx_word' id='word_1_451' title='bbox 3619 2788 3716 2845; x_wconf 88' lang='lat' dir='ltr'><strong>pro</strong></span> <span class='ocrx_word' id='word_1_452' title='bbox 3738 2771 3840 2828; x_wconf 87' lang='lat' dir='ltr'><strong>fru-</strong></span> 
     </span>
    </p>
   </div>
   <div class='ocr_carea' id='block_1_59' title="bbox 2260 2869 3838 2943">
    <p class='ocr_par' dir='ltr' id='par_1_59' title="bbox 2260 2869 3838 2943">
     <span class='ocr_line' id='line_1_59' title="bbox 2260 2869 3838 2943; baseline -0.006 -15"><span class='ocrx_word' id='word_1_453' title='bbox 2260 2876 2456 2929; x_wconf 85' lang='lat' dir='ltr'><strong>mentis</strong></span> <span class='ocrx_word' id='word_1_454' title='bbox 2508 2875 2592 2929; x_wconf 78' lang='lat' dir='ltr'><strong>vix</strong></span> <span class='ocrx_word' id='word_1_455' title='bbox 2623 2890 2823 2931; x_wconf 86' lang='lat' dir='ltr'><strong>vacuas</strong></span> <span class='ocrx_word' id='word_1_456' title='bbox 2850 2873 3077 2943; x_wconf 89' lang='lat' dir='ltr'><strong>stipulas</strong></span> <span class='ocrx_word' id='word_1_457' title='bbox 3109 2880 3165 2928; x_wconf 92' lang='lat' dir='ltr'><strong>et</strong></span> <span class='ocrx_word' id='word_1_458' title='bbox 3208 2871 3401 2926; x_wconf 83' lang='lat' dir='ltr'><strong>inanes</strong></span> <span class='ocrx_word' id='word_1_459' title='bbox 3448 2869 3671 2926; x_wconf 86' lang='lat' dir='ltr'><strong>culmos</strong></span> <span class='ocrx_word' id='word_1_460' title='bbox 3699 2879 3838 2920; x_wconf 91' lang='lat' dir='ltr'><strong>serus</strong></span> 
     </span>
    </p>
   </div>
   <div class='ocr_carea' id='block_1_60' title="bbox 2259 2958 3838 3038">
    <p class='ocr_par' dir='ltr' id='par_1_60' title="bbox 2259 2958 3838 3038">
     <span class='ocr_line' id='line_1_60' title="bbox 2259 2958 3838 3038; baseline -0.007 -12"><span class='ocrx_word' id='word_1_461' title='bbox 2259 2985 2474 3026; x_wconf 90' lang='lat' dir='ltr'><strong>messor</strong></span> <span class='ocrx_word' id='word_1_462' title='bbox 2524 2971 2817 3037; x_wconf 88' lang='lat' dir='ltr'><strong>invenerit,</strong></span> <span class='ocrx_word' id='word_1_463' title='bbox 2847 2979 2905 3025; x_wconf 91' lang='lat' dir='ltr'><strong>et</strong></span> <span class='ocrx_word' id='word_1_464' title='bbox 2927 2985 2996 3024; x_wconf 91' lang='lat' dir='ltr'><strong>ne</strong></span> <span class='ocrx_word' id='word_1_465' title='bbox 3029 2982 3226 3038; x_wconf 88' lang='lat' dir='ltr'><strong>parvos</strong></span> <span class='ocrx_word' id='word_1_466' title='bbox 3252 2966 3475 3038; x_wconf 90' lang='lat' dir='ltr'><strong>quidem</strong></span> <span class='ocrx_word' id='word_1_467' title='bbox 3507 2975 3753 3019; x_wconf 89' lang='lat' dir='ltr'><strong>racemos</strong></span> <span class='ocrx_word' id='word_1_468' title='bbox 3793 2958 3838 3015; x_wconf 88' lang='lat' dir='ltr'><strong>in</strong></span> 
     </span>
    </p>
   </div>
   <div class='ocr_carea' id='block_1_61' title="bbox 2260 3054 3837 3135">
    <p class='ocr_par' dir='ltr' id='par_1_61' title="bbox 2260 3054 3837 3135">
     <span class='ocr_line' id='line_1_61' title="bbox 2260 3054 3837 3135; baseline -0.009 -15"><span class='ocrx_word' id='word_1_469' title='bbox 2260 3066 2422 3120; x_wconf 77' lang='lat' dir='ltr'><strong>vinea</strong></span> <span class='ocrx_word' id='word_1_470' title='bbox 2463 3064 2701 3135; x_wconf 89' lang='lat' dir='ltr'><strong>potuerit</strong></span> <span class='ocrx_word' id='word_1_471' title='bbox 2755 3064 3021 3135; x_wconf 88' lang='lat' dir='ltr'><strong>reperire,</strong></span> <span class='ocrx_word' id='word_1_472' title='bbox 3076 3069 3131 3117; x_wconf 91' lang='lat' dir='ltr'><strong>et</strong></span> <span class='ocrx_word' id='word_1_473' title='bbox 3160 3061 3364 3131; x_wconf 89' lang='lat' dir='ltr'><strong>reliqua</strong></span> <span class='ocrx_word' id='word_1_474' title='bbox 3394 3074 3577 3127; x_wconf 90' lang='lat' dir='ltr'><strong>usque</strong></span> <span class='ocrx_word' id='word_1_475' title='bbox 3602 3056 3668 3111; x_wconf 90' lang='lat' dir='ltr'><strong>ad</strong></span> <span class='ocrx_word' id='word_1_476' title='bbox 3692 3054 3837 3109; x_wconf 88' lang='lat' dir='ltr'><strong>linem</strong></span> 
     </span>
    </p>
   </div>
   <div class='ocr_carea' id='block_1_62' title="bbox 559 3137 3839 3227">
    <p class='ocr_par' dir='ltr' id='par_1_62' title="bbox 559 3137 3839 3227">
     <span class='ocr_line' id='line_1_62' title="bbox 559 3137 3839 3227; baseline -0 -22"><span class='ocrx_word' id='word_1_477' title='bbox 559 3151 612 3205; x_wconf 91' lang='lat' dir='ltr'><strong>in</strong></span> <span class='ocrx_word' id='word_1_478' title='bbox 643 3152 717 3205; x_wconf 74' lang='lat' dir='ltr'><strong>eis</strong></span> <span class='ocrx_word' id='word_1_479' title='bbox 746 3162 837 3216; x_wconf 83' lang='lat' dir='ltr'><strong>est,</strong></span> <span class='ocrx_word' id='word_1_480' title='bbox 860 3154 1012 3224; x_wconf 90' lang='lat' dir='ltr'><strong>quasi</strong></span> <span class='ocrx_word' id='word_1_481' title='bbox 1035 3154 1297 3223; x_wconf 81' lang='lat' dir='ltr'><strong>paliurus;</strong></span> <span class='ocrx_word' id='word_1_482' title='bbox 1327 3163 1375 3209; x_wconf 88' lang='lat' dir='ltr'><strong>et</strong></span> <span class='ocrx_word' id='word_1_483' title='bbox 1402 3155 1491 3226; x_wconf 87' lang='lat' dir='ltr'><strong>qui</strong></span> <span class='ocrx_word' id='word_1_484' title='bbox 1518 3165 1708 3223; x_wconf 84' lang='lat' dir='ltr'><strong>rectus,</strong></span> <span class='ocrx_word' id='word_1_485' title='bbox 1739 3156 1886 3225; x_wconf 88' lang='lat' dir='ltr'><strong>quasi</strong></span> <span class='ocrx_word' id='word_1_486' title='bbox 1912 3156 2067 3225; x_wconf 83' lang='lat' dir='ltr'><strong>spina</strong></span> <span class='ocrx_word' id='word_1_487' title='bbox 2092 3156 2156 3209; x_wconf 90' lang='lat' dir='ltr'><strong>de</strong></span> <span class='ocrx_word' id='word_1_488' title='bbox 2182 3137 2228 3201; x_wconf 80' lang='lat' dir='ltr'>C</span> <span class='ocrx_word' id='word_1_489' title='bbox 2259 3157 2503 3227; x_wconf 87' lang='lat' dir='ltr'><strong>capituli.</strong></span> <span class='ocrx_word' id='word_1_490' title='bbox 2534 3157 2591 3211; x_wconf 89' lang='lat' dir='ltr'><strong>Si</strong></span> <span class='ocrx_word' id='word_1_491' title='bbox 2644 3157 2787 3211; x_wconf 88' lang='lat' dir='ltr'><strong>enim</strong></span> <span class='ocrx_word' id='word_1_492' title='bbox 2820 3155 3009 3209; x_wconf 87' lang='lat' dir='ltr'><strong>beatus</strong></span> <span class='ocrx_word' id='word_1_493' title='bbox 3038 3161 3124 3208; x_wconf 86' lang='lat' dir='ltr'><strong>est</strong></span> <span class='ocrx_word' id='word_1_494' title='bbox 3149 3152 3240 3222; x_wconf 89' lang='lat' dir='ltr'><strong>qui</strong></span> <span class='ocrx_word' id='word_1_495' title='bbox 3296 3152 3351 3205; x_wconf 91' lang='lat' dir='ltr'><strong>in</strong></span> <span class='ocrx_word' id='word_1_496' title='bbox 3405 3165 3575 3205; x_wconf 88' lang='lat' dir='ltr'><strong>aures</strong></span> <span class='ocrx_word' id='word_1_497' title='bbox 3626 3146 3839 3216; x_wconf 68' lang='lat' dir='ltr'><strong>loqmlur</strong></span> 
     </span>
    </p>
   </div>
   <div class='ocr_carea' id='block_1_63' title="bbox 561 3243 2155 3317">
    <p class='ocr_par' dir='ltr' id='par_1_63' title="bbox 561 3243 2155 3317">
     <span class='ocr_line' id='line_1_63' title="bbox 561 3243 2155 3317; baseline 0.002 -21"><span class='ocrx_word' id='word_1_498' title='bbox 561 3258 698 3315; x_wconf 86' lang='lat' dir='ltr'><strong>sepe.</strong></span> <span class='ocrx_word' id='word_1_499' title='bbox 729 3243 874 3299; x_wconf 80' lang='lat' dir='ltr'><strong>LXX</strong></span> <span class='ocrx_word' id='word_1_500' title='bbox 902 3262 914 3299; x_wconf 92' lang='lat'>:</span> <span class='ocrx_word' id='word_1_501' title='bbox 956 3245 1042 3301; x_wconf 74' lang='lat' dir='ltr'><strong>Va:</strong></span> <span class='ocrx_word' id='word_1_502' title='bbox 1077 3246 1227 3315; x_wconf 82' lang='lat' dir='ltr'><strong>mihi,</strong></span> <span class='ocrx_word' id='word_1_503' title='bbox 1260 3248 1383 3317; x_wconf 88' lang='lat' dir='ltr'><strong>quia</strong></span> <span class='ocrx_word' id='word_1_504' title='bbox 1404 3251 1575 3317; x_wconf 84' lang='lat' dir='ltr'><strong>factus</strong></span> <span class='ocrx_word' id='word_1_505' title='bbox 1613 3263 1727 3301; x_wconf 89' lang='lat' dir='ltr'><strong>sum</strong></span> <span class='ocrx_word' id='word_1_506' title='bbox 1755 3248 1886 3301; x_wconf 81' lang='lat' dir='ltr'><strong>sicut</strong></span> <span class='ocrx_word' id='word_1_507' title='bbox 1915 3248 2003 3317; x_wconf 88' lang='lat' dir='ltr'><strong>qui</strong></span> <span class='ocrx_word' id='word_1_508' title='bbox 2031 3263 2155 3299; x_wconf 90' lang='lat' dir='ltr'><strong>con-</strong></span> 
     </span>
    </p>
   </div>
   <div class='ocr_carea' id='block_1_64' title="bbox 561 3336 2150 3407">
    <p class='ocr_par' dir='ltr' id='par_1_64' title="bbox 561 3336 2150 3407">
     <span class='ocr_line' id='line_1_64' title="bbox 561 3336 2150 3407; baseline 0 -20"><span class='ocrx_word' id='word_1_509' title='bbox 561 3346 736 3407; x_wconf 86' lang='lat' dir='ltr'><strong>gregat</strong></span> <span class='ocrx_word' id='word_1_510' title='bbox 758 3337 1007 3406; x_wconf 87' lang='lat' dir='ltr'><strong>stipulam</strong></span> <span class='ocrx_word' id='word_1_511' title='bbox 1027 3338 1082 3391; x_wconf 84' lang='lat' dir='ltr'><strong>in</strong></span> <span class='ocrx_word' id='word_1_512' title='bbox 1104 3354 1285 3404; x_wconf 86' lang='lat' dir='ltr'><strong>messe,</strong></span> <span class='ocrx_word' id='word_1_513' title='bbox 1316 3347 1365 3391; x_wconf 87' lang='lat' dir='ltr'><strong>et</strong></span> <span class='ocrx_word' id='word_1_514' title='bbox 1383 3338 1515 3391; x_wconf 84' lang='lat' dir='ltr'><strong>sicut</strong></span> <span class='ocrx_word' id='word_1_515' title='bbox 1537 3354 1766 3391; x_wconf 86' lang='lat' dir='ltr'><strong>racemos</strong></span> <span class='ocrx_word' id='word_1_516' title='bbox 1791 3339 1847 3391; x_wconf 87' lang='lat' dir='ltr'><strong>in</strong></span> <span class='ocrx_word' id='word_1_517' title='bbox 1876 3336 2150 3404; x_wconf 84' lang='lat' dir='ltr'><strong>vindemia,</strong></span> 
     </span>
    </p>
   </div>
   <div class='ocr_carea' id='block_1_65' title="bbox 564 3426 2157 3500">
    <p class='ocr_par' dir='ltr' id='par_1_65' title="bbox 564 3426 2157 3500">
     <span class='ocr_line' id='line_1_65' title="bbox 564 3426 2157 3500; baseline 0 -19"><span class='ocrx_word' id='word_1_518' title='bbox 564 3443 680 3481; x_wconf 87' lang='lat' dir='ltr'><strong>cum</strong></span> <span class='ocrx_word' id='word_1_519' title='bbox 707 3444 807 3481; x_wconf 89' lang='lat' dir='ltr'><strong>non</strong></span> <span class='ocrx_word' id='word_1_520' title='bbox 855 3430 923 3483; x_wconf 87' lang='lat' dir='ltr'><strong>sit</strong></span> <span class='ocrx_word' id='word_1_521' title='bbox 952 3429 1129 3483; x_wconf 89' lang='lat' dir='ltr'><strong>botrus</strong></span> <span class='ocrx_word' id='word_1_522' title='bbox 1150 3430 1220 3483; x_wconf 89' lang='lat' dir='ltr'><strong>ad</strong></span> <span class='ocrx_word' id='word_1_523' title='bbox 1266 3430 1637 3484; x_wconf 84' lang='lat' dir='ltr'><strong>comedendum</strong></span> <span class='ocrx_word' id='word_1_524' title='bbox 1687 3429 1964 3500; x_wconf 88' lang='lat' dir='ltr'><strong>primitiva,</strong></span> <span class='ocrx_word' id='word_1_525' title='bbox 1992 3426 2022 3465; x_wconf 68' lang='grc' dir='ltr'><strong>ι)</strong></span> <span class='ocrx_word' id='word_1_526' title='bbox 2042 3443 2157 3498; x_wconf 73' lang='lat' dir='ltr'><strong>qum</strong></span> 
     </span>
    </p>
   </div>
   <div class='ocr_carea' id='block_1_66' title="bbox 561 3521 2156 3593">
    <p class='ocr_par' dir='ltr' id='par_1_66' title="bbox 561 3521 2156 3593">
     <span class='ocr_line' id='line_1_66' title="bbox 561 3521 2156 3593; baseline 0 -19"><span class='ocrx_word' id='word_1_527' title='bbox 561 3536 715 3592; x_wconf 84' lang='lat' dir='ltr'><strong>passa</strong></span> <span class='ocrx_word' id='word_1_528' title='bbox 737 3530 813 3575; x_wconf 86' lang='lat' dir='ltr'><strong>est</strong></span> <span class='ocrx_word' id='word_1_529' title='bbox 832 3522 1005 3575; x_wconf 89' lang='lat' dir='ltr'><strong>anima</strong></span> <span class='ocrx_word' id='word_1_530' title='bbox 1027 3539 1161 3577; x_wconf 90' lang='lat' dir='ltr'><strong>mea.</strong></span> <span class='ocrx_word' id='word_1_531' title='bbox 1199 3522 1288 3577; x_wconf 79' lang='lat' dir='ltr'><strong>Va:</strong></span> <span class='ocrx_word' id='word_1_532' title='bbox 1309 3522 1457 3589; x_wconf 82' lang='lat' dir='ltr'><strong>mihi,</strong></span> <span class='ocrx_word' id='word_1_533' title='bbox 1485 3523 1678 3590; x_wconf 89' lang='lat' dir='ltr'><strong>anima,</strong></span> <span class='ocrx_word' id='word_1_534' title='bbox 1729 3522 1851 3593; x_wconf 90' lang='lat' dir='ltr'><strong>quia</strong></span> <span class='ocrx_word' id='word_1_535' title='bbox 1900 3521 2051 3592; x_wconf 88' lang='lat' dir='ltr'><strong>periit</strong></span> <span class='ocrx_word' id='word_1_536' title='bbox 2072 3536 2156 3574; x_wconf 83' lang='lat' dir='ltr'><strong>re-</strong></span> 
     </span>
    </p>
   </div>
   <div class='ocr_carea' id='block_1_67' title="bbox 562 3613 2154 3687">
    <p class='ocr_par' dir='ltr' id='par_1_67' title="bbox 562 3613 2154 3687">
     <span class='ocr_line' id='line_1_67' title="bbox 562 3613 2154 3687; baseline 0 -23"><span class='ocrx_word' id='word_1_537' title='bbox 562 3628 740 3667; x_wconf 87' lang='lat' dir='ltr'><strong>verens</strong></span> <span class='ocrx_word' id='word_1_538' title='bbox 778 3613 843 3666; x_wconf 86' lang='lat' dir='ltr'><strong>de</strong></span> <span class='ocrx_word' id='word_1_539' title='bbox 874 3623 1033 3679; x_wconf 85' lang='lat' dir='ltr'><strong>terra,</strong></span> <span class='ocrx_word' id='word_1_540' title='bbox 1058 3621 1105 3668; x_wconf 90' lang='lat' dir='ltr'><strong>et</strong></span> <span class='ocrx_word' id='word_1_541' title='bbox 1135 3616 1222 3685; x_wconf 84' lang='lat' dir='ltr'><strong>qui</strong></span> <span class='ocrx_word' id='word_1_542' title='bbox 1244 3617 1469 3687; x_wconf 87' lang='lat' dir='ltr'><strong>corrigat</strong></span> <span class='ocrx_word' id='word_1_543' title='bbox 1496 3615 1548 3667; x_wconf 90' lang='lat' dir='ltr'><strong>in</strong></span> <span class='ocrx_word' id='word_1_544' title='bbox 1586 3613 1879 3667; x_wconf 81' lang='lat' dir='ltr'><strong>hominibus</strong></span> <span class='ocrx_word' id='word_1_545' title='bbox 1905 3629 2010 3667; x_wconf 89' lang='lat' dir='ltr'><strong>non</strong></span> <span class='ocrx_word' id='word_1_546' title='bbox 2037 3624 2111 3666; x_wconf 85' lang='lat' dir='ltr'><strong>est</strong></span> <span class='ocrx_word' id='word_1_547' title='bbox 2138 3628 2154 3664; x_wconf 87' lang='lat'><em>:</em></span> 
     </span>
    </p>
   </div>
   <div class='ocr_carea' id='block_1_68' title="bbox 561 3707 2156 3778">
    <p class='ocr_par' dir='ltr' id='par_1_68' title="bbox 561 3707 2156 3778">
     <span class='ocr_line' id='line_1_68' title="bbox 561 3707 2156 3778; baseline 0.001 -19"><span class='ocrx_word' id='word_1_548' title='bbox 561 3721 735 3759; x_wconf 86' lang='lat' dir='ltr'><strong>omnes</strong></span> <span class='ocrx_word' id='word_1_549' title='bbox 766 3707 819 3759; x_wconf 87' lang='lat' dir='ltr'><strong>in</strong></span> <span class='ocrx_word' id='word_1_550' title='bbox 849 3708 1098 3777; x_wconf 83' lang='lat' dir='ltr'><strong>sanguine</strong></span> <span class='ocrx_word' id='word_1_551' title='bbox 1116 3708 1422 3776; x_wconf 86' lang='lat' dir='ltr'><strong>judicantur</strong></span> <span class='ocrx_word' id='word_1_552' title='bbox 1445 3726 1463 3762; x_wconf 88' lang='lat'><strong><em>:</em></strong></span> <span class='ocrx_word' id='word_1_553' title='bbox 1484 3708 1836 3778; x_wconf 83' lang='lat' dir='ltr'><strong>unusquisque</strong></span> <span class='ocrx_word' id='word_1_554' title='bbox 1863 3708 2156 3777; x_wconf 73' lang='lat' dir='ltr'><strong>proximum</strong></span> 
     </span>
    </p>
   </div>
   <div class='ocr_carea' id='block_1_69' title="bbox 563 3798 2155 3871">
    <p class='ocr_par' dir='ltr' id='par_1_69' title="bbox 563 3798 2155 3871">
     <span class='ocr_line' id='line_1_69' title="bbox 563 3798 2155 3871; baseline 0.001 -18"><span class='ocrx_word' id='word_1_555' title='bbox 563 3815 714 3853; x_wconf 87' lang='lat' dir='ltr'><strong>suum</strong></span> <span class='ocrx_word' id='word_1_556' title='bbox 744 3798 953 3853; x_wconf 88' lang='lat' dir='ltr'><strong>tribulat</strong></span> <span class='ocrx_word' id='word_1_557' title='bbox 975 3800 1326 3867; x_wconf 83' lang='lat' dir='ltr'><strong>tribulatione,</strong></span> <span class='ocrx_word' id='word_1_558' title='bbox 1365 3801 1419 3853; x_wconf 91' lang='lat' dir='ltr'><strong>in</strong></span> <span class='ocrx_word' id='word_1_559' title='bbox 1442 3800 1635 3854; x_wconf 88' lang='lat' dir='ltr'><strong>malum</strong></span> <span class='ocrx_word' id='word_1_560' title='bbox 1661 3817 1845 3854; x_wconf 88' lang='lat' dir='ltr'><strong>manus</strong></span> <span class='ocrx_word' id='word_1_561' title='bbox 1868 3816 1989 3854; x_wconf 89' lang='lat' dir='ltr'><strong>suas</strong></span> <span class='ocrx_word' id='word_1_562' title='bbox 2018 3816 2155 3871; x_wconf 77' lang='lat' dir='ltr'><strong>pra:-</strong></span> 
     </span>
    </p>
   </div>
   <div class='ocr_carea' id='block_1_70' title="bbox 561 3893 2156 3964">
    <p class='ocr_par' dir='ltr' id='par_1_70' title="bbox 561 3893 2156 3964">
     <span class='ocr_line' id='line_1_70' title="bbox 561 3893 2156 3964; baseline 0 -19"><span class='ocrx_word' id='word_1_563' title='bbox 561 3902 752 3963; x_wconf 88' lang='lat' dir='ltr'><strong>parant</strong></span> <span class='ocrx_word' id='word_1_564' title='bbox 782 3909 798 3945; x_wconf 91' lang='lat'><em>:</em></span> <span class='ocrx_word' id='word_1_565' title='bbox 829 3893 1071 3963; x_wconf 86' lang='lat' dir='ltr'><strong>princeps</strong></span> <span class='ocrx_word' id='word_1_566' title='bbox 1101 3893 1355 3963; x_wconf 86' lang='lat' dir='ltr'><strong>postulat,</strong></span> <span class='ocrx_word' id='word_1_567' title='bbox 1385 3902 1432 3946; x_wconf 91' lang='lat' dir='ltr'><strong>et</strong></span> <span class='ocrx_word' id='word_1_568' title='bbox 1452 3893 1623 3964; x_wconf 79' lang='lat' dir='ltr'><strong>judea:</strong></span> <span class='ocrx_word' id='word_1_569' title='bbox 1642 3894 1791 3947; x_wconf 84' lang='lat' dir='ltr'><strong>verba</strong></span> <span class='ocrx_word' id='word_1_570' title='bbox 1819 3894 2036 3963; x_wconf 81' lang='lat' dir='ltr'><strong>paciﬁca</strong></span> <span class='ocrx_word' id='word_1_571' title='bbox 2082 3894 2156 3945; x_wconf 84' lang='lat' dir='ltr'><strong>lo-</strong></span> 
     </span>
    </p>
   </div>
   <div class='ocr_carea' id='block_1_71' title="bbox 560 3984 2158 4060">
    <p class='ocr_par' dir='ltr' id='par_1_71' title="bbox 560 3984 2158 4060">
     <span class='ocr_line' id='line_1_71' title="bbox 560 3984 2158 4060; baseline 0.002 -22"><span class='ocrx_word' id='word_1_572' title='bbox 560 3994 710 4038; x_wconf 87' lang='lat' dir='ltr'><strong>cutus</strong></span> <span class='ocrx_word' id='word_1_573' title='bbox 740 3993 836 4048; x_wconf 89' lang='lat' dir='ltr'><strong>est,</strong></span> <span class='ocrx_word' id='word_1_574' title='bbox 863 3984 1181 4039; x_wconf 82' lang='lat' dir='ltr'><strong>desiderium</strong></span> <span class='ocrx_word' id='word_1_575' title='bbox 1211 3987 1403 4040; x_wconf 69' lang='lat' dir='ltr'><strong>animle</strong></span> <span class='ocrx_word' id='word_1_576' title='bbox 1448 4002 1554 4041; x_wconf 76' lang='lat' dir='ltr'><strong>sua:</strong></span> <span class='ocrx_word' id='word_1_577' title='bbox 1583 3996 1680 4041; x_wconf 83' lang='lat' dir='ltr'><strong>est.</strong></span> <span class='ocrx_word' id='word_1_578' title='bbox 1705 3986 1772 4040; x_wconf 88' lang='lat' dir='ltr'><strong>Et</strong></span> <span class='ocrx_word' id='word_1_579' title='bbox 1799 3989 2036 4060; x_wconf 76' lang='lat' dir='ltr'><strong>auferam</strong></span> <span class='ocrx_word' id='word_1_580' title='bbox 2064 3987 2158 4041; x_wconf 82' lang='lat' dir='ltr'><strong>bo-</strong></span> 
     </span>
    </p>
   </div>
   <div class='ocr_carea' id='block_1_72' title="bbox 564 4078 2155 4150">
    <p class='ocr_par' dir='ltr' id='par_1_72' title="bbox 564 4078 2155 4150">
     <span class='ocr_line' id='line_1_72' title="bbox 564 4078 2155 4150; baseline 0.004 -21"><span class='ocrx_word' id='word_1_581' title='bbox 564 4093 633 4129; x_wconf 85' lang='lat' dir='ltr'><strong>na</strong></span> <span class='ocrx_word' id='word_1_582' title='bbox 657 4092 837 4130; x_wconf 87' lang='lat' dir='ltr'><strong>eorum</strong></span> <span class='ocrx_word' id='word_1_583' title='bbox 856 4078 1004 4146; x_wconf 86' lang='lat' dir='ltr'><strong>quasi</strong></span> <span class='ocrx_word' id='word_1_584' title='bbox 1031 4080 1171 4133; x_wconf 88' lang='lat' dir='ltr'><strong>tinea</strong></span> <span class='ocrx_word' id='word_1_585' title='bbox 1200 4079 1491 4145; x_wconf 90' lang='lat' dir='ltr'><strong>comedens,</strong></span> <span class='ocrx_word' id='word_1_586' title='bbox 1525 4089 1572 4133; x_wconf 90' lang='lat' dir='ltr'><strong>et</strong></span> <span class='ocrx_word' id='word_1_587' title='bbox 1593 4081 1865 4134; x_wconf 88' lang='lat' dir='ltr'><strong>ambulans</strong></span> <span class='ocrx_word' id='word_1_588' title='bbox 1895 4096 2048 4150; x_wconf 85' lang='lat' dir='ltr'><strong>super</strong></span> <span class='ocrx_word' id='word_1_589' title='bbox 2076 4097 2155 4135; x_wconf 86' lang='lat' dir='ltr'><strong>re-</strong></span> 
     </span>
    </p>
   </div>
   <div class='ocr_carea' id='block_1_73' title="bbox 562 4168 2155 4243">
    <p class='ocr_par' dir='ltr' id='par_1_73' title="bbox 562 4168 2155 4243">
     <span class='ocr_line' id='line_1_73' title="bbox 562 4168 2155 4243; baseline 0.006 -22"><span class='ocrx_word' id='word_1_590' title='bbox 562 4168 743 4239; x_wconf 86' lang='lat' dir='ltr'><strong>gulam</strong></span> <span class='ocrx_word' id='word_1_591' title='bbox 772 4168 827 4222; x_wconf 86' lang='lat' dir='ltr'><strong>in</strong></span> <span class='ocrx_word' id='word_1_592' title='bbox 853 4169 935 4222; x_wconf 85' lang='lat' dir='ltr'><strong>die</strong></span> <span class='ocrx_word' id='word_1_593' title='bbox 956 4172 1327 4241; x_wconf 87' lang='lat' dir='ltr'><strong>speculationis</strong></span> <span class='ocrx_word' id='word_1_594' title='bbox 1362 4182 1483 4227; x_wconf 80' lang='lat' dir='ltr'><strong>tute.</strong></span> <span class='ocrx_word' id='word_1_595' title='bbox 1544 4173 1810 4229; x_wconf 57' lang='lat' dir='ltr'><strong>Praedicta</strong></span> <span class='ocrx_word' id='word_1_596' title='bbox 1841 4174 2155 4243; x_wconf 88' lang='lat' dir='ltr'><strong>captivitate</strong></span> 
     </span>
    </p>
   </div>
   <div class='ocr_carea' id='block_1_74' title="bbox 562 4262 2158 4337">
    <p class='ocr_par' dir='ltr' id='par_1_74' title="bbox 562 4262 2158 4337">
     <span class='ocr_line' id='line_1_74' title="bbox 562 4262 2158 4337; baseline 0.004 -19"><span class='ocrx_word' id='word_1_597' title='bbox 562 4274 618 4318; x_wconf 89' lang='lat' dir='ltr'><strong>et</strong></span> <span class='ocrx_word' id='word_1_598' title='bbox 639 4262 827 4318; x_wconf 88' lang='lat' dir='ltr'><strong>decem</strong></span> <span class='ocrx_word' id='word_1_599' title='bbox 862 4263 1099 4319; x_wconf 87' lang='lat' dir='ltr'><strong>tribuum</strong></span> <span class='ocrx_word' id='word_1_600' title='bbox 1130 4274 1185 4321; x_wconf 91' lang='lat' dir='ltr'><strong>et</strong></span> <span class='ocrx_word' id='word_1_601' title='bbox 1232 4265 1459 4321; x_wconf 90' lang='lat' dir='ltr'><strong>duarum</strong></span> <span class='ocrx_word' id='word_1_602' title='bbox 1493 4268 1755 4337; x_wconf 82' lang='lat' dir='ltr'><strong>(Verbum</strong></span> <span class='ocrx_word' id='word_1_603' title='bbox 1797 4268 1941 4323; x_wconf 90' lang='lat' dir='ltr'><strong>enim</strong></span> <span class='ocrx_word' id='word_1_604' title='bbox 1970 4269 2158 4324; x_wconf 91' lang='lat' dir='ltr'><strong>Domi-</strong></span> 
     </span>
    </p>
   </div>
   <div class='ocr_carea' id='block_1_75' title="bbox 563 4356 2153 4430">
    <p class='ocr_par' dir='ltr' id='par_1_75' title="bbox 563 4356 2153 4430">
     <span class='ocr_line' id='line_1_75' title="bbox 563 4356 2153 4430; baseline 0.003 -19"><span class='ocrx_word' id='word_1_605' title='bbox 563 4356 619 4411; x_wconf 91' lang='lat' dir='ltr'><strong>ni</strong></span> <span class='ocrx_word' id='word_1_606' title='bbox 640 4356 835 4411; x_wconf 89' lang='lat' dir='ltr'><strong>factum</strong></span> <span class='ocrx_word' id='word_1_607' title='bbox 868 4366 950 4412; x_wconf 90' lang='lat' dir='ltr'><strong>est</strong></span> <span class='ocrx_word' id='word_1_608' title='bbox 971 4357 1037 4412; x_wconf 86' lang='lat' dir='ltr'><strong>ad</strong></span> <span class='ocrx_word' id='word_1_609' title='bbox 1069 4358 1349 4414; x_wconf 65' lang='lat' dir='ltr'><strong>Michaeam</strong></span> <span class='ocrx_word' id='word_1_610' title='bbox 1381 4360 1740 4415; x_wconf 88' lang='lat' dir='ltr'><strong>Morasthiten</strong></span> <span class='ocrx_word' id='word_1_611' title='bbox 1764 4376 1933 4430; x_wconf 90' lang='lat' dir='ltr'><strong>super</strong></span> <span class='ocrx_word' id='word_1_612' title='bbox 1961 4363 2153 4416; x_wconf 90' lang='lat' dir='ltr'><strong>Sama-</strong></span> 
     </span>
    </p>
   </div>
   <div class='ocr_carea' id='block_1_76' title="bbox 558 4451 2155 4526">
    <p class='ocr_par' dir='ltr' id='par_1_76' title="bbox 558 4451 2155 4526">
     <span class='ocr_line' id='line_1_76' title="bbox 558 4451 2155 4526; baseline 0.004 -21"><span class='ocrx_word' id='word_1_613' title='bbox 558 4451 722 4517; x_wconf 88' lang='lat' dir='ltr'><strong>riam,</strong></span> <span class='ocrx_word' id='word_1_614' title='bbox 751 4461 805 4506; x_wconf 90' lang='lat' dir='ltr'><strong>et</strong></span> <span class='ocrx_word' id='word_1_615' title='bbox 824 4451 1178 4524; x_wconf 81' lang='lat' dir='ltr'><strong>Jerusalem),</strong></span> <span class='ocrx_word' id='word_1_616' title='bbox 1202 4454 1409 4526; x_wconf 89' lang='lat' dir='ltr'><strong>plangit</strong></span> <span class='ocrx_word' id='word_1_617' title='bbox 1452 4454 1714 4525; x_wconf 88' lang='lat' dir='ltr'><strong>propheta</strong></span> <span class='ocrx_word' id='word_1_618' title='bbox 1753 4457 1897 4526; x_wconf 90' lang='lat' dir='ltr'><strong>quod</strong></span> <span class='ocrx_word' id='word_1_619' title='bbox 1929 4456 2155 4511; x_wconf 87' lang='lat' dir='ltr'><strong>nulluse</strong></span> 
     </span>
    </p>
   </div>
   <div class='ocr_carea' id='block_1_77' title="bbox 2256 3241 3834 3315">
    <p class='ocr_par' dir='ltr' id='par_1_77' title="bbox 2256 3241 3834 3315">
     <span class='ocr_line' id='line_1_77' title="bbox 2256 3241 3834 3315; baseline -0.008 -11"><span class='ocrx_word' id='word_1_620' title='bbox 2256 3250 2550 3315; x_wconf 90' lang='lat' dir='ltr'><strong>audientis,</strong></span> <span class='ocrx_word' id='word_1_621' title='bbox 2579 3258 2632 3305; x_wconf 90' lang='lat' dir='ltr'><strong>et</strong></span> <span class='ocrx_word' id='word_1_622' title='bbox 2658 3248 2803 3303; x_wconf 91' lang='lat' dir='ltr'><strong>auris</strong></span> <span class='ocrx_word' id='word_1_623' title='bbox 2815 3247 3084 3303; x_wconf 88' lang='lat' dir='ltr'><strong>auditoris</strong></span> <span class='ocrx_word' id='word_1_624' title='bbox 3104 3242 3436 3300; x_wconf 88' lang='lat' dir='ltr'><strong>desiderium</strong></span> <span class='ocrx_word' id='word_1_625' title='bbox 3468 3241 3728 3313; x_wconf 89' lang='lat' dir='ltr'><strong>sapientis</strong></span> <span class='ocrx_word' id='word_1_626' title='bbox 3747 3247 3834 3303; x_wconf 81' lang='lat' dir='ltr'><strong>est,</strong></span> 
     </span>
    </p>
   </div>
   <div class='ocr_carea' id='block_1_78' title="bbox 2258 3328 3836 3413">
    <p class='ocr_par' dir='ltr' id='par_1_78' title="bbox 2258 3328 3836 3413">
     <span class='ocr_line' id='line_1_78' title="bbox 2258 3328 3836 3413; baseline -0.011 -14"><span class='ocrx_word' id='word_1_627' title='bbox 2258 3344 2554 3413; x_wconf 84' lang='lat' dir='ltr'><strong>laetitiaque</strong></span> <span class='ocrx_word' id='word_1_628' title='bbox 2604 3342 2835 3397; x_wconf 88' lang='lat' dir='ltr'><strong>dicentis</strong></span> <span class='ocrx_word' id='word_1_629' title='bbox 2878 3339 3094 3395; x_wconf 89' lang='lat' dir='ltr'><strong>auditor</strong></span> <span class='ocrx_word' id='word_1_630' title='bbox 3144 3336 3456 3405; x_wconf 87' lang='lat' dir='ltr'><strong>intelligens</strong></span> <span class='ocrx_word' id='word_1_631' title='bbox 3496 3353 3510 3390; x_wconf 90' lang='lat'><strong>:</strong></span> <span class='ocrx_word' id='word_1_632' title='bbox 3547 3328 3836 3389; x_wconf 88' lang='lat' dir='ltr'><strong>econtrario</strong></span> 
     </span>
    </p>
   </div>
   <div class='ocr_carea' id='block_1_79' title="bbox 2259 3423 3837 3497">
    <p class='ocr_par' dir='ltr' id='par_1_79' title="bbox 2259 3423 3837 3497">
     <span class='ocr_line' id='line_1_79' title="bbox 2259 3423 3837 3497; baseline -0.011 -6"><span class='ocrx_word' id='word_1_633' title='bbox 2259 3437 2433 3491; x_wconf 88' lang='lat' dir='ltr'><strong>luctus</strong></span> <span class='ocrx_word' id='word_1_634' title='bbox 2462 3432 2489 3472; x_wconf 75' lang='grc' dir='ltr'><em>ά</em></span> <span class='ocrx_word' id='word_1_635' title='bbox 2513 3434 2756 3489; x_wconf 91' lang='lat' dir='ltr'><strong>doctoris</strong></span> <span class='ocrx_word' id='word_1_636' title='bbox 2783 3440 2867 3489; x_wconf 90' lang='lat' dir='ltr'><strong>est</strong></span> <span class='ocrx_word' id='word_1_637' title='bbox 2888 3432 3063 3486; x_wconf 90' lang='lat' dir='ltr'><strong>malus</strong></span> <span class='ocrx_word' id='word_1_638' title='bbox 3095 3427 3415 3497; x_wconf 87' lang='lat' dir='ltr'><strong>discipulus,</strong></span> <span class='ocrx_word' id='word_1_639' title='bbox 3436 3423 3695 3481; x_wconf 62' lang='lat' dir='ltr'><strong>Ieremia:</strong></span> <span class='ocrx_word' id='word_1_640' title='bbox 3722 3434 3837 3490; x_wconf 88' lang='lat' dir='ltr'><strong>quo-</strong></span> 
     </span>
    </p>
   </div>
   <div class='ocr_carea' id='block_1_80' title="bbox 2257 3514 3832 3602">
    <p class='ocr_par' dir='ltr' id='par_1_80' title="bbox 2257 3514 3832 3602">
     <span class='ocr_line' id='line_1_80' title="bbox 2257 3514 3832 3602; baseline -0.013 -17"><span class='ocrx_word' id='word_1_641' title='bbox 2257 3547 2363 3602; x_wconf 90' lang='lat' dir='ltr'><strong>que</strong></span> <span class='ocrx_word' id='word_1_642' title='bbox 2391 3530 2573 3585; x_wconf 79' lang='lat' dir='ltr'><strong>verbis</strong></span> <span class='ocrx_word' id='word_1_643' title='bbox 2605 3529 2733 3583; x_wconf 90' lang='lat' dir='ltr'><strong>huic</strong></span> <span class='ocrx_word' id='word_1_644' title='bbox 2760 3526 2998 3598; x_wconf 56' lang='lat' dir='ltr'><strong>querelae</strong></span> <span class='ocrx_word' id='word_1_645' title='bbox 3026 3521 3485 3594; x_wconf 88' lang='lat' dir='ltr'><strong>congruentibus:</strong></span> <span class='ocrx_word' id='word_1_646' title='bbox 3515 3518 3641 3574; x_wconf 79' lang='lat' dir='ltr'><strong>Non</strong></span> <span class='ocrx_word' id='word_1_647' title='bbox 3663 3514 3832 3589; x_wconf 79' lang='lat' dir='ltr'><strong>profui,</strong></span> 
     </span>
    </p>
   </div>
   <div class='ocr_carea' id='block_1_81' title="bbox 2258 3607 3831 3694">
    <p class='ocr_par' dir='ltr' id='par_1_81' title="bbox 2258 3607 3831 3694">
     <span class='ocr_line' id='line_1_81' title="bbox 2258 3607 3831 3694; baseline -0.013 -16"><span class='ocrx_word' id='word_1_648' title='bbox 2258 3639 2419 3694; x_wconf 87' lang='lat' dir='ltr'><strong>neque</strong></span> <span class='ocrx_word' id='word_1_649' title='bbox 2473 3622 2668 3692; x_wconf 76' lang='lat' dir='ltr'><strong>profuit</strong></span> <span class='ocrx_word' id='word_1_650' title='bbox 2722 3619 2847 3674; x_wconf 86' lang='lat' dir='ltr'><strong>mihi</strong></span> <span class='ocrx_word' id='word_1_651' title='bbox 2873 3619 3145 3689; x_wconf 90' lang='lat' dir='ltr'><strong>quisquam</strong></span> <span class='ocrx_word' id='word_1_652' title='bbox 3178 3613 3443 3688; x_wconf 82' lang='lat' dir='ltr'><strong>(Jerem.).</strong></span> <span class='ocrx_word' id='word_1_653' title='bbox 3482 3612 3627 3668; x_wconf 85' lang='lat' dir='ltr'><strong>Sunt</strong></span> <span class='ocrx_word' id='word_1_654' title='bbox 3673 3607 3757 3679; x_wconf 90' lang='lat' dir='ltr'><strong>qui</strong></span> <span class='ocrx_word' id='word_1_655' title='bbox 3780 3620 3831 3659; x_wconf 83' lang='lat' dir='ltr'><strong>ex</strong></span> 
     </span>
    </p>
   </div>
   <div class='ocr_carea' id='block_1_82' title="bbox 2260 3698 3831 3788">
    <p class='ocr_par' dir='ltr' id='par_1_82' title="bbox 2260 3698 3831 3788">
     <span class='ocr_line' id='line_1_82' title="bbox 2260 3698 3831 3788; baseline -0.013 -16"><span class='ocrx_word' id='word_1_656' title='bbox 2260 3732 2490 3788; x_wconf 85' lang='lat' dir='ltr'><strong>persona</strong></span> <span class='ocrx_word' id='word_1_657' title='bbox 2522 3716 2821 3772; x_wconf 86' lang='lat' dir='ltr'><strong>Salvatoris</strong></span> <span class='ocrx_word' id='word_1_658' title='bbox 2851 3714 2952 3768; x_wconf 92' lang='lat' dir='ltr'><strong>hoc</strong></span> <span class='ocrx_word' id='word_1_659' title='bbox 2978 3713 3082 3767; x_wconf 92' lang='lat' dir='ltr'><strong>dici</strong></span> <span class='ocrx_word' id='word_1_660' title='bbox 3108 3719 3320 3782; x_wconf 91' lang='lat' dir='ltr'><strong>putent,</strong></span> <span class='ocrx_word' id='word_1_661' title='bbox 3335 3706 3620 3763; x_wconf 88' lang='lat' dir='ltr'><strong>causantis</strong></span> <span class='ocrx_word' id='word_1_662' title='bbox 3645 3698 3831 3773; x_wconf 90' lang='lat' dir='ltr'><strong>quodin</strong></span> 
     </span>
    </p>
   </div>
   <div class='ocr_carea' id='block_1_83' title="bbox 2260 3796 3830 3870">
    <p class='ocr_par' dir='ltr' id='par_1_83' title="bbox 2260 3796 3830 3870">
     <span class='ocr_line' id='line_1_83' title="bbox 2260 3796 3830 3870; baseline -0.011 -7"><span class='ocrx_word' id='word_1_663' title='bbox 2260 3816 2407 3864; x_wconf 87' lang='lat' dir='ltr'><strong>tanta</strong></span> <span class='ocrx_word' id='word_1_664' title='bbox 2437 3808 2775 3863; x_wconf 85' lang='lat' dir='ltr'><strong>credentium</strong></span> <span class='ocrx_word' id='word_1_665' title='bbox 2806 3803 3172 3870; x_wconf 86' lang='lat' dir='ltr'><strong>multitudine,</strong></span> <span class='ocrx_word' id='word_1_666' title='bbox 3207 3810 3262 3856; x_wconf 91' lang='lat' dir='ltr'><strong>et</strong></span> <span class='ocrx_word' id='word_1_667' title='bbox 3290 3801 3342 3855; x_wconf 92' lang='lat' dir='ltr'><strong>in</strong></span> <span class='ocrx_word' id='word_1_668' title='bbox 3368 3808 3486 3853; x_wconf 90' lang='lat' dir='ltr'><strong>toto</strong></span> <span class='ocrx_word' id='word_1_669' title='bbox 3521 3796 3656 3853; x_wconf 88' lang='lat' dir='ltr'><strong>orbe</strong></span> <span class='ocrx_word' id='word_1_670' title='bbox 3692 3804 3830 3862; x_wconf 86' lang='lat' dir='ltr'><strong>gene-</strong></span> 
     </span>
    </p>
   </div>
   <div class='ocr_carea' id='block_1_84' title="bbox 2258 3888 3826 3971">
    <p class='ocr_par' dir='ltr' id='par_1_84' title="bbox 2258 3888 3826 3971">
     <span class='ocr_line' id='line_1_84' title="bbox 2258 3888 3826 3971; baseline -0.006 -11"><span class='ocrx_word' id='word_1_671' title='bbox 2258 3906 2333 3961; x_wconf 89' lang='lat' dir='ltr'><strong>ris</strong></span> <span class='ocrx_word' id='word_1_672' title='bbox 2360 3904 2583 3959; x_wconf 90' lang='lat' dir='ltr'><strong>humani</strong></span> <span class='ocrx_word' id='word_1_673' title='bbox 2608 3904 2697 3958; x_wconf 81' lang='lat' dir='ltr'><strong>vix</strong></span> <span class='ocrx_word' id='word_1_674' title='bbox 2727 3917 2825 3958; x_wconf 91' lang='lat' dir='ltr'><strong>suo</strong></span> <span class='ocrx_word' id='word_1_675' title='bbox 2856 3901 3124 3971; x_wconf 82' lang='lat' dir='ltr'><strong>sanguine</strong></span> <span class='ocrx_word' id='word_1_676' title='bbox 3153 3899 3314 3969; x_wconf 80' lang='lat' dir='ltr'><strong>digna</strong></span> <span class='ocrx_word' id='word_1_677' title='bbox 3362 3909 3535 3965; x_wconf 86' lang='lat' dir='ltr'><strong>opera</strong></span> <span class='ocrx_word' id='word_1_678' title='bbox 3588 3888 3826 3960; x_wconf 69' lang='lat' dir='ltr'><strong>reperiat,</strong></span> 
     </span>
    </p>
   </div>
   <div class='ocr_carea' id='block_1_85' title="bbox 2258 3979 3826 4070">
    <p class='ocr_par' dir='ltr' id='par_1_85' title="bbox 2258 3979 3826 4070">
     <span class='ocr_line' id='line_1_85' title="bbox 2258 3979 3826 4070; baseline -0.016 -16"><span class='ocrx_word' id='word_1_679' title='bbox 2258 4001 2349 4070; x_wconf 91' lang='lat' dir='ltr'><strong>qui</strong></span> <span class='ocrx_word' id='word_1_680' title='bbox 2383 4008 2437 4053; x_wconf 89' lang='lat' dir='ltr'><strong>et</strong></span> <span class='ocrx_word' id='word_1_681' title='bbox 2468 3999 2521 4053; x_wconf 85' lang='lat' dir='ltr'><strong>in</strong></span> <span class='ocrx_word' id='word_1_682' title='bbox 2551 3998 2812 4053; x_wconf 89' lang='lat' dir='ltr'><strong>vicesimo</strong></span> <span class='ocrx_word' id='word_1_683' title='bbox 2840 4010 2983 4049; x_wconf 92' lang='lat' dir='ltr'><strong>nono</strong></span> <span class='ocrx_word' id='word_1_684' title='bbox 3017 3992 3226 4063; x_wconf 86' lang='lat' dir='ltr'><strong>psalmo</strong></span> <span class='ocrx_word' id='word_1_685' title='bbox 3255 3991 3331 4045; x_wconf 92' lang='lat' dir='ltr'><strong>ait</strong></span> <span class='ocrx_word' id='word_1_686' title='bbox 3361 4005 3375 4042; x_wconf 87' lang='lat'><strong>:</strong></span> <span class='ocrx_word' id='word_1_687' title='bbox 3406 3987 3539 4055; x_wconf 65' lang='lat' dir='ltr'><strong>Quae</strong></span> <span class='ocrx_word' id='word_1_688' title='bbox 3580 3979 3826 4038; x_wconf 72' lang='lat' dir='ltr'><strong>militaria</strong></span> 
     </span>
    </p>
   </div>
   <div class='ocr_carea' id='block_1_86' title="bbox 2258 4078 3828 4163">
    <p class='ocr_par' dir='ltr' id='par_1_86' title="bbox 2258 4078 3828 4163">
     <span class='ocr_line' id='line_1_86' title="bbox 2258 4078 3828 4163; baseline -0.015 -14"><span class='ocrx_word' id='word_1_689' title='bbox 2258 4093 2513 4163; x_wconf 85' lang='lat' dir='ltr'><strong>sanguine</strong></span> <span class='ocrx_word' id='word_1_690' title='bbox 2528 4107 2659 4156; x_wconf 90' lang='lat' dir='ltr'><strong>meo,</strong></span> <span class='ocrx_word' id='word_1_691' title='bbox 2677 4091 2799 4143; x_wconf 86' lang='lat' dir='ltr'><strong>dum</strong></span> <span class='ocrx_word' id='word_1_692' title='bbox 2822 4086 3077 4143; x_wconf 88' lang='lat' dir='ltr'><strong>descendo</strong></span> <span class='ocrx_word' id='word_1_693' title='bbox 3095 4085 3110 4157; x_wconf 89' lang='lat'><strong>[</strong></span> <span class='ocrx_word' id='word_1_694' title='bbox 3125 4078 3549 4151; x_wconf 78' lang='lat' dir='ltr'><strong>ALdescendero]</strong></span> <span class='ocrx_word' id='word_1_695' title='bbox 3570 4082 3623 4131; x_wconf 90' lang='lat' dir='ltr'><strong>in</strong></span> <span class='ocrx_word' id='word_1_696' title='bbox 3643 4087 3828 4138; x_wconf 82' lang='lat' dir='ltr'><strong>corrup-</strong></span> 
     </span>
    </p>
   </div>
   <div class='ocr_carea' id='block_1_87' title="bbox 2259 4172 3825 4254">
    <p class='ocr_par' dir='ltr' id='par_1_87' title="bbox 2259 4172 3825 4254">
     <span class='ocr_line' id='line_1_87' title="bbox 2259 4172 3825 4254; baseline -0.014 -15"><span class='ocrx_word' id='word_1_697' title='bbox 2259 4186 2449 4239; x_wconf 85' lang='lat' dir='ltr'><strong>tionem</strong></span> <span class='ocrx_word' id='word_1_698' title='bbox 2475 4183 2606 4254; x_wconf 84' lang='lat' dir='ltr'><strong>(Ps.</strong></span> <span class='ocrx_word' id='word_1_699' title='bbox 2634 4198 2779 4249; x_wconf 77' lang='lat' dir='ltr'><strong>xxix,</strong></span> <span class='ocrx_word' id='word_1_700' title='bbox 2810 4180 2950 4251; x_wconf 74' lang='lat'><strong>10)?</strong></span> <span class='ocrx_word' id='word_1_701' title='bbox 2996 4178 3148 4233; x_wconf 89' lang='lat' dir='ltr'><strong>Licet</strong></span> <span class='ocrx_word' id='word_1_702' title='bbox 3190 4182 3439 4232; x_wconf 91' lang='lat' dir='ltr'><strong>asserant</strong></span> <span class='ocrx_word' id='word_1_703' title='bbox 3458 4172 3579 4239; x_wconf 90' lang='lat' dir='ltr'><strong>alii,</strong></span> <span class='ocrx_word' id='word_1_704' title='bbox 3611 4176 3825 4240; x_wconf 66' lang='lat' dir='ltr'><strong>persona:</strong></span> 
     </span>
    </p>
   </div>
   <div class='ocr_carea' id='block_1_88' title="bbox 2258 4255 3825 4339">
    <p class='ocr_par' dir='ltr' id='par_1_88' title="bbox 2258 4255 3825 4339">
     <span class='ocr_line' id='line_1_88' title="bbox 2258 4255 3825 4339; baseline -0.011 -7"><span class='ocrx_word' id='word_1_705' title='bbox 2258 4277 2408 4332; x_wconf 87' lang='lat' dir='ltr'><strong>illius</strong></span> <span class='ocrx_word' id='word_1_706' title='bbox 2440 4278 2543 4331; x_wconf 90' lang='lat' dir='ltr'><strong>hoc</strong></span> <span class='ocrx_word' id='word_1_707' title='bbox 2569 4276 2792 4331; x_wconf 90' lang='lat' dir='ltr'><strong>minime</strong></span> <span class='ocrx_word' id='word_1_708' title='bbox 2817 4272 3133 4339; x_wconf 87' lang='lat' dir='ltr'><strong>convenire,</strong></span> <span class='ocrx_word' id='word_1_709' title='bbox 3166 4278 3224 4324; x_wconf 94' lang='lat' dir='ltr'><strong>ut</strong></span> <span class='ocrx_word' id='word_1_710' title='bbox 3244 4269 3391 4322; x_wconf 91' lang='lat' dir='ltr'><strong>dicat</strong></span> <span class='ocrx_word' id='word_1_711' title='bbox 3415 4284 3428 4320; x_wconf 89' lang='lat'><strong>:</strong></span> <span class='ocrx_word' id='word_1_712' title='bbox 3459 4265 3552 4319; x_wconf 70' lang='lat' dir='ltr'><strong>Va:</strong></span> <span class='ocrx_word' id='word_1_713' title='bbox 3573 4255 3825 4329; x_wconf 70' lang='lat' dir='ltr'><strong>mihi,qttt&#39;a</strong></span> 
     </span>
    </p>
   </div>
   <div class='ocr_carea' id='block_1_89' title="bbox 2258 4347 3821 4444">
    <p class='ocr_par' dir='ltr' id='par_1_89' title="bbox 2258 4347 3821 4444">
     <span class='ocr_line' id='line_1_89' title="bbox 2258 4347 3821 4444; baseline -0.011 -20"><span class='ocrx_word' id='word_1_714' title='bbox 2258 4376 2426 4444; x_wconf 80' lang='lat' dir='ltr'><strong>factus</strong></span> <span class='ocrx_word' id='word_1_715' title='bbox 2454 4386 2590 4438; x_wconf 89' lang='lat' dir='ltr'><strong>sum,</strong></span> <span class='ocrx_word' id='word_1_716' title='bbox 2623 4369 2752 4422; x_wconf 90' lang='lat' dir='ltr'><strong>sicut</strong></span> <span class='ocrx_word' id='word_1_717' title='bbox 2782 4366 2870 4438; x_wconf 86' lang='lat' dir='ltr'><strong>qui</strong></span> <span class='ocrx_word' id='word_1_718' title='bbox 2896 4366 3095 4435; x_wconf 87' lang='lat' dir='ltr'><strong>colligit</strong></span> <span class='ocrx_word' id='word_1_719' title='bbox 3150 4363 3397 4435; x_wconf 88' lang='lat' dir='ltr'><strong>stipulam</strong></span> <span class='ocrx_word' id='word_1_720' title='bbox 3441 4360 3496 4413; x_wconf 90' lang='lat' dir='ltr'><strong>in</strong></span> <span class='ocrx_word' id='word_1_721' title='bbox 3536 4370 3691 4412; x_wconf 84' lang='lat' dir='ltr'><strong>messe</strong></span> <span class='ocrx_word' id='word_1_722' title='bbox 3713 4368 3729 4405; x_wconf 92' lang='lat'><em>:</em></span> <span class='ocrx_word' id='word_1_723' title='bbox 3749 4347 3821 4419; x_wconf 87' lang='lat' dir='ltr'><strong>qui</strong></span> 
     </span>
    </p>
   </div>
   <div class='ocr_carea' id='block_1_90' title="bbox 2259 4450 3823 4531">
    <p class='ocr_par' dir='ltr' id='par_1_90' title="bbox 2259 4450 3823 4531">
     <span class='ocr_line' id='line_1_90' title="bbox 2259 4450 3823 4531; baseline -0.015 -13"><span class='ocrx_word' id='word_1_724' title='bbox 2259 4468 2313 4518; x_wconf 89' lang='lat' dir='ltr'><strong>in</strong></span> <span class='ocrx_word' id='word_1_725' title='bbox 2373 4462 2664 4531; x_wconf 85' lang='lat' dir='ltr'><strong>Evangelio</strong></span> <span class='ocrx_word' id='word_1_726' title='bbox 2708 4462 2919 4515; x_wconf 85' lang='lat' dir='ltr'><strong>locutus</strong></span> <span class='ocrx_word' id='word_1_727' title='bbox 2972 4468 3054 4513; x_wconf 90' lang='lat' dir='ltr'><strong>est</strong></span> <span class='ocrx_word' id='word_1_728' title='bbox 3086 4475 3100 4511; x_wconf 88' lang='lat'><strong>:</strong></span> <span class='ocrx_word' id='word_1_729' title='bbox 3132 4456 3319 4510; x_wconf 76' lang='lat' dir='ltr'><strong>Levate</strong></span> <span class='ocrx_word' id='word_1_730' title='bbox 3363 4452 3541 4507; x_wconf 89' lang='lat' dir='ltr'><strong>oculos</strong></span> <span class='ocrx_word' id='word_1_731' title='bbox 3567 4457 3763 4510; x_wconf 87' lang='lat' dir='ltr'><strong>vestros,</strong></span> <span class='ocrx_word' id='word_1_732' title='bbox 3788 4450 3823 4496; x_wconf 85' lang='lat' dir='ltr'><strong>et</strong></span> 
     </span>
    </p>
   </div>
   <div class='ocr_carea' id='block_1_91' title="bbox 562 4526 3821 4626">
    <p class='ocr_par' dir='ltr' id='par_1_91' title="bbox 562 4526 3821 4626">
     <span class='ocr_line' id='line_1_91' title="bbox 562 4526 3821 4626; baseline -0 -30"><span class='ocrx_word' id='word_1_733' title='bbox 562 4544 763 4611; x_wconf 86' lang='lat' dir='ltr'><strong>p0pnlo</strong></span> <span class='ocrx_word' id='word_1_734' title='bbox 799 4544 979 4614; x_wconf 88' lang='lat' dir='ltr'><strong>justus</strong></span> <span class='ocrx_word' id='word_1_735' title='bbox 1017 4547 1327 4602; x_wconf 89' lang='lat' dir='ltr'><strong>inveniatur</strong></span> <span class='ocrx_word' id='word_1_736' title='bbox 1386 4548 1439 4601; x_wconf 92' lang='lat' dir='ltr'><strong>in</strong></span> <span class='ocrx_word' id='word_1_737' title='bbox 1501 4555 1665 4613; x_wconf 83' lang='lat' dir='ltr'><strong>terra,</strong></span> <span class='ocrx_word' id='word_1_738' title='bbox 1723 4548 1815 4619; x_wconf 89' lang='lat' dir='ltr'><strong>qui</strong></span> <span class='ocrx_word' id='word_1_739' title='bbox 1858 4549 2033 4617; x_wconf 90' lang='lat' dir='ltr'><strong>possit</strong></span> <span class='ocrx_word' id='word_1_740' title='bbox 2060 4528 2154 4603; x_wconf 75' lang='lat' dir='ltr'><strong>irae</strong></span> <span class='ocrx_word' id='word_1_741' title='bbox 2181 4526 2236 4587; x_wconf 81' lang='lat' dir='ltr'><strong>D</strong></span> <span class='ocrx_word' id='word_1_742' title='bbox 2260 4557 2423 4612; x_wconf 80' lang='lat' dir='ltr'><strong>videte</strong></span> <span class='ocrx_word' id='word_1_743' title='bbox 2449 4526 2679 4626; x_wconf 68' lang='lat' dir='ltr'><strong>regiones</strong></span> <span class='ocrx_word' id='word_1_744' title='bbox 2711 4554 2875 4623; x_wconf 86' lang='lat' dir='ltr'><strong>:quia</strong></span> <span class='ocrx_word' id='word_1_745' title='bbox 2890 4556 3006 4624; x_wconf 89' lang='lat' dir='ltr'><strong>jam</strong></span> <span class='ocrx_word' id='word_1_746' title='bbox 3036 4549 3275 4605; x_wconf 73' lang='lat' dir='ltr'><strong>candidw</strong></span> <span class='ocrx_word' id='word_1_747' title='bbox 3314 4558 3434 4600; x_wconf 87' lang='lat' dir='ltr'><strong>sunt</strong></span> <span class='ocrx_word' id='word_1_748' title='bbox 3464 4544 3532 4597; x_wconf 88' lang='lat' dir='ltr'><strong>ad</strong></span> <span class='ocrx_word' id='word_1_749' title='bbox 3564 4537 3821 4597; x_wconf 79' lang='lat' dir='ltr'><strong>metendum</strong></span> 
     </span>
    </p>
   </div>
   <div class='ocr_carea' id='block_1_92' title="bbox 564 4635 2153 4714">
    <p class='ocr_par' dir='ltr' id='par_1_92' title="bbox 564 4635 2153 4714">
     <span class='ocr_line' id='line_1_92' title="bbox 564 4635 2153 4714; baseline 0.004 -23"><span class='ocrx_word' id='word_1_750' title='bbox 564 4635 663 4692; x_wconf 91' lang='lat' dir='ltr'><strong>Dei</strong></span> <span class='ocrx_word' id='word_1_751' title='bbox 690 4637 969 4707; x_wconf 86' lang='lat' dir='ltr'><strong>resistere,</strong></span> <span class='ocrx_word' id='word_1_752' title='bbox 999 4650 1055 4695; x_wconf 92' lang='lat' dir='ltr'><strong>et</strong></span> <span class='ocrx_word' id='word_1_753' title='bbox 1084 4641 1319 4697; x_wconf 88' lang='lat' dir='ltr'><strong>medium</strong></span> <span class='ocrx_word' id='word_1_754' title='bbox 1351 4656 1411 4695; x_wconf 91' lang='lat' dir='ltr'><strong>se</strong></span> <span class='ocrx_word' id='word_1_755' title='bbox 1437 4641 1589 4711; x_wconf 81' lang='lat' dir='ltr'><strong>quasi</strong></span> <span class='ocrx_word' id='word_1_756' title='bbox 1608 4657 1820 4697; x_wconf 92' lang='lat' dir='ltr'><strong>murum</strong></span> <span class='ocrx_word' id='word_1_757' title='bbox 1854 4657 2153 4714; x_wconf 89' lang='lat' dir='ltr'><strong>opponere.</strong></span> 
     </span>
    </p>
   </div>
   <div class='ocr_carea' id='block_1_93' title="bbox 2259 4640 3822 4720">
    <p class='ocr_par' dir='ltr' id='par_1_93' title="bbox 2259 4640 3822 4720">
     <span class='ocr_line' id='line_1_93' title="bbox 2259 4640 3822 4720; baseline -0.01 -18"><span class='ocrx_word' id='word_1_758' title='bbox 2259 4648 2439 4720; x_wconf 85' lang='lat' dir='ltr'><strong>(Joan.</strong></span> <span class='ocrx_word' id='word_1_759' title='bbox 2475 4663 2547 4714; x_wconf 84' lang='lat' dir='ltr'><strong>tv,</strong></span> <span class='ocrx_word' id='word_1_760' title='bbox 2581 4646 2695 4718; x_wconf 77' lang='lat'><strong>55).</strong></span> <span class='ocrx_word' id='word_1_761' title='bbox 2738 4646 2799 4701; x_wconf 85' lang='lat' dir='ltr'><strong>Et</strong></span> <span class='ocrx_word' id='word_1_762' title='bbox 2825 4646 2953 4701; x_wconf 86' lang='lat' dir='ltr'><strong>alibi</strong></span> <span class='ocrx_word' id='word_1_763' title='bbox 2983 4662 2997 4699; x_wconf 90' lang='lat'><strong>:</strong></span> <span class='ocrx_word' id='word_1_764' title='bbox 3026 4643 3211 4698; x_wconf 82' lang='lat' dir='ltr'><strong>Messis</strong></span> <span class='ocrx_word' id='word_1_765' title='bbox 3237 4642 3442 4711; x_wconf 87' lang='lat' dir='ltr'><strong>quidem</strong></span> <span class='ocrx_word' id='word_1_766' title='bbox 3464 4640 3645 4705; x_wconf 88' lang='lat' dir='ltr'><strong>multa,</strong></span> <span class='ocrx_word' id='word_1_767' title='bbox 3667 4645 3822 4704; x_wconf 79' lang='lat' dir='ltr'><strong>opera-</strong></span> 
     </span>
    </p>
   </div>
   <div class='ocr_carea' id='block_1_94' title="bbox 564 4729 3816 4810">
    <p class='ocr_par' dir='ltr' id='par_1_94' title="bbox 564 4729 3816 4810">
     <span class='ocr_line' id='line_1_94' title="bbox 564 4729 3816 4810; baseline -0.002 -26"><span class='ocrx_word' id='word_1_768' title='bbox 564 4729 814 4800; x_wconf 82' lang='lat' dir='ltr'><strong>Frnstra,</strong></span> <span class='ocrx_word' id='word_1_769' title='bbox 845 4734 1041 4802; x_wconf 85' lang='lat' dir='ltr'><strong>inquit,</strong></span> <span class='ocrx_word' id='word_1_770' title='bbox 1067 4735 1285 4791; x_wconf 88' lang='lat' dir='ltr'><strong>locutus</strong></span> <span class='ocrx_word' id='word_1_771' title='bbox 1306 4751 1425 4790; x_wconf 89' lang='lat' dir='ltr'><strong>sum</strong></span> <span class='ocrx_word' id='word_1_772' title='bbox 1458 4753 1472 4791; x_wconf 94' lang='lat'><strong>:</strong></span> <span class='ocrx_word' id='word_1_773' title='bbox 1501 4734 1699 4792; x_wconf 81' lang='lat' dir='ltr'><strong>frustra</strong></span> <span class='ocrx_word' id='word_1_774' title='bbox 1729 4737 1876 4794; x_wconf 88' lang='lat' dir='ltr'><strong>volui</strong></span> <span class='ocrx_word' id='word_1_775' title='bbox 1900 4739 2013 4810; x_wconf 89' lang='lat' dir='ltr'><strong>jam</strong></span> <span class='ocrx_word' id='word_1_776' title='bbox 2043 4740 2163 4793; x_wconf 89' lang='lat' dir='ltr'><strong>vin-</strong></span> <span class='ocrx_word' id='word_1_777' title='bbox 2256 4742 2324 4795; x_wconf 91' lang='lat' dir='ltr'><strong>rii</strong></span> <span class='ocrx_word' id='word_1_778' title='bbox 2344 4753 2513 4794; x_wconf 85' lang='lat' dir='ltr'><strong>autem</strong></span> <span class='ocrx_word' id='word_1_779' title='bbox 2553 4740 2705 4810; x_wconf 83' lang='lat' dir='ltr'><strong>pauci</strong></span> <span class='ocrx_word' id='word_1_780' title='bbox 2753 4739 2771 4808; x_wconf 96' lang='lat'>(</span> <span class='ocrx_word' id='word_1_781' title='bbox 2803 4738 2938 4792; x_wconf 80' lang='lat' dir='ltr'><strong>Mat.</strong></span> <span class='ocrx_word' id='word_1_782' title='bbox 2971 4753 3045 4802; x_wconf 60' lang='grc' dir='ltr'>ιι,</span> <span class='ocrx_word' id='word_1_783' title='bbox 3075 4734 3202 4806; x_wconf 77' lang='lat'><strong>&#39;55).</strong></span> <span class='ocrx_word' id='word_1_784' title='bbox 3246 4734 3346 4801; x_wconf 90' lang='lat' dir='ltr'><strong>Qui</strong></span> <span class='ocrx_word' id='word_1_785' title='bbox 3371 4748 3500 4803; x_wconf 83' lang='lat' dir='ltr'><strong>ergo</strong></span> <span class='ocrx_word' id='word_1_786' title='bbox 3524 4746 3592 4787; x_wconf 82' lang='lat' dir='ltr'><strong>ex</strong></span> <span class='ocrx_word' id='word_1_787' title='bbox 3618 4734 3816 4801; x_wconf 84' lang='lat' dir='ltr'><strong>persona</strong></span> 
     </span>
    </p>
   </div>
   <div class='ocr_carea' id='block_1_95' title="bbox 567 4822 2156 4899">
    <p class='ocr_par' dir='ltr' id='par_1_95' title="bbox 567 4822 2156 4899">
     <span class='ocr_line' id='line_1_95' title="bbox 567 4822 2156 4899; baseline 0.005 -22"><span class='ocrx_word' id='word_1_788' title='bbox 567 4822 816 4880; x_wconf 80' lang='lat' dir='ltr'><strong>demiatae</strong></span> <span class='ocrx_word' id='word_1_789' title='bbox 867 4834 923 4879; x_wconf 91' lang='lat' dir='ltr'><strong>et</strong></span> <span class='ocrx_word' id='word_1_790' title='bbox 966 4826 1195 4897; x_wconf 65' lang='lat' dir='ltr'><strong>perdita:</strong></span> <span class='ocrx_word' id='word_1_791' title='bbox 1223 4826 1465 4883; x_wconf 86' lang='lat' dir='ltr'><strong>civitatis</strong></span> <span class='ocrx_word' id='word_1_792' title='bbox 1497 4828 1653 4899; x_wconf 89' lang='lat' dir='ltr'><strong>quasi</strong></span> <span class='ocrx_word' id='word_1_793' title='bbox 1691 4839 1968 4885; x_wconf 86' lang='lat' dir='ltr'><strong>extremos</strong></span> <span class='ocrx_word' id='word_1_794' title='bbox 2007 4846 2156 4885; x_wconf 90' lang='lat' dir='ltr'><strong>race-</strong></span> 
     </span>
    </p>
   </div>
   <div class='ocr_carea' id='block_1_96' title="bbox 566 4916 2155 4988">
    <p class='ocr_par' dir='ltr' id='par_1_96' title="bbox 566 4916 2155 4988">
     <span class='ocr_line' id='line_1_96' title="bbox 566 4916 2155 4988; baseline 0.006 -17"><span class='ocrx_word' id='word_1_795' title='bbox 566 4932 685 4972; x_wconf 91' lang='lat' dir='ltr'><strong>mos</strong></span> <span class='ocrx_word' id='word_1_796' title='bbox 728 4920 1027 4988; x_wconf 88' lang='lat' dir='ltr'><strong>requirere;</strong></span> <span class='ocrx_word' id='word_1_797' title='bbox 1059 4930 1115 4976; x_wconf 90' lang='lat' dir='ltr'><strong>et</strong></span> <span class='ocrx_word' id='word_1_798' title='bbox 1145 4916 1265 4976; x_wconf 78' lang='lat' dir='ltr'><strong>cum</strong></span> <span class='ocrx_word' id='word_1_799' title='bbox 1297 4937 1403 4978; x_wconf 92' lang='lat' dir='ltr'><strong>non</strong></span> <span class='ocrx_word' id='word_1_800' title='bbox 1433 4922 1504 4977; x_wconf 91' lang='lat' dir='ltr'><strong>sit</strong></span> <span class='ocrx_word' id='word_1_801' title='bbox 1525 4922 1717 4978; x_wconf 91' lang='lat' dir='ltr'><strong>botrus</strong></span> <span class='ocrx_word' id='word_1_802' title='bbox 1742 4925 1809 4979; x_wconf 89' lang='lat' dir='ltr'><strong>ad</strong></span> <span class='ocrx_word' id='word_1_803' title='bbox 1856 4929 2155 4980; x_wconf 88' lang='lat' dir='ltr'><strong>comeden-</strong></span> 
     </span>
    </p>
   </div>
   <div class='ocr_carea' id='block_1_97' title="bbox 564 5009 2158 5087">
    <p class='ocr_par' dir='ltr' id='par_1_97' title="bbox 564 5009 2158 5087">
     <span class='ocr_line' id='line_1_97' title="bbox 564 5009 2158 5087; baseline 0.005 -22"><span class='ocrx_word' id='word_1_804' title='bbox 564 5009 717 5077; x_wconf 90' lang='lat' dir='ltr'><strong>dum,</strong></span> <span class='ocrx_word' id='word_1_805' title='bbox 754 5011 948 5068; x_wconf 88' lang='lat' dir='ltr'><strong>saltem</strong></span> <span class='ocrx_word' id='word_1_806' title='bbox 994 5013 1314 5069; x_wconf 84' lang='lat' dir='ltr'><strong>immaturas</strong></span> <span class='ocrx_word' id='word_1_807' title='bbox 1365 5013 1525 5082; x_wconf 88' lang='lat' dir='ltr'><strong>ﬁcus,</strong></span> <span class='ocrx_word' id='word_1_808' title='bbox 1583 5031 1719 5087; x_wconf 88' lang='lat' dir='ltr'><strong>quas</strong></span> <span class='ocrx_word' id='word_1_809' title='bbox 1752 5017 1961 5072; x_wconf 66' lang='lat' dir='ltr'><strong>Hebraei</strong></span> <span class='ocrx_word' id='word_1_810' title='bbox 1993 5033 2158 5073; x_wconf 78' lang='lat' dir='ltr'><strong>ssen-</strong></span> 
     </span>
    </p>
   </div>
   <div class='ocr_carea' id='block_1_98' title="bbox 564 5106 2158 5182">
    <p class='ocr_par' dir='ltr' id='par_1_98' title="bbox 564 5106 2158 5182">
     <span class='ocr_line' id='line_1_98' title="bbox 564 5106 2158 5182; baseline 0.003 -22"><span class='ocrx_word' id='word_1_811' title='bbox 564 5119 736 5160; x_wconf 62' lang='lat' dir='ltr'><strong>cnona</strong></span> <span class='ocrx_word' id='word_1_812' title='bbox 766 5106 985 5175; x_wconf 51' lang='lat' dir='ltr'><strong>(manu)</strong></span> <span class='ocrx_word' id='word_1_813' title='bbox 1016 5117 1209 5162; x_wconf 90' lang='lat' dir='ltr'><strong>vocant</strong></span> <span class='ocrx_word' id='word_1_814' title='bbox 1241 5106 1348 5179; x_wconf 80' lang='grc' dir='ltr'><strong>[ΑΙ.</strong></span> <span class='ocrx_word' id='word_1_815' title='bbox 1401 5107 1686 5181; x_wconf 88' lang='lat' dir='ltr'><strong>beehura],</strong></span> <span class='ocrx_word' id='word_1_816' title='bbox 1745 5109 1795 5164; x_wconf 92' lang='lat' dir='ltr'><strong>id</strong></span> <span class='ocrx_word' id='word_1_817' title='bbox 1821 5120 1924 5173; x_wconf 87' lang='lat' dir='ltr'><strong>est,</strong></span> <span class='ocrx_word' id='word_1_818' title='bbox 1954 5128 2158 5182; x_wconf 84' lang='lat' dir='ltr'><strong>grossos</strong></span> 
     </span>
    </p>
   </div>
   <div class='ocr_carea' id='block_1_99' title="bbox 562 5197 2159 5269">
    <p class='ocr_par' dir='ltr' id='par_1_99' title="bbox 562 5197 2159 5269">
     <span class='ocr_line' id='line_1_99' title="bbox 562 5197 2159 5269; baseline 0.006 -20"><span class='ocrx_word' id='word_1_819' title='bbox 562 5197 804 5266; x_wconf 80' lang='lat' dir='ltr'><strong>ﬁcorum,</strong></span> <span class='ocrx_word' id='word_1_820' title='bbox 840 5197 893 5252; x_wconf 92' lang='lat' dir='ltr'><strong>in</strong></span> <span class='ocrx_word' id='word_1_821' title='bbox 918 5198 1040 5254; x_wconf 88' lang='lat' dir='ltr'><strong>cibo</strong></span> <span class='ocrx_word' id='word_1_822' title='bbox 1069 5212 1286 5255; x_wconf 85' lang='lat' dir='ltr'><strong>sumere</strong></span> <span class='ocrx_word' id='word_1_823' title='bbox 1312 5215 1326 5253; x_wconf 87' lang='lat'><strong>:</strong></span> <span class='ocrx_word' id='word_1_824' title='bbox 1360 5200 1513 5269; x_wconf 91' lang='lat' dir='ltr'><strong>quasi</strong></span> <span class='ocrx_word' id='word_1_825' title='bbox 1542 5198 1708 5267; x_wconf 90' lang='lat' dir='ltr'><strong>dicat,</strong></span> <span class='ocrx_word' id='word_1_826' title='bbox 1733 5216 1839 5257; x_wconf 91' lang='lat' dir='ltr'><strong>non</strong></span> <span class='ocrx_word' id='word_1_827' title='bbox 1878 5202 2159 5259; x_wconf 90' lang='lat' dir='ltr'><strong>inveniens</strong></span> 
     </span>
    </p>
   </div>
   <div class='ocr_carea' id='block_1_100' title="bbox 633 5335 2158 5408">
    <p class='ocr_par' dir='ltr' id='par_1_100' title="bbox 633 5335 2158 5408">
     <span class='ocr_line' id='line_1_100' title="bbox 633 5335 2158 5408; baseline 0.003 -16"><span class='ocrx_word' id='word_1_828' title='bbox 633 5346 657 5374; x_wconf 83' lang='grc' dir='ltr'><strong>ἰ</strong></span> <span class='ocrx_word' id='word_1_829' title='bbox 698 5335 1155 5406; x_wconf 82' lang='lat' dir='ltr'><strong>Hieronymiana,</strong></span> <span class='ocrx_word' id='word_1_830' title='bbox 1206 5351 1304 5392; x_wconf 90' lang='lat' dir='ltr'><strong>seu</strong></span> <span class='ocrx_word' id='word_1_831' title='bbox 1360 5336 1584 5408; x_wconf 86' lang='lat' dir='ltr'><strong>Vulgata</strong></span> <span class='ocrx_word' id='word_1_832' title='bbox 1632 5338 1924 5395; x_wconf 88' lang='lat' dir='ltr'><strong>translatio</strong></span> <span class='ocrx_word' id='word_1_833' title='bbox 1954 5382 1969 5405; x_wconf 87' lang='lat'><strong>,</strong></span> <span class='ocrx_word' id='word_1_834' title='bbox 2023 5356 2158 5408; x_wconf 78' lang='lat' dir='ltr'><strong>pra:-</strong></span> 
     </span>
    </p>
   </div>
   <div class='ocr_carea' id='block_1_101' title="bbox 557 5408 2155 5483">
    <p class='ocr_par' dir='ltr' id='par_1_101' title="bbox 557 5408 2155 5483">
     <span class='ocr_line' id='line_1_101' title="bbox 557 5408 2155 5483; baseline 0.003 -19"><span class='ocrx_word' id='word_1_835' title='bbox 557 5425 747 5483; x_wconf 79' lang='lat' dir='ltr'><strong>coquas</strong></span> <span class='ocrx_word' id='word_1_836' title='bbox 784 5452 798 5477; x_wconf 93' lang='lat'><strong>,</strong></span> <span class='ocrx_word' id='word_1_837' title='bbox 863 5408 989 5483; x_wconf 80' lang='lat' dir='ltr'><strong>libri</strong></span> <span class='ocrx_word' id='word_1_838' title='bbox 1045 5408 1511 5483; x_wconf 79' lang='lat' dir='ltr'><strong>alii_immaturas</strong></span> <span class='ocrx_word' id='word_1_839' title='bbox 1574 5409 1917 5483; x_wconf 78' lang='lat' dir='ltr'><strong>praeferunt,</strong></span> <span class='ocrx_word' id='word_1_840' title='bbox 1991 5428 2155 5483; x_wconf 88' lang='lat' dir='ltr'><strong>quam</strong></span> 
     </span>
    </p>
   </div>
   <div class='ocr_carea' id='block_1_102' title="bbox 554 5480 2159 5608">
    <p class='ocr_par' dir='ltr' id='par_1_102' title="bbox 554 5480 2159 5608">
     <span class='ocr_line' id='line_1_102' title="bbox 554 5480 2159 5608; baseline 0.002 -71"><span class='ocrx_word' id='word_1_841' title='bbox 554 5480 849 5608; x_wconf 44' lang='lat' dir='ltr'><strong>iectionem</strong></span> <span class='ocrx_word' id='word_1_842' title='bbox 894 5480 1010 5551; x_wconf 88' lang='lat' dir='ltr'><strong>ipse</strong></span> <span class='ocrx_word' id='word_1_843' title='bbox 1044 5480 1097 5535; x_wconf 90' lang='lat' dir='ltr'><strong>in</strong></span> <span class='ocrx_word' id='word_1_844' title='bbox 1145 5480 1518 5537; x_wconf 86' lang='lat' dir='ltr'><strong>Commentar.</strong></span> <span class='ocrx_word' id='word_1_845' title='bbox 1572 5481 1799 5537; x_wconf 83' lang='lat' dir='ltr'><strong>Hieron.</strong></span> <span class='ocrx_word' id='word_1_846' title='bbox 1834 5480 2159 5555; x_wconf 55' lang='lat' dir='ltr'><strong>magis&#39;pro-</strong></span> 
     </span>
     <span class='ocr_line' id='line_1_103' title="bbox 595 5562 1796 5607; baseline 0.003 0"><span class='ocrx_word' id='word_1_847' title='bbox 595 5562 670 5607; x_wconf 90' lang='lat' dir='ltr'><strong>at.</strong></span> <span class='ocrx_word' id='word_1_848' title='bbox 1789 5567 1796 5580; x_wconf 91' lang='lat'>&#39;</span> 
     </span>
    </p>
   </div>
   <div class='ocr_carea' id='block_1_103' title="bbox 595 5562 1796 5607">
    <p class='ocr_par' dir='ltr' id='par_1_103' title="bbox 595 5562 1796 5607">
     <span class='ocr_line' id='line_1_104' title="bbox 595 5562 1796 5607; baseline -0.001 0"><span class='ocrx_word' id='word_1_849' title='bbox 595 5562 670 5607; x_wconf 93' lang='lat' dir='ltr'><strong>at.</strong></span> <span class='ocrx_word' id='word_1_850' title='bbox 1789 5567 1796 5580; x_wconf 96' lang='lat'>&#39;</span> 
     </span>
    </p>
   </div>
   <div class='ocr_carea' id='block_1_104' title="bbox 626 5624 2159 5701">
    <p class='ocr_par' dir='ltr' id='par_1_104' title="bbox 626 5624 2159 5701">
     <span class='ocr_line' id='line_1_105' title="bbox 626 5624 2159 5701; baseline 0.002 -20"><span class='ocrx_word' id='word_1_851' title='bbox 626 5624 655 5663; x_wconf 68' lang='grc' dir='ltr'><strong>ιδ</strong></span> <span class='ocrx_word' id='word_1_852' title='bbox 686 5624 881 5701; x_wconf 81' lang='lat' dir='ltr'><strong>Verius</strong></span> <span class='ocrx_word' id='word_1_853' title='bbox 898 5624 1512 5701; x_wconf 81' lang='lat' dir='ltr'><strong>hincamoveasverba,</strong></span> <span class='ocrx_word' id='word_1_854' title='bbox 1538 5643 1657 5701; x_wconf 72' lang='lat' dir='ltr'><strong>qua:</strong></span> <span class='ocrx_word' id='word_1_855' title='bbox 1680 5644 1838 5698; x_wconf 90' lang='lat' dir='ltr'><strong>passa</strong></span> <span class='ocrx_word' id='word_1_856' title='bbox 1853 5637 1925 5683; x_wconf 84' lang='lat' dir='ltr'><strong>est</strong></span> <span class='ocrx_word' id='word_1_857' title='bbox 1943 5628 2075 5701; x_wconf 89' lang='lat' dir='ltr'><strong>(vel,</strong></span> <span class='ocrx_word' id='word_1_858' title='bbox 2101 5636 2159 5701; x_wconf 89' lang='lat' dir='ltr'><strong>ut</strong></span> 
     </span>
    </p>
   </div>
   <div class='ocr_carea' id='block_1_105' title="bbox 556 5695 2154 5771">
    <p class='ocr_par' dir='ltr' id='par_1_105' title="bbox 556 5695 2154 5771">
     <span class='ocr_line' id='line_1_106' title="bbox 556 5695 2154 5771; baseline 0.003 -20"><span class='ocrx_word' id='word_1_859' title='bbox 556 5695 766 5771; x_wconf 81' lang='lat' dir='ltr'><strong>Victor.</strong></span> <span class='ocrx_word' id='word_1_860' title='bbox 797 5697 957 5768; x_wconf 89' lang='lat' dir='ltr'><strong>legit,</strong></span> <span class='ocrx_word' id='word_1_861' title='bbox 988 5696 1323 5771; x_wconf 83' lang='lat' dir='ltr'><strong>desideravi!)</strong></span> <span class='ocrx_word' id='word_1_862' title='bbox 1355 5695 1718 5765; x_wconf 56' lang='lat' dir='ltr'><strong>anima&#39;mea,</strong></span> <span class='ocrx_word' id='word_1_863' title='bbox 1749 5716 1869 5768; x_wconf 80' lang='lat' dir='ltr'><strong>quae</strong></span> <span class='ocrx_word' id='word_1_864' title='bbox 1898 5695 2073 5769; x_wconf 82' lang='lat' dir='ltr'><strong>neque</strong></span> <span class='ocrx_word' id='word_1_865' title='bbox 2100 5700 2154 5755; x_wconf 89' lang='lat' dir='ltr'><strong>in</strong></span> 
     </span>
    </p>
   </div>
   <div class='ocr_carea' id='block_1_106' title="bbox 555 5769 2154 5843">
    <p class='ocr_par' dir='ltr' id='par_1_106' title="bbox 555 5769 2154 5843">
     <span class='ocr_line' id='line_1_107' title="bbox 555 5769 2154 5843; baseline 0 -18"><span class='ocrx_word' id='word_1_866' title='bbox 555 5769 758 5825; x_wconf 89' lang='lat' dir='ltr'><strong>nostris</strong></span> <span class='ocrx_word' id='word_1_867' title='bbox 786 5784 917 5823; x_wconf 88' lang='lat' dir='ltr'><strong>mss.</strong></span> <span class='ocrx_word' id='word_1_868' title='bbox 942 5777 1090 5832; x_wconf 79' lang='lat' dir='ltr'><strong>sunt,</strong></span> <span class='ocrx_word' id='word_1_869' title='bbox 1115 5785 1288 5840; x_wconf 70' lang='lat' dir='ltr'><strong>neque</strong></span> <span class='ocrx_word' id='word_1_870' title='bbox 1305 5769 1370 5825; x_wconf 54' lang='lat' dir='ltr'><strong>&#39;in</strong></span> <span class='ocrx_word' id='word_1_871' title='bbox 1398 5771 1611 5827; x_wconf 69' lang='grc' dir='ltr'><strong>ϐτεερο.</strong></span> <span class='ocrx_word' id='word_1_872' title='bbox 1641 5773 1761 5826; x_wconf 78' lang='lat' dir='ltr'><strong>Mox</strong></span> <span class='ocrx_word' id='word_1_873' title='bbox 1782 5786 1878 5843; x_wconf 87' lang='lat' dir='ltr'><strong>pro</strong></span> <span class='ocrx_word' id='word_1_874' title='bbox 1891 5786 2121 5827; x_wconf 83' lang='lat' dir='ltr'><strong>rererens</strong></span> <span class='ocrx_word' id='word_1_875' title='bbox 2139 5811 2154 5838; x_wconf 96' lang='lat'><strong>,</strong></span> 
     </span>
    </p>
   </div>
   <div class='ocr_carea' id='block_1_107' title="bbox 2264 4812 3815 4898">
    <p class='ocr_par' dir='ltr' id='par_1_107' title="bbox 2264 4812 3815 4898">
     <span class='ocr_line' id='line_1_108' title="bbox 2264 4812 3815 4898; baseline -0.015 -10"><span class='ocrx_word' id='word_1_876' title='bbox 2264 4832 2568 4889; x_wconf 86' lang='lat' dir='ltr'><strong>Salvatoris</strong></span> <span class='ocrx_word' id='word_1_877' title='bbox 2598 4831 2785 4885; x_wconf 88' lang='lat' dir='ltr'><strong>volunt</strong></span> <span class='ocrx_word' id='word_1_878' title='bbox 2817 4828 3063 4898; x_wconf 87' lang='lat' dir='ltr'><strong>intelligi,</strong></span> <span class='ocrx_word' id='word_1_879' title='bbox 3091 4828 3243 4882; x_wconf 90' lang='lat' dir='ltr'><strong>aiunt</strong></span> <span class='ocrx_word' id='word_1_880' title='bbox 3262 4840 3371 4881; x_wconf 88' lang='lat' dir='ltr'><strong>non</strong></span> <span class='ocrx_word' id='word_1_881' title='bbox 3398 4826 3599 4879; x_wconf 88' lang='lat' dir='ltr'><strong>mirum</strong></span> <span class='ocrx_word' id='word_1_882' title='bbox 3641 4831 3750 4876; x_wconf 90' lang='lat' dir='ltr'><strong>esse</strong></span> <span class='ocrx_word' id='word_1_883' title='bbox 3779 4812 3815 4867; x_wconf 90' lang='lat' dir='ltr'><strong>si</strong></span> 
     </span>
    </p>
   </div>
   <div class='ocr_carea' id='block_1_108' title="bbox 2262 4906 3814 4992">
    <p class='ocr_par' dir='ltr' id='par_1_108' title="bbox 2262 4906 3814 4992">
     <span class='ocr_line' id='line_1_109' title="bbox 2262 4906 3814 4992; baseline -0.014 -11"><span class='ocrx_word' id='word_1_884' title='bbox 2262 4926 2428 4990; x_wconf 89' lang='lat' dir='ltr'><strong>dicat,</strong></span> <span class='ocrx_word' id='word_1_885' title='bbox 2493 4923 2587 4978; x_wconf 79' lang='lat' dir='ltr'><strong>Va:</strong></span> <span class='ocrx_word' id='word_1_886' title='bbox 2640 4923 2787 4991; x_wconf 87' lang='lat' dir='ltr'><strong>mihi,</strong></span> <span class='ocrx_word' id='word_1_887' title='bbox 2836 4922 3001 4992; x_wconf 90' lang='lat' dir='ltr'><strong>quiet</strong></span> <span class='ocrx_word' id='word_1_888' title='bbox 3029 4921 3081 4975; x_wconf 92' lang='lat' dir='ltr'><strong>in</strong></span> <span class='ocrx_word' id='word_1_889' title='bbox 3110 4918 3414 4975; x_wconf 86' lang='lat' dir='ltr'><strong>Jerusalem</strong></span> <span class='ocrx_word' id='word_1_890' title='bbox 3446 4914 3673 4979; x_wconf 83' lang='lat' dir='ltr'><strong>fleverit,</strong></span> <span class='ocrx_word' id='word_1_891' title='bbox 3702 4906 3814 4966; x_wconf 90' lang='lat' dir='ltr'><strong>etin</strong></span> 
     </span>
    </p>
   </div>
   <div class='ocr_carea' id='block_1_109' title="bbox 2262 4998 3813 5087">
    <p class='ocr_par' dir='ltr' id='par_1_109' title="bbox 2262 4998 3813 5087">
     <span class='ocr_line' id='line_1_110' title="bbox 2262 4998 3813 5087; baseline -0.015 -12"><span class='ocrx_word' id='word_1_892' title='bbox 2262 5017 2453 5075; x_wconf 85' lang='lat' dir='ltr'><strong>Lazari</strong></span> <span class='ocrx_word' id='word_1_893' title='bbox 2483 5026 2659 5072; x_wconf 89' lang='lat' dir='ltr'><strong>morte</strong></span> <span class='ocrx_word' id='word_1_894' title='bbox 2688 5017 3018 5087; x_wconf 86' lang='lat' dir='ltr'><strong>lacrymatns</strong></span> <span class='ocrx_word' id='word_1_895' title='bbox 3048 5014 3120 5067; x_wconf 89' lang='lat' dir='ltr'><strong>sit</strong></span> <span class='ocrx_word' id='word_1_896' title='bbox 3146 5011 3300 5084; x_wconf 92' lang='lat' dir='ltr'><strong>(Luc.</strong></span> <span class='ocrx_word' id='word_1_897' title='bbox 3334 5009 3470 5081; x_wconf 73' lang='lat' dir='ltr'><strong>XIX).</strong></span> <span class='ocrx_word' id='word_1_898' title='bbox 3501 5008 3607 5065; x_wconf 88' lang='lat' dir='ltr'><strong>Sed</strong></span> <span class='ocrx_word' id='word_1_899' title='bbox 3624 4998 3813 5062; x_wconf 88' lang='lat' dir='ltr'><strong>etillud,</strong></span> 
     </span>
    </p>
   </div>
   <div class='ocr_carea' id='block_1_110' title="bbox 2265 5089 3812 5178">
    <p class='ocr_par' dir='ltr' id='par_1_110' title="bbox 2265 5089 3812 5178">
     <span class='ocr_line' id='line_1_111' title="bbox 2265 5089 3812 5178; baseline -0.012 -13"><span class='ocrx_word' id='word_1_900' title='bbox 2265 5110 2460 5165; x_wconf 90' lang='lat' dir='ltr'><strong>Factus</strong></span> <span class='ocrx_word' id='word_1_901' title='bbox 2511 5125 2625 5164; x_wconf 84' lang='lat' dir='ltr'><strong>sum</strong></span> <span class='ocrx_word' id='word_1_902' title='bbox 2663 5108 2797 5161; x_wconf 87' lang='lat' dir='ltr'><strong>sicut</strong></span> <span class='ocrx_word' id='word_1_903' title='bbox 2848 5108 2937 5178; x_wconf 89' lang='lat' dir='ltr'><strong>qui</strong></span> <span class='ocrx_word' id='word_1_904' title='bbox 2980 5104 3177 5176; x_wconf 84' lang='lat' dir='ltr'><strong>colligit</strong></span> <span class='ocrx_word' id='word_1_905' title='bbox 3220 5103 3463 5175; x_wconf 88' lang='lat' dir='ltr'><strong>stipulam</strong></span> <span class='ocrx_word' id='word_1_906' title='bbox 3488 5103 3543 5156; x_wconf 89' lang='lat' dir='ltr'><strong>in</strong></span> <span class='ocrx_word' id='word_1_907' title='bbox 3567 5112 3735 5161; x_wconf 85' lang='lat' dir='ltr'><strong>messe,</strong></span> <span class='ocrx_word' id='word_1_908' title='bbox 3758 5089 3812 5146; x_wconf 87' lang='lat' dir='ltr'><strong>ad</strong></span> 
     </span>
    </p>
   </div>
   <div class='ocr_carea' id='block_1_111' title="bbox 2262 5183 3815 5267">
    <p class='ocr_par' dir='ltr' id='par_1_111' title="bbox 2262 5183 3815 5267">
     <span class='ocr_line' id='line_1_112' title="bbox 2262 5183 3815 5267; baseline -0.012 -7"><span class='ocrx_word' id='word_1_909' title='bbox 2262 5201 2790 5260; x_wconf 89' lang='lat' dir='ltr'><strong>consummationem</strong></span> <span class='ocrx_word' id='word_1_910' title='bbox 2813 5197 3059 5255; x_wconf 89' lang='lat' dir='ltr'><strong>referunt</strong></span> <span class='ocrx_word' id='word_1_911' title='bbox 3089 5196 3276 5252; x_wconf 79' lang='lat' dir='ltr'><strong>saeculi</strong></span> <span class='ocrx_word' id='word_1_912' title='bbox 3313 5214 3327 5249; x_wconf 90' lang='lat'><strong>:</strong></span> <span class='ocrx_word' id='word_1_913' title='bbox 3356 5209 3516 5267; x_wconf 87' lang='lat' dir='ltr'><strong>quam</strong></span> <span class='ocrx_word' id='word_1_914' title='bbox 3543 5201 3599 5250; x_wconf 90' lang='lat' dir='ltr'><strong>et</strong></span> <span class='ocrx_word' id='word_1_915' title='bbox 3643 5183 3815 5260; x_wconf 78' lang='lat' dir='ltr'><strong>signiﬁ-</strong></span> 
     </span>
    </p>
   </div>
   <div class='ocr_carea' id='block_1_112' title="bbox 2263 5340 3784 5403">
    <p class='ocr_par' dir='ltr' id='par_1_112' title="bbox 2263 5340 3784 5403">
     <span class='ocr_line' id='line_1_113' title="bbox 2263 5340 3784 5403; baseline -0.005 -6"><span class='ocrx_word' id='word_1_916' title='bbox 2263 5340 2544 5403; x_wconf 82' lang='lat' dir='ltr'><strong>Martian.,</strong></span> <span class='ocrx_word' id='word_1_917' title='bbox 2578 5345 2851 5392; x_wconf 77' lang='lat' dir='ltr'><strong>revertens.</strong></span> <span class='ocrx_word' id='word_1_918' title='bbox 3773 5389 3784 5402; x_wconf 79' lang='grc'><em>,</em></span> 
     </span>
    </p>
   </div>
   <div class='ocr_carea' id='block_1_113' title="bbox 2340 5404 3815 5479">
    <p class='ocr_par' dir='ltr' id='par_1_113' title="bbox 2340 5404 3815 5479">
     <span class='ocr_line' id='line_1_114' title="bbox 2340 5404 3815 5479; baseline -0.012 -13"><span class='ocrx_word' id='word_1_919' title='bbox 2340 5423 2361 5451; x_wconf 77' lang='grc' dir='ltr'><strong>ο</strong></span> <span class='ocrx_word' id='word_1_920' title='bbox 2406 5410 2606 5466; x_wconf 83' lang='lat' dir='ltr'><strong>Vocem</strong></span> <span class='ocrx_word' id='word_1_921' title='bbox 2629 5410 2801 5479; x_wconf 88' lang='lat' dir='ltr'><strong>quasi,</strong></span> <span class='ocrx_word' id='word_1_922' title='bbox 2833 5414 3021 5477; x_wconf 87' lang='lat' dir='ltr'><strong>utpote</strong></span> <span class='ocrx_word' id='word_1_923' title='bbox 3056 5417 3540 5479; x_wconf 79' lang='lat' dir='ltr'><strong>supervacaneam,</strong></span> <span class='ocrx_word' id='word_1_924' title='bbox 3571 5404 3815 5479; x_wconf 45' lang='lat' dir='ltr'><strong>atquein</strong></span> 
     </span>
    </p>
   </div>
   <div class='ocr_carea' id='block_1_114' title="bbox 2262 5471 3815 5570">
    <p class='ocr_par' dir='ltr' id='par_1_114' title="bbox 2262 5471 3815 5570">
     <span class='ocr_line' id='line_1_115' title="bbox 2262 5471 3815 5570; baseline -0.013 -30"><span class='ocrx_word' id='word_1_925' title='bbox 2262 5482 2477 5570; x_wconf 73' lang='lat' dir='ltr'><strong>cunctis</strong></span> <span class='ocrx_word' id='word_1_926' title='bbox 2505 5471 3045 5537; x_wconf 73' lang='lat' dir='ltr'><strong>vacaretFlorentia:</strong></span> <span class='ocrx_word' id='word_1_927' title='bbox 3093 5471 3522 5547; x_wconf 67' lang='lat' dir='ltr'><strong>exemplaribus,</strong></span> <span class='ocrx_word' id='word_1_928' title='bbox 3580 5471 3815 5529; x_wconf 82' lang='lat' dir='ltr'><strong>Victorius</strong></span> 
     </span>
    </p>
   </div>
   <div class='ocr_carea' id='block_1_115' title="bbox 2262 5556 3812 5753">
    <p class='ocr_par' dir='ltr' id='par_1_115' title="bbox 2262 5556 3812 5753">
     <span class='ocr_line' id='line_1_116' title="bbox 2262 5556 3812 5753; baseline 0.006 -91"><span class='ocrx_word' id='word_1_929' title='bbox 2262 5556 2612 5753; x_wconf 55' lang='lat' dir='ltr'><strong>;niliu§li:pino</strong></span> <span class='ocrx_word' id='word_1_930' title='bbox 2632 5638 2823 5683; x_wconf 91' lang='lat' dir='ltr'><strong>errore</strong></span> <span class='ocrx_word' id='word_1_931' title='bbox 2851 5623 3053 5681; x_wconf 88' lang='lat' dir='ltr'><strong>lectum</strong></span> <span class='ocrx_word' id='word_1_932' title='bbox 3077 5636 3107 5677; x_wconf 92' lang='lat' dir='ltr'><strong>a</strong></span> <span class='ocrx_word' id='word_1_933' title='bbox 3141 5619 3459 5677; x_wconf 80' lang='lat' dir='ltr'><strong>Martianaeo</strong></span> <span class='ocrx_word' id='word_1_934' title='bbox 3507 5614 3711 5680; x_wconf 81' lang='lat' dir='ltr'><strong>doloris,</strong></span> <span class='ocrx_word' id='word_1_935' title='bbox 3734 5616 3812 5679; x_wconf 78' lang='grc' dir='ltr'><strong>ι)ῐο</strong></span> 
     </span>
     <span class='ocr_line' id='line_1_117' title="bbox 2300 5698 2508 5753; baseline 0 0"><span class='ocrx_word' id='word_1_936' title='bbox 2300 5698 2508 5753; x_wconf 81' lang='lat' dir='ltr'><strong>actoris.</strong></span> 
     </span>
    </p>
   </div>
   <div class='ocr_carea' id='block_1_116' title="bbox 2300 5698 2508 5755">
    <p class='ocr_par' dir='ltr' id='par_1_116' title="bbox 2300 5698 2508 5755">
     <span class='ocr_line' id='line_1_118' title="bbox 2300 5698 2508 5755; baseline -0.01 0"><span class='ocrx_word' id='word_1_937' title='bbox 2300 5698 2508 5755; x_wconf 83' lang='lat' dir='ltr'><strong>actoris.</strong></span> 
     </span>
    </p>
   </div>
  </div>
