4078 6342
224 224 359 283 1217
686 248 691 251 τ
970 219 1626 282 COMMENTARIORUM
1665 221 1729 279 IN
1770 219 2112 279 MICIIIEAM
2151 219 2282 278 LIB.
2338 220 2402 277 ll.
2442 219 2598 280 CAP.
2642 220 2757 282 VII.
3372 221 3512 278 1218

224 351 409 399 canter
438 352 671 395 messem
704 338 1151 410 interpretantur,
1185 338 1347 411 514
1372 348 1426 393 et
1475 337 1663 391 dicunt
1706 336 1802 391 illo
1830 339 1885 401 Α
1908 331 2216 388 salvatorem
2250 348 2416 385 meum
2447 348 2465 385 :
2485 333 2723 386 exaudiet
2773 345 2852 385 me
2902 328 3039 384 Deus
3081 343 3247 384 meus.
3272 327 3516 399 Excepto

226 443 467 504 tempore
515 434 655 489 hanc
708 433 1051 503 prophetiam
1080 446 1241 503 posse
1262 430 1542 500 compleri,
1574 428 1809 499 quando,
1917 423 2181 494 principio
2214 422 2458 493 capituli,
2483 423 2535 477 in
2566 422 2788 495 reliquis
2834 421 3076 492 partibus
3095 420 3262 476 editio
3285 428 3513 490 utraque

226 528 576 597 multiplicata
603 526 907 597 iniquitate,
926 524 1215 581 refrixerit
1240 522 1478 579 cbaritas
1496 521 1810 589 multorum,
1915 514 2233 582 concordat,
2259 524 2314 571 et
2339 515 2559 569 interim
2588 514 2741 585 juxta
2771 512 3058 569 historiam
3089 512 3234 569 diem
3262 510 3510 582 specula-

225 633 279 679 et
306 623 527 679 veniens
556 620 727 676 Filius
758 620 1000 675 hominis
1026 632 1207 674 raram
1235 618 1398 672 ﬁdem
1431 615 1703 671 invenerit
1722 627 1817 669 su—
1918 610 2080 665 tionis
2109 607 2390 679 Samariae,
2419 606 2538 664 sive
2563 607 2894 675 Jerusalem,
2943 621 3107 679 quam
3134 621 3280 676 saepe
3320 619 3516 675 exspe-

226 730 319 788 per
349 724 549 771 terram
582 713 737 787 (Mat.
781 729 896 778 XIV,
942 710 1037 783 24)
1065 730 1078 765 :
1110 718 1239 766 tunc
1286 708 1431 765 enim
1489 707 1642 779 quasi
1691 712 1815 778 post
1916 711 2161 760 ctaverat
2188 709 2245 759 et
2265 702 2517 758 timuerat
2556 715 2679 757 esse
2724 708 3031 767 venturam,
3061 707 3116 755 et
3146 697 3513 755 visitationem

225 822 456 864 messem
485 806 837 876 stipulam,et
864 804 1018 876 quasi
1037 800 1509 874 postvindemiam
1541 810 1814 865 racemos,
1918 793 2060 863 ejus,
2120 792 2487 864 captivitatem
2547 792 2837 862 signiﬁcat,
2888 790 3078 847 dicens
3113 808 3125 844 :
3161 789 3396 845 Vastatio
3428 799 3519 844 tua

224 900 311 955 vix
339 899 393 954 in
422 899 505 954 his
532 896 782 968 reperiri,
842 897 937 968 qui
987 896 1148 952 ﬁdem
1178 896 1233 951 in
1261 893 1505 950 omnium
1564 891 1816 947 vastitate
1917 886 2052 938 venit
2083 901 2100 939 :
2128 901 2265 939 nunc
2304 886 2398 940 erit
2446 885 2657 939 vastitas
2680 900 2874 951 eorum,
2901 884 2955 939 id
2987 892 3090 950 est,
3123 882 3514 952 habitatorum,

224 991 587 1059 servaverint,
619 1006 914 1062 vocemque
961 990 1098 1044 hanc
1144 1004 1211 1044 ex
1261 1000 1500 1059 persona
1546 984 1817 1053 assumpti
1921 979 2036 1034 sive
2056 975 2823 1050 obsidiozussucnsmz'ttm)
2855 976 3003 1034 enim
3031 979 3201 1048 magis
3226 978 3516 1053 πολιορκίαν

225 1085 482 1154 hominis,
509 1094 704 1157 putant
724 1085 792 1141 de
821 1083 1179 1155 sequentibus
1210 1079 1504 1153 approbari
1534 1096 1545 1132 :
1583 1079 1669 1133 Va:
1690 1076 1819 1131 mihi
1921 1082 1974 1126 et
2004 1072 2302 1149 φρούρησιν,
2336 1070 2388 1126 id
2417 1079 2521 1137 est,
2566 1070 2881 1125 obsidionem
2906 1077 2961 1124 et
2986 1070 3296 1139 custodiam,
3352 1086 3517 1141 quam

224 1180 398 1234 anima
423 1194 442 1233 :
467 1177 537 1233 de
556 1192 661 1247 qua
702 1177 1021 1248 loquebatur
1046 1193 1058 1229 :
1091 1173 1281 1230 Tristis
1327 1181 1401 1227 est
1450 1172 1624 1226 anima
1680 1184 1816 1235 mea,
1922 1168 2212 1222 vastitatem
2238 1168 2293 1222 in
2322 1166 2554 1223 Hebraeo
2580 1177 2758 1223 sonat.
2801 1165 2975 1221 Nullis
3002 1180 3133 1235 ergo
3162 1163 3398 1221 credatis
3423 1180 3519 1221 vo-

226 1288 385 1338 usque
405 1271 475 1325 ad
492 1280 709 1326 mortem
735 1268 897 1337 (Mat.
922 1283 1073 1335 xxvi,
1102 1266 1216 1337 58).
1251 1263 1464 1336 Periitj
1497 1263 1581 1317 Al.
1616 1259 1820 1333 Periet]
1923 1259 2076 1315 cibus
2109 1259 2522 1331 prophetarum,
2556 1275 2657 1316 nec
2686 1257 3111 1315 accommodetis
3154 1272 3339 1313 aurem
3372 1258 3521 1313 deci-

228 1372 510 1422 revertens
533 1364 600 1419 de
620 1375 790 1431 terra,
824 1362 911 1417 vel
942 1358 1277 1415 Antichristo
1310 1356 1671 1412 interﬁciente
1697 1368 1823 1408 san-
1926 1352 2094 1422 pienti
2146 1351 2423 1408 blanditiae
2473 1352 2817 1418 divinorum;
2864 1352 2987 1421 quia
3019 1351 3063 1406 si
3092 1351 3237 1405 inter
3269 1364 3394 1404 cara
3419 1365 3519 1406 no-

227 1467 367 1525 ctos,
400 1455 484 1512 vel
509 1455 578 1511 ad
609 1452 1035 1525 magnitudinem
1061 1449 1441 1506 scandalorum
1466 1446 1676 1502 cunctis
1700 1460 1825 1500 cor-
1926 1445 2072 1498 mina
2125 1452 2177 1498 et
2231 1444 2718 1515 consanguinitatis
2766 1443 3019 1499 allectum
3072 1458 3193 1497 rara
3226 1449 3311 1497 est
3335 1440 3470 1498 ﬁdes
3500 1482 3517 1511 ,

228 1549 536 1605 ruentibus.
577 1545 648 1600 Et
694 1546 781 1616 qui
810 1545 1056 1616 corrigat,
1099 1544 1233 1597 inter
1280 1540 1514 1595 homines
1552 1554 1655 1592 non
1705 1546 1778 1591 est
1804 1551 1823 1590 :
1927 1546 2129 1607 quanto
2160 1540 2332 1607 magis
2362 1538 2416 1593 in
2445 1538 2531 1595 his
2555 1540 2647 1609 qui
2678 1538 2959 1593 adulantes
2981 1538 3153 1607 vobis,
3186 1537 3522 1592 mentiuntur

231 1657 402 1696 omnes
425 1640 479 1693 in
503 1638 756 1712 sanguine
779 1639 1113 1710 judicantur,
1149 1650 1258 1690 non
1291 1634 1346 1689 in
1377 1632 1586 1688 levibus
1617 1630 1827 1702 parvis-
1927 1645 2025 1699 pro
2059 1630 2238 1699 praeda
2266 1645 2386 1696 sua,
2410 1641 2465 1684 et
2492 1632 2646 1700 quasi
2666 1630 3075 1700 aegrotantibus,
3096 1645 3203 1684 non
3236 1629 3366 1700 quid
3389 1629 3522 1684 utilc

229 1748 335 1805 que
365 1732 619 1803 peccatis,
646 1730 743 1786 sed
780 1731 830 1783 in
882 1728 1131 1783 maximis
1154 1737 1211 1782 et
1241 1726 1305 1781 ad
1334 1724 1654 1794 sanguinem
1697 1738 1821 1792 per—
1848 1729 1896 1790 Β
1923 1722 2014 1789 sit,
2050 1720 2145 1775 sed
2174 1720 2302 1791 quid
2325 1721 2741 1787 delectabile,et
2764 1721 2980 1791 placens
3004 1722 3276 1791 imperant
3300 1721 3314 1775 l
3345 1720 3523 1777 Nolite

229 1825 547 1883 tinentibus.
573 1822 691 1878 Non
724 1822 992 1887 vicinitas,
1019 1836 1127 1875 non
1161 1818 1422 1883 amicitia,
1455 1833 1562 1871 non
1586 1813 1819 1869 afﬁnitas
1923 1814 2149 1870 credere
2163 1817 2378 1881 amico;
2410 1824 2463 1871 et
2493 1815 2820 1888 Achitophel
2843 1816 3045 1887 quippe
3062 1816 3525 1873 consurrexitad-

229 1917 412 1974 scelus
438 1914 739 1971 morabitur
770 1930 783 1967 :
814 1914 995 1968 cuncti
1015 1926 1207 1967 manus
1237 1907 1577 1965 levabuntad
1594 1908 1817 1973 malum,
1923 1921 2138 1961 versqu
2171 1906 2337 1961 David
2367 1906 2437 1975 (ll
2468 1906 2599 1980 Reg.
2626 1906 2741 1979 xv),
2761 1918 2989 1964 etverus
3014 1908 3333 1979 AchitOphel
3359 1909 3530 1966 Judas

230 2018 293 2066 ut
314 2008 476 2065 etiam
504 2006 812 2079 quimaium
845 2006 1025 2061 facere
1047 2020 1154 2060 non
1185 2003 1443 2074 potuerit,
1462 2011 1665 2069 tamen,
1692 2000 1820 2054 dum
1924 1999 2187 2054 adversus
2218 1998 2490 2055 Christum
2513 1999 2696 2071 (ﬁatt.
2723 2001 2902 2071 xxvi).
2936 2000 3024 2068 Et,
3060 2001 3227 2057 nolite
3252 2001 3531 2059 conﬁdere

235 2116 430 2159 manus
458 2107 746 2171 praeparat,
772 2098 1057 2154 voluntate
1080 2097 1385 2166 delinquat.
1419 2095 1541 2164 ipse
1568 2094 1825 2162 princeps
1926 2091 1983 2146 in
2010 2091 2166 2160 duce,
2192 2099 2252 2147 ut
2277 2093 2378 2147 viri
2410 2092 2633 2150 Sichem
2677 2095 2732 2149 in
2762 2094 3082 2151 Abimelech
3115 2094 3135 2167 (
3166 2094 3373 2152 Iudith.
3404 2112 3460 2151 IX
3481 2099 3527 2166 ).

232 2194 391 2265 petit,
423 2201 478 2248 et
498 2191 666 2264 judex
695 2191 860 2247 verba
892 2189 1117 2262 paciﬁca
1144 2188 1405 2258 loquitur;
1436 2186 1635 2256 accipit
1680 2185 1824 2240 enim
1925 2183 2032 2255 lpsi
2087 2184 2232 2241 enim
2282 2200 2406 2241 eum
2459 2186 2711 2242 fecerunt
2754 2203 2965 2258 regem,
2991 2198 3044 2243 et
3070 2188 3139 2242 ab
3177 2204 3245 2244 eo
3274 2189 3528 2261 oppressi

234 2301 481 2350 munera,
510 2284 839 2340 desiderium
864 2284 1061 2337 anima:
1082 2296 1217 2337 suae.
1250 2279 1407 2347 Quod
1465 2277 1590 2349 quia
1650 2278 1826 2332 mani-
1930 2284 2076 2330 sunt.
2108 2277 2184 2330 Ab
2217 2293 2277 2330 ea
2299 2293 2415 2345 qua:
2437 2278 2627 2332 dormit
2653 2280 2707 2333 in
2735 2280 2851 2334 sinu
2901 2291 3011 2349 tuo,
3054 2282 3255 2335 custodi
3306 2281 3536 2337 claustra

233 2378 437 2435 festum
456 2386 561 2442 est,
594 2384 650 2434 et
674 2376 925 2431 invidiam
977 2389 1142 2431 caveo
1194 2372 1520 2443 principum,
1551 2368 1827 2439 judicum-
1931 2369 2034 2423 oris
2056 2369 2131 2422 tui
2161 2368 2357 2439 (Ibid.,
2384 2369 2496 2441 xv1)
2531 2388 2542 2424 :
2577 2386 2647 2427 ne
2676 2372 2905 2441 patiaris
2936 2372 3081 2441 quod
3110 2374 3341 2429 Samson
3371 2388 3400 2429 a
3425 2374 3531 2429 Da-

234 2487 363 2544 que,
403 2469 621 2527 lectoris
649 2467 946 2525 intellectui
975 2466 1382 2535 derelinquens,
1430 2470 1640 2518 tantum
1694 2460 1827 2515 illud
1933 2460 2024 2515 lila
2055 2476 2348 2531 perpessus
2376 2472 2459 2517 est
2480 2462 2544 2534 (ll
2572 2462 2705 2537 Reg.
2745 2464 2881 2536 xvr).
2914 2466 3051 2532 Quia
3074 2466 3217 2536 ﬁlius
3273 2478 3537 2523 contume-

236 2564 523 2635 adjungam
556 2579 571 2617 :
605 2561 831 2616 Munera
855 2558 1304 2616 excwcantoculos
1331 2557 1487 2611 etiam
1519 2554 1830 2626 sapientium
1934 2554 2057 2609 liam
2086 2555 2211 2626 facit
2236 2556 2376 2627 patri
2399 2572 2420 2623 ;
2450 2556 2691 2613 AbSalon
2716 2558 2971 2614 videlicet
2993 2560 3160 2614 David
3187 2578 3202 2615 :
3231 2576 3339 2617 non
3360 2562 3537 2619 solum

235 2653 421 2728 (Deut.
453 2670 563 2721 xvi,
599 2652 1012 2725 i9):viviﬁcaut
1037 2665 1252 2722 quoque
1276 2648 1534 2715 animam,
1567 2662 1728 2718 quam
1753 2645 1833 2700 vi-
1935 2662 2188 2719 regnum,
2216 2648 2315 2704 sed
2341 2658 2396 2703 et
2425 2649 2754 2706 concubinas
2786 2650 2956 2722 patris
3013 2653 3224 2709 incesto
3246 2654 3392 2711 coitu
3422 2648 3540 2711 ma-

235 2746 460 2803 viﬁcare
486 2761 593 2802 non
616 2744 938 2811 debuerant,
965 2751 1019 2799 et
1037 2741 1369 2797 interﬁciunt
1396 2756 1515 2796 eam
1566 2754 1684 2810 quzc
1712 2753 1832 2794 me-
1936 2743 2157 2797 culavit.
2180 2739 2328 2795 Filia
2348 2743 2613 2814 consurgit
2662 2753 2844 2799 contra
2893 2754 3114 2800 matrem
3160 2763 3310 2801 suam
3339 2763 3360 2801 :
3386 2746 3543 2818 cujus

241 2842 349 2897 rito
408 2854 507 2895 suo
529 2847 585 2895 et
607 2837 897 2893 virtutibus
951 2834 1106 2901 vivit,
1154 2842 1212 2891 et
1241 2833 1345 2889 hoc
1374 2832 1582 2888 faciunt
1610 2840 1836 2901 pr0pter
1939 2837 2019 2892 rei
2046 2849 2167 2890 cum
2196 2835 2359 2907 516
2387 2834 2607 2891 interim
2636 2837 2705 2892 de
2730 2836 3030 2907 Scripturis
3058 2838 3263 2895 sanctis
3294 2839 3541 2895 testimo-

239 2934 385 2990 dona
402 2947 523 3001 quae
550 2928 1204 3000 postulantimpudenter,
1227 2937 1281 2982 et
1299 2926 1511 2996 turpius
1540 2925 1835 2995 accipiunt.
1949 2927 2099 2980 nium
2130 2942 2239 2980 non
2263 2926 2622 2996 reperiamus,
2656 2936 2806 2983 tanta
2838 2930 3087 2999 exempla
3112 2938 3241 2985 sunt
3270 2930 3543 3001 quotidia-

240 3028 447 3095 Quibus
470 3024 727 3081 Dominus
756 3022 1133 3090 comminatur,
1162 3021 1281 3076 haec
1321 3019 1506 3075 dicens
1539 3038 1552 3073 :
1577 3018 1643 3071 Et
1690 3020 1839 3089 aufe-
1945 3033 2025 3072 nil:
2039 3016 2187 3086 vitta,
2215 3027 2272 3072 ut
2301 3020 2473 3090 magis
2498 3020 2687 3089 lugere
2710 3021 2854 3090 quod
2882 3030 3030 3076 tanta
3059 3022 3188 3089 sint,
3212 3037 3370 3092 quam
3390 3038 3543 3093 quae-

241 3136 358 3174 ram
376 3119 507 3173 bona
532 3134 729 3185 eorum,
757 3132 879 3187 quae
902 3122 1093 3185 putant
1121 3115 1285 3179 bona,
1316 3127 1437 3183 quae
1465 3110 1572 3165 illis
1598 3110 1737 3165 bona
1766 3109 1845 3163 vi-
1872 3112 1916 3174 C
1949 3126 2071 3167 rere
2098 3111 2412 3167 debeamus.
2447 3113 2633 3167 Nurus
2664 3122 2847 3168 contra
2871 3130 3080 3169 socrum
3100 3131 3249 3169 suam
3278 3124 3374 3171 :ut
3404 3132 3542 3171 uxor

245 3213 464 3269 dentur.
496 3209 769 3266 Caeterum
791 3208 1017 3265 veritate
1045 3207 1431 3274 reinumquam
1457 3203 1601 3258 bona
1646 3201 1836 3273 appel-
1939 3202 2083 3258 Esau
2110 3204 2460 3259 consurrexit
2487 3214 2678 3261 contra
2700 3204 3007 3261 Rebeccam
3036 3204 3194 3277 (Gen.
3228 3205 3398 3277 xxvr).
3422 3206 3542 3262 Ini-

245 3304 527 3371 labuntur,
581 3313 780 3375 quaeet
810 3302 1027 3357 dantem
1074 3298 1332 3369 spoliant,
1391 3305 1447 3352 et
1475 3294 1838 3365 accipientem
1940 3294 2065 3348 mici
2114 3293 2361 3362 hominis,
2395 3297 2492 3349 viri
2547 3297 2815 3351 domestici
2865 3298 2999 3368 ejus.
3026 3298 3125 3353 llic
3153 3298 3402 3369 exempla
3434 3314 3545 3355 non

246 3394 586 3453 interﬁciunt
615 3412 627 3449 :
660 3396 791 3451 licet
840 3410 948 3449 non
995 3400 1102 3446 tam
1159 3388 1513 3446 comminatio
1544 3386 1636 3454 sit,
1678 3400 1838 3457 quam
1942 3400 2152 3457 quaero,
2186 3402 2309 3441 cum
2342 3386 2501 3456 plura
2520 3389 2649 3455 sint,
2678 3403 2840 3459 quam
2871 3398 2929 3445 ut
2961 3388 3289 3447 testimoniis
3311 3389 3550 3462 indigea-

246 3487 583 3553 benedictio,
608 3487 821 3542 auferre
845 3486 913 3541 ab
943 3485 1021 3541 eis
1052 3483 1191 3538 mala
1210 3522 1226 3551 ,
1258 3492 1312 3537 et
1339 3480 1512 3551 ipsum
1554 3478 1842 3534 Dominum

250 3579 605 3650 divinumque
634 3592 941 3637 sermonem
968 3573 1177 3645 ingredi
1196 3574 1251 3627 in
1274 3570 1638 3628 conscientias
1655 3584 1842 3624 eorum

247 3680 308 3729 et
334 3672 487 3743 quasi
520 3670 719 3726 tineam
749 3668 1039 3725 comedere
1086 3665 1468 3737 quodcumque
1525 3675 1845 3733 perversum

248 3768 342 3819 est
362 3804 377 3830 ,
414 3774 470 3818 et
500 3761 804 3831 praedarum
834 3760 1209 3829 malarumque
1231 3756 1621 3827 cogitationum
1670 3754 1849 3809 facere

248 3856 589 3921 vastitatem,
614 3864 668 3910 et
694 3853 978 3909 ambulare
1032 3866 1197 3922 super
1243 3864 1491 3906 normam
1524 3858 1578 3905 et
1610 3848 1847 3919 regulam

250 3947 525 4012 veritatis,
555 3960 650 4001 cos
682 3946 828 4015 ipsos
872 3944 939 4000 ad
970 3953 1180 4025 rectum
1210 3941 1492 3998 retrahere
1534 3939 1627 4010 qui
1674 3939 1852 4011 pravis

249 4037 606 4109 opinionibus
636 4036 1013 4101 ducebantur;
1043 4044 1101 4092 et
1126 4035 1230 4091 hoc
1258 4034 1439 4091 facere
1461 4032 1515 4088 in
1538 4033 1742 4089 lumine
1761 4048 1852 4089 ve-

253 4131 436 4188 ritatis
459 4172 474 4197 ,
506 4138 561 4186 et
589 4129 641 4184 in
668 4128 753 4185 die
776 4129 876 4184 illo
902 4128 1118 4200 quando
1140 4128 1229 4200 qui
1250 4130 1421 4185 sancti
1450 4135 1602 4193 sunt,
1632 4135 1684 4183 et
1711 4126 1856 4182 elec-

257 4223 301 4280 ti
323 4222 392 4279 de
415 4221 682 4290 Ecclesia,
711 4221 1010 4277 ascendent
1039 4220 1108 4276 ad
1128 4220 1425 4291 speculam,
1450 4227 1504 4273 et
1532 4220 1586 4274 in
1616 4218 1856 4275 sublimi-

261 4324 375 4373 tate
395 4314 554 4387 515
585 4314 952 4370 doctrinarum
980 4323 1145 4384 atque
1173 4327 1401 4384 operum
1430 4326 1655 4367 suorum
1676 4311 1746 4368 de
1771 4326 1858 4368 re-

262 4408 364 4466 bus
392 4406 704 4464 coelestibus
725 4406 1099 4478 disputabunt.

1947 3494 2089 3534 mus.
2124 3480 2255 3534 Cum
2280 3494 2412 3550 ergo
2438 3479 2557 3537 huc
2587 3481 2665 3537 ita
2692 3496 2756 3539 se
2785 3482 3045 3553 habeant,
3089 3485 3260 3541 nolite
3294 3485 3549 3554 credere,

1946 3571 2190 3628 Samaria
2205 3570 2313 3644 [AL
2330 3573 2617 3647 Samariae]
2631 3574 3019 3645 ctJerusalem,
3036 3577 3550 3649 pseudoprophetis.

1948 3664 2063 3738 Ego
2088 3676 2287 3733 autem,
2316 3667 2490 3738 inquit
2522 3670 2815 3739 propheta,
2845 3670 2914 3725 ad
2941 3670 3225 3726 Dominum
3274 3674 3548 3743 aspiciam,

1950 3760 2243 3816 exsultabo
2272 3760 2327 3814 in
2358 3760 2528 3817 Deum
2558 3761 2898 3818 Salvatorem
2958 3779 3164 3830 meum,
3198 3765 3311 3821 sive
3366 3764 3554 3822 Jesum

1950 3868 2160 3920 meum,
2190 3861 2248 3908 et
2274 3852 2457 3911 audiet
2477 3869 2565 3911 me
2588 3853 2735 3911 Deus
2747 3871 2919 3911 meus.
2947 3856 3207 3927 Sequitur
3227 3857 3553 3930 Septuagin-

1956 3953 2007 4001 ta
2029 3945 2327 4016 expositio,
2350 3946 2445 4018 qui
2471 3945 2753 4015 dixerunt,
2799 3946 2913 4016 γω,
2961 3965 3058 4015 vae,
3088 3948 3317 4005 ultiones
3342 3959 3445 4006 tua:
3468 3967 3557 4007 ve-

1955 4050 2161 4105 nerunt,
2194 4039 2247 4094 id
2269 4048 2377 4106 est,
2406 4040 2667 4111 supplicia
2691 4057 2811 4111 qua:
2826 4056 2924 4113 pro
2948 4042 3252 4099 sceleribus
3275 4028 3557 4101 inferenda

1955 4142 2101 4189 sunt.
2132 4132 2290 4201 Mihi,
2324 4135 2519 4205 inquit,
2571 4136 2870 4202 vindictam,
2897 4145 2945 4191 et
2971 4153 3064 4208 ego
3085 4137 3393 4208 retribuam,
3437 4140 3563 4197 dicit

1959 4224 2218 4280 Dominus
2248 4224 2427 4299 (Rom.
2456 4243 2552 4296 xu,
2573 4228 2640 4284 19
2666 4243 2680 4295 ;
2702 4225 2864 4284 Deut.
2890 4243 3061 4299 xxxn,
3091 4228 3207 4301 35).
3263 4229 3333 4285 Et
3372 4231 3427 4286 in
3451 4231 3563 4288 alio

1958 4317 2120 4373 loco:
2162 4317 2425 4374 Venerunt
2477 4319 2588 4375 dies
2635 4321 2993 4377 retributionis
3018 4331 3119 4376 tua:
3149 4321 3305 4394 (Osee
3353 4338 3430 4392 Ix,
3478 4323 3558 4394 7).

1963 4408 2268 4466 Facitenim
2290 4410 2553 4467 Dominus
2575 4412 2837 4470 ultionem
2850 4414 3269 4470 vociferantium
3304 4417 3370 4471 ad
3390 4431 3451 4473 se
3473 4417 3563 4474 die

339 4501 519 4573 (Vers.
538 4501 682 4573 5-7.)
697 4498 822 4556 Dies
838 4498 1581 4570 speculationistute,visitatio
1596 4507 1684 4553 tua
1698 4498 1855 4553 venit:
1881 4499 1937 4561 D
1960 4515 2024 4557 ac
2046 4511 2205 4557 nocte
2232 4511 2396 4573 atque
2420 4502 2747 4558 dicentium:
2768 4503 3071 4576 Usquequo,
3098 4502 3320 4561 Domine
3356 4519 3565 4564 sanctus

264 4609 408 4650 nunc
448 4594 549 4649 erit
569 4595 780 4649 vastitas
804 4609 985 4649 eorum
1022 4592 1219 4648 :nolite
1246 4591 1455 4647 credere
1477 4592 1666 4659 amico,
1690 4601 1740 4647 et
1762 4606 1860 4645 no-

268 4690 359 4745 lite
384 4689 644 4759 conﬁdere
679 4690 737 4744 in
771 4689 918 4744 duce.
966 4688 1046 4743 Ab
1075 4704 1137 4743 ea
1175 4702 1291 4757 qute
1325 4686 1515 4741 dormit
1556 4686 1611 4740 in
1633 4686 1750 4739 sinu
1773 4685 1863 4739 tuo

267 4781 475 4837 custodi
508 4782 739 4837 claustra
772 4784 876 4837 oris
902 4782 978 4836 tui
997 4798 1019 4848 ;
1038 4782 1159 4852 quia
1171 4779 1317 4851 ﬁlius
1345 4778 1712 4835 contumeliam
1742 4780 1869 4850 facit

271 4876 430 4947 patri,
458 4884 509 4930 et
528 4875 641 4946 ﬁlia
663 4876 928 4946 consurgit
964 4876 1208 4930 adversus
1250 4882 1465 4930 matrem
1486 4891 1637 4929 suam
1665 4892 1678 4930 :
1708 4890 1870 4929 nurus

270 4968 523 5023 adversus
556 4983 763 5022 socrum
801 4982 968 5033 suam,
989 4967 1184 5020 inimici
1201 4966 1427 5021 hominis
1448 4965 1713 5021 domestici
1732 4969 1867 5038 ejus.

272 5058 390 5134 Ego
401 5069 575 5117 autem
596 5063 667 5115 ad
678 5058 955 5115 Dominum
977 5062 1227 5132 aspiciam
1238 5078 1258 5115 :
1273 5062 1571 5134 exspectabo
1584 5060 1755 5116 Deum
1766 5063 1875 5117 sal-

273 5164 503 5209 vatorem
537 5170 704 5209 meum
720 5154 922 5209 :audiet
945 5170 1023 5208 me
1048 5154 1185 5209 Deus
1208 5171 1371 5209 meus.
1395 5153 1542 5209 LXX
1574 5170 1588 5207 :
1632 5153 1741 5221 Vat,
1771 5170 1869 5221 vat,

275 5248 505 5304 ultiones
537 5257 639 5304 tute
664 5256 934 5317 venerunt,
959 5264 1096 5303 nunc
1116 5257 1270 5303 erunt
1294 5251 1448 5319 ﬂetus
1476 5265 1654 5303 eorum
1673 5263 1697 5306 :
1722 5247 1884 5305 nolite

278 5341 488 5397 credere
508 5339 564 5395 in
584 5341 787 5407 amicis,
811 5356 975 5412 neque
1002 5341 1215 5413 speretis
1241 5340 1298 5395 in
1324 5339 1563 5395 ducibus.
1582 5340 1659 5395 Ab
1671 5358 1733 5395 ea
1759 5357 1874 5412 qua:

280 5442 451 5489 tecum
472 5433 647 5501 cubat,
670 5448 791 5488 cave
821 5449 883 5487 ne
903 5433 1089 5487 credas
1109 5434 1156 5486 ei
1164 5474 1178 5499 ,
1207 5434 1326 5503 quia
1342 5433 1484 5502 [ilius
1508 5433 1879 5487 contumeliam

280 5526 408 5596 facit
438 5526 597 5597 patri,
619 5534 668 5580 et
692 5526 806 5596 ﬁlia
818 5526 982 5598 surgit
999 5524 1269 5580 adversum
1294 5533 1686 5593 matremsuam,
1717 5541 1875 5580 nurus

282 5626 465 5672 contra
478 5634 683 5673 socrum
692 5634 839 5675 suam
857 5633 873 5672 :
886 5619 1087 5673 inimici
1098 5617 1443 5688 hominis,viri
1459 5619 1729 5675 domestici
1739 5623 1875 5694 ejus.

284 5707 403 5783 Ego
428 5720 600 5768 autem
625 5712 682 5768 in
702 5710 930 5767 Domino
952 5710 1360 5783 contemplabor,
1383 5713 1686 5785 exspectabo
1713 5711 1880 5769 Deum

1963 4604 2011 4650 et
2038 4611 2207 4664 verus,
2233 4611 2337 4650 non
2346 4595 2564 4668 judicas
2578 4604 2629 4650 et
2654 4596 2881 4651 vindicas
2902 4596 3205 4668 sanguinem
3228 4608 3481 4670 nostrum,
3500 4602 3565 4656 de

1964 4686 2046 4742 his
2092 4688 2183 4759 qui
2222 4688 2455 4743 habitant
2496 4688 2552 4743 in
2603 4698 2741 4743 terra
2772 4689 2960 4761 (Apoc.
3005 4706 3082 4760 v1,
3115 4689 3205 4763 10)
3231 4690 3255 4746 ?
3286 4692 3569 4751 Venerunt

1967 4795 2097 4852 ergo
2126 4780 2383 4851 ultiones,
2422 4792 2477 4839 et
2508 4798 2653 4839 nunc
2684 4792 2845 4840 erunt
2883 4782 3040 4840 ﬂetus
3088 4800 3297 4855 earum,
3354 4788 3407 4844 id
3461 4798 3597 4863 est,

1972 4874 2265 4942 ultionum,
2317 4882 2378 4929 ut
2407 4875 2667 4947 plangant
2699 4877 2793 4947 qui
2834 4886 2962 4933 ante
2992 4877 3258 4946 riserunt,
3291 4888 3347 4936 et
3384 4882 3567 4938 statim

1974 4975 2243 5023 exeuntes
2269 4965 2338 5022 de
2358 4967 2580 5036 saeculo,
2613 4977 2886 5025 tormenta
2914 4969 3244 5043 sustineant,
3270 4987 3394 5042 qua:
3416 4972 3570 5029 dives

1980 5060 2073 5117 ille
2100 5059 2372 5131 quondam
2408 5069 2757 5132 purpuratus,
2789 5070 2845 5118 et
2878 5062 3089 5120 deliciis
3117 5063 3367 5134 afﬂuens,
3412 5068 3577 5122 susti-

1975 5162 2066 5208 net
2090 5153 2143 5207 in
2171 5153 2408 5221 inferno,
2438 5152 2528 5207 ubi
2559 5162 2642 5209 est
2660 5153 2825 5210 ﬂetus
2848 5163 2903 5211 et
2923 5155 3127 5211 stridor
3151 5156 3394 5213 dentium
3416 5157 3572 5232 (Luc.

1974 5261 2103 5313 xvt;
2138 5244 2296 5301 Matt.
2325 5262 2444 5315 vm,
2499 5244 2643 5319 XIII).
2675 5246 2833 5315 Quod
2879 5258 3062 5305 autem
3109 5251 3381 5321 sequitur,
3414 5252 3575 5309 Nunc

1975 5351 2123 5398 erunt
2144 5358 2165 5409 ;
2196 5342 2283 5397 v‘el
2331 5342 2387 5397 in
2435 5339 2544 5396 ﬁne
2596 5341 3024 5412 uniuscujusque
3047 5343 3174 5397 vitae
3194 5344 3461 5415 intellige,
3492 5346 3577 5403 vel

1976 5437 2030 5495 in
2061 5435 2527 5492 consummatione
2554 5451 2743 5492 rerum
2771 5435 3038 5502 omnium,
3063 5443 3119 5490 et
3150 5435 3202 5490 in
3240 5436 3328 5493 die
3363 5437 3575 5508 judicii,

1982 5527 2203 5600 quando
2231 5527 2517 5600 generales
2545 5542 2711 5599 super
2740 5527 3030 5584 universos
3075 5527 3298 5584 venient
3320 5528 3579 5587 ultiones.

1985 5618 2165 5677 Nolite
2189 5635 2322 5692 ergo
2350 5619 2580 5677 credere
2611 5620 2830 5692 amicis,
2862 5620 2989 5691 quia
3014 5621 3195 5677 omnis
3222 5621 3430 5679 amicus
3455 5638 3587 5696 sup-

1989 5710 2330 5784 plantatione
2380 5712 2715 5785 supplantat,
2753 5720 2811 5771 et
2862 5712 2956 5785 qui
3003 5722 3225 5786 prepter
3266 5714 3472 5788 aliquid
3501 5726 3586 5780 est
