4078 6342
253 245 381 304 ιω
971 233 1629 298 COMMENTARIORUII
1665 233 1733 292 IN
1772 229 1898 292 HIC}

2006 229 2112 291 LAII
2150 228 2283 290 LIB.
2323 233 2388 292 Il.
2431 232 2585 291 CAP.
2628 232 2742 292 VII.
3395 227 3539 291 {22!

250 358 532 429 Causaque
560 355 810 413 redditur
834 369 948 412 non
977 358 1114 413 satis
1159 354 1501 426 respondens
1528 351 1592 406 ad
1640 363 1840 420 propo-
1865 351 1916 411 Α
1943 349 2231 421 Spiritum,
2265 349 2358 420 qui
2407 350 2549 419 apud
2590 349 2852 404 Ilcbraros
2901 361 3104 420 genere
3143 347 3342 403 dicitur
3387 347 3543 402 fomi-

249 451 530 516 sitionem;
559 449 637 504 ait
661 448 842 504 enim:
902 447 1042 516 Quia
1087 448 1231 517 ﬁlius
1271 447 1553 502 intrauerat
1601 450 1802 513 patrem
1827 481 1845 509 ,
1952 441 2083 495 nino
2110 453 2213 497 nos
2258 439 2431 512 (ηπ-π).
2462 441 2712 495 Haeretiei
2742 455 2874 512 ergo
2904 455 3026 496 cum
3055 447 3182 495 ante
3213 439 3551 496 crediderint

254 542 366 612 ﬁlia
387 543 553 614 surgit
608 543 856 597 adversus
899 551 1116 596 matrem
1140 584 1155 608 ,
1209 555 1371 594 nurus
1423 547 1606 592 contra
1644 549 1850 591 socrum
1953 533 2006 588 in
2035 534 2352 604 Scripturis,
2382 548 2504 604 quae
2543 547 2572 587 a
2606 534 2810 602 Spiritu
2839 541 3030 590 sancto
3059 534 3383 604 conscripta:
3415 541 3546 588 sunt

253 651 420 700 suam,
435 643 484 690 et
507 633 944 689 inimici/taminia
963 632 1378 704 domesticicjus.
1397 629 1530 684 Nam
1544 628 1673 699 quid
1692 627 1851 698 pcitl-
1951 636 2004 678 et
2033 623 2220 689 editae,
2255 624 2596 680 transferunt
2627 639 2688 680 se
2711 627 2776 681 ad
2801 641 2969 682 novas
3013 627 3312 693 doctrinas,
3339 636 3394 682 et
3441 626 3553 680 fcr-

256 725 1092 793 uetadamicum,adducem,ad
1117 723 1584 789 uxorcm,sitilius
1605 721 1850 778 etliliaet
1955 725 2199 773 mentum
2233 718 2656 785 Pharisaeorum,
2690 727 2745 774 et
2769 721 3022 774 mandata
3056 720 3376 775 hominum:
3405 717 3556 774 dum-

256 837 444 888 nurus,
475 831 668 876 contra
701 830 908 890 patrem
936 834 1000 876 ac
1026 828 1259 874 matrem
1287 829 1853 888 socrumqueconsur-
1952 827 2059 883 que
2088 825 2402 867 sermonem
2436 811 2529 868 Dei
2553 821 2936 879 contemnunt,
2967 814 3153 868 socrui
3184 827 3296 868 suae
3343 811 3556 866 faciunt

255 911 413 982 gant?
447 911 672 967 Videtur
699 927 829 984 ergo
856 912 988 967 mihi
1009 911 1089 966 sic
1121 926 1244 966 cum
1263 909 1645 980 superioribus
1688 923 1851 980 posse
1951 905 2234 975 iniuriam.
2267 905 2335 960 Et
2371 921 2440 961 ne
2474 905 2615 961 forte
2661 905 2876 961 dubites
2905 948 2920 971 ,
2965 907 3208 962 Verbum
3259 915 3314 962 et
3360 906 3556 960 Filium

258 1007 510 1077 conjungi
547 1024 560 1061 :
601 1005 782 1062 Nolite
828 1005 1058 1062 credere
1103 1006 1336 1074 amicis,
1393 1011 1450 1060 et
1495 1003 1766 1069 ducibus,
1797 1010 1854 1057 et
1957 997 2054 1054 Dei
2085 997 2230 1052 nasci
2261 996 2328 1053 dc
2359 995 2567 1066 Spiritu
2605 1007 2837 1064 sancto,
2893 995 3170 1053 Gabrielis
3219 997 3286 1052 ad
3333 997 3556 1052 Mariam

259 1100 540 1164 uxoribus,
571 1112 692 1168 qua:
716 1097 914 1154 mutari
941 1105 1196 1168 possunt.
1227 1104 1279 1153 et
1310 1110 1432 1152 esse
1457 1109 1556 1164 pro
1573 1103 1848 1164 tempore:
1955 1089 2130 1144 verba
2156 1088 2485 1143 considera:
2521 1088 2754 1159 Spiritus
2783 1098 3014 1155 sanctus,
3055 1090 3149 1152 ait,
3198 1090 3362 1143 veniet
3410 1101 3566 1160 super

259 1203 382 1246 cum
413 1189 555 1244 tilius
585 1203 799 1260 quoque
824 1197 879 1245 et
907 1187 1018 1244 illia
1049 1187 1204 1244 obliti
1220 1186 1562 1243 educationis
1596 1193 1654 1239 et
1679 1183 1852 1238 inl'un-
1957 1193 2029 1250 te,
2057 1193 2101 1237 et
2130 1183 2292 1238 virtus
2323 1182 2584 1236 Altitsimt’
2615 1181 2946 1236 obumbrabit
2975 1182 3065 1236 tibi
3083 1198 3102 1236 :
3131 1190 3407 1251 propterea
3428 1183 3567 1254 quod

263 1285 370 1349 tiae,
400 1284 690 1339 adversum
718 1291 977 1338 auctores
1005 1282 1130 1336 vita:
1153 1295 1266 1337 suae
1294 1293 1704 1350 corporumque
1732 1293 1857 1334 cun-
1957 1285 2198 1330 nascetur
2228 1291 2292 1331 ea:
2316 1285 2363 1329 te
2391 1283 2650 1340 sanctum,
2687 1273 2962 1329 vocabitur
2989 1273 3170 1328 Filius
3199 1273 3297 1329 Dei
3323 1274 3478 1343 (Lac.
3507 1290 3524 1328 t
3552 1318 3566 1342 ,

261 1383 501 1445 surgant,
542 1384 599 1432 et
626 1375 736 1431 illis
786 1373 989 1430 faciunt
1035 1373 1422 1429 contumeliam
1455 1409 1470 1440 -,
1519 1387 1658 1443 quos
1705 1371 1856 1426 vultu
1959 1366 2029 1422 55
2057 1366 2097 1437 ).
2127 1366 2255 1422 Post
2285 1367 2402 1421 haec
2432 1369 2708 1437 sequitur:
2736 1365 2944 1420 Inimici
2968 1365 3213 1434 hominis,
3243 1367 3341 1420 uiri
3363 1368 3572 1420 domes.

263 1484 475 1540 quoque
499 1467 696 1525 [uadere
722 1468 908 1524 scelus
935 1474 1042 1524 est.
1077 1466 1184 1523 Sed
1216 1467 1334 1522 haec
1355 1466 1629 1536 expositio
1657 1479 1861 1534 nequa.
1961 1457 2049 1512 tici
2075 1461 2214 1532 ejus.
2238 1459 2390 1526 Quod
2421 1460 2504 1514 sic
2527 1459 2684 1515 nobis
2708 1459 2858 1530 juxta
2893 1460 3252 1531 IrOpolngiatn
3283 1473 3564 1528 exponen-

263 1577 420 1631 quam
441 1561 698 1616 convenit
717 1559 878 1615 nurui
909 1559 1178 1615 adversus
1203 1573 1424 1614 socrum
1476 1555 1855 1625 consurgenti,
1959 1552 2090 1607 dum
2121 1553 2376 1608 videtur:
2409 1551 2602 1608 Omnis
2634 1554 2730 1607 viri
2786 1564 2972 1619 caput,
3019 1551 3274 1608 Christus
3321 1561 3406 1609 est
3436 1565 3451 1618 ;
3503 1561 3558 1606 ct

264 1661 316 1708 et
345 1651 574 1720 homini,
601 1653 692 1709 cui
714 1651 922 1709 inimici
946 1651 1235 1708 domestici
1262 1651 1403 1721 ejus.
1447 1650 1748 1706 Terentius
1803 1647 1856 1701 in
1961 1645 2233 1708 Christus.
2260 1654 2422 1716 caput
2452 1646 2757 1716 Ecclcsite(
2794 1647 2806 1699 Ι
2849 1646 2971 1702 Cor.
3002 1662 3057 1711 ιι,
3094 1647 3128 1700 5
3150 1648 3188 1714 ):
3224 1645 3385 1715 hujus
3411 1659 3562 1715 sa-pc

269 1745 538 1818 Hecyrae
593 1815 633 1818 η
755 1815 770 1818 _
864 1814 882 1818 _
1338 1814 1351 1818 _
1889 1735 1934 1802 Β
1963 1739 2168 1793 inimici
2198 1748 2346 1804 sunt,
2377 1740 2468 1807 qui
2499 1747 2758 1808 putantur
2789 1740 2842 1792 iu
2876 1739 3040 1792 duino
3069 1739 3189 1808 ejus
3213 1751 3360 1805 esse,
3394 1737 3448 1792 id
3480 1745 3570 1792 est

511 1815 639 1877 Quid
662 1814 887 1867 93th“?
905 1828 1081 1866 °mn°5
1103 1828 1275 1867 δοετυδ
1291 1814 1507 1865 Oderunt
1530 1825 1714 1864 “mus:
1964 1830 2019 1884 in
2051 1830 2322 1898 Ecclesia,
2347 1841 2399 1885 et
2425 1845 2454 1886 a
2484 1831 2664 1900 capite
2719 1829 2876 1902 521
2911 1830 3132 1900 quidem
3158 1845 3268 1884 non
3287 1829 3572 1898 recedunt,

267 1923 408 1992 quod
441 1936 767 1992 quamquam
795 1921 1109 1992 ambiguum
1141 1921 1430 1988 sit,tameu
1465 1917 1863 1990 propemodum
1964 1923 2062 1977 sed
2088 1932 2280 1978 contra
2303 1938 2462 1979 suum
2487 1925 2930 1992 sentiuntcaput,
2952 1922 3561 1993 quiabsquemagistro,

269 2016 512 2070 naturale
533 2023 653 2070 est:
696 2022 756 2069 ut
807 2028 977 2070 nurus
1029 2028 1246 2068 socrum
1278 2055 1293 2081 ,
1346 2021 1402 2067 et
1453 2026 1644 2067 socrus
1683 2008 1869 2066 oderit

270 2121 484 2160 nurum.
516 2104 643 2160 limo
673 2103 742 2159 de
765 2104 1240 2160 consummatione
1264 2110 1314 2158 et
1347 2101 1459 2158 ﬁne
1485 2099 1695 2163 mundi,
1735 2115 1870 2169 qua-

269 2195 334 2251 lis
364 2195 656 2252 adventum
687 2193 1029 2250 Antichristi‘
1060 2195 1346 2265 generatio
1386 2207 1722 2264 prazcessura
1777 2191 1871 2256 sit,

1967 2024 2022 2070 et
2049 2017 2223 2085 gratia
2251 2016 2488 2083 Domini,
2511 2016 2794 2070 scientiam
2818 2015 3226 2084 Scripturarum
3251 2029 3350 2070 suo
3361 2013 3570 2084 judicio

1971 2110 2376 2180 promittentes,
2403 2111 2576 2166 inﬂati
2599 2119 2747 2176 sunt,
2767 2121 2822 2166 et
2845 2110 2979 2165 nihil
3003 2113 3206 2176 sciunt,
3239 2108 3568 2179 etlanguent

1973 2206 2120 2258 circa
2149 2205 2504 2275 quastiones,
2531 2213 2588 2257 et
2607 2204 2988 2258 contentiones
3020 2213 3336 2272 pugnasque
3374 2201 3570 2255 verbo-

272 2287 625 2360 pr0pheticus
654 2303 838 2344 sermo
869 2288 1246 2357 descripserit.
1288 2286 1443 2341 Nunc
1487 2285 1871 2356 dieputandum

273 2381 571 2437 secundum
603 2382 947 2450 superiorem
975 2383 1517 2450 interpretationem,
1565 2380 1618 2433 in
1667 2394 1770 2449 qua
1804 2377 1874 2432 de

275 2467 549 2528 haereticis
595 2471 888 2527 diximus:
934 2472 1093 2538 Audi,
1146 2472 1344 2539 tribus,
1398 2481 1454 2526 et
1493 2470 1615 2538 quis
1661 2470 1875 2525 ornavit

276 2563 550 2618 civitatem
576 2562 598 2615 'l
628 2563 892 2633 numquid
925 2563 1065 2634 ignis
1089 2573 1145 2619 et
1174 2563 1369 2618 domus
1394 2562 1587 2633 impii?
1637 2560 1706 2614 Et
1753 2575 1877 2613 rur-

279 2671 414 2721 sum,
447 2656 514 2712 de
542 2655 781 2712 Ecclesia
813 2675 826 2710 :
858 2655 952 2711 Vae
983 2657 1137 2724 mihi,
1161 2657 1288 2728 quia
1342 2655 1520 2710 factus
1571 2669 1690 2709 sum
1738 2653 1880 2708 sicut

278 2747 368 2820 qui
388 2747 600 2820 colligit
627 2747 884 2820 stipulam
911 2749 964 2802 in
999 2765 1196 2804 messe.
1233 2749 1297 2802 Et
1323 2749 1518 2804 iterum
1548 2765 1561 2798 :
1600 2745 1692 2801 Vae
1723 2745 1877 2815 mihi,

281 2841 453 2894 anima
485 2858 498 2895 :
531 2840 696 2911 periit
723 2855 980 2896 reverens
1034 2837 1052 2912 ι
1082 2839 1166 2895 Al.
1201 2839 1526 2911 revertens]
1553 2856 1582 2892 ει
1615 2850 1795 2901 terra;
1829 2845 1886 2892 et

282 2931 372 3001 qui
395 2934 654 3001 corrigat,
686 2931 827 2986 inter
869 2925 1121 2987 homines
1152 2947 1262 2986 non
1315 2941 1418 2986 est.
1461 2930 1531 2985 Et
1583 2929 1882 2998 deinceps:

283 3021 540 3091 Princeps
569 3022 834 3092 postulat,
862 3030 916 3076 ct
953 3021 1120 3093 judex
1175 3021 1338 3076 verba
1389 3021 1616 3091 paciﬁca
1671 3020 1886 3074 locutus

1977 2311 2119 2362 rum,
2151 2298 2242 2366 qui
2275 2311 2405 2350 vere
2433 2294 2805 2350 consistentes
2845 2296 2898 2348 in
2951 2295 3114 2349 domo
3136 2333 3150 2359 ,
3199 2293 3404 2347 inimici
3453 2302 3582 2346 sunt

1975 2387 2240 2442 veritatis.
2277 2386 2429 2442 Scire
2461 2397 2644 2441 autem
2669 2386 2972 2450 debemus,
3003 2384 3150 2454 quod
3196 2385 3252 2438 in
3285 2384 3582 2454 Evangelia

1989 2497 2159 2552 prope
2185 2481 2378 2537 eadem
2406 2480 2574 2535 verba
2594 2481 2723 2544 sint,
2755 2495 2872 2548 qum
2903 2494 3047 2533 nunc
3077 2477 3308 2546 legimus
3354 2477 3410 2532 in
3454 2477 3586 2531 Pro-

1983 2573 2170 2642 pheta,
2195 2582 2251 2628 et
2272 2572 2428 2642 juxta
2459 2582 2774 2626 contextum
2803 2570 2947 2624 illius
2969 2569 3074 2624 loci
3104 2569 3342 2624 alterum
3375 2567 3578 2622 habere

1985 2681 2235 2732 sensum,
2265 2681 2390 2736 quas
2422 2676 2602 2720 utrum
2632 2671 2910 2733 assumpta
2941 2663 3052 2718 sint
3081 2662 3152 2716 de
3189 2661 3492 2732 propheta,
3522 2677 3590 2716 an

1985 2764 2208 2832 propria
2239 2761 2566 2814 auctoritate
2600 2768 2890 2827 precepts,
2925 2771 3092 2812 nosse
3120 2754 3332 2810 Domini
3358 2763 3466 2822 est,
3491 2755 3581 2824 qui

1990 2869 2048 2910 et
2080 2856 2134 2910 in
2158 2853 2452 2924 Propbctis
2473 2863 2526 2907 et
2547 2852 2603 2907 in
2631 2851 2945 2922 Evangeliis
2992 2851 3206 2905 locutus
3235 2857 3338 2904 est.
3373 2849 3469 2904 Ait
3498 2865 3594 2904 au-

1992 2953 2101 3000 tem
2148 2944 2262 2999 illic
2313 2943 2608 2999 Dominus:
2671 2941 2798 2996 Veni
2847 2942 3079 2996 dividere
3135 2941 3305 2995 virum
3347 2942 3592 2996 adversus

1993 3047 2201 3104 patrem
2229 3051 2404 3100 suum,
2437 3045 2486 3088 et
2517 3034 2682 3102 ﬁliam
2713 3042 2896 3087 contra
2929 3043 3143 3086 matrem
3173 3049 3322 3086 suam
3347 3073 3362 3097 ,
3406 3046 3451 3086 et
3501 3049 3600 3086 nst-

284 3123 384 3180 cst,
404 3113 735 3170 desiderium
754 3115 951 3169 animm
979 3129 1115 3170 suae.
1135 3113 1297 3188 520
1321 3109 1475 3169 Unde
1493 3111 1694 3182 duplex
1715 3111 1885 3167 male-

2006 3146 2110 3182 παθη
2130 3127 2380 3182 adversus
2407 3143 2614 3182 socrum
2637 3143 2811 3192 suam,
2835 3135 2883 3180 et
2910 3125 3109 3180 inimici
3133 3123 3362 3180 heroinis
3397 3126 3602 3180 domes-

287 3209 448 3264 dictio
468 3209 728 3280 sequitur:
770 3207 1630 3276 Vra,me,ultionestuwvenerunt:
1659 3221 1793 3258 nunc
1830 3220 1883 3257 eo

288 3313 404 3356 runt
419 3303 652 3371 ploratus
667 3317 866 3365 earum,
889 3312 940 3355 et
961 3301 1202 3356 dicamus
1224 3299 1480 3370 scriptum
1499 3295 1563 3352 dc
1582 3295 1886 3352 haereticis:

294 3393 474 3451 Nolite
501 3395 707 3450 credere
727 3397 782 3450 in
804 3396 1056 3460 auticis,o
1087 3393 1271 3465 populi
1293 3392 1591 3461 simplices,
1618 3399 1673 3446 et
1696 3389 1748 3444 in
1791 3389 1892 3444 du-

293 3487 442 3544 cibus
469 3489 646 3558 pravis
673 3487 761 3555 qui
794 3503 853 3544 se
876 3489 1080 3543 amicos
1107 3497 1160 3542 et
1195 3486 1466 3557 principes
1494 3486 1776 3540 Itmreseon
1807 3498 1892 3539 es-

297 3597 356 3638 se
385 3582 706 3652 promittunt
733 3601 746 3637 :
779 3597 886 3638 non
920 3585 1066 3638 enim
1092 3591 1327 3637 vestram
1357 3580 1609 3644 salutem,
1649 3578 1743 3633 sed
1794 3593 1893 3632 sua

296 3681 546 3742 quarrunt
599 3672 767 3735 lucra,
820 3680 875 3726 et
924 3669 1209 3740 deceptum
1249 3686 1468 3742 gregem
1517 3671 1742 3740 pedibus
1783 3669 1900 3724 suis

299 3772 616 3818 conterunt:
651 3771 706 3818 et
734 3763 782 3818 ei
811 3779 933 3832 qua:
961 3770 1140 3816 tecum
1168 3761 1366 3817 dormit
1393 3805 1406 3827 ,
1455 3777 1589 3817 cave
1624 3778 1690 3818 ne
1723 3763 1898 3833 quid-

299 3870 463 3924 quam
487 3853 810 3920 credideris,
839 3869 999 3923 quam
1029 3869 1134 3908 non
1165 3870 1378 3922 possum
1399 3855 1559 3908 aliam
1592 3853 1901 3922 intelligere

303 3949 408 4003 nisi
429 3963 670 4012 carnem,
693 3957 751 4002 ut
773 3964 878 4001 non
908 3946 1066 4002 facile
1088 3949 1377 4003 credamus
1404 3948 1584 4002 carnis
1602 3946 1898 4015 blanditiis,

308 4055 378 4096 ne
400 4039 563 4094 animi
591 4039 792 4096 duritia
828 4039 1108 4110 \‘irilisqtte
1136 4041 1440 4096 constantia
1492 4041 1634 4095 illius
1665 4039 1903 4094 edomita

306 4133 893 4191 mollescatilleccbris.
924 4133 1090 4190 Filius
1117 4137 1262 4190 enim
1295 4137 1384 4206 qui
1418 4147 1574 4190 natus
1595 4151 1625 4190 a
1655 4135 1770 4190 Deo
1797 4143 1902 4200 est,

311 4225 554 4301 neglecto
575 4227 835 4286 Creatore
865 4246 983 4296 suo,
1015 4229 1352 4301 blaSpliemat
1384 4246 1507 4286 eum
1551 4245 1578 4282 a
1625 4243 1734 4300 quo
1775 4245 1908 4284 con-

312 4321 479 4390 ditus,
513 4319 728 4378 dicente
757 4323 1070 4394 Scriptura:
1105 4333 1131 4362 τι
1167 4322 1358 4378 Nonne
1391 4322 1531 4377 Deus
1559 4339 1695 4377 unus
1719 4321 1910 4376 creavit

312 4417 438 4468 vos?
466 4431 632 4470 nonne
656 4426 802 4487 pater
827 4433 960 4471 unus
987 4415 1217 4471 omnium
1242 4426 1461 4471 vestrum
1485 4414 1568 4488 (Μ
1572 4416 1645 4470 al.
1679 4431 1740 4481 It,
1771 4410 1862 4480 10)
1885 4413 1910 4467 ?

1995 3222 2086 3276 tici
2113 3224 2230 3294 ejus
2284 3220 2304 3291 (
2339 3219 2538 3275 Matth.
2568 3235 2624 3287 ι,
2655 3221 2748 3286 55,
2772 3221 2898 3290 '56).
2938 3220 3036 3274 His
3085 3220 3270 3289 itaque
3323 3219 3608 3275 edisset-tis

1995 3314 2068 3386 (si
2097 3326 2278 3370 tamen
2299 3315 2568 3384 potuimus
2588 3328 2808 3369 sensum
2833 3313 3101 3384 attingere
3131 3312 3538 3383 Scripturarum
3561 3312 3604 3384 ),

1998 3418 2226 3464 sanctus
2251 3408 2628 3476 reirigcratsm
2663 3407 2974 3476 intelligens
3001 3406 3350 3474 charitatem,
3398 3415 3452 3458 et
3509 3407 3607 3458 bo-

2003 3499 2180 3553 miues
2207 3499 2257 3552 in
2293 3497 2770 3552 consummatione
2798 3497 2984 3551 mundi
3013 3511 3122 3550 non
3153 3510 3276 3552 esse
3328 3505 3607 3552 amatores

2007 3593 2102 3648 Dei
2143 3631 2159 3655 ,
2212 3591 2307 3647 sed
2358 3602 2642 3647 amator-cs
2693 3591 2774 3645 sui
2803 3631 2818 3655 ,
2871 3589 2998 3643 aliis
3037 3585 3387 3645 credentibus
3420 3589 3613 3644 amicis

2003 3695 2058 3740 et
2074 3683 2308 3739 ducibus
2321 3691 2377 3738 et
2391 3683 2674 3747 uxoribus,
2693 3681 2912 3751 filioque
2928 3689 2982 3735 et
2998 3681 3106 3735 tilia
3118 3692 3170 3736 et
3190 3697 3328 3736 nuru
3343 3681 3610 3735 adversus

2007 3787 2218 3846 patrem
2235 3784 2534 3831 ctmatram
2551 3782 2608 3829 et
2619 3789 2837 3829 sacrum
2859 3774 3346 3844 consurge-tatibus,
3362 3772 3608 3829 etinimi-

2004 3870 2084 3924 cis
2101 3867 2336 3924 hominis
2348 3866 2664 3922 domesticis
2687 3866 2958 3936 ejus,ipse
2983 3866 3159 3921 credit
3185 3870 3240 3921 in
3267 3867 3524 3932 nummo,
3555 3876 3610 3921 ct

2009 3961 2191 4016 omois
2205 3958 2598 4028 contemplatio
2617 3957 2737 4028 ejus
2756 3966 2843 4014 est
2863 3962 2914 4013 in
2934 3959 3048 4015 Deo
3075 3975 3196 4014 suo:
3221 3967 3616 4028 etquamquam

2011 4052 2461 4108 tribulationibus
2489 4061 2545 4106 et
2571 4053 2850 4120 presseris
2879 4053 3068 4106 mundi
3093 4061 3400 4121 prematur;
3439 4063 3616 4108 tamen

2012 4152 2215 4213 prteter
2233 4158 2360 4197 eum
2385 4140 2480 4212 qui
2505 4142 2638 4197 dicit
2665 4158 2678 4196 :
2702 4141 2753 4195 Ν
2759 4143 2882 4197 alito
2908 4144 3106 4207 time-rc,
3128 4157 3224 4214 ego
3242 4142 3340 4196 cici
3365 4142 3618 4196 mundum

2016 4235 2220 4308 (Joan.
2248 4252 2364 4302 rm,
2393 4236 2514 4308 56),
2545 4236 2598 4289 in
2630 4235 2784 4290 nullo
2805 4235 3058 4290 ﬁduciam
3082 4235 3317 4299 habens,
3338 4244 3622 4304 exspectat

2013 4327 2188 4383 Deum
2219 4328 2560 4383 Salvatorem
2582 4342 2770 4393 suum,
2796 4337 2854 4382 et
2880 4327 3113 4382 credens
3132 4328 3190 4380 in
3211 4341 3303 4391 eo,
3323 4325 3623 4394 oculosque

2017 4433 2151 4474 suos
2175 4419 2239 4474 ad
2258 4435 2382 4474 eum
2401 4432 2619 4488 semper
2640 4417 2908 4486 dirigens,
2923 4427 3110 4487 sperat
3123 4432 3181 4471 se
3195 4416 3622 4486 eaandieodum,

315 4515 370 4562 et
399 4507 573 4561 anima
597 4509 878 4564 caelestem
915 4508 1146 4579 despicit
1187 4507 1488 4564 Jerusalem
1523 4549 1537 4573 ,
1579 4505 2002 4577 matremque!)
2027 4511 2248 4582 quoties
2268 4525 2396 4566 eum
2424 4509 2786 4565 iuvocaverit.

316 4601 617 4653 contemnit
648 4595 974 4666 Ecclesium,
1004 4617 1161 4672 quam
1179 4597 1706 4672 quicontempserit,
1738 4607 1915 4654 morte

318 4691 602 4748 morietur.
637 4689 886 4748 Etnurus
899 4693 1458 4765 consurgitadversns
1478 4708 1700 4748 socrum
1723 4707 1878 4747 suam
1898 4710 1912 4746 :

319 4781 635 4854 quodjuxta
665 4779 1021 4854 tropolotgiam
1065 4781 1342 4842 intellectu
1384 4781 1603 4840 videtur
1646 4784 1916 4850 difﬁcile;

320 4875 420 4929 scd
438 4875 528 4945 qui
557 4875 752 4945 legerit
789 4873 1072 4930 Canticum
1125 4875 1508 4941 canticorum,
1557 4883 1614 4930 et
1657 4888 1920 4944 sponsum

322 4967 521 5022 animte
549 5009 563 5033 ,
601 4963 695 5024 Dei
743 4981 1050 5022 sermonem
1090 4965 1421 5021 intellexerit
1452 5007 1466 5032 ,
1516 4965 1924 5035 credideritque

325 5057 647 5129 Evangelia,
680 5060 823 5131 quod
847 5058 1142 5114 secundum
1179 5057 1436 5121 Hebraeos
1482 5059 1690 5113 editum
1746 5073 1921 5126 nuper

328 5151 710 5206 transtulimus
738 5151 816 5223 (in
847 5165 954 5222 quo
982 5167 1048 5206 rx
1070 5165 1303 5222 persona
1336 5149 1644 5205 Salvatoris
1679 5148 1880 5204 dicitur
1908 5167 1920 5202 :

330 5243 494 5298 Modo
522 5241 637 5297 tulit
660 5259 739 5297 me
767 5255 927 5297 mater
958 5259 1090 5311 mea,
1122 5251 1329 5297 sanctus
1359 5241 1592 5314 Spiritus
1627 5243 1681 5296 in
1714 5259 1814 5296 uno
1843 5259 1929 5296 ca-

333 5333 582 5405 pillorum
610 5349 842 5391 meorum
873 5335 892 5409 (
927 5333 1054 5390 Mal.
1092 5335 1168 5408 Χ).
1233 5353 1336 5392 non
1377 5335 1648 5392 dubitabit
1692 5333 1876 5390 dicere
1909 5376 1926 5402 ,

333 5437 643 5484 sermonem
675 5423 770 5484 Dei
802 5439 975 5485 ortum
1006 5445 1127 5485 esse
1171 5431 1236 5484 de
1286 5427 1504 5500 spiritu,
1560 5437 1616 5484 et
1667 5427 1927 5498 animam,

332 5535 456 5592 qua:
487 5537 688 5591 Sponsa
717 5523 983 5578 sermonis
1010 5534 1092 5578 eet
1117 5561 1131 5589 ,
1178 5523 1377 5577 habere
1433 5537 1651 5576 socrum
1681 5529 1931 5574 sanctum

2099 4603 2282 4676 (Vers.
2311 4602 2346 4657 8
2374 4602 2521 4672 seq.)
2555 4601 2638 4655 Ne
2665 4601 2853 4656 [ceteris
2876 4639 2891 4668 ,
2925 4599 3140 4654 inimica
3170 4616 3303 4666 mea,
3335 4617 3492 4673 super
3519 4617 3623 4672 ista,

2025 4695 2147 4764 quia
2166 4694 2326 4749 cecidi
2342 4711 2360 4747 :
2377 4709 2707 4764 consurgant.
2735 4691 2863 4746 Cum
2893 4693 3075 4748 sedero
3095 4694 3149 4747 in
3177 4694 3416 4760 tenebris,
3447 4693 3633 4749 Domi-

2025 4803 2124 4842 nus
2153 4787 2246 4841 tua:
2274 4803 2385 4842 mea
2414 4796 2487 4841 est
2510 4802 2530 4841 :
2560 4786 2695 4840 iram
2725 4785 2939 4841 Domini
2969 4786 3212 4857 portabo,
3231 4789 3484 4859 quoniam
3509 4803 3631 4856 pec-

2026 4878 2140 4931 caui
2166 4877 2236 4944 ei,
2263 4877 2427 4933 donec
2456 4894 2664 4932 causam
2693 4893 2864 4931 meatu
2880 4878 3084 4949 judicet
3109 4887 3156 4932 et
3183 4879 3344 4950 faciat
3364 4878 3633 4950 judicium

2031 4985 2222 5038 meum,
2247 4978 2298 5024 et
2325 4970 2509 5024 educat
2535 4985 2614 5022 me
2641 4969 2693 5022 in
2715 4968 2900 5034 lucem,
2931 4976 2978 5022 et
3008 4971 3186 5024 videbo
3201 4971 3466 5043 justitiam
3494 4974 3631 5040 ejus,

2036 5070 2085 5116 et
2115 5061 2328 5132 aspiciet
2358 5061 2568 5115 inimica
2593 5078 2704 5114 mea
2724 5099 2740 5127 ,
2774 5070 2822 5115 et
2865 5062 3122 5132 aperietur
3149 5063 3456 5134 confusione
3481 5079 3638 5134 qua:

2032 5153 2161 5207 dicit
2193 5153 2262 5207 ad
2290 5168 2399 5206 me:
2441 5151 2540 5207 Ubi
2570 5162 2644 5206 est
2688 5151 2944 5207 Dom-inus
2979 5152 3123 5207 Deus
3155 5155 3324 5209 tuus?
3357 5153 3510 5209 Oculi
3539 5153 3640 5209 uici

2025 5243 2273 5298 videbunt
2298 5250 2412 5298 eam
2437 5242 2456 5316 [
2482 5243 2634 5314 Vulg.
2674 5244 2730 5297 in
2755 5243 2902 5315 eam]
2927 5260 2944 5309 ;
2993 5260 3129 5298 nunc
3159 5245 3255 5299 erit
3285 5247 3340 5300 in
3369 5247 3642 5300 conculca-

2055 5338 2196 5405 ione,
2219 5351 2274 5390 ut
2297 5339 2465 5391 lutum
2489 5338 2780 5408 platearum
2806 5352 2825 5392 :
2850 5337 2958 5391 dies
2980 5347 3038 5392 ut
3058 5339 3380 5409 wdiﬁcentur
3404 5340 3643 5395 maceria!

2058 5445 2160 5484 ure.
2193 5428 2258 5483 In
2298 5430 2382 5482 die
2412 5430 2508 5483 illa
2535 5431 2686 5502 longe
2709 5431 2794 5497 [iet
2827 5431 2947 5484 lem:
2977 5431 3031 5484 in
3055 5433 3138 5484 die
3158 5430 3253 5484 illa
3276 5448 3433 5500 usque
3459 5431 3644 5503 [Vulg.

2036 5529 2087 5576 et
2115 5518 2302 5590 usque]
2340 5519 2409 5573 ad
2436 5527 2488 5574 te
2518 5520 2683 5574 veniet
2726 5519 2792 5575 tle
2832 5520 3016 5587 Assur,
3055 5530 3101 5575 et
3129 5535 3292 5592 ustpte
3316 5521 3386 5575 ad
3413 5521 3648 5578 ciritatcs

414 5669 438 5696 α
483 5658 704 5714 lnverso
755 5657 946 5715 ordine
997 5655 1190 5729 legitur
1219 5697 1234 5723 ,
1284 5654 1558 5713 secundus
1611 5655 1758 5710 etum
1806 5668 1994 5711 versus
2048 5655 2266 5726 prius
2327 5655 2589 5724 habetur,
2643 5663 2702 5712 et
3079 5659 3348 5717 Victorius
3405 5659 3476 5718 ad
3529 5669 3650 5719 tex-

339 5735 456 5785 tum
485 5731 685 5786 reﬁxit.
