4078 6342
590 263 732 322 1225

1828 258 1887 320 S.
1930 260 2205 321 EUSEBII
2246 260 2643 320 HIERONYMI'

3736 273 3852 334 1224

578 382 836 442 munitas,
880 386 925 432 et
955 393 989 431 a
1014 375 1301 432 civitatibus
1330 372 1566 442 munitis,
1596 389 1757 443 usque
1785 377 1853 429 ad
1879 379 2099 446 ﬂumen,
2131 384 2177 429 et
2204 378 2256 438 Α
2283 376 2681 447 Prophetarum
2701 418 2717 444 ,
2759 392 2880 449 qua:
2911 392 3055 434 nunc
3086 384 3345 436 tenentur
3374 394 3406 435 a
3437 380 3616 451 nobis,
3663 385 3769 442 tolli
3798 390 3855 444 de

579 473 650 527 ad
671 489 811 527 mare
833 472 896 524 de
922 472 1071 537 mari,
1100 482 1143 526 et
1167 471 1236 523 ad
1260 480 1484 524 montem
1508 469 1573 524 de
1597 477 1786 524 mante.
1816 468 1977 541 522
2003 469 2068 523 Et
2086 469 2180 522 erit

574 573 714 620 terra
742 566 795 618 in
824 561 1197 617 desolationem
1219 569 1426 632 propter
1451 560 1766 615 habitatores
1788 577 1930 629 suos,
1949 570 1994 614 et
2025 577 2180 630 prop-

576 668 652 714 ter
690 661 916 730 fructum
955 656 1325 729 cogitationum
1362 672 1560 709 eorum.
1606 652 1789 710 LXX:
1837 652 1922 707 Ne
1964 650 2180 707 insultes

576 752 728 818 mitti,
772 749 983 805 inimica
1028 765 1141 803 mea
1164 765 1182 802 :
1210 749 1333 819 quia
1362 748 1547 814 cecidi,
1571 758 1617 801 et
1656 762 1919 817 resurgam
1943 764 1959 799 :
1982 745 2108 816 quia
2136 744 2181 798 si

574 844 906 900 ambulavero
936 842 1248 907 intenebris,
1276 841 1536 897 Dominus
1567 840 1875 895 illuminabit
1907 856 2005 894 me.
2035 838 2180 892 Iram

576 936 788 992 Domini
813 935 1096 1005 sustinebo,
1120 935 1242 1005 quia
1266 935 1471 1007 peccavi
1492 935 1560 1003 ei,
1592 934 1754 987 donec
1777 932 2032 1005 justificet
2060 948 2181 986 cau-

573 1047 689 1087 sam
727 1047 911 1099 meam,
953 1039 1001 1083 et
1037 1029 1194 1101 faciat
1214 1027 1479 1100 judicium
1508 1043 1697 1094 meum,
1732 1033 1777 1078 et
1807 1025 1991 1079 educat
2020 1041 2099 1078 nte
2125 1024 2179 1079 in

578 1123 779 1192 lucem,
810 1133 855 1177 et
884 1122 1060 1178 videbo
1083 1120 1352 1192 justitiam
1382 1123 1526 1193 ejus,
1567 1128 1613 1171 et
1644 1117 1829 1172 videbit
1865 1134 1945 1170 me
1971 1118 2181 1171 inimica

578 1234 715 1284 mea,
744 1226 791 1271 et
818 1216 1015 1287 aperiet
1043 1230 1152 1270 eam
1181 1196 1442 1284 con‘fusio,
1470 1227 1583 1283 quas
1612 1210 1740 1264 dicit
1756 1211 1823 1264 ad
1845 1227 1951 1264 me:
1986 1208 2086 1265 Ubi
2108 1220 2181 1263 est

580 1310 834 1365 Dominus
878 1309 1015 1363 Deus
1061 1307 1228 1361 tuus?
1271 1304 1424 1360 Oculi
1464 1304 1564 1359 mei
1604 1303 1843 1358 videbunt
1871 1319 2013 1371 eum,
2046 1320 2182 1355 nunc

574 1404 674 1458 erit
696 1404 750 1457 in
776 1400 1242 1467 conculcationem,
1263 1401 1391 1453 sicut
1414 1399 1578 1453 lutum
1601 1398 1653 1451 in
1675 1396 1771 1450 viis
1800 1406 1846 1461 ιι,
1875 1395 1987 1449 dies
2012 1395 2181 1450 litura:

575 1495 757 1551 lateris
787 1492 974 1546 deletio
998 1501 1109 1559 tua,
1148 1499 1197 1544 et
1225 1489 1432 1561 repellet
1464 1488 1694 1559 legitima
1736 1496 1824 1541 tua
1852 1487 1962 1541 dies
1988 1487 2105 1555 illa,
2134 1497 2181 1540 et

580 1590 731 1644 urbes
753 1598 855 1642 tua:
881 1588 1083 1642 venient
1111 1587 1164 1639 in
1192 1584 1577 1639 conclusionem
1603 1592 1648 1637 et
1679 1584 1733 1636 in
1760 1582 2064 1637 divisionem
2086 1581 2183 1635 As-

571 1683 852 1754 syriorum,
876 1687 922 1734 et
949 1678 1179 1733 civitates
1209 1686 1309 1731 tua:
1331 1677 1545 1731 munita:
1573 1675 1623 1728 in
1657 1674 1962 1728 divisionem
1986 1690 2019 1727 a
2045 1671 2181 1742 Tyro

2285 471 2537 525 manibus
2582 470 2814 538 nostris,
2861 479 2917 527 et
2961 471 3102 526 tradi
3148 474 3353 544 populo
3380 473 3715 532 Judaeorum.
3742 479 3854 537 Nam

2282 560 2427 631 quod
2457 561 2657 617 dicitur
2684 563 2837 633 juxta
2868 564 3227 635 Septuaginta
3254 608 3271 633 ,
3310 567 3426 621 dies
3474 568 3642 623 liturae
3667 570 3855 643 lateris,

2282 653 2471 709 deletio
2503 664 2624 723 tua,
2661 670 2767 711 non
2809 656 2878 712 ad
2906 656 3211 713 Jerusalem
3232 698 3248 725 ,
3280 669 3343 713 ut
3371 659 3530 730 juxta
3562 659 3858 721 llebraicum

2282 751 2661 818 exposuimus;
2691 750 2789 806 sed
2818 750 2999 807 adhuc
3020 751 3088 807 ad
3115 752 3452 823 Babylonem
3485 751 3595 809 dici
3617 755 3860 826 intelliga-

2282 858 2403 897 mus
2427 884 2440 908 ,
2473 842 2615 913 quod
2643 852 2700 899 et
2725 844 2841 914 ipsa
2867 844 3101 901 delenda
3131 845 3240 913 sit,
3287 854 3346 902 et
3377 846 3430 899 in
3463 862 3667 902 morem
3696 847 3860 905 lateris

2280 938 2672 1005 conculcanda.
2706 940 2772 995 Et
2802 940 3031 1009 repellet
3062 941 3300 1010 legitima
3325 941 3448 997 dies
3472 942 3585 1014 illa,
3616 960 3717 1000 non
3748 946 3861 1016 legi-

2283 1030 2413 1085 tima
2436 1030 2555 1096 Dei,
2582 1032 2682 1086 sed
2708 1044 2727 1070 ο
2747 1047 2810 1087 ea
2837 1034 3075 1104 legitima
3104 1050 3225 1103 quae
3246 1033 3541 1090 adversum
3564 1035 3731 1104 legem
3759 1036 3857 1105 Dei,

2282 1135 2315 1177 ο
2330 1120 2593 1194 Babylon,
2608 1122 2853 1193 jusseras
2871 1124 3150 1180 observari
3162 1124 3253 1179 .Et
3271 1124 3529 1181 civitates
3552 1133 3655 1181 tua:
3668 1128 3861 1185 venient

2279 1212 2335 1268 in
2367 1213 2795 1282 conclusionem,
2823 1214 2938 1271 sive
2964 1217 3016 1270 in
3045 1216 3400 1284 divisionem,
3435 1218 3674 1289 Assyriis
3697 1228 3745 1274 te
3766 1220 3859 1276 im-

2281 1307 2651 1377 pugnantibus
2681 1307 2977 1379 (siquidem
3008 1309 3250 1380 Babylon
3271 1309 3652 1365 Chaldaeorum
3679 1311 3774 1366 fuit
3796 1313 3860 1369 ci-

2283 1400 2441 1465 vitas,
2468 1416 2576 1455 non
2621 1402 3017 1473 Assyriorum).
3049 1402 3119 1456 Et
3143 1402 3307 1457 urbes
3340 1413 3449 1457 tua:
3479 1401 3701 1458 munitae
3722 1414 3860 1461 erunt

2284 1494 2337 1547 in
2375 1492 2698 1549 divisionem
2727 1492 2943 1549 hostilis
2982 1496 3256 1552 exercitus
3281 1538 3295 1563 ,
3344 1512 3375 1550 ει
3409 1497 3557 1568 Tyro
3604 1512 3765 1567 uSque
3803 1501 3857 1555 ad

2282 1588 2486 1643 ﬂumen
2517 1587 2757 1659 Tigrim,
2806 1606 2912 1659 quo
2944 1591 3214 1656 circuiris,
3244 1599 3299 1644 ct
3337 1608 3364 1643 a
3400 1591 3543 1645 mari
3579 1591 3760 1662 Magno
3783 1607 3861 1647 us-

2285 1693 2388 1747 que
2409 1678 2476 1733 ad
2510 1694 2661 1734 mare
2689 1679 2933 1735 Rubrum
2954 1724 2967 1749 ,
3016 1680 3160 1753 quod
3188 1696 3251 1735 ex
3304 1680 3484 1736 latere
3541 1682 3859 1751 pergentibus

577 1790 740 1846 usque
765 1775 836 1829 ad
861 1776 1080 1844 ﬂumen,
1107 1780 1154 1825 et
1176 1789 1206 1825 a
1228 1771 1360 1824 mari
1384 1786 1547 1841 usque
1572 1769 1641 1824 ad
1668 1786 1831 1835 mare,
1853 1776 1900 1823 et
1930 1769 1992 1822 de
2012 1774 2183 1822 monte
2215 1761 2261 1821 B
2287 1771 2493 1826 Indiam
2519 1814 2534 1839 ,
2566 1773 2738 1843 tangit
2770 1775 3021 1843 regiones
3049 1784 3185 1830 tuas.
3215 1775 3280 1831 Et
3309 1776 3379 1832 de
3411 1787 3599 1833 monte
3622 1793 3783 1849 usque
3806 1778 3860 1833 ad

579 1884 740 1939 usque
768 1868 837 1923 ad
866 1875 1089 1921 montem
1113 1882 1132 1933 ;
1160 1875 1208 1919 et
1237 1865 1332 1919 erit
1372 1872 1510 1919 terra
1540 1864 1595 1917 in
1640 1862 2027 1932 dissipationem
2068 1876 2184 1914 cum

578 1962 950 2017 habitatoribus
966 1961 1076 2015 suis
1094 1970 1305 2031 propter
1327 1959 1527 2029 fructus
1545 1957 1967 2011 adinventionum
1984 1971 2181 2009 eorum.

586 2059 819 2115 Videtur
841 2057 977 2114 mihi
996 2057 1151 2127 juxta
1179 2056 1444 2121 litteram,
1463 2053 1766 2111 Jerusalem
1792 2058 1981 2107 contra
2007 2051 2183 2121 Baby-

582 2155 819 2211 lonicam
842 2163 898 2210 et
927 2164 1156 2209 caeteras
1186 2159 1375 2224 gentes
1406 2150 1577 2220 loqui,
1611 2163 1732 2219 qua:
1754 2146 1862 2202 sibi
1890 2146 2187 2202 insultave-

584 2258 746 2305 rant:
783 2246 867 2302 Ne
891 2248 1140 2303 laetemini
1165 2247 1219 2300 in
1246 2247 1399 2300 ruina
1425 2260 1567 2299 mea:
1600 2244 1726 2314 quia
1756 2241 1987 2297 Domino
2014 2238 2183 2295 mise-

582 2350 762 2409 rante,
786 2356 1118 2413 consurgam
1147 2359 1158 2394 :
1192 2348 1482 2411 postquam
1520 2337 1720 2394 sedero
1761 2337 1816 2391 in
1843 2333 2179 2406 captivitate,

583 2437 780 2494 educet
807 2451 895 2491 me
913 2435 1006 2491 ille
1028 2435 1098 2491 de
1128 2434 1391 2503 tenebris,
1423 2443 1479 2489 et
1505 2434 1610 2489 erit
1631 2433 1721 2487 lux
1745 2440 1888 2487 mea.
1910 2431 2049 2485 Iram
2078 2430 2186 2483 Do-

586 2532 721 2588 mini
756 2530 1039 2587 sustinebo
1069 2547 1083 2584 :
1133 2530 1262 2600 quia
1291 2544 1379 2585 me
1408 2529 1523 2584 scio
1555 2527 1824 2583 meruisse
1849 2523 1992 2595 quod
2024 2536 2183 2595 passa

584 2640 746 2693 sum,
794 2622 976 2680 donec
1023 2622 1255 2677 ulciscar
1293 2621 1360 2677 de
1394 2620 1680 2692 gentibus,
1714 2627 1768 2674 et
1797 2617 1889 2673 ﬁat
1914 2616 2179 2687 judicium

588 2716 944 2775 meum.Novi
971 2716 1169 2787 quippe
1190 2714 1336 2785 quod
1367 2729 1454 2770 me
1473 2714 1546 2770 sit
1576 2712 1872 2769 educturus
1897 2711 1949 2765 in
1979 2710 2179 2778 lucem,

582 2822 639 2870 et
679 2810 875 2867 videbo
916 2808 1188 2880 justitiam
1238 2808 1392 2878 ejus,
1424 2816 1481 2863 et
1521 2804 1753 2877 aspiciet
1796 2803 2017 2860 inimica
2060 2819 2179 2859 mea

584 2903 856 2976 Babylon,
897 2910 953 2958 et
979 2911 1195 2957 caetera:
1222 2909 1413 2971 gentes
1442 2899 1494 2954 in
1521 2897 1750 2954 circuitu
1776 2938 1793 2964 ,
1823 2906 1878 2952 et
1906 2894 2182 2967 operietur

583 2997 933 3064 confusione,
955 3012 1075 3068 qua:
1105 3009 1249 3051 nunc
1271 2993 1405 3049 dicit
1430 2991 1733 3048 insultans:
1762 2990 1862 3047 Ubi
1892 2998 1966 3044 est
1999 2988 2179 3042 Domi-

585 3106 683 3146 nus
706 3088 850 3145 Deus
878 3090 1034 3144 tuus?
1050 3086 1208 3143 Oculi
1232 3086 1339 3142 mei
1362 3084 1627 3142 videbunt
1644 3099 1785 3147 eam,
1810 3091 1865 3139 et
1887 3097 1996 3137 non
2016 3081 2180 3151 longo

2290 1872 2564 1921 montem:
2591 1865 2659 1920 de
2683 1867 2956 1922 montibus
2979 1867 3189 1925 scilicet
3210 1868 3417 1925 Judaza:
3444 1886 3613 1941 usque
3639 1871 3702 1926 ad
3727 1888 3859 1927 mou-

2290 1966 2370 2011 les
2419 1956 2609 2013 Mediae
2656 1968 2819 2029 atque
2857 1959 3190 2031 Persarum,
3233 1972 3343 2018 tota
3395 1964 3776 2034 Mesopotamia
3818 1976 3863 2021 ct

2288 2049 2542 2106 universa
2598 2053 2750 2123 regio
2776 2096 2789 2120 ,
2842 2069 2963 2125 quze
3015 2071 3157 2111 nunc
3186 2070 3214 2109 a
3256 2066 3309 2113 te
3352 2066 3577 2113 tenetur
3606 2058 3659 2113 in
3685 2059 3858 2126 medio,

2289 2143 2727 2201 adversariorum
2762 2147 2989 2217 imperio
3007 2149 3405 2220 subjugabitur.
3430 2152 3499 2207 Et
3526 2154 3631 2207 erit
3658 2160 3790 2208 terra
3817 2155 3861 2210 in

2288 2235 2686 2293 desolationem
2740 2247 2966 2310 propter
3021 2242 3285 2310 pessimos
3332 2243 3546 2299 fruetus
3589 2244 3857 2299 studiorum

2286 2340 2613 2386 vestrorum.
2660 2330 2763 2387 Ubi
2808 2332 3165 2404 Septuaginta
3207 2334 3557 2405 interpretati
3603 2346 3761 2402 sunt,
3807 2336 3859 2390 de

2286 2424 2456 2495 Tyro,
2492 2425 2764 2494 sciamus,
2799 2425 2853 2480 in
2896 2427 3167 2483 llebraico
3196 2429 3467 2499 scriptum
3498 2444 3652 2493 esse.
3687 2444 3854 2496 κΑςοιι,

2286 2518 2484 2587 (ἿῚῘὩ)
2513 2535 2524 2570 :
2560 2518 2705 2588 quod
2739 2519 3000 2585 verbum,
3032 2522 3077 2575 si
3111 2522 3163 2576 in
3205 2523 3650 2593 praepositionem
3690 2538 3789 2589 ιλ,
3815 2532 3859 2577 et

2287 2630 2485 2671 nomen
2507 2631 2626 2683 son,
2652 2616 2949 2686 dividatur,
2967 2619 3029 2673 de
3057 2617 3194 2690 Tyro
3217 2619 3569 2690 intelligitur;
3599 2618 3678 2674 sin
3700 2628 3853 2674 autem

2284 2725 2426 2764 unus
2463 2726 2646 2766 sermo
2685 2713 2790 2779 sit,
2838 2714 3172 2767 munitionem
3202 2724 3383 2769 sonat.
3417 2713 3658 2785 Denique
3690 2728 3853 2770 omnes

2283 2808 2562 2879 περιοχὴν,
2581 2807 2667 2859 καὶ
2687 2809 3036 2880 περίφραγμα,
3061 2808 3142 2862 καὶ
3162 2807 3480 2884 πολιορκίαν,
3506 2820 3611 2860 non
3638 2805 3695 2858 de
3717 2802 3851 2876 Tyro,

2285 2905 2347 2953 ut
2380 2897 2554 2965 LXX,
2586 2899 2680 2954 sed
2722 2901 3061 2955 munitionem
3099 2909 3157 2955 et
3192 2900 3444 2955 ambitum
3485 2908 3700 2953 muratae
3737 2898 3854 2951 urbis

2286 2992 2704 3050 transtulerunt.
2734 2992 2845 3049 lloc
2863 2993 3018 3063 juxta
3059 2994 3425 3061 Hebraicum,
3471 3001 3529 3050 et
3554 3002 3674 3047 vota
3699 2989 3853 3047 carnei

2285 3085 2448 3159 524.
2478 3086 2640 3143 Israel
2670 3096 2724 3144 et
2750 3088 2934 3159 populi
2959 3088 3313 3158 concisionis,
3333 3088 3493 3160 quasi
3520 3105 3588 3144 ex
3608 3085 3852 3157 superﬂuo

581 3194 708 3256 post
737 3193 1001 3253 tempore,
1024 3180 1121 3237 sed
1144 3194 1287 3236 nunc
1314 3187 1370 3235 et
1416 3179 1470 3234 in
1506 3176 1919 3248 praesentiarum
1950 3173 2176 3229 concul-

2284 3181 2490 3236 otiosus
2516 3196 2698 3237 sermo
2723 3184 3059 3252 przeluserit.
3085 3182 3239 3238 Nunc
3263 3183 3556 3237 veniamus
3581 3180 3646 3235 ad
3682 3177 3853 3236 intelli-

583 3289 785 3349 catam,
814 3277 971 3349 quasi
994 3276 1165 3332 lutum
1198 3274 1520 3344 platearum.
1552 3270 1826 3327 Hactenus
1850 3268 2177 3333 Jerusalem,

586 3375 705 3431 sive
746 3371 1012 3444 propheta
1059 3386 1127 3426 ex
1164 3382 1396 3441 persona
1429 3365 1616 3437 populi
1647 3365 1717 3419 sit
1744 3365 1996 3419 locutus:
2029 3361 2183 3416 Nunc

589 3466 733 3523 Deus
760 3463 827 3520 ad
853 3462 1159 3520 Jerusalem
1191 3458 1531 3530 respondens
1560 3457 1864 3513 inducitur:
1897 3454 1941 3509 Ο
1965 3452 2185 3509 Jerusa-

584 3560 716 3627 lem,
741 3567 1007 3616 venerunt
1029 3556 1170 3623 dies,
1194 3564 1253 3610 ut
1279 3553 1617 3610 aediﬁcentur
1640 3553 1892 3607 maceria:
1915 3557 2043 3616 tum,
2060 3563 2183 3618 qua:

587 3660 745 3711 erant
779 3667 811 3707 a
855 3649 1157 3722 Babylonio
1183 3646 1211 3685 ι)
1242 3654 1489 3702 vastante
1533 3644 1844 3700 destructze.
1872 3641 1929 3696 In
1961 3639 2047 3695 die
2093 3638 2181 3693 illa

583 3745 746 3815 longe
771 3744 866 3799 fiet
888 3742 996 3805 lex,
1028 3741 1145 3797 sive
1174 3746 1511 3810 prmceptum
1551 3744 1607 3792 et
1632 3735 1827 3805 iussio,
1851 3744 1910 3788 ut
1936 3734 2186 3803 Symma-

586 3838 723 3894 chus
735 3832 1105 3892 et'l‘lteodotio
1120 3830 1462 3902 interpretati
1481 3837 1636 3896 sunt,
1651 3829 1919 3895 dicentes,
1937 3828 2181 3895 ἐπιταγὴν

589 3932 677 3985 καὶ
692 3929 1035 4005 πρόσταγμας
1052 3934 1109 3980 et
1136 3932 1222 3979 est
1244 3934 1467 3979 sensus:
1488 3918 1838 3990 Nequaquam
1856 3916 2184 3985 Babylonio-

584 4035 705 4077 rum
728 4019 958 4090 imperio
976 4014 1309 4087 subjacehis,
1334 4014 1388 4068 in
1409 4012 1497 4068 die
1526 4012 1615 4067 illa
1645 4026 1749 4082 qua
1768 4008 2183 4083 aediﬁcabuntur

588 4113 841 4169 maceria:
858 4121 983 4176 tute,
1005 4109 1223 4164 venient
1244 4106 1310 4162 ad
1344 4116 1396 4162 te
1415 4106 1484 4161 de
1501 4107 1691 4169 Assur,
1708 4111 1765 4159 et
1780 4102 1847 4157 de
1868 4100 2179 4156 civitatibus

590 4205 844 4263 munitis:
870 4219 898 4258 a
923 4202 1259 4268 civitatibus,
1275 4199 1516 4270 inquam,
1536 4196 1766 4253 munitis
1788 4208 1965 4265 usque
1988 4192 2055 4247 ad
2071 4192 2183 4247 Jor-

582 4299 800 4363 danem,
816 4311 917 4368 per
930 4310 1089 4366 quem
1113 4304 1167 4351 et
1184 4302 1310 4349 ante
1324 4291 1573 4348 transivit
1603 4289 1763 4363 523
1789 4287 2047 4359 populus,
2068 4296 2122 4342 et
2149 4301 2180 4341 a

582 4390 721 4448 mari
740 4390 951 4457 Rubro,
980 4396 1036 4444 et
1059 4387 1271 4445 cunctis
1291 4386 1547 4458 gentibus
1569 4397 1739 4453 usque
1765 4382 1835 4436 ad
1859 4394 2010 4435 mare
2037 4379 2182 4433 Mor—

583 4495 736 4543 tuum
762 4528 777 4554 ,
819 4482 964 4555 quod
1001 4482 1238 4537 vicinum
1270 4488 1354 4536 est
1383 4488 1545 4536 terra:
1579 4485 1722 4542 tuae,
1755 4484 1808 4531 et
1837 4473 1903 4528 ad
1937 4480 2176 4528 montem

2283 3271 2520 3342 gentiam
2568 3274 2907 3343 spiritualem
2938 3318 2951 3342 ,
3010 3282 3065 3329 et
3094 3275 3211 3344 ipso
3258 3273 3469 3344 Spiritu
3499 3282 3681 3328 sancto
3708 3284 3849 3341 expo-

2284 3371 2471 3429 nente,
2497 3379 2605 3432 quo
2628 3364 2829 3433 scripta
2857 3366 3073 3427 sunt,in
3104 3364 3235 3419 locis
3252 3365 3339 3420 vel
3368 3363 3695 3419 difﬁcillimis
3716 3363 3849 3417 desu-

2284 3453 2741 3511 demus.Videtur
2768 3456 2898 3512 mihi
2929 3456 3107 3512 omnis
3131 3457 3313 3511 anima
3339 3457 3662 3525 Jerusalem,
3689 3456 3739 3511 in
3763 3467 3849 3525 qua

2284 3545 2610 3602 :cditicatum
2638 3547 2738 3603 fuit
2765 3549 3029 3621 templum
3073 3550 3292 3605 Domini
3319 3591 3335 3617 ,
3362 3562 3419 3607 et
3447 3551 3589 3607 visio
3610 3550 3775 3621 pacis,
3809 3558 3851 3601 et

2286 3640 2477 3694 notitia
2503 3639 2946 3711 Scripturarum;
2977 3652 3030 3697 et
3062 3651 3249 3712 postea
3278 3652 3542 3714 superata
3567 3658 3594 3696 a
3623 3638 3846 3712 peccatis,

2282 3730 2445 3787 ducta
2475 3732 2635 3788 estin
2667 3734 3065 3805 captivitatem,
3106 3735 3507 3806 tormentisque
3551 3733 3761 3800 tradita,
3784 3729 3853 3784 di-

2284 3840 2410 3882 cere
2448 3836 2640 3883 contra
2683 3828 3014 3900 Babylonem
3041 3870 3058 3897 ,
3091 3828 3141 3884 id
3182 3839 3286 3899 cst,
3321 3831 3692 3886 confusionem
3717 3824 3848 3896 hujus

2286 3918 2508 3987 mundi,
2555 3928 2611 3975 et
2652 3920 2918 3976 adversus
2947 3925 3277 3977 contrariam
3309 3922 3678 3978 fortitudinem
3700 3960 3714 3985 ,
3747 3932 3846 3987 qua:

2285 4010 2410 4065 huic
2433 4011 2635 4067 mundo
2682 4014 2971 4082 praesidet:
2999 4014 3123 4070 Noli
3154 4015 3417 4071 insultare
3470 4014 3596 4071 mihi
3620 4056 3636 4082 ,
3662 4010 3845 4068 inimica

2284 4118 2428 4171 mea,
2464 4103 2587 4173 quia
2618 4105 2814 4173 cecidi,
2848 4117 2903 4162 et
2943 4122 3267 4180 resurgam:
3304 4110 3564 4165 Dominus
3584 4109 3716 4165 enim
3740 4104 3847 4159 alle-

2282 4206 2377 4251 vat
2414 4194 2584 4252 elisos
2621 4197 2751 4255 (Ps.
2782 4214 2939 4255 cxuv
2962 4200 3001 4270 ),
3038 4211 3091 4257 et
3121 4201 3359 4273 loquitur
3393 4218 3495 4273 per
3538 4199 3841 4274 prephetam.

2285 4288 2556 4361 Numquid
2585 4292 2674 4362 qui
2705 4294 2876 4360 cadit,
2911 4312 3015 4349 non
3056 4306 3283 4367 resurget
3315 4295 3454 4367 (Jer.
3490 4311 3601 4362 vt",
3628 4292 3721 4365 4)?
3760 4290 3842 4345 Et:

2286 4383 2427 4438 Nolo
2446 4394 2662 4440 mortem
2687 4388 3003 4457 peccatoris:
3032 4397 3229 4443 tantum
3254 4399 3309 4443 ut
3340 4399 3642 4457 revertatur,
3671 4394 3714 4440 et
3738 4384 3844 4436 rirat

2284 4475 2503 4548 (Ezech.
2536 4493 2704 4532 xxxm
2724 4520 2739 4546 ,
2770 4480 2878 4547 ll).
2930 4480 2987 4536 Si
3015 4490 3195 4537 autem
3242 4480 3368 4537 ideo
3398 4497 3489 4538 me
3511 4477 3734 4550 despicis
3754 4471 3841 4545 [ΑΙ.

581 4578 751 4645 Sion,
798 4576 869 4632 de
909 4575 1184 4631 montibus
1216 4574 1507 4629 Persarum
1552 4580 1715 4641 atque
1743 4567 2024 4624 Medorum
2051 4608 2067 4631 ,
2122 4566 2175 4620 in
2204 4535 2257 4595 D
2282 4570 2583 4643 desperas],
2614 4572 2739 4642 quia
2781 4581 3050 4628 tormenta
3090 4577 3370 4643 sustineo,
3420 4573 3570 4629 disce
3609 4535 3699 4641 per
3736 4535 3844 4621 [Eze-

579 4683 717 4741 quos
752 4668 1005 4723 translati
1051 4666 1204 4735 prius
1251 4666 1501 4729 fuerant;
1554 4671 1609 4718 et
1636 4661 1747 4716 erit
1775 4669 1918 4716 terra
1966 4658 2177 4727 reliqua

576 4762 984 4831 Chaldatorum,
1006 4768 1063 4818 et
1088 4775 1276 4817 eorum
1303 4758 1397 4830 qui
1421 4767 1472 4813 te
1502 4763 1855 4812 vastaverant
1881 4755 1934 4808 in
1964 4751 2179 4808 desola-

576 4856 785 4914 tionem
805 4896 821 4921 ,
863 4863 1087 4925 propter
1119 4852 1454 4909 habitatores
1493 4864 1657 4914 suos,
1689 4856 1747 4902 et
1772 4853 2001 4918 propter
2031 4844 2175 4899 mala

575 4964 744 5023 opera
768 4962 980 5005 eorum.
998 4940 1118 5003 Hoc
1134 4945 1237 5001 sibi
1257 4941 1432 5001 Judtei
1450 4956 1621 5013 usque
1642 4939 1806 4996 hodie
1828 4938 2174 5009 pollicentur,

573 5053 629 5101 et
672 5044 731 5101 in
774 5058 843 5100 eo
872 5043 1030 5109 loco,
1074 5041 1130 5096 in
1168 5053 1275 5111 quo
1313 5052 1415 5093 nos
1439 5036 1835 5106 exposuimus:
1872 5030 1935 5085 In
1964 5032 2049 5084 die
2075 5028 2171 5083 illa

569 5136 722 5210 longe
748 5136 838 5207 ﬁet
862 5136 965 5202 lex,
990 5135 1130 5190 sicut
1159 5132 1315 5188 nobis
1338 5132 1516 5186 visum
1551 5138 1657 5195 est,
1680 5136 1736 5183 et
1764 5126 1904 5181 sicut
1931 5122 2173 5195 pruden-

565 5232 741 5290 tiores
769 5245 961 5288 eorum
987 5228 1285 5293 disserunt,
1309 5224 1474 5295 aliqui
1507 5221 1699 5278 frivole
1731 5220 2089 5285 mentiuntur,
2117 5224 2173 5270 et

565 5327 757 5383 aiunt:
800 5325 860 5382 In
890 5324 977 5380 die
1005 5323 1114 5385 illa,
1147 5335 1252 5393 qua
1302 5334 1333 5373 a
1377 5316 1604 5373 Christo
1640 5314 1920 5370 aediﬁcatae
1970 5310 2176 5365 fuerint

572 5419 829 5479 maceria:
872 5415 1221 5482 Jerusalem,
1270 5411 1583 5481 Scripturas
1633 5415 1858 5464 sanctas
1910 5402 2072 5474 Legis
2118 5409 2175 5457 et

649 5569 676 5599 ει
697 5556 931 5615 Palatini
954 5568 1117 5621 mss.,
1139 5555 1195 5608 in
1224 5551 1320 5607 uiis
1349 5552 1495 5623 ejus:
1522 5548 1710 5619 sicque
1734 5546 1899 5602 habet
1923 5545 2180 5615 Complu-

578 5642 733 5691 tense
761 5630 1010 5687 Graecum
1047 5621 1380 5697 exemplar,’
1398 5621 1681 5697 ὁδοῖς-9ου.

644 5704 675 5743 ι’
698 5702 868 5771 Olim,
891 5709 1108 5757 vastata
1130 5706 1178 5753 et
1200 5689 1506 5753 destructa:
1527 5691 1820 5761 Victorius,
1846 5701 1991 5748 erant
2009 5689 2182 5762 Baby-

582 5773 757 5832 lonica
780 5772 1024 5829 vastitate
1054 5772 1353 5828 destructas.

2280 4661 2511 4719 chielem
2544 4681 2735 4735 poenas
2766 4668 3004 4737 primum
3035 4662 3734 4738 sanctioribusirrogari,et
3758 4654 3843 4713 dici

2281 4768 2309 4807 a
2343 4754 2604 4812 Domino:
2634 4758 2681 4812 Α
2708 4760 2901 4814 sanctis
2924 4761 3048 4815 meis
3073 4760 3285 4831 incipite
3313 4757 3500 4830 (Ibid.,
3527 4773 3608 4822 rx,
3637 4754 3710 4825 6).
3732 4748 3842 4818 Quia

2280 4847 2326 4901 si
2356 4849 2707 4907 amhulavero
2734 4852 2789 4907 in
2815 4854 3081 4920 tenebris,
3104 4852 3368 4909 Dominus
3396 4853 3491 4909 lux
3517 4864 3634 4908 mea
3661 4855 3753 4902 est.
3771 4839 3844 4896 Li-

2280 4948 2369 4994 cet
2388 4940 2535 4997 enim
2559 4951 2804 5001 rectores
2828 4946 3174 5003 tenebrarum
3195 4946 3419 5001 istarum
3437 4962 3524 5002 me
3538 4937 3839 5011 deceperim.

2277 5039 2333 5086 et
2386 5033 2609 5091 sedeam
2661 5038 2715 5092 in
2777 5040 3024 5095 tenebris
3064 5048 3129 5111 et
3156 5040 3349 5095 umbra
3378 5037 3607 5104 mortis,
3633 5039 3685 5089 et
3706 5026 3843 5100 pedes

2276 5124 2381 5179 mei
2415 5125 2740 5199 impegerint
2768 5131 2824 5186 in
2856 5140 3070 5189 montes
3102 5132 3444 5199 tenebrosus,
3470 5139 3646 5186 tamen
3675 5119 3844 5177 seden-

2279 5215 2424 5273 tibus
2456 5219 2511 5274 in
2538 5222 2779 5279 tenebris
2821 5234 2875 5280 et
2904 5225 2955 5279 in
2978 5225 3166 5281 umbra
3202 5223 3417 5289 mortis,
3442 5222 3536 5277 lux
3559 5222 3775 5275 ortaest,
3796 5211 3840 5262 el

2274 5306 2368 5362 lux
2398 5309 2544 5367 lucet
2568 5313 2620 5368 in
2655 5315 2900 5372 tenebris
2929 5314 3086 5387 (lsai,
3124 5332 3200 5382 rx,
3232 5314 3313 5386 2).
3345 5313 3444 5369 Et:
3475 5309 3711 5367 Dominus
3736 5300 3840 5355 illu-

2276 5403 2491 5460 minatio
2516 5424 2628 5461 mea
2655 5419 2703 5464 ct
2734 5411 2877 5467 salus
2907 5428 3043 5479 mea,
3066 5427 3217 5482 quem
3250 5408 3439 5464 timebo
3467 5406 3584 5481 (Ps.
3614 5413 3747 5464 xxvi.
3774 5393 3835 5461 lli

2363 5544 2548 5623 °,Mss.
2583 5551 2776 5617 nostri,
2807 5552 2897 5608 sed
2927 5550 3213 5623 alegitima,
3247 5566 3356 5605 uno
3388 5547 3571 5623 verbo,
3603 5536 3730 5623 (ιυοᾷ
3755 5529 3837 5623 ei,“

2289 5617 2581 5679 barbarum
2607 5665 2622 5689 ,
2654 5610 2775 5694 quae
2825 5610 3269 5694 tamen'minime
3322 5610 3567 5694 legitima
3601 5610 3741 5676 sunt,
3770 5610 3839 5658 ιη’

2288 5707 2521 5765 cumque
2548 5693 2725 5763 sonat,
2749 5703 2803 5752 et
2831 5693 3065 5751 fortasse
3091 5704 3178 5750 est
3206 5693 3410 5751 verius.
