4078 6342
253 286 389 344 1235

1012 285 1669 345 COMMENTARIORUM
1707 287 1775 345 IN
1817 285 2157 345 MICHIEAM
2193 286 2323 344 LIB.
2368 288 2431 344 ll.
2473 289 2627 346 CAP.
2670 288 2780 346 VII.

3403 294 3542 350 1226

251 415 303 461 et
352 406 545 475 loquar
571 401 637 458 ad
668 418 792 460 eum
816 444 831 470 ,
874 413 928 460 et
956 406 1132 461 dicam
1161 424 1173 461 :
1206 408 1443 462 Lucerna
1472 408 1685 480 prdibus
1716 410 1843 461 meis
1873 412 1919 469 Λ
1952 424 2067 474 nes,
2099 420 2149 463 et
2179 408 2281 464 erit
2312 410 2512 465 seditio
2539 427 2712 481 uSque
2743 411 2809 465 ad
2861 426 2956 467 eos
3008 411 3099 483 qui
3138 412 3321 468 saeculi
3383 414 3543 483 hujus

251 500 456 553 verbum
496 508 674 565 tuum,
728 498 981 565 Domine,
1017 510 1063 554 et
1104 501 1277 555 lumen
1316 503 1510 556 sentitis
1560 502 1684 555 meis
1726 500 1842 571 (Ps.

252 606 445 657 cxvttt,
482 590 636 661 ωδ).
679 590 799 662 Ipse
828 592 1028 662 quippe
1061 592 1190 647 inihi
1235 594 1491 663 praecepit
1521 595 1574 647 in
1612 594 1852 648 tenebris

252 685 413 755 hujus
441 688 623 741 swculi
656 687 952 742 constituto
979 705 994 741 :
1040 688 1157 744 Sitit
1188 688 1349 743 lumbi
1378 691 1532 743 uestri
1560 690 1848 760 pra’cincti,

251 787 299 832 ct
325 780 550 834 lacerate
578 781 819 834 ardentes
849 789 902 835 in
932 781 1171 837 manibus
1203 784 1381 838 restria
1423 782 1575 855 (Luc.
1604 797 1701 847 xu,
1734 784 1849 854 55).

253 870 511 942 Sequitur
536 889 551 925 :
578 870 724 926 Iram
747 870 957 927 Domini
980 875 1255 931 sustinebo.
1282 876 1523 947 quoniam
1550 876 1752 948 peccavi
1773 877 1853 930 ei:

253 964 415 1019 donec
435 966 676 1035 iustiﬁcet
699 982 911 1020 causam
936 980 1185 1034 meant,et
1205 968 1365 1037 faciat
1380 968 1647 1042 judicium
1663 984 1852 1030 nteant,

254 1070 300 1114 et
323 1060 503 1115 educat
535 1078 615 1117 me
642 1062 694 1116 in
722 1062 921 1130 lucem;
948 1073 997 1118 et
1022 1064 1198 1117 ridebo
1214 1064 1485 1135 justitiam
1512 1066 1642 1133 eius.
1668 1063 1858 1119 Omnis

256 1158 530 1225 correptio
572 1158 639 1211 ad
670 1173 911 1228 praesens
937 1201 951 1223 ,
987 1174 1093 1215 non
1122 1159 1341 1214 videtur
1370 1174 1490 1215 esse
1516 1158 1695 1228 gaudii
1721 1202 1735 1228 ,
1762 1157 1857 1212 sed

255 1248 530 1316 maeroris,
560 1260 614 1305 et
639 1262 826 1321 postea
853 1252 1083 1308 fructum
1107 1252 1392 1322 pacificum
1418 1252 1641 1319 justitia-
1673 1250 1863 1306 reddet

256 1344 364 1410 his,
394 1345 485 1415 qtti
512 1361 605 1415 per
631 1362 750 1401 eam
784 1346 987 1403 fuerint
1014 1348 1233 1403 eruditi.
1262 1347 1523 1404 Sentiens
1551 1347 1719 1416 igitur
1746 1345 1864 1400 ani-

257 1453 346 1492 ma
375 1454 433 1491 se
465 1454 723 1509 peccasse
749 1481 764 1506 ,
812 1451 867 1495 et
896 1440 1100 1496 habere
1140 1442 1363 1496 vulnera
1399 1450 1775 1505 peccatorum,
1809 1446 1866 1493 et

257 1532 315 1587 in
356 1533 584 1587 mortuis
612 1533 872 1589 carnibus
918 1535 1105 1590 vitere
1132 1581 1145 1604 ,
1195 1544 1252 1591 et
1282 1536 1525 1605 indigere
1573 1535 1818 1589 cauterio
1848 1579 1862 1603 ,

259 1638 575 1682 constanter
589 1626 805 1683 dicitad
831 1629 1128 1684 medicum:
1156 1628 1263 1684 Ure
1280 1645 1475 1685 carnes
1492 1643 1661 1696 meas,
1682 1643 1864 1682 reseca

261 1721 509 1785 vulnera,
541 1722 796 1777 humores
818 1738 1009 1778 omnes
1032 1732 1087 1778 et
1104 1724 1271 1798 ῥεῦμα
1299 1724 1516 1778 noxium
1544 1723 1675 1777 dura
1699 1723 1869 1777 helle-

1952 500 2233 557 rheuntate
2267 503 2629 573 delectantur,
2674 515 2727 559 et
2767 506 3019 561 libidines
3044 519 3310 577 generant
3342 508 3395 563 in
3448 509 3545 565 Ιιοηι

1953 594 2210 648 minibus.
2250 594 2316 649 Et
2348 595 2416 649 de
2445 595 2581 650 ntali
2616 612 2785 664 usque
2826 597 2991 669 526
3038 598 3104 652 ad
3140 615 3329 661 mare.
3378 608 3433 654 et
3477 601 3546 655 dc

1953 698 2140 741 monte
2174 703 2344 757 nsune
2372 688 2439 742 ad
2474 697 2717 743 montem
2751 690 2985 744 invicem
3019 691 3157 745 bella
3188 702 3544 763 consurgent,

1954 791 2012 835 ut
2032 781 2342 836 amaritudo
2361 790 2559 851 pugnet
2574 791 2763 836 contra
2783 784 3224 848 amaritudinem,
3250 796 3308 840 et
3332 790 3549 857 erigens

1956 888 2016 929 se
2048 873 2379 929 hutniiianda
2414 874 2745 945 sublimitas,
2773 888 2961 930 contra
3007 876 3166 932 aliam
3221 878 3443 935 dimicet
3474 880 3552 933 al-

1956 967 2267 1035 titudinem,
2294 980 2347 1024 et
2376 978 2506 1025 tunc
2535 986 2663 1026 vere
2686 971 3025 1041 compleatur
3058 991 3070 1027 :
3110 971 3309 1039 Venite,
3335 977 3552 1029 descen-

1959 1063 2144 1117 damus
2167 1072 2213 1117 et
2242 1063 2627 1136 confundatntts
2660 1065 2871 1138 linguas
2892 1082 3097 1129 eorum,
3114 1084 3178 1121 ne
3192 1068 3375 1122 audiat
3393 1086 3555 1123 unus-

1957 1159 2170 1228 quisque
2192 1176 2363 1213 vocem
2405 1162 2629 1233 proximi
2655 1161 2906 1227 sui(Gen.
2926 1163 3089 1229 x1,7),
3111 1163 3337 1228 prodest
3358 1164 3557 1233 quippe

1961 1249 2313 1307 fortitudines
2346 1253 2609 1321 pessitnas
2645 1254 2754 1326 [ΑΙ.
2813 1254 3226 1310 fortitudinibus
3284 1256 3555 1327 pessimis]

1964 1344 2102 1400 inter
2137 1360 2197 1401 se
2235 1363 2341 1401 non
2378 1347 2579 1404 habere
2609 1350 2984 1404 concordiam.
3046 1351 3133 1419 Et,
3160 1366 3282 1405 cum
3321 1349 3557 1406 Satanas

1963 1438 2228 1493 adversus
2254 1440 2514 1496 Satanam
2542 1440 2752 1497 divisus
2780 1442 2974 1510 fuerit,
2998 1452 3125 1497 tnuc
3150 1444 3369 1498 demunt
3401 1458 3565 1497 otune

1966 1547 2193 1602 regnum
2229 1532 2371 1586 illius
2398 1532 2712 1590 destruetur
2750 1535 2967 1606 (Matth.
3010 1542 3128 1606 xu).
3168 1537 3236 1590 Et
3267 1537 3409 1603 quod
3450 1536 3561 1591 fre-

1965 1641 2199 1694 quenter
2226 1624 2277 1678 iu
2315 1629 2525 1697 magnis
2550 1629 2890 1683 eXt‘l‘CililtUS
2920 1630 3145 1685 evenire
3174 1630 3311 1683 solet
3338 1672 3352 1693 ,
3390 1642 3447 1683 ιιι
3480 1632 3562 1683 in-

1971 1716 2202 1771 terfemo
2225 1726 2481 1789 tyranno,
2509 1720 2779 1773 satellites
2816 1721 2935 1789 ejus
2969 1738 3195 1790 regnum
3230 1720 3372 1776 inter
3390 1737 3447 1775 se
3475 1721 3563 1775 di-

268 1814 388 1870 bori
418 1818 638 1882 petione
658 1818 993 1888 constringe.
1026 1818 1126 1873 Mei
1159 1817 1270 1872 vitii
1300 1818 1419 1885 fttit,
1443 1830 1497 1874 ut
1521 1818 1866 1873 vulnerarer:
1900 1806 1949 1865 B
1977 1814 2183 1881 vidum,
2214 1825 2402 1869 contra
2433 1831 2600 1883 seque
2618 1826 3045 1887 consurgant,et
3074 1817 3391 1871 intestinum
3427 1818 3568 1871 inter

266 1908 375 1962 mei
402 1908 609 1963 doloris
635 1908 729 1975 sit,
754 1919 810 1964 ut
838 1920 916 1964 tot
948 1921 1221 1966 tormenta
1246 1911 1567 1976 sustineam,
1594 1921 1651 1965 ut
1682 1920 1869 1980 postea

268 2004 429 2077 525
451 2004 744 2059 sanitatem
797 2005 1083 2075 recipiam.
1136 2005 1420 2077 Verusque
1464 2005 1715 2061 medicus
1758 2006 1868 2077 jam

269 2097 460 2166 sospiti
494 2108 655 2167 atque
686 2111 897 2152 secum
928 2098 1167 2153 ostendit
1204 2112 1428 2153 causam
1462 2098 1867 2164 medicaminis,

271 2200 327 2246 et
361 2200 507 2245 recte
535 2205 595 2245 se
634 2189 796 2245 docet
841 2189 1039 2246 fecisse
1068 2189 1212 2261 quod
1270 2190 1421 2246 fecit.
1457 2190 1701 2261 Denique
1751 2202 1874 2261 post

271 2283 550 2338 cruciatus
576 2292 741 2353 atque
771 2283 1041 2352 supplicia
1061 2323 1077 2349 ,
1108 2281 1303 2337 educta
1344 2283 1413 2337 de
1445 2283 1685 2338 tenebris
1728 2294 1875 2338 exte-

271 2373 517 2429 rioribus
548 2376 753 2442 anima,
788 2385 843 2430 et
870 2373 1089 2430 reddito
1119 2373 1417 2429 novissimo
1444 2374 1769 2444 quadrante,
1794 2374 1878 2429 di-

275 2472 353 2524 cit
397 2488 409 2522 :
454 2468 652 2523 Videbo
684 2469 945 2538 justitiam
988 2471 1139 2541 ejus,
1182 2478 1236 2524 et
1276 2468 1469 2537 loquar
1509 2486 1520 2522 :
1571 2467 1875 2523 Justificata

275 2570 404 2617 sunt
429 2561 631 2631 judicia
656 2569 767 2627 tua,
803 2562 969 2617 Deus.
1004 2561 1061 2620 Si
1093 2574 1274 2618 autem
1303 2561 1563 2617 Christus
1590 2562 1765 2616 factus
1794 2571 1879 2617 est

276 2655 434 2709 nobis
468 2671 499 2709 a
534 2655 645 2711 Deo
673 2656 962 2725 sapientia,
987 2667 1041 2712 et
1068 2655 1301 2727 juStitia,
1334 2664 1387 2711 et
1410 2655 1793 2724 sanctificatio,
1823 2662 1881 2711 et

278 2750 583 2820 redemptio
627 2749 670 2822 (ι
699 2747 821 2806 Cor.
850 2748 892 2822 ι)
933 2768 947 2805 :
1006 2751 1102 2821 qui
1140 2752 1409 2821 justitiam
1455 2761 1577 2821 post
1608 2752 1742 2805 iram
1785 2750 1880 2805 Dei

278 2844 465 2900 videre
490 2859 550 2900 se
578 2844 751 2911 dicit,
796 2842 1001 2899 Christi
1048 2845 1150 2899 sibi
1197 2845 1531 2913 repromittit
1573 2853 1877 2915 aspectum.

281 2939 351 2994 Et
381 2939 499 2995 haee
530 2940 812 2994 dumtaxat
836 2939 905 2995 de
940 2939 1357 3010 paenitentibus.
1406 2940 1680 2996 Caeterum
1712 2939 1885 2994 multo

283 3034 480 3088 melius
522 3042 605 3089 est
649 3050 755 3088 non
791 3035 992 3089 habere
1032 3034 1291 3101 vulnera,
1339 3045 1394 3089 et
1435 3045 1457 3071 ο
1505 3035 1717 3091 medico
1776 3049 1883 3089 non

284 3142 471 3197 egere.
502 3127 753 3193 Curatio,
782 3142 887 3183 non
916 3128 1196 3184 beatitudo
1217 3137 1531 3184 sntiatorum
1561 3128 1779 3197 est,sed
1796 3143 1887 3183 stt-

1973 1922 2069 1963 eos
2102 1907 2302 1962 bellum
2349 1908 2419 1962 sit
2458 1926 2471 1961 :
2505 1907 2607 1961 hoc
2645 1919 2699 1962 et
2766 1909 2818 1963 in
2860 1910 3332 1963 consummatione
3379 1907 3568 1962 mundi

1975 1999 2088 2063 fiet,
2113 2000 2331 2070 quando
2370 1999 2681 2056 Jet‘usalem
2735 2001 2985 2056 maceriae
3022 2001 3221 2056 fuerint
3254 2001 3561 2066 :rdificatrc,

1975 2104 2029 2148 et
2059 2092 2301 2164 Babylon
2330 2096 2633 2165 corruerit,
2660 2096 3010 2168 Assyriique,
3038 2110 3091 2150 et
3121 2095 3275 2163 Tyrii
3304 2097 3371 2150 de
3395 2094 3573 2149 ﬂumi-

1977 2202 2069 2254 ne,
2102 2188 2247 2241 etde
2274 2189 2433 2255 mari,
2464 2200 2515 2243 et
2544 2189 2611 2243 de
2640 2189 2944 2252 montibus,
2978 2189 3029 2242 id
3058 2202 3166 2256 εει,
3196 2190 3469 2243 universae
3500 2189 3581 2241 in-

1978 2289 2063 2335 ter
2099 2295 2159 2337 se
2202 2283 2521 2352 pugnabunt
2550 2282 2859 2338 datmonum
2905 2283 3157 2338 nationes
3182 2325 3197 2347 ,
3228 2294 3282 2338 et
3313 2283 3582 2351 dissipato

1977 2390 2146 2445 regno
2177 2376 2422 2439 illorum,
2454 2376 2550 2431 fiet
2594 2392 2825 2447 regnmn
2872 2376 3105 2430 Domino
3132 2375 3263 2431 Jesn
3284 2418 3298 2441 ,
3331 2385 3387 2429 et
3418 2390 3581 2429 omne

1977 2483 2123 2538 genu
2156 2468 2427 2535 ﬂectetur,
2453 2471 2783 2535 cmlestiutn,
2821 2480 2875 2524 et
2904 2469 3252 2524 terrestrium
3281 2510 3295 2534 ,
3325 2477 3383 2523 et
3412 2468 3582 2522 infer-

1980 2580 2195 2625 norum,
2229 2577 2285 2620 et
2316 2565 2575 2620 universa
2606 2564 2789 2636 lingua
2824 2563 3210 2625 confitebitur,
3248 2560 3371 2632 quia
3398 2560 3585 2616 Domi-

1981 2672 2087 2712 nus
2118 2656 2280 2712 Jesns
2305 2658 2356 2711 in
2390 2656 2565 2727 gloria
2595 2667 2681 2712 est
2706 2656 2803 2711 Dei
2826 2653 3356 2730 Patris(l’ltilip.1t).
3390 2654 3460 2709 Ut
3490 2664 3588 2707 au-

1985 2760 2090 2805 tem
2117 2750 2304 2806 sciatis
2337 2750 2503 2805 finem
2546 2750 2710 2819 hujus
2757 2750 3048 2804 seditionis
3103 2748 3411 2817 profectum
3465 2761 3589 2802 esse

1985 2847 2276 2911 virtutum,
2301 2847 2407 2899 erit
2436 2856 2565 2900 tunc
2588 2855 2737 2901 terra
2764 2844 3065 2915 Babylonia
3095 2844 3145 2896 in
3168 2841 3586 2910 dissipationetn

1985 2954 2106 2994 cum
2165 2938 2423 2991 omnibus
2469 2938 2873 2992 habitatoribus
2925 2936 3081 2999 suis,
3132 2945 3185 2988 et
3237 2949 3584 3005 nequaquam

1989 3034 2197 3099 fructus
2230 3032 2397 3088 faciet
2426 3032 2762 3105 Babylonios
2809 3031 2916 3105 [Αι.
2956 3030 3371 3103 Babylonicus].

2063 3127 2247 3199 (Vers.
2284 3128 2352 3182 M
2379 3130 2559 3198 seqq.)
2593 3126 2759 3180 Pasce
2781 3126 3032 3195 papulum
3057 3138 3204 3178 tuum
3226 3126 3277 3178 in
3309 3124 3455 3195 virga
3481 3132 3590 3187 tua,

288 3217 474 3273 latium
508 3227 635 3289 post
663 3220 933 3275 dolorem.
968 3221 1137 3291 Igitur
1166 3223 1257 3290 qui
1286 3232 1510 3278 curatus
1540 3231 1643 3284 est,
1668 3230 1879 3289 Caveat,
1913 3197 1959 3261 (ἶ
1990 3197 2196 3291 gregem
2222 3197 2546 3274 htcreditatis
2591 3230 2693 3273 tute
2724 3235 2742 3273 :
2775 3219 3067 3271 habitantes
3097 3220 3237 3272 solas
3289 3219 3341 3270 in
3368 3220 3509 3271 saltu
3538 3218 3593 3270 in

290 3326 357 3366 nc
390 3312 583 3366 iterum
613 3321 824 3382 peccet,
851 3322 907 3368 et
935 3328 1151 3368 rursum
1176 3316 1225 3370 ei
1259 3313 1463 3385 aliquid
1494 3314 1735 3370 deterius
1771 3316 1882 3369 fiat.

288 3403 543 3473 Legimus
589 3405 640 3458 iu
684 3404 931 3461 Levitico
978 3406 1167 3478 (Leuit.
1203 3405 1345 3479 xm),
1387 3408 1435 3463 si
1481 3417 1664 3462 tamen
1713 3409 1889 3463 oculis

290 3498 495 3567 apertis
529 3498 765 3568 legimus
791 3539 807 3565 ,
841 3506 897 3554 et
926 3499 1180 3555 velamen
1214 3500 1357 3569 quod
1393 3503 1443 3554 in
1477 3500 1622 3572 Lege
1654 3502 1887 3570 positum

291 3599 395 3652 εει,
430 3586 709 3644 interioris
730 3590 874 3644 oculi
904 3605 1011 3645 non
1044 3591 1290 3646 excludit
1316 3591 1602 3657 intuitum,
1630 3593 1682 3647 in
1714 3594 1890 3649 vibice

288 3689 345 3736 et
370 3681 628 3737 cicatrice
654 3683 1026 3738 combustum:
1050 3684 1260 3755 lepram
1292 3684 1473 3740 solere
1509 3686 1803 3756 generari,
1836 3694 1892 3740 et

292 3786 506 3834 mutare
534 3777 778 3833 colorem
814 3779 929 3847 pili,
960 3789 1015 3834 et
1059 3779 1126 3834 ad
1159 3781 1399 3850 priorem
1423 3779 1890 3836 deformationem

293 3870 572 3927 cicatricis
605 3874 880 3929 novellam
926 3873 1194 3929 accedere
1238 3874 1561 3931 foeditatem.
1606 3875 1719 3930 Hoc
1762 3890 1891 3945 pro-

292 3974 509 4035 pterea,
540 3981 609 4022 ne
630 3968 750 4037 quis
779 3983 1006 4023 securos
1034 3969 1102 4024 de
1136 3972 1489 4039 poenitentia,
1518 3985 1585 4027 eo
1607 3971 1751 4041 quod
1773 3980 1899 4041 post

293 4070 579 4129 peccatum
609 4060 778 4130 possit
818 4060 1008 4116 dicere
1043 4080 1055 4115 :
1099 4060 1251 4116 Iram
1297 4061 1399 4117 Dei
1429 4064 1712 4131 sustinebo,
1766 4079 1897 4135 quo-

295 4149 436 4203 niam
456 4152 665 4222 peccavi
695 4152 763 4222 ei,
789 4154 955 4208 donec
968 4155 1225 4227 justiﬁcet
1249 4172 1467 4210 causam
1499 4173 1687 4222 meam,
1714 4166 1899 4228 peccet

298 4254 354 4300 et
383 4247 636 4303 cauterio
668 4249 941 4320 indigeat,
973 4258 1029 4305 et
1055 4261 1284 4308 sanatus
1329 4253 1524 4307 iterum
1556 4253 1895 4310 vulneretur.

298 4339 431 4396 Cum
459 4352 640 4397 autem
666 4344 917 4400 eduxerit
957 4361 1061 4401 nos
1094 4346 1365 4403 Dominus
1400 4347 1454 4403 in
1482 4348 1691 4416 lucem,
1739 4358 1795 4404 et
1820 4348 1901 4404 vi-

300 4434 539 4491 derimus
560 4437 827 4507 justitiam
856 4440 998 4509 ejus,
1028 4449 1157 4497 tunc
1197 4441 1401 4497 videbit
1433 4443 1654 4496 inimica
1709 4451 1899 4497 nostra

300 4528 565 4601 Babylon,
598 4542 651 4587 et
675 4536 964 4605 operiatur
989 4534 1343 4601 confusione,
1368 4551 1492 4605 quae
1518 4539 1670 4605 prius
1706 4534 1900 4605 loque—

1988 3312 2163 3365 medio
2212 3310 2436 3366 Carmeli
2484 3328 2503 3365 :
2545 3320 2825 3383 pascentur
2874 3310 3048 3364 Basan
3090 3321 3139 3365 et
3184 3308 3391 3363 Galaad
3435 3313 3595 3383 juxta

1991 3405 2098 3459 dies
2126 3407 2369 3476 antiquos
2401 3419 2421 3458 :
2445 3404 2730 3457 secundum
2762 3405 2869 3457 dies
2900 3404 3213 3473 egressionis
3240 3414 3340 3456 tute
3369 3402 3431 3454 de
3462 3415 3597 3456 terra

1992 3497 2237 3571 Egypti,
2270 3498 2539 3553 ostendam
2563 3496 2917 3570 [ALostendi]
2939 3499 2985 3551 ei
3018 3497 3298 3551 mirabilia.
3338 3496 3597 3551 Videbunt

1992 3604 2191 3663 gentes,
2217 3603 2262 3646 et
2294 3592 2686 3663 confundentur
2712 3609 2868 3662 super
2894 3595 3032 3645 omni
3069 3591 3379 3662 fortitudine
3413 3606 3597 3644 eorum

1995 3685 2176 3758 [\’ulg.
2208 3685 2348 3760 sua].
2378 3684 2583 3741 Ponent
2612 3685 2639 3724 δ
2667 3704 2850 3742 manus
2877 3704 3000 3741 suas
3030 3704 3189 3759 super
3213 3704 3309 3742 os:
3339 3703 3488 3741 aures
3521 3702 3603 3740 eo-

1995 3796 2109 3833 rum
2138 3780 2310 3834 surda:
2332 3789 2506 3834 erunt.
2539 3779 2764 3851 Lingent
2795 3782 3057 3850 pulverem
3104 3782 3238 3834 sicut
3291 3791 3549 3852 serpentes
3578 3796 3597 3835 :

1996 3872 2131 3929 velut
2154 3876 2363 3948 reptilia
2397 3885 2571 3942 terra},
2603 3874 2950 3930 turbabuntur
2986 3874 3165 3948 [Vulg
3208 3876 3598 3945 praturbabuu-

1998 3966 2103 4040 tur]
2134 3968 2197 4022 de
2220 3968 2421 4022 (edibus
2446 3969 2578 4025 suis.
2608 3968 2891 4023 Dominum
2922 3967 3093 4023 Deum
3133 3982 3372 4023 nostrum
3409 3969 3596 4039 formi—

2000 4060 2217 4129 dabant,
2240 4072 2287 4116 et
2314 4063 2565 4117 timebunt
2597 4062 2827 4119 te.LXX
2859 4080 2872 4117 :
2908 4062 3077 4119 Pasce
3106 4064 3354 4130 papulum
3375 4072 3523 4116 tuum
3544 4062 3597 4116 in

1998 4156 2145 4229 uirga
2174 4168 2286 4224 tua,
2322 4174 2436 4212 oves
2466 4156 2789 4213 Itwreditatis
2843 4166 2945 4211 tua:
2967 4198 2981 4223 ,
3034 4156 3329 4211 habitantes
3371 4154 3513 4209 solas
3544 4156 3599 4207 in

2000 4248 2160 4315 saltu,
2194 4248 2249 4301 in
2278 4249 2450 4303 medio
2470 4247 2696 4304 Carmeli
2726 4259 3003 4321 pascentur
3024 4247 3301 4304 Basanitin
3330 4257 3375 4303 et
3404 4247 3599 4303 Galaa-

2003 4340 2134 4393 ditia
2155 4343 2316 4414 juxta
2345 4342 2454 4395 dies
2476 4342 2747 4414 pristinos,
2771 4352 2821 4397 et
2838 4346 3001 4415 juxta
3029 4343 3136 4396 dies
3168 4342 3475 4411 egressionis
3497 4352 3603 4396 tua:

2004 4434 2067 4488 de
2098 4444 2233 4489 terra
2269 4434 2514 4508 Egypti,
2562 4437 2835 4491 ostendam
2880 4437 2952 4490 eis
3006 4436 3294 4490 mirabilia.
3348 4435 3606 4491 Videbunt

2006 4538 2204 4596 gentes,
2239 4536 2290 4582 et
2321 4530 2710 4598 confundentur
2739 4530 2791 4582 in
2827 4530 2968 4582 omni
2991 4529 3301 4600 fortitudine
3326 4545 3423 4583 sua
3455 4545 3473 4584 :
3504 4546 3601 4601 po-

300 4623 462 4679 batur
480 4626 546 4680 ad
577 4641 677 4682 nos
710 4646 723 4682 :
760 4625 861 4681 Ubi
883 4637 957 4682 est
985 4627 1126 4681 Deus
1173 4639 1327 4694 tuus;
1371 4630 1653 4683 {leilllans
1679 4626 1883 4685 Jerusa-

2006 4630 2127 4674 nent
2159 4636 2345 4674 manus
2368 4638 2524 4692 super
2546 4638 2603 4675 08
2635 4637 2811 4685 suum,
2842 4637 2995 4675 aures
3021 4637 3202 4674 eorum
3232 4622 3405 4676 surda:
3433 4631 3607 4675 erunt.

302 4714 409 4770 lem
458 4728 579 4787 pOst
616 4720 847 4774 vulnera
885 4734 994 4774 non
1029 4736 1191 4790 posse
1232 4723 1435 4776 sanari.
1492 4722 1560 4776 Et
1605 4722 1904 4791 respicient

302 4822 423 4863 eam
448 4813 591 4865 oculi
624 4813 818 4877 nostri,
844 4822 902 4868 et
937 4812 1040 4869 erit
1069 4813 1122 4868 in
1166 4812 1671 4881 conculcationem,
1720 4824 1782 4870 ut
1821 4817 1903 4871 lu-

307 4908 418 4953 tum
473 4902 797 4971 platearum.
852 4905 919 4958 Et
965 4907 1091 4975 quia
1125 4907 1303 4961 omnis
1332 4922 1618 4977 poenarum
1654 4908 1776 4962 finis
1811 4908 1904 4964 bo-

306 5007 505 5047 norum
539 4996 830 5051 exordium
856 5006 962 5062 est,
989 5007 1043 5051 et
1066 4997 1222 5052 dolor
1248 5000 1467 5066 prolicit
1494 4999 1560 5052 ad
1592 5000 1904 5067 sanitatem,

304 5086 373 5140 de
405 5088 516 5140 luto
545 5088 690 5144 illius
718 5090 921 5145 lateres
950 5089 1110 5155 fient,
1142 5100 1198 5146 et
1226 5096 1332 5145 erit
1365 5091 1620 5147 formatio
1672 5094 1903 5148 laterum

308 5176 472 5229 lilllra
495 5185 633 5245 eius.
662 5184 728 5238 Et
759 5185 809 5238 itt
835 5184 925 5240 die
953 5185 1042 5240 illa
1070 5195 1284 5240 veteres
1305 5187 1524 5256 abjiciet
1556 5203 1799 5257 errores,
1829 5188 1908 5242 ci-

309 5272 613 5341 vitatesque
638 5272 800 5338 illius),
829 5296 953 5348 qua:
994 5282 1136 5337 male
1166 5284 1389 5337 munitae
1418 5282 1659 5350 fuerant,
1690 5285 1915 5340 venient

311 5364 367 5418 ιιι
400 5364 843 5433 c0uclusiooem,
873 5374 989 5427 sive
1018 5373 1074 5428 in
1121 5375 1470 5445 divisionem,
1506 5386 1562 5432 et
1600 5376 1912 5432 dividentur

313 5458 381 5511 ab
423 5458 697 5529 Assyriis;
745 5461 815 5517 de
861 5464 1007 5535 Tyro
1054 5484 1301 5539 quoque,
1353 5486 1473 5540 quae
1523 5472 1916 5541 interpretatur

317 5556 539 5618 συνοχή,
576 5552 627 5605 id
657 5562 759 5619 est,
795 5564 1060 5629 angustia,
1093 5574 1427 5634 consurgent
1468 5564 1589 5618 alia:
1640 5564 1917 5621 fortitudi-

390 5763 416 5792 ιι
445 5753 605 5835 linus
629 5753 941 5835 Palatinus,
972 5768 1016 5812 et
1065 5759 1249 5813 medici
1292 5776 1393 5815 non
1443 5776 1593 5835 cgere
1637 5773 1928 5830 curatione.

321 5825 447 5882 Non
473 5826 761 5895 beatitudo,
794 5837 903 5883 etc.

694 5920 971 5980 ΡΑΤιιοι.
1028 5921 1231 5981 XXV.

2007 4713 2227 4788 Lingent
2260 4716 2468 4768 humum
2494 4716 2628 4769 sicut
2658 4727 2941 4785 serpentes,
2974 4730 3091 4785 qua:
3120 4717 3339 4769 trahunt
3370 4727 3558 4769 terram
3589 4730 3609 4769 :

2008 4809 2349 4863 turbabuntur
2378 4808 2535 4881 527
2570 4811 2625 4863 in
2660 4810 3081 4864 conclusionibus
3121 4810 3229 4863 suis
3264 4826 3281 4862 :
3312 4825 3471 4881 super
3504 4807 3610 4861 Do—

2007 4904 2147 4957 mino
2170 4901 2283 4957 Deo
2308 4915 2486 4957 nostra
2526 4902 2907 4971 formidabant,
2956 4912 3003 4956 et
3036 4903 3282 4956 timebunt
3314 4920 3347 4955 a
3385 4912 3451 4955 te.
3499 4902 3614 4956 Hoc

2008 4999 2152 5069 quod
2196 4998 2443 5053 dicitur:
2482 4996 2649 5052 Pasce
2691 4997 2947 5066 populum
2994 5006 3139 5051 tuum
3192 4997 3244 5049 in
3297 4997 3441 5069 uirga
3490 5008 3605 5061 tua,

2014 5093 2159 5150 Deus
2184 5094 2343 5148 Pater
2375 5094 2617 5161 loquitur
2644 5093 2708 5146 ad
2736 5092 2959 5157 Filiutn,
2992 5092 3044 5146 id
3078 5100 3185 5156 est,
3220 5091 3286 5145 ad
3322 5089 3617 5144 Dominum

2016 5197 2263 5241 nostrum
2286 5186 2475 5242 Jesum
2496 5184 2800 5250 Christum,
2836 5194 2896 5240 ut
2924 5184 3052 5254 quia
3088 5194 3276 5254 pastor
3298 5184 3476 5237 bonus
3507 5190 3616 5250 est,

2016 5291 2073 5338 et
2095 5284 2253 5353 ponit
2282 5282 2523 5337 animam
2568 5295 2723 5335 suam
2778 5297 2876 5347 pro
2922 5282 3115 5334 owbus
3154 5278 3267 5333 suis
3320 5276 3501 5343 (Joan.
3534 5274 3620 5347 χ),

2019 5386 2211 5447 pascat
2238 5377 2499 5447 populum
2534 5392 2690 5431 suum
2717 5377 2769 5430 in
2798 5376 2951 5445 virga
2984 5388 3105 5439 sua,
3139 5384 3194 5429 et
3244 5389 3379 5429 oves
3439 5372 3619 5427 hatre-

2018 5472 2206 5527 ditatis
2234 5487 2368 5526 suae.
2403 5472 2483 5526 Ac
2519 5487 2588 5525 ne
2615 5479 2868 5541 putemus
2909 5469 3133 5524 eosdem
3172 5483 3298 5523 esse
3346 5453 3578 5537 populos
3604 5505 3619 5532 ,

2019 5582 2159 5637 quos
2189 5576 2244 5622 et
2273 5581 2426 5632 oves,
2466 5564 2519 5620 in
2553 5565 2660 5620 alio
2692 5565 2813 5619 loco
2842 5563 3077 5634 legimus
3105 5580 3119 5618 :
3148 5561 3265 5617 Nos
3300 5573 3478 5616 autem
3528 5577 3628 5628 po-

2112 5770 2140 5809 ι)
2169 5771 2251 5825 Ad
2294 5771 2537 5843 Vulgata:
2589 5770 2871 5839 exemplar
2910 5769 3218 5839 Victorius,
3273 5768 3480 5825 Ponent
3508 5786 3618 5825 ma—

2028 5859 2153 5897 num
2175 5859 2333 5915 super
2356 5861 2436 5911 os,
2465 5852 2519 5901 et
2542 5858 2690 5912 mox,
2721 5845 2856 5899 sicut
2884 5860 3112 5916 serpens,
3142 5843 3340 5898 minori
3371 5855 3620 5899 numero.

3138 5933 3218 5996 39

4028 291 4054 372 ξε

4045 801 4060 942 ἶ

4052 1456 4055 1495 t
