4084 6340
481 277 620 337 1927

1721 277 1781 333 8.
1826 274 2097 336 EUSEBII
2134 274 2513 339 HIERONYMI

3646 282 3792 341 ηεε

477 395 633 464 putus
672 399 822 457 turns,
860 398 908 446 et
958 407 1077 446 oves
1108 405 1319 463 pascuae
1363 398 1468 446 tua:
1510 389 1629 462 (Ps.
1662 407 1900 459 Lxxvut,
1956 390 2072 462 2t).
2103 400 2154 458 Α
2181 410 2347 467 grege
2372 393 2607 459 Domini,
2642 397 2696 447 et
2718 397 2878 446 extra
2902 390 3211 450 Ecclesiam
3238 392 3381 465 ejus,
3404 390 3458 451 in
3491 395 3634 452 saltu
3663 412 3788 453 vcr—

476 486 717 556 Populus
742 486 984 541 refertur
1006 486 1070 540 ad
1099 484 1459 540 rationabiles
1487 501 1733 556 quosque
1756 527 1769 553 ,
1817 500 1949 541 oves
1978 501 2077 540 au-

477 588 587 634 tem
617 579 683 632 ad
714 593 835 643 eos,
880 579 972 648 qui
1007 577 1241 634 necdum
1271 578 1486 633 ratione
1511 587 1538 615 ι
1565 588 1820 643 utentes,
1868 586 2076 633 tantum

473 670 834 741 simplicitate
860 672 1109 727 contenti
1144 680 1296 739 sunt,
1331 680 1385 727 et
1408 672 1761 742 appellantur
1800 672 1869 726 de
1900 672 2077 725 haere-

474 764 649 820 ditate
681 765 800 821 Dei.
829 765 964 820 Tam
997 766 1231 837 populus
1254 775 1436 820 autem
1472 781 1636 835 quam
1670 781 1799 821 oves
1829 766 2076 837 indigent

476 859 638 928 virga
696 860 1002 929 pastorali,
1045 859 1113 915 de
1156 874 1263 930 qua
1316 860 1563 930 loquitur
1614 870 1671 915 et
1712 862 2009 926 Apostolus
2059 876 2072 913 :

477 950 619 1018 Quid
650 952 825 1018 vultis,
855 953 910 1006 in
941 952 1086 1024 virga
1116 956 1322 1007 veniam
1351 954 1419 1007 ad
1454 970 1571 1019 vos,
1601 971 1669 1007 an
1705 955 1763 1008 in
1796 954 2070 1023 charitate,

468 1055 522 1102 et
560 1047 755 1118 spiritu
792 1048 1214 1103 mansuetudinis
1259 1048 1303 1121 (l
1335 1047 1457 1102 Cor.
1496 1064 1570 1115 tv,
1611 1048 1747 1119 21)?
1795 1049 1877 1103 0b
1909 1050 2070 1113 hanc,

483 1152 642 1213 puto,
678 1156 925 1209 causam,
969 1143 1097 1214 quia
1130 1142 1369 1213 pupulas
1432 1142 1606 1198 Israel
1640 1142 1793 1198 dura:
1846 1144 2077 1198 cervicis

470 1246 610 1299 erat,
647 1247 699 1291 et
723 1250 942 1307 semper
972 1252 1165 1292 carnes
1204 1236 1489 1310 ASgyptias
1521 1239 1872 1308 suspirabat,
1914 1255 2074 1293 usum

475 1345 601 1386 esse
625 1330 847 1400 Moysen
872 1347 981 1385 non
1014 1332 1191 1386 solum
1231 1332 1528 1387 adversum
1569 1330 1888 1402 IEgyptios,
1938 1346 2077 1402 quos

469 1424 968 1493 percussitdecem
999 1424 1209 1495 plagis,
1265 1426 1365 1480 sed
1404 1426 1569 1480 etiam
1615 1426 1880 1481 adversus
1907 1442 2079 1497 popu-

467 1518 581 1574 lum
615 1518 670 1573 in
703 1518 1028 1587 solitudine,
1061 1519 1213 1589 virga
1244 1519 1425 1589 legali,
1450 1519 1599 1589 virga
1628 1520 1987 1590 percutiente,
2023 1528 2079 1574 et

473 1612 657 1667 omnia
686 1626 818 1665 vasa
854 1620 1048 1679 testea,
1078 1620 1134 1665 et
1163 1609 1375 1681 fragilia
1403 1610 1812 1681 confringente.
1845 1616 2080 1680 Aposto-

469 1705 540 1760 lis
570 1716 751 1762 autem
783 1705 1003 1760 Domini
1047 1704 1372 1772 Salvatoris,
1408 1706 1499 1775 qui
1533 1707 1857 1774 sapientiam
1893 1706 2078 1775 loque-

2179 490 2440 544 sabantur
2470 502 2740 555 errorum.
2777 501 2970 562 postea
3001 487 3408 545 transferentur
3434 490 3498 545 ad
3533 488 3783 545 notitiam

2177 596 2326 637 vera:
2352 581 2810 651 circumcisionis,
2850 597 2902 639 et
2929 585 3182 640 servient
3209 585 3321 640 Deo
3351 582 3403 638 in
3449 583 3686 654 spiritu,
3729 594 3788 637 et

2177 675 2562 746 gloriabuntur
2586 678 2639 730 in
2671 677 2901 733 Domino
2922 721 2934 744 ,
2961 686 3146 733 etnon
3181 679 3232 732 iu
3261 690 3426 732 carne
3478 676 3782 742 confident,

2177 778 2232 824 et
2259 780 2422 824 erunt
2450 783 2575 825 vera
2603 771 2955 826 circumcisio
2976 815 2989 839 ,
3017 782 3073 826 et
3104 785 3210 826 non
3237 768 3505 827 concisio.
3536 769 3788 841 Cumque

2178 864 2319 934 pasti
2370 861 2573 919 fuerint
2617 864 2886 935 spirituali
2919 865 3373 935 circumcisione,
3410 864 3788 936 intelligentes

2181 964 2399 1025 peccata
2432 956 2684 1025 pristina,
2711 958 3115 1013 confundantur
3142 959 3192 1013 in
3226 957 3373 1013 vitiis
3404 958 3539 1026 suis,
3586 967 3640 1013 et
3661 973 3789 1013 eruo

2179 1046 2405 1101 bescent
2426 1088 2442 1115 ,
2471 1059 2526 1104 et
2546 1058 2711 1104 erunt
2755 1052 2808 1104 in
2842 1051 3167 1106 confusione
3190 1066 3310 1122 qua:
3335 1050 3487 1106 ducit
3512 1050 3577 1106 ad
3613 1052 3777 1106 vitam

2179 1136 2352 1209 (Eccl.
2385 1141 2495 1210 tv),
2529 1142 2656 1213 quia
2690 1152 2773 1198 est
2823 1154 2878 1199 et
2926 1143 3029 1199 alia
3073 1145 3326 1200 confusio
3353 1158 3474 1215 qure
3518 1144 3671 1199 ducit
3710 1142 3780 1199 ad

2181 1240 2436 1299 mortem,
2463 1233 2515 1287 in
2541 1250 2644 1305 qua
2676 1235 2944 1290 habitavit
2974 1238 3251 1307 quondam
3285 1237 3395 1308 Og,
3437 1250 3532 1292 rex
3566 1237 3741 1292 Busan
3769 1280 3785 1303 ,

2180 1326 2450 1396 siquidem
2482 1326 2657 1383 Busan
2682 1330 3076 1401 interpretatur
3099 1331 3341 1401 confusio
3378 1346 3396 1385 :
3427 1330 3492 1386 de
3517 1347 3623 1401 qua
3650 1346 3788 1385 con-

2180 1417 2398 1476 fusione
2425 1423 2664 1492 pessima
2690 1433 2738 1478 et
2772 1424 3033 1480 Dominus
3060 1426 3391 1495 repromittlt
3415 1425 3775 1480 liberaturum

2179 1525 2242 1567 se
2272 1514 2535 1583 pupulum
2565 1530 2721 1570 suum
2760 1532 2771 1569 :
2803 1515 2949 1571 Dixit
2973 1516 3252 1583 Dominus,
3285 1533 3347 1572 ex
3371 1516 3546 1571 Busan
3572 1532 3791 1571 concer-

2181 1611 2309 1672 tam,
2328 1616 2620 1661 convertam
2638 1608 2702 1663 de
2715 1609 2978 1679 profundo
2998 1612 3158 1665 muris
3177 1610 3298 1681 (Ps.
3322 1610 3589 1677 vau,25)
3603 1652 3613 1663 .
3627 1609 3787 1664 Cum-

2180 1714 2286 1770 que
2312 1702 2601 1757 scierimus
2622 1717 2809 1757 veram
2831 1704 3328 1772 circumcisionem,
3347 1713 3402 1760 et
3423 1704 3637 1759 confusi
3664 1706 3785 1759 fue-

465 1799 666 1855 bantur
700 1801 845 1853 inter
872 1798 1152 1868 perfectos
1183 1798 1228 1867 (l
1260 1797 1385 1851 Cor.
1410 1802 1501 1869 ιι),
1530 1800 1743 1870 virgam
1778 1814 2066 1854 excussam
2100 1798 2147 1863 Β
2172 1794 2345 1847 rimus
2381 1810 2550 1864 super
2577 1797 2813 1865 peccatis
2838 1799 3079 1862 nostris,’
3095 1806 3223 1851 tunc
3239 1798 3447 1852 erimus
3470 1796 3524 1851 in
3552 1796 3786 1866 Galaad,

472 1905 597 1947 esse
629 1891 696 1946 de
722 1891 1000 1959 manibus,
1034 1891 1164 1961 quia
1194 1890 1439 1961 perfecta
1478 1892 1700 1948 dilectio
1744 1892 1894 1947 foras
1950 1896 2075 1948 mit-

474 1985 541 2039 tit
566 1985 820 2041 timorem
858 1985 902 2057 (ι
941 1984 1102 2039 loan.
1134 1987 1234 2056 tv).
1270 1986 1425 2053 Quod
1466 1989 1508 2041 si
1552 1989 1676 2058 quis
1706 1989 1868 2043 nobis
1899 2004 2077 2059 oppo-

471 2077 665 2145 suerit,
692 2077 971 2148 quomodo
999 2094 1147 2134 nunc
1169 2078 1388 2133 dicatur
1417 2079 1483 2133 ad
1508 2080 1817 2150 Christum,
1838 2083 1941 2137 hoc
1968 2091 2074 2151 est,

471 2170 538 2226 ad
562 2170 763 2226 bonum
797 2180 1102 2242 pastorem,
1131 2171 1222 2241 qui
1258 2172 1447 2241 utique
1474 2173 1649 2243 major
1688 2174 1955 2241 apostolis
1975 2215 1989 2241 ,
2023 2182 2079 2229 et

471 2267 669 2322 melior
693 2274 800 2333 est,
822 2277 881 2321 ut
905 2276 1085 2322 utatur
1118 2267 1290 2337 virga,
1319 2282 1441 2321 cum
1473 2267 1697 2337 majoris
1723 2268 1994 2337 profectus
2010 2268 2081 2323 sit

473 2360 675 2430 virgam
721 2375 828 2415 non
876 2360 1110 2427 habere,
1159 2376 1321 2429 quam
1360 2361 1512 2431 virga
1556 2363 1787 2431 pepulos
1838 2377 2078 2431 ovesque

473 2457 793 2523 corripere:
828 2454 1280 2525 respondebimus
1323 2453 1406 2508 eis
1434 2455 1734 2509 secundum
1766 2455 1901 2510 illud
1934 2456 2078 2526 quod

470 2546 737 2601 Dominus
766 2546 1055 2616 pollicetur
1085 2546 1348 2617 apostolis
1380 2548 1524 2612 suis,
1556 2549 1762 2617 majora
1795 2564 1890 2603 eos
1921 2550 2075 2617 signa

473 2636 528 2691 in
559 2638 775 2707 p0pu1is
805 2653 930 2694 esse
968 2637 1237 2704 facturos,
1288 2652 1450 2708 quam
1492 2638 1609 2707 ipse
1651 2639 1845 2694 fecerit
1891 2637 2075 2711 (Ιοαη.

472 2730 606 2802 31v).
638 2730 706 2785 Et
732 2732 857 2801 quia
881 2730 1058 2785 adhuc
1088 2731 1351 2786 Dominus
1380 2731 1708 2801 loquebatur
1732 2732 1795 2784 ad
1817 2747 2075 2786 carneum

470 2822 666 2891 Israel,
690 2832 744 2877 et
772 2822 1003 2878 necdum
1030 2822 1095 2876 ad
1122 2838 1270 2887 eum,
1294 2822 1386 2893 qui
1416 2823 1655 2893 perfecte
1679 2832 1890 2893 poterat
1919 2839 2078 2880 nosse

474 2917 760 2989 mysteria,
796 2917 999 2972 idcirco
1030 2916 1233 2971 dictum
1264 2930 1388 2971 esse
1418 2916 1486 2971 de
1522 2932 1591 2972 eo
1617 2959 1631 2983 ,
1675 2925 1735 2971 ut
1782 2927 1970 2986 pascat
2022 2918 2076 2973 in

468 3012 619 3081 virga
672 2988 930 3081 populum
976 3024 1031 3067 et
1074 3028 1299 3083 gregem
1329 3028 1526 3083 suum,
1573 3016 1841 3084 apostolis
1892 3027 2075 3069 autem

469 3106 679 3176 virgam
732 3122 1019 3162 excussam
1063 3122 1187 3163 esse
1217 3109 1287 3164 de
1319 3109 1609 3176 manibus,
1639 3118 1693 3164 et
1721 3110 2073 3165 severitatem

2182 1902 2303 1957 qum
2326 1888 2726 1955 interpretatur
2752 1891 3139 1962 transmigratio
3166 1891 3471 1958 testimonii,
3504 1891 3559 1946 in
3595 1891 3793 1946 Eccle-

2178 1981 2261 2033 sia
2277 1980 2499 2047 Christi,
2519 1983 2586 2036 ad
2611 1998 2771 2052 quam
2789 1984 3099 2038 testimonia
3128 1984 3286 2054 Legis
3308 1994 3363 2040 et
3385 1984 3789 2055 Prophetarum

2183 2073 2401 2143 eloquia
2429 2076 2908 2144 transcenderunt,
2932 2084 2987 2131 ct
3010 2078 3112 2132 hoc
3145 2077 3239 2133 flet
3269 2078 3426 2133 nobis
3469 2079 3779 2134 secundum

2180 2165 2296 2221 dies
2327 2167 2599 2235 antiquos,
2630 2170 2929 2225 secundum
2959 2172 3095 2237 dies,
3116 2174 3335 2241 quando
3359 2173 3565 2243 egressi
3594 2188 3792 2228 sumus

2183 2265 2347 2337 529
2374 2268 2441 2322 de
2471 2277 2611 2323 terra
2643 2268 2886 2341 Egypti,
2914 2270 2983 2325 de
3005 2271 3199 2339 quibus
3224 2269 3437 2341 Moyses
3469 2268 3601 2325 dicit
3627 2288 3639 2323 :
3680 2270 3790 2324 Re-

2178 2362 2469 2415 cordamini
2495 2362 2602 2416 dies
2634 2365 2941 2419 mmnitatis
2968 2364 3147 2435 (Deut.
3179 2362 3349 2430 xxx",
3385 2364 3478 2435 7),
3525 2379 3631 2417 non
3667 2362 3791 2420 dies

2183 2454 2346 2525 hujus
2374 2457 2559 2511 saeculi
2590 2498 2605 2523 ,
2654 2458 2747 2527 qui
2792 2460 3139 2529 appellamur
3175 2458 3335 2524 mali,
3384 2456 3480 2512 sed
3511 2455 3630 2513 dies
3655 2474 3787 2528 per-

2183 2559 2395 2617 petuos.
2468 2548 2810 2605 Recordatur
2852 2562 3033 2607 autem
3061 2552 3270 2607 dierum
3303 2551 3649 2613 trtct‘nitatis,
3694 2551 3791 2621 qui

2181 2654 2288 2695 non
2349 2641 2543 2711 aspicit
2593 2643 2880 2712 prtesentia
2910 2686 2923 2709 ,
2976 2643 3330 2714 surrexitque
3372 2656 3491 2699 cum
3534 2640 3782 2712 Christo,

2180 2746 2234 2790 et
2270 2736 2429 2790 sedet
2478 2752 2597 2791 cum
2656 2752 2720 2791 eo
2774 2738 2828 2792 in
2871 2738 3185 2793 coelestibus
3211 2781 3225 2807 ,
3274 2739 3387 2809 jam
3430 2748 3614 2794 mente
3648 2754 3796 2809 pra:-

2180 2842 2402 2883 sumens
2448 2844 2507 2883 se
2556 2829 2624 2884 de
2662 2829 2855 2885 diebus
2903 2832 3192 2900 prmsentis
3240 2830 3424 2886 saeculi
3475 2832 3789 2887 liberatum.

2180 2921 2456 2977 Promittit
2503 2938 2719 2994 quoque
2765 2938 2945 2980 sermo
2994 2926 3211 2980 divinus
3247 2968 3261 2993 ,
3322 2926 3462 2996 quod
3528 2927 3793 2982 ostendat

2180 3016 2382 3085 populo
2426 3032 2564 3083 suo,
2629 3027 2681 3073 et
2739 3019 2927 3073 ovibus
2989 3020 3325 3074 litereditatis
3386 3036 3497 3074 sure
3557 3020 3784 3075 mirabi-

2179 3106 2286 3162 lia:
2330 3108 2516 3179 Tunc,
2570 3111 2779 3180 inquit,
2836 3111 3081 3166 ridebunt
3102 3121 3310 3185 gentes,
3372 3123 3417 3165 et
3456 3113 3787 3181 confunden-

473 3199 637 3270 Legis
663 3242 678 3267 ,
722 3200 1004 3272 Evangelii
1046 3200 1337 3257 clementia
1387 3209 1766 3272 temperatam.
1822 3203 1992 3257 [’orro
2025 3202 2077 3257 hi
2105 3193 2151 3258 Ο
2186 3212 2270 3258 tur
2308 3206 2361 3257 in
2395 3206 2534 3258 omni
2577 3206 2882 3274 fortitudine
2921 3223 3045 3273 sua,
3091 3208 3215 3277 quia
3248 3216 3793 3277 vastaverantquon-

472 3296 656 3363 populi
689 3304 747 3350 et
784 3295 901 3349 ista:
930 3308 1061 3349 oves
1104 3305 1396 3365 propterea
1433 3297 1840 3365 percutientur,
1894 3305 1948 3351 et
1980 3312 2076 3365 pa-

474 3399 701 3443 scentur
723 3388 776 3442 in
803 3390 1112 3460 virga,quia
1143 3389 1521 3444 habitaverant
1538 3388 1641 3444 soli
1660 3390 1713 3444 in
1727 3388 1892 3443 saltu.
1919 3388 2073 3455 Quod

470 3483 691 3553 quidem
720 3497 1035 3553 possumus,
1065 3493 1122 3538 et
1153 3483 1221 3539 de
1252 3484 1339 3538 his
1359 3484 1635 3553 accipere.
1668 3486 1760 3553 qui
1788 3500 1851 3539 se
1877 3484 1947 3539 de
1980 3488 2079 3538 Ec-

472 3579 641 3635 clesia
675 3588 1031 3648 separantcs,
1062 3578 1333 3634 conviviis
1373 3577 1538 3651 528
1560 3579 1763 3633 dedunt
1796 3580 2080 3634 amicitiis—

477 3688 583 3744 que
622 3673 908 3743 gentilium
941 3690 955 3725 :
985 3688 1199 3726 necnon
1224 3681 1279 3727 et
1299 3672 1367 3727 de
1399 3672 1517 3738 his,
1572 3671 1667 3740 qui
1700 3671 1825 3727 odio
1860 3671 2078 3741 generis

475 3767 698 3821 humani
725 3765 893 3820 vitam
924 3774 1185 3835 appetunt
1209 3766 1532 3829 solitariam,
1556 3766 1770 3834 qualern
1796 3763 2079 3818 Timonem

473 3860 646 3915 fuisse
677 3860 902 3914 Athenis
950 3859 1222 3929 legitimus:
1256 3873 1361 3912 non
1390 3858 1535 3929 quod
1592 3858 1837 3911 solitaria
1886 3858 1998 3911 vita
2027 3867 2081 3911 et

475 3953 793 4025 pr0phetica
817 3969 976 4022 quam
993 3953 1303 4007 habuerunt
1328 3953 1474 4008 Elias
1501 3953 1587 4023 (Ill
1612 3952 1741 4024 Reg.
1770 3968 1883 4007 xvrt
1901 3964 1946 4005 et
1966 3952 2078 4022 XIX)

480 4058 536 4105 et
574 4048 817 4103 Joannes
850 4046 1071 4118 (Matth.
1098 4061 1156 4101 ιιι
1186 4056 1234 4100 et
1267 4048 1345 4118 χι)
1368 4087 1384 4113 ,
1408 4046 1819 4101 condemnanda
1856 4050 1953 4111 sit;
1984 4045 2079 4099 sed

477 4143 605 4213 quia
634 4141 681 4195 si
708 4152 940 4195 caeteros
977 4140 1313 4209 despiciens,
1373 4143 1489 4209 ipse
1518 4141 1819 4209 superbiat,
1849 4149 1903 4193 et
1935 4140 2081 4193 habi-

479 4241 559 4289 tet
596 4235 649 4287 in
672 4234 814 4288 saltu
845 4232 1129 4297 vitiorum,
1166 4232 1315 4301 virga
1359 4232 1710 4300 corripienda
1739 4231 1829 4285 sit.
1856 4232 1959 4298 Qui
1991 4246 2081 4285 so-

475 4332 563 4387 lus
594 4330 833 4395 habitat,
871 4339 924 4384 et
954 4343 1061 4383 non
1098 4328 1310 4381 habitat
1342 4328 1394 4381 iu
1443 4327 1584 4381 saltu
1610 4367 1625 4393 ,
1659 4329 1762 4381 iste
1810 4327 1861 4379 in
1921 4326 2081 4381 laude

474 4428 737 4480 virtutum
769 4433 895 4480 est:
931 4423 1025 4493 qui
1070 4429 1253 4475 autem
1306 4422 1455 4475 solus
1509 4427 1622 4485 est,
1678 4432 1734 4475 et
1787 4436 1895 4475 non
1952 4423 2081 4476 facit

476 4534 642 4590 opera
673 4517 929 4587 jtlSliliiB,
959 4527 1014 4569 et
1048 4514 1249 4585 quietis
1284 4523 1492 4567 tantum
1540 4514 1739 4567 fruitur
1770 4514 2075 4583 voluptate,

476 4586 531 4669 ei
564 4628 671 4666 non
707 4613 762 4665 in
789 4609 998 4663 Christi
1021 4623 1190 4676 opere
1212 4618 1265 4661 et
1299 4608 1492 4663 labore
1513 4606 1750 4662 desudat
1772 4647 1786 4672 ,
1823 4623 1925 4662 nec
1952 4623 2080 4677 pro-
2108 4586 2157 4650 Ῑ)

479 4708 615 4778 priis
656 4706 907 4759 manibus
936 4704 1128 4773 quaerit
1176 4702 1357 4756 cibum
1393 4702 1537 4771 quod
1580 4703 1879 4771 Apostolus
1920 4702 2081 4771 jubet

479 4802 523 4875 (Ι
556 4801 677 4854 Cor.
705 4799 804 4867 tv),
830 4804 884 4850 et
915 4797 966 4849 in
1011 4793 1325 4863 superbiam
1356 4794 1589 4863 erigitur
1618 4810 1630 4846 :
1664 4793 1755 4847 hic
1786 4794 1993 4847 habitat
2025 4793 2079 4847 in

479 4896 643 4958 saltu,
663 4901 717 4946 et
743 4892 886 4944 inter
918 4886 1260 4941 infructuosa
1293 4887 1437 4955 ligna
1470 4886 1866 4940 versatur.Sed
1893 4897 2077 4940 tamen

477 4988 605 5059 quia
636 4986 811 5037 bonus
845 4990 1030 5052 pastor
1056 4991 1169 5044 est,
1199 4988 1252 5033 et
1283 4981 1435 5047 virga
1466 4978 1587 5047 ejus
1612 4978 1681 5031 ob
1711 4977 1817 5033 hoc
1846 4980 2081 5047 percutit

478 5094 536 5136 ut
564 5078 843 5142 emendet,
876 5074 1101 5129 meliora
1151 5087 1335 5127 sermo
1380 5072 1737 5141 propheticus
1768 5072 2076 5140 pollicetur,

477 5186 532 5231 et
559 5174 690 5229 dicit
723 5191 733 5224 :
768 5168 832 5222 In
862 5168 1033 5222 medio
1061 5166 1285 5220 Carmeli
1328 5176 1611 5235 pascentur
1640 5164 2001 5220 Basattitidciu
2032 5176 2079 5220 et

479 5266 827 5328 Gulaaditin,
880 5262 1031 5331 juxta
1077 5260 1196 5313 dies
1237 5261 1600 5324 aeternitatis,
1655 5269 1712 5314 et
1752 5264 1908 5327 juxta
1963 5261 2079 5317 dies

481 5359 817 5432 egressionis
865 5366 969 5409 tute
1001 5370 1065 5408 ex
1100 5352 1356 5424 lEgyplo.
1405 5353 1695 5407 Carmelus
1743 5355 2076 5424 interpreta-

478 5463 567 5509 tur
621 5450 838 5506 scientia
891 5446 1305 5501 circumcisionis
1332 5462 1347 5497 :
1379 5446 1654 5499 Basanilis
1693 5446 1931 5514 confusio
1956 5489 1969 5510 ,
2023 5456 2080 5503 ct

477 5543 680 5600 Galaail
722 5539 1118 5609 transmigratio
1153 5538 1465 5590 testimonii.
1503 5537 1743 5606 Populus
1770 5553 1922 5608 ergo
1951 5540 2072 5606 Dei,

474 5649 530 5694 et
560 5653 695 5693 oves
727 5649 943 5707 pascua:
967 5632 1251 5703 ejus,quze
1284 5630 1435 5700 prius
1465 5630 1837 5699 pascebantur
1866 5632 2075 5702 absque

2183 3300 2331 3365 dam,
2355 3307 2410 3354 et
2437 3299 2835 3368 praevalnerant
2861 3301 3123 3357 adversus
3149 3302 3401 3371 populum
3430 3300 3549 3367 Dei,
3582 3310 3639 3355 et
3658 3316 3793 3355 con—

2181 3392 2325 3447 fusio
2369 3406 2553 3447 carum
2588 3394 2811 3449 habebit
2853 3395 3190 3463 profectum,
3220 3408 3345 3447 cum
3372 3406 3467 3447 sua
3503 3392 3794 3448 intellexe-

2182 3488 2294 3541 rint
2320 3488 2481 3541 mala.
2534 3488 2741 3541 l’onent
2769 3489 2912 3542 enim
2954 3502 3145 3542 manus
3173 3504 3299 3543 suas
3327 3500 3491 3557 super
3514 3502 3575 3543 os
3604 3502 3789 3554 suum,

2182 3582 2431 3651 malaque
2461 3596 2622 3651 opera
2663 3596 2877 3638 omnem
2922 3583 3002 3637 eis
3044 3580 3295 3653 loquendi
3344 3581 3593 3637 auferent
3627 3581 3798 3636 liber—

2183 3682 2370 3730 tatem.
2433 3676 2716 3743 Quomodo
2758 3689 2933 3730 autem
2980 3675 3272 3745 impiarum
3322 3674 3560 3745 gentium
3595 3684 3794 3729 manus

2184 3768 2444 3823 claudunt
2473 3784 2565 3824 ora
2592 3776 2781 3824 eorum
2800 3811 2812 3833 ,
2845 3769 2922 3822 sic
2948 3769 3226 3837 justorum
3258 3782 3451 3821 manus
3476 3776 3666 3822 eorum
3695 3779 3793 3821 ora

2184 3862 2509 3915 reserabunt
2533 3904 2547 3927 ,
2592 3876 2659 3915 ex
2690 3874 2857 3930 opere
2885 3861 3027 3916 bono
3058 3859 3313 3931 loquendi
3341 3872 3463 3915 cum
3498 3860 3608 3915 Deo
3640 3861 3793 3914 acci-

2185 3955 2450 4025 pientium
2495 3956 2827 4009 facultatem.
2894 3954 3072 4009 Aures
3119 3962 3333 4023 qttoque
3379 3964 3567 4008 eorum
3596 3953 3797 4008 obsur-

2184 4046 2442 4109 descent,
2490 4047 2616 4115 quia
2646 4044 2849 4100 malitia
2882 4060 2989 4100 non
3022 4046 3198 4100 solum
3230 4045 3510 4100 oculorum
3542 4043 3792 4099 obczcca—

2184 4140 2265 4194 vit
2302 4139 2579 4204 intuitum,
2612 4140 2704 4193 sed
2728 4148 2783 4195 et
2804 4153 2964 4195 aures
2988 4139 3114 4196 fecit
3135 4139 3564 4203 obsurdescere;
3596 4139 3792 4193 nolue-

2185 4239 2313 4286 runt
2350 4232 2496 4286 enim
2548 4231 2735 4286 audire
2762 4246 2949 4287 vocem
2984 4232 3374 4287 incantantium
3404 4273 3419 4298 ,
3472 4240 3527 4286 et
3556 4231 3791 4286 venefici

2184 4324 2514 4380 incantantis
2538 4330 2835 4395 sapienter.
2872 4326 2941 4381 Et
2961 4328 3112 4396 juxta
3145 4326 3335 4381 Isaiam
3363 4343 3377 4379 :
3419 4324 3649 4379 Auribus
3678 4326 3791 4379 suis

2185 4422 2410 4493 graviter
2432 4420 2704 4474 audierunt
2726 4418 2883 4492 (Isai.
2906 4420 3100 4490 xxxnt)
3124 4435 3140 4473 :
3159 4433 3483 4489 quamquam
3504 4418 3677 4473 multo
3693 4419 3791 4472 mi-

2187 4529 2287 4567 nus
2319 4516 2388 4567 sit
2417 4513 2653 4584 graviter
2676 4513 2891 4577 audire,
2925 4530 3084 4583 quam
3114 4514 3326 4583 penitus
3356 4527 3464 4567 non
3494 4513 3706 4577 audire,
3739 4523 3795 4568 et

2186 4607 2407 4661 surdum
2452 4608 2568 4662 fieri
2617 4616 2674 4660 ut
2720 4607 2946 4662 verbum
2998 4621 3103 4661 non
3135 4605 3321 4660 audiat
3352 4604 3617 4659 veritatis.
3659 4603 3794 4658 Post

2186 4709 2332 4755 tanta
2363 4700 2501 4755 mala
2527 4700 2723 4755 dicitur
2752 4700 2819 4754 de
2843 4701 2942 4765 cis,
2975 4699 3118 4769 quod
3145 4699 3354 4769 litigent
3383 4696 3605 4752 humum
3632 4697 3790 4765 quasi

2185 4804 2503 4862 serpentes,
2546 4808 2667 4862 quae
2698 4792 2920 4847 trahunt
2952 4802 3172 4857 terram,
3201 4790 3543 4845 ambulantes
3568 4790 3623 4843 in
3652 4803 3792 4843 ven—

2185 4894 2269 4938 tre
2297 4900 2428 4949 suo,
2474 4896 2527 4939 et
2554 4886 2904 4939 comedentes
2933 4894 3129 4939 terram
3162 4883 3417 4937 omnibus
3443 4882 3638 4937 diebus
3668 4882 3797 4937 vitzc

2184 4991 2296 5030 suae
2327 4975 2480 5049 (Gen.
2504 4976 2609 5046 ιιι).
2667 4978 2728 5029 Ει
2758 4976 2938 5030 carnis
2964 5018 2977 5041 ,
3024 4975 3074 5029 id
3100 4984 3184 5030 est
3209 5018 3222 5041 ,
3272 4984 3487 5030 terrena
3517 4988 3681 5044 Opera
3717 4976 3800 5027 fa-

2186 5071 2416 5135 cientes,
2468 5083 2519 5124 et
2548 5070 2830 5125 trahentes
2856 5085 3040 5127 secum
3071 5084 3242 5141 usque
3269 5071 3335 5123 ad
3365 5069 3509 5123 diem
3540 5068 3792 5130 ultionis,

2186 5166 2590 5221 etvisitationis
2643 5166 2858 5220 Domini
2889 5211 2902 5229 ,
2956 5184 3061 5221 non
3107 5166 3430 5234 pulverem.
3475 5179 3579 5217 non
3624 5166 3796 5213 terrae

2186 5273 2349 5328 parva
2398 5258 2660 5328 vestigia,
2697 5259 2791 5313 sed
2822 5270 2989 5313 totam
3016 5259 3258 5311 humum.
3306 5251 3458 5319 Quod
3486 5265 3609 5305 cum
3642 5249 3795 5304 fece-

2186 5356 2334 5422 rint,
2385 5365 2436 5409 et
2488 5354 2552 5407 ad
2580 5355 2839 5423 judicium
2874 5354 2968 5409 Dei
2998 5353 3285 5414 venerint,
3318 5354 3374 5400 et
3399 5342 3641 5399 conclusi
3677 5344 3798 5397 fue-

2185 5449 2299 5502 rint
2329 5459 2494 5517 atque
2525 5449 2725 5503 turbati
2753 5488 2768 5514 ,
2809 5448 3013 5503 tamdiu
3042 5443 3434 5506 turbabuntur,
3465 5449 3517 5492 et
3544 5439 3797 5495 conclusi

2185 5548 2377 5606 erunt,
2409 5540 2668 5611 quamdiu
2716 5550 2859 5596 terra
2891 5555 3050 5611 quam
3080 5542 3359 5592 traxerant
3385 5532 3537 5603 quasi
3562 5545 3800 5599 serpen—

2189 5645 2267 5690 tes
2291 5676 2305 5701 ’
2343 5635 2698 5704 νεηηθηεετίι
2729 5636 2782 5689 in
2830 5635 2927 5689 eis,
2982 5632 3115 5679 Cum
3148 5636 3329 5682 autem
3375 5625 3467 5677 illa
3499 5623 3797 5693 deiecerit,

548 5823 573 5851 α
604 5813 695 5869 Sic
722 5810 924 5867 habent
948 5817 1158 5879 septem
1198 5806 1494 5864 Florentiae
1526 5822 1661 5865 mss.
1692 5805 1938 5865 Vietorio
1994 5818 2134 5866 teste
2176 5824 2189 5863 :
2226 5816 2382 5861 antea
2412 5812 2533 5858 erat
2561 5802 2797 5858 viventes.
