4078 6342
271 298 415 364 “‘39

1029 301 1677 365 COMMENTARIORUM
1718 304 1784 366 IN
1826 301 2164 386 MICHAMM
2205 302 2332 364 LIB.
2380 305 2446 364 II.
2491 305 2642 363 CAP.
2687 304 2799 364 VII.

3443 304 3580 362 1250

270 416 688 484 οὶιεευρεεοθιιι,
714 422 768 472 et
789 414 1238 484 admirabuntur,
1269 433 1378 474 non
1413 419 1468 474 in
1501 420 1728 475 Domino
1757 421 1868 475 Deo
1897 426 1944 483 Α
1974 427 2026 474 et
2058 418 2252 490 reliqui
2277 419 2346 475 de
2380 420 2578 491 populo
2603 429 2727 475 sunt
2758 420 2953 488 relicti,
2992 419 3309 491 iniquitates
3343 433 3472 476 suas
3500 423 3580 476 ci;

270 525 372 566 Suo
404 510 657 584 (necdum
693 512 838 566 enim
873 514 1246 580 merebuntur,
1278 523 1334 568 ut
1363 514 1576 570 dicatur
1608 514 1873 570 Dominus

270 603 416 660 Deus
441 607 682 676 eorum),
715 605 810 660 sed
857 605 911 661 in
948 607 1176 662 Domino
1209 609 1316 661 Deo
1349 609 1558 662 nostro.
1593 605 1660 662 Et
1689 607 1871 663 subito

270 696 332 752 ﬁt
357 699 653 776 ἀποστροφή
688 698 755 753 ad
783 697 1055 754 Christum
1089 689 1397 771 diciturque
1427 701 1492 754 ad
1523 716 1644 754 eum
1677 717 1689 755 :
1719 689 1786 754 Et
1811 699 1874 754 ti-

272 792 482 846 mebunt
515 808 545 843 a
577 803 642 845 te.
702 791 1036 863 Principium
1064 791 1210 848 enim
1241 794 1545 863 sapientlat,
1578 790 1738 849 timor
1767 781 1869 846 Do-

270 886 403 940 mini
439 883 623 953 (Prov.
655 885 774 955 vn).
812 885 878 940 Et
911 889 1025 940 haec
1052 885 1201 955 tient,
1237 894 1296 940 ut
1320 883 1542 942 videant
1570 893 1789 955 gentes,
1820 893 1874 940 et

277 973 682 1031 eonfundautur
711 976 764 1030 in
807 977 954 1030 omni
993 971 1138 1032 mala
1173 973 1488 1032 fortitudine
1519 989 1651 1043 sua;
1694 983 1750 1032 et
1778 989 1870 1047 po-

271 1079 403 1125 nant
428 1086 620 1125 manus
639 1086 806 1141 super
828 1086 888 1124 os
911 1086 1094 1139 suum,
1127 1082 1180 1126 et
1204 1072 1426 1126 auribus
1449 1070 1868 1140 obsurdescant,

271 1172 327 1220 et
354 1163 565 1234 liugant
597 1171 798 1226 terram
831 1163 980 1219 velut
1007 1174 1311 1234 serpentes.
1341 1164 1504 1236 530
1531 1167 1619 1236 qui
1651 1164 1874 1218 trahunt.

271 1253 529 1320 hutnum,
565 1259 622 1310 ut
654 1260 886 1325 primum
918 1255 1344 1324 concludantur,
1377 1255 1728 1325 eottcltlsique
1757 1269 1865 1312 tur-

274 1347 495 1419 bentur,
522 1349 647 1406 inde
677 1350 852 1406 territi
879 1351 1269 1420 obstupescunt
1295 1351 1362 1407 ad
1389 1351 1672 1406 Dominum
1707 1352 1870 1405 Deum

272 1437 630 1510 sanctorum,
682 1455 738 1500 et
775 1445 842 1500 ad
890 1454 1191 1501 extremum
1240 1445 1341 1517 ipsi
1385 1459 1602 1516 quoque
1650 1447 1874 1500 timeant

271 1539 448 1596 illum.
503 1539 616 1594 lloc
648 1540 799 1610 juxta
838 1539 1004 1595 LXX.
1057 1539 1226 1596 Porro
1257 1541 1381 1612 quia
1415 1555 1520 1594 nou
1550 1539 1774 1594 multum
1807 1538 1874 1594 ab

271 1633 375 1696 eis,
406 1633 459 1688 in
485 1633 744 1703 praesenti
766 1633 1048 1689 dumtaxat
1066 1633 1209 1699 loco,
1243 1643 1430 1688 nostra
1455 1633 1731 1688 discordat
1757 1632 1874 1686 edi-

273 1727 352 1782 tio
378 1766 394 1792 ,
445 1725 585 1794 quod
635 1726 688 1802 in
721 1727 826 1782 illis
855 1727 1057 1784 dictum
1089 1737 1202 1794 est,
1255 1729 1417 1784 etiam
1453 1728 1506 1782 in
1541 1728 1640 1782 hac.
1671 1727 1870 1782 dictum

272 1818 674 1875 existimemus.

348 1912 532 1986 (Vers.
566 1911 797 1986 18-20.)
837 1912 966 1979 Quis
1013 1911 1148 1966 Deus
1185 1912 1370 1968 similis
1402 1912 1520 1966 tui?
1573 1915 1660 1982 qui
1705 1913 1879 1981 aufers

275 2006 626 2079 iniquitatem,
658 2019 703 2062 ct
728 2009 919 2063 transis
949 2017 1215 2076 peceatum
1239 2009 1575 2080 reliquiarum
1601 2007 1879 2062 haeredita-

283 2100 347 2156 tis
377 2112 500 2156 tute.
550 2099 674 2155 Non
718 2101 956 2156 immittet
987 2101 1126 2156 ult-ra
1155 2105 1385 2160 [carerem
1410 2117 1559 2156 suum
1585 2115 1604 2154 :
1632 2100 1878 2169 quoniam

275 2192 452 2248 uolens
500 2194 905 2248 misericordia»:
951 2201 1048 2248 est.
1099 2194 1435 2262 Revertetur,
1482 2202 1526 2248 et
1558 2193 1881 2248 miserebitur

276 2289 484 2342 nostri:
531 2288 747 2359 deponet
770 2289 1066 2360 iniquitates
1087 2298 1312 2351 nostras,
1341 2298 1387 2342 et
1414 2289 1654 2361 projiciet
1683 2290 1736 2342 in
1761 2305 1881 2357 pro-

276 2379 500 2450 fundum
545 2380 703 2434 maris
739 2379 912 2433 cnsilia
946 2393 1156 2453 peccata
1198 2389 1377 2436 nostra
1430 2379 1596 2435 Dabis
1615 2382 1880 2436 veritatem

274 2471 329 2526 in
357 2471 542 2541 Iacob,
587 2475 1000 2528 misericordiam
1029 2474 1313 2543 Abraham,
1347 2491 1505 2546 quant
1532 2473 1710 2546 [Vulg.
1743 2473 1880 2545 quw]

266 2567 465 2637 jurasti
498 2567 728 2637 patribus
758 2569 951 2624 nostris
974 2584 1006 2622 a
1028 2568 1209 2622 diebus
1237 2569 1484 2636 antiquis.
1517 2567 1695 2623 LXX:
1728 2567 1878 2635 Quis,

286 2661 432 2717 Deus
481 2663 614 2716 sicut
643 2663 746 2716 tu?
787 2663 1031 2733 auferens
1070 2663 1392 2733 iniquitates.
1427 2670 1476 2717 et
1517 2661 1884 2717 transcenderis

275 2755 563 2828 injustitias
589 2755 672 2811 Itis
695 2759 782 2826 qui
811 2756 997 2828 reliqui
1024 2764 1145 2810 sunt
1171 2756 1233 2810 de
1258 2755 1559 2811 litereditate
1593 2757 1720 2809 tua?
1758 2753 1883 2807 Non

279 2851 441 2906 tenuit
483 2850 536 2904 in
569 2849 920 2914 testimonium
951 2849 1084 2903 iram
1117 2864 1286 2914 suam,
1322 2847 1444 2917 quia
1472 2845 1653 2900 volens
1679 2845 1878 2900 miseri-

279 2939 490 2996 cordias
515 2950 608 2996 est.
658 2939 992 3006 Revertatur,
1026 2949 1070 2995 et
1103 2937 1428 2993 miserebitur
1456 2937 1651 3004 nostri,
1684 2935 1885 2989 demer-

281 3047 363 3107 get
393 3046 605 3109 peccata
631 3045 806 3090 nostra
835 3051 852 3090 .'
880 3044 929 3089 et
968 3035 1309 3106 projicientur
1333 3034 1386 3087 in
1419 3031 1744 3102 profundum
1769 3045 1884 3082 ma~

280 3129 355 3183 ris
399 3128 573 3181 omnia
603 3135 816 3198 peccata
836 3138 1032 3181 nostra.
1086 3125 1244 3181 Dabit
1275 3124 1539 3179 ueritatem
1566 3121 1751 3190 Jacob,
1787 3122 1884 3174 mi-

1983 512 2157 566 noluit
2197 513 2463 581 imputare
2491 557 2505 581 ,
2542 523 2638 568 nec
2671 513 2722 567 iu
2755 513 3125 568 testimonium
3169 513 3297 583 justi
3331 515 3583 584 supplicii

1976 620 2166 661 eorum
2201 605 2378 660 intulit
2418 606 2555 660 iram
2596 619 2772 670 sitam,
2807 606 2933 677 quid
2965 605 3126 662 faciet
3161 608 3230 660 de
3259 622 3422 677 grege
3453 623 3575 674 suo,

1975 698 2066 768 qui
2094 698 2335 770 pascitur
2365 699 2418 753 in
2455 697 2634 754 medio
2665 696 2929 766 Carmeli,
2963 709 3018 753 et
3048 701 3099 753 in
3135 699 3486 765 Basauittde,
3527 709 3584 754 et

1978 791 2031 846 in
2079 789 2332 847 Galaud?
2383 789 2587 847 Valens
2617 790 2763 846 enim
2796 790 3228 846 misericordiam
3257 804 3370 860 est,
3405 801 3461 846 et
3493 809 3580 848 re-

1976 893 2196 940 vertens
2227 883 2577 938 miserebitur
2603 882 2798 949 nostri,
2829 894 2880 938 et
2908 883 3088 952 gravia
3122 896 3346 953 peccata
3372 895 3578 950 nostra,

1978 983 2034 1032 et
2083 977 2404 1048 iniquitates
2453 983 2576 1045 quas
2627 976 2818 1032 sedem
2862 991 3026 1045 super
3054 975 3315 1032 talentum
3347 978 3574 1047 plumbi,

1975 1069 2093 1140 ipse
2123 1069 2398 1141 portabit,
2441 1078 2497 1124 et
2526 1068 2807 1140 demerget
2840 1069 2891 1123 in
2928 1085 3077 1123 mare
3101 1112 3113 1134 ,
3158 1078 3212 1124 et
3244 1085 3440 1140 parere
3473 1086 3580 1125 non

1975 1164 2140 1220 faciet
2168 1163 2354 1236 (Zach.
2384 1162 2462 1232 ν).
2507 1163 2668 1219 Dabit
2715 1163 3002 1219 veritatem
3055 1162 3242 1230 Jacoh,
3287 1173 3342 1218 et
3371 1165 3580 1219 miseri-

1976 1260 2218 1316 eordiam
2255 1251 2566 1315 Abraham:
2616 1261 2668 1312 ut
2712 1257 3108 1329 supplautatori
3155 1257 3355 1326 populo
3403 1268 3457 1312 et
3485 1273 3587 1310 no-

1979 1355 2126 1408 vello
2154 1397 2169 1421 ,
2215 1363 2269 1408 et
2310 1368 2530 1423 semper
2577 1352 2630 1406 in
2665 1353 2805 1406 lucta
2843 1350 3000 1422 531
3045 1349 3258 1418 posito,
3295 1349 3487 1403 reddat
3526 1351 3578 1403 iu

1976 1447 2198 1505 Christo
2239 1445 2346 1520 [AL
2381 1444 2654 1518 Christus]
2690 1446 2976 1500 veritatem
3008 1458 3159 1498 suam
3186 1484 3200 1510 ,
3254 1452 3309 1497 et
3338 1441 3588 1496 multitu-

1977 1543 2086 1598 dini
2119 1542 2362 1612 gentium
2410 1541 2693 1613 (Abraham
2737 1541 2938 1611 quippe
2969 1553 3195 1594 vocatur
3225 1549 3372 1609 pater
3400 1537 3592 1592 multa-

1976 1652 2092 1690 rum
2118 1635 2372 1709 gentium)
2425 1637 2626 1691 tribuat
2673 1634 3156 1700 misericordiam,
3213 1633 3587 1703 sicutjuravit

1981 1731 2097 1796 eis,
2139 1729 2231 1801 qui
2281 1740 2465 1798 patres
2512 1731 2844 1786 exstiterunt
2882 1729 3009 1784 ﬁdei
3042 1739 3244 1784 nostrae
3290 1730 3586 1784 secundum

1903 1809 1952 1874 Β
1980 1824 2102 1880 dies
2133 1823 2423 1896 antiquos:
2472 1825 2619 1896 quod
2661 1824 2730 1880 de
2769 1835 2879 1879 tota
2919 1823 3200 1878 botninum
3241 1823 3592 1878 multitudine

1985 1918 2120 1972 alios
2153 1919 2326 1972 salvet
2357 1921 2409 1970 in
2440 1917 2692 1985 veritate,
2723 1917 2863 1972 alios
2907 1917 2959 1971 in
2992 1918 3391 1972 misericordia.
3423 1918 3594 1973 Porro

1983 2013 2076 2068 uhi
2110 2027 2208 2068 nos
2244 2012 2585 2080 interpretati
2616 2026 2821 2077 sumus,
2860 2009 2984 2064 Non
3017 2011 3252 2064 immittet
3277 2010 3412 2063 ultra
3445 2014 3590 2082 furo-

1985 2123 2096 2161 rem
2121 2122 2304 2172 suum;
2353 2121 2451 2176 pro
2479 2103 2641 2172 ultra,
2683 2105 3046 2178 Symmachus
3077 2104 3354 2160 transtulit
3383 2104 3436 2157 in
3461 2119 3594 2158 sem-

1983 2201 2275 2272 piternum:
2298 2199 2626 2262 Theodotio,
2667 2200 2722 2253 in
2739 2199 2894 2269 ﬁnem
2911 2215 2930 2253 :
2953 2197 3306 2268 Septuaginta
3328 2207 3383 2253 et
3404 2199 3591 2268 quinta

1983 2295 2170 2361 editio,
2214 2302 2269 2349 tu
2297 2293 2652 2349 testimonium
2677 2309 2698 2348 :
2745 2309 2846 2364 pro
2881 2307 2989 2362 quo
3025 2294 3262 2362 positum
3290 2294 3455 2348 estin
3484 2293 3594 2348 He-

1985 2389 2132 2444 brum
2160 2404 2298 2443 LAED
2347 2370 2496 2460 (τιή)
2525 2403 2538 2453 ;
2577 2397 2627 2442 et
2663 2397 2768 2440 tam
2803 2387 2962 2452 ultra,
3012 2401 3174 2454 quam
3202 2387 3592 2456 sempiternum,

1983 2487 2036 2536 et
2065 2481 2418 2534 testimonium
2458 2477 2689 2547 intelligi
2723 2485 2926 2546 potest.
2975 2477 3163 2532 Dicam
3193 2487 3249 2532 et
3274 2493 3373 2548 ego
3405 2480 3456 2531 in
3492 2481 3599 2532 line

1984 2573 2315 2639 voluminis,
2370 2571 2612 2626 laborem
2656 2570 2908 2639 opusculi
2939 2571 3078 2635 mei,
3123 2569 3338 2624 Domini
3369 2571 3598 2624 invoca-

1987 2667 2134 2721 tione
2162 2664 2494 2734 cousignans
2519 2682 2533 2718 :
2580 2661 2748 2729 Deus,
2783 2666 2904 2735 quis
2929 2663 3116 2718 similis
3146 2662 3280 2718 tibi?
3307 2663 3468 2721 aufer
3495 2663 3596 2718 iui-

1983 2761 2246 2831 quitatem
2297 2759 2440 2815 servi
2489 2759 2608 2812 tui:
2671 2757 2841 2813 transi
2891 2769 3176 2828 peccatum
3236 2757 3586 2828 reliquiarum

1986 2853 2180 2906 anima:
2210 2865 2375 2918 mete,
2417 2866 2486 2906 ne
2512 2849 2778 2905 immittas
2807 2850 2858 2903 in
2891 2865 2980 2905 me
3005 2849 3248 2904 furorem
3281 2859 3453 2915 tuum,
3493 2864 3591 2905 ne-

1985 2961 2090 3018 que
2137 2946 2190 3000 iu
2233 2932 2311 3000 ira
2347 2955 2432 3000 tua
2477 2943 2642 3016 532
2673 2945 2938 3014 corripias
2969 2958 3092 2998 me:
3138 2944 3394 3011 quoniam
3428 2944 3592 2997 misc-

1986 3041 2163 3096 ricors
2206 3055 2264 3095 es
2292 3080 2307 3106 ,
2361 3048 2416 3094 et
2456 3040 2641 3093 multa:
2667 3038 3052 3093 miserationes
3085 3046 3211 3090 tute.
3266 3036 3593 3102 Revertere,

1987 3143 2042 3191 et
2062 3135 2325 3190 miserere
2347 3134 2483 3189 mei:
2514 3133 2796 3203 prmcipita
2823 3131 3143 3202 iniquitates
3164 3145 3335 3194 meas,
3363 3137 3419 3184 et
3444 3129 3594 3185 mitte

282 3223 615 3280 sericordiam
667 3222 951 3287 Abraham,
1003 3223 1136 3276 sicut
1176 3219 1375 3291 jurasti
1422 3218 1655 3288 patribus
1694 3217 1883 3272 nostris
1912 3211 1958 3276 C
1989 3241 2084 3283 eas
2130 3227 2183 3281 in
2230 3225 2555 3296 profundum
2605 3225 2808 3280 maris;
2855 3234 2913 3278 ut
2959 3223 3180 3293 salsugo
3203 3231 3259 3278 et
3287 3221 3595 3276 amaritudo

273 3316 432 3389 juxta
452 3316 562 3371 dies
582 3316 778 3385 priores
800 3314 917 3388 [ΑΙ.
941 3311 1232 3388 pristinos].
1261 3310 1574 3380 Intelligens
1598 3307 1880 3380 prOpheta,

283 3409 524 3480 gentium
557 3407 961 3464 multitudinem
994 3416 1282 3477 propterea
1318 3404 1370 3458 in
1403 3401 1756 3458 conclusione
1787 3414 1884 3455 sua

284 3516 409 3558 esse
438 3503 748 3568 turbatam,
793 3512 852 3557 ut
879 3501 1320 3571 obstupesceret,
1353 3506 1408 3553 et
1441 3497 1659 3552 timeret
1689 3495 1882 3562 Deum,

283 3603 340 3652 et
384 3595 593 3652 ideirco
636 3594 925 3650 Dominum
975 3592 1268 3657 desuavire,
1315 3599 1374 3646 ut
1407 3596 1621 3658 peccata
1648 3588 1884 3654 auferat,

281 3701 342 3750 et
379 3693 548 3747 donet
577 3693 809 3748 salutem
831 3733 847 3760 ,
895 3689 1081 3746 laudat
1118 3689 1408 3744 Dominum
1435 3700 1598 3757 atque
1627 3686 1878 3749 miratur,

283 3795 342 3846 et
366 3785 500 3842 dicit
524 3803 537 3839 :
565 3786 691 3853 Quis
721 3785 863 3840 Deus
895 3786 1029 3839 sicut
1061 3785 1161 3839 tu?
1191 3792 1431 3853 auferens
1467 3783 1795 3852 iniquitates,
1837 3789 1886 3835 et

283 3879 648 3934 transcendens
665 3879 950 3949 injustitias
967 3877 1164 3949 (Exod.
1185 3876 1282 3949 xtl)
1308 3893 1322 3932 :
1343 3877 1689 3948 utquomodo
1704 3887 1885 3932 exter-

281 3974 520 4031 minator
537 3975 590 4028 in
609 3971 846 4045 Egypto
863 3970 1475 4041 transcenditpopulum
1497 3969 1688 4035 Israel,
1709 3981 1764 4026 et
1778 3987 1884 4025 non

281 4068 519 4123 vastavit
545 4081 669 4122 cum
696 4065 864 4138 (unde
895 4081 924 4120 a
950 4065 1203 4135 transitu,
1239 4065 1422 4138 phase,
1456 4063 1510 4119 id
1534 4072 1636 4129 est,
1667 4065 1880 4136 pascha,

282 4173 484 4216 nomen
499 4160 732 4231 accepit)
751 4160 830 4216 sic
843 4170 898 4216 tu
913 4176 974 4231 pa
984 4175 1102 4216 reas
1121 4161 1394 4231 gentibus,
1416 4175 1757 4232 nequaquam
1773 4159 1884 4214 illis

281 4250 564 4322 imputans
594 4253 912 4325 iniquitates
941 4269 1088 4310 suas.
1128 4254 1300 4310 Porro
1321 4254 1464 4324 quod
1478 4255 1757 4325 sequitur:
1783 4254 1884 4310 His

284 4350 373 4421 qui
394 4350 577 4420 reliqui
593 4358 715 4405 sunt
735 4349 1113 4406 deltazreditate
1125 4352 1259 4422 ejus,
1281 4366 1381 4404 non
1397 4350 1556 4404 tenuit
1577 4351 1629 4403 in
1651 4351 1880 4404 testimo-

286 4444 432 4499 nium
454 4445 586 4498 iram
609 4461 778 4510 suam,
806 4444 894 4501 hic
911 4456 995 4500 est
1011 4459 1233 4502 sensus:
1267 4444 1323 4502 Si
1347 4444 1602 4517 gentibus
1615 4445 1880 4516 pepercit,

289 4551 409 4610 quae
441 4531 568 4608 Legi
601 4535 721 4608 ejus
748 4527 974 4593 credere
1020 4537 1311 4593 noluerunt
1334 4578 1349 4604 ,
1396 4545 1452 4592 et
1497 4535 1590 4606 qui
1616 4534 1881 4608 superﬂui

1991 3319 2242 3374 vitiorum
2286 3319 2342 3372 in
2391 3317 2521 3372 falsa
2569 3318 2795 3387 regione
2842 3317 3140 3387 dispereat.
3199 3315 3270 3370 Da
3305 3316 3592 3370 veritatem

1987 3426 2150 3482 quam
2180 3409 2477 3481 promisisti
2505 3423 2664 3465 servo
2693 3419 2781 3463 tuo
2811 3407 2978 3464 Jacoh
3004 3449 3018 3476 ,
3072 3416 3127 3462 et
3158 3407 3592 3462 misericordiam

1987 3519 2150 3574 quam
2183 3502 2457 3571 pollicitus
2479 3517 2540 3558 es
2560 3501 2737 3557 aulico
2764 3509 2858 3556 tuo
2879 3501 3178 3566 Abraham,
3201 3511 3255 3554 et
3282 3499 3452 3554 libera
3479 3499 3593 3553 ani-

1989 3614 2132 3654 mam
2165 3612 2341 3652 meam
2380 3612 2408 3648 a
2443 3595 2886 3665 persecutoribus
2921 3593 3306 3664 prophetarum
3349 3602 3588 3658 tuorum,

1989 3690 2180 3747 Achab
2207 3733 2222 3757 ,
2272 3698 2326 3745 et
2355 3689 2579 3744 Jezahel
2605 3729 2619 3752 ,
2673 3687 2817 3742 sicut
2857 3687 3050 3756 jurasti
3087 3685 3331 3756 patribus
3364 3686 3501 3739 meis
3530 3686 3582 3738 in

1987 3785 2180 3842 diebus
2206 3785 2441 3855 antiquis
2468 3828 2481 3852 ,
2523 3782 2714 3840 dicens
2741 3800 2752 3835 :
2792 3781 2922 3836 Vivo
2949 3797 3044 3854 ego
3067 3821 3082 3847 ,
3118 3780 3242 3833 dicit
3276 3777 3538 3832 Dominus
3568 3794 3586 3831 :

1988 3876 2135 3933 Nolo
2165 3887 2379 3932 mortem
2407 3876 2691 3948 peccatoris
2713 3919 2728 3943 ,
2776 3883 2978 3929 tantum
3017 3883 3072 3928 ut
3101 3882 3404 3939 revertatur,
3437 3881 3484 3927 et
3516 3873 3592 3926 ινξ-

1985 3981 2070 4027 υαι
2093 3971 2308 4042 (Ezech.
2340 3985 2508 4026 xxxm
2530 4013 2545 4040 ,
2579 3967 2692 4042 ll).
2748 3970 2814 4024 Et
2844 3969 2980 4025 ali-hi
3007 3987 3020 4024 :
3078 3967 3269 4025 Statim
3301 3978 3354 4022 ut
3382 3985 3586 4022 conver-

1986 4081 2073 4118 sus
2094 4064 2427 4136 iugemueris,
2453 4061 2628 4117 saluus
2649 4061 2772 4117 eris.
2799 4062 2950 4117 Tunc
2972 4061 3178 4117 videbit
3201 4060 3423 4116 inimica
3443 4075 3585 4127 mea,

1988 4165 2044 4214 et
2067 4159 2342 4226 operietur
2380 4155 2725 4222 confusione,
2760 4170 2882 4226 quae
2908 4169 3052 4210 nunc
3081 4154 3210 4210 dicit
3237 4152 3305 4208 ad
3333 4167 3458 4208 uie:
3493 4152 3593 4208 Ubi

1985 4262 2058 4307 est
2093 4251 2348 4305 Dominus
2365 4248 2510 4304 Deus
2530 4253 2648 4303 tuus
2673 4246 2792 4320 (Ps.
2826 4264 2934 4315 xu,
2968 4247 3021 4312 4,
3050 4245 3181 4318 Il)?
3212 4245 3424 4300 Videbo
3449 4245 3501 4298 in
3523 4260 3587 4299 ea

1987 4345 2248 4401 ultionem
2271 4353 2439 4408 tuam,
2468 4351 2522 4398 et
2553 4345 2654 4398 erit
2683 4341 2837 4412 quasi
2862 4342 3032 4396 lutum
3057 4339 3356 4410 platearum
3375 4378 3390 4405 ,
3428 4347 3590 4408 atque

1986 4437 2304 4502 calcabitur,
2336 4451 2408 4492 ne
2435 4435 2670 4508 amplius
2699 4435 2767 4492 de
2793 4435 2903 4490 luto
2916 4444 2972 4491 et
2997 4432 3165 4504 paleis
3187 4429 3470 4504 Egyptias
3492 4445 3587 4487 ex-

1985 4542 2161 4591 struat
2179 4528 2446 4585 civitates.
