4084 6340
450 328 582 386 1251

1678 319 1736 376 S.
1782 316 2054 375 EUSl~.Bll
2096 312 2480 373 HIERONYMI

3613 300 3754 359 ηδε

449 422 3732 455 __________________________________________

449 438 2231 455 ______________
3036 438 3081 439 κέ
3140 438 3229 440 _e

1059 589 1210 704 Su
1291 585 2007 702 EUSEBII
2086 583 3167 699 HIERONYMI

1529 858 1535 862 ἓ
1572 778 2147 843 STBIDONENSIS
2191 777 2682 840 PRESBYTER]

1238 934 2977 1081 COMMENTARIORUM

755 1191 997 1352 ΙΝ
1139 1178 1821 1345 NAUM
1952 1165 3465 1336 PROPHETAM

1694 1442 1719 1471 ⁸
1758 1445 2105 1531 LIBER
2157 1442 2517 1530 UNUS.

1670 1759 2561 1875 PROLOGUS.

522 2102 878 2193 533-535.
902 2115 1073 2173 Juxta
1098 2113 1461 2184 Septuaginta
1503 2111 1857 2179 interpretes,
1888 2106 1939 2160 in
1960 2120 2047 2159 or-
2074 2103 2130 2166 Α
2152 2101 2327 2169 citur,
2384 2099 2456 2156 de
2510 2099 2715 2156 mundo
2765 2100 3063 2171 ﬁguraliter
3091 2099 3399 2172 praedicari.
3459 2100 3635 2169 Quam
3697 2101 3772 2157 ob

452 2213 578 2269 dine
607 2212 994 2283 prophetarum
1026 2207 1340 2269 duodecim,
1374 2213 1500 2276 post
1524 2202 1719 2258 Jonam
1763 2199 1934 2254 Naum
1962 2212 2059 2267 p0-

451 2309 604 2364 nitur
660 2305 834 2375 :quia
880 2303 1138 2359 videntur
1162 2301 1232 2358 de
1278 2300 1468 2356 eadem
1520 2298 1655 2353 urbe
1705 2296 2059 2366 prophetare.

449 2402 724 2474 Scriptum
756 2399 1025 2470 siquidem
1048 2406 1132 2453 est
1153 2397 1205 2452 in
1226 2395 1367 2451 Jona
1392 2411 1406 2447 :
1433 2390 1633 2446 Factus
1663 2400 1732 2445 est
1754 2404 1922 2442 sermo
1949 2383 2060 2439 Do-

454 2496 584 2550 mini
606 2496 674 2548 ad
693 2494 912 2560 Jonam,
937 2491 1110 2562 [ilium
1131 2489 1363 2556 Amatlti,
1398 2488 1611 2543 dicens:
1638 2484 1809 2557 Surge
1850 2491 1897 2537 et
1933 2479 2063 2535 vade

451 2590 508 2643 in
535 2586 787 2654 Niniven,
818 2587 1079 2641 civitatem
1107 2598 1373 2657 magnam,
1400 2591 1446 2635 et
1470 2579 1699 2653 pradica
1716 2579 1771 2632 in
1798 2592 1857 2630 ea
1888 2573 2067 2646 (Iona:

458 2697 500 2747 ι,
535 2680 615 2751 1).
641 2679 696 2733 In
728 2677 900 2734 Naum
933 2692 1066 2733 vero
1095 2676 1242 2733 istud
1274 2672 1562 2731 exordium
1605 2678 1693 2727 est
1727 2665 2066 2735 :Assumptio

457 2771 669 2827 Niniva:
692 2787 709 2827 :
735 2771 865 2825 liber
897 2770 1129 2825 Visionis
1158 2768 1335 2824 Naum
1360 2767 1598 2822 Elcestei.
1632 2762 1805 2835 Igitur
1835 2772 2068 2829 uterque

455 2865 527 2922 de
556 2864 753 2921 Ninive
781 2862 1130 2936 Assyriorum
1164 2859 1480 2930 metropoli,
1508 2875 1628 2928 qua:
1661 2873 1808 2912 nunc
1837 2860 2067 2909 vocatur

456 2960 651 3025 Ninus,
679 2967 871 3014 texunt
924 2957 1262 3013 vaticinium.
1294 2957 1468 3012 Porro
1499 2954 1554 3009 in
1614 2952 1901 3018 Hehraico,
1945 2956 2068 3021 post

458 3051 677 3116 Jonam,
694 3050 950 3106 Michaeas
965 3049 1212 3120 ponitur,
1232 3057 1288 3103 et
1306 3048 1587 3104 Michaam
1612 3046 1858 3116 sequitur
1871 3042 2068 3109 Naum,

457 3145 551 3217 qui
583 3144 980 3215 interpretatur
1002 3142 1301 3197 consolator
1350 3141 1467 3198 Jam
1495 3142 1641 3196 enim
1675 3138 1867 3195 decem
1897 3137 2071 3192 tribus

453 3237 522 3293 ab
553 3236 797 3309 Assyriis
856 3235 1114 3291 deductae
1170 3236 1391 3290 fuerant
1447 3234 1501 3288 in
1534 3231 1911 3299 captivitatem
1969 3230 2071 3284 sub

463 3331 724 3395 Ezechia,
748 3343 879 3400 rege
913 3328 1076 3393 Juda,
1109 3328 1211 3384 sub
1238 3342 1348 3398 quo
1396 3326 1560 3382 etiam
1600 3340 1743 3380 nunc
1791 3324 1844 3377 in
1875 3337 2073 3377 conso-

463 3424 729 3479 lationem
778 3421 960 3493 populi
1023 3420 1417 3491 transmigrati,
1485 3418 1772 3474 adversum
1835 3415 2071 3470 Niniven

2164 2211 2389 2252 causam
2420 2198 2730 2266 assumptio,
2764 2211 2927 2265 quam
2986 2197 3343 2267 Septuaginta
3396 2194 3768 2265 interpretan-

2164 2300 2251 2345 tur
2300 2291 2495 2363 λῆμμα.
2534 2300 2588 2345 et
2615 2291 2807 2361 Aquila
2841 2288 2984 2367 ἅρμα
3036 2291 3432 2359 interpretatus
3480 2297 3597 2351 est,
3626 2286 3775 2357 apud

2165 2382 2430 2439 Hebraeos
2454 2398 2619 2438 ηειδελ
2650 2383 2889 2453 ponitur,
2918 2384 2969 2437 id
3002 2394 3108 2447 est,
3137 2398 3291 2453 grave
3320 2396 3490 2435 onus:
3528 2395 3595 2434 co
3624 2378 3775 2450 quod

2164 2493 2284 2533 eam
2308 2478 2569 2532 adversus
2595 2492 2755 2548 quam
2786 2476 3026 2544 videtur,
3076 2486 3304 2543 premat,
3337 2490 3440 2531 nec
3471 2476 3615 2529 sinat
3651 2474 3774 2529 ele-

2167 2587 2295 2626 vare
2326 2572 2623 2625 cervicem.
2656 2570 2829 2626 Porro
2861 2570 3006 2642 quod
3036 2569 3282 2635 additur,
3314 2569 3493 2623 Naum
3519 2567 3774 2632 Elcestei,

2165 2664 2382 2734 quidam
2414 2672 2609 2732 putant
2638 2664 2939 2718 Elcesaanm
2975 2675 3183 2733 patrem
3217 2678 3339 2719 esse
3366 2660 3565 2729 Naum,
3598 2669 3655 2714 et
3680 2674 3776 2715 se-

2166 2758 2405 2813 cundum
2434 2757 2717 2813 Hebr-team
2745 2757 3094 2812 traditionem
3126 2758 3295 2812 etiam
3320 2757 3497 2827 ipsum
3531 2755 3776 2826 prophe-

2170 2862 2276 2907 tam
2314 2852 2481 2908 lnisse
2528 2869 2539 2904 :
2596 2868 2718 2909 cum
2755 2853 2935 2909 Elcesi
2980 2852 3088 2926 [AL
3145 2852 3435 2927 Elceszei],
3480 2867 3650 2923 usque
3674 2850 3782 2905 ho-

2169 2946 2259 3001 die
2285 2945 2339 3000 in
2374 2946 2595 3001 Galilara
2619 2946 2832 3001 viculus
2863 2947 2952 3013 sit,
2988 2960 3183 3017 parvus
3214 2946 3435 3017 quidem
3467 2956 3520 3001 et
3545 2945 3634 2999 vix
3662 2943 3779 2999 rui-

2171 3040 2254 3094 nis
2286 3048 2535 3095 veterum
2565 3040 2918 3096 aediliciorum
2968 3041 3216 3098 indicans
3255 3041 3520 3113 vestigia;
3562 3040 3657 3095 sed
3692 3051 3780 3094 ta-

2173 3151 2295 3190 men
2322 3142 2485 3189 notus
2513 3135 2741 3204 ludatis,
2767 3147 2821 3190 et
2852 3134 2981 3190 mibi
3029 3150 3249 3205 qqutte
3276 3151 3303 3187 a
3332 3133 3782 3191 circumducente

2174 3237 2534 3284 monstratus.
2563 3229 2729 3284 Simul
2762 3239 2818 3284 et
2861 3227 2966 3283 hoc
3019 3228 3413 3283 attendendum
3463 3225 3607 3297 quod
3661 3225 3784 3281 hac

2168 3328 2289 3397 ipsa
2314 3324 2398 3379 vel
2439 3326 2754 3394 assumptio,
2785 3324 2872 3379 vel
2901 3340 3054 3390 onus,
3101 3323 3187 3378 vel
3236 3325 3463 3395 pondus,
3493 3318 3785 3391 prophetae

2174 3421 2313 3475 visio
2332 3418 2424 3473 sit.
2450 3418 2564 3472 Non
2597 3419 2740 3473 enim
2763 3418 3004 3488 loquitur
3026 3418 3081 3473 in
3105 3419 3372 3483 ἐκστάσει,
3407 3424 3466 3472 ιιι
3487 3415 3783 3471 Montanus

463 3518 603 3573 visio
630 3516 895 3573 cernitur.
949 3513 1059 3571 Nec
1090 3522 1210 3570 erat
1256 3528 1420 3584 parva
1465 3511 1791 3577 consolatio,
1844 3518 1951 3565 tam
1986 3507 2071 3563 his
2102 3504 2150 3564 B
2176 3521 2231 3568 et
2260 3512 2443 3567 l’risea
2468 3511 2874 3580 Maximillaque
2900 3511 3284 3577 delirant;sed
3302 3509 3443 3581 quod
3469 3507 3781 3579 prophetat,

464 3610 555 3679 qui
578 3608 692 3680 jam
733 3607 976 3679 Assyriis
1001 3606 1338 3675 serviebant,
1371 3621 1531 3676 quam
1564 3602 1813 3674 reliquis,
1848 3601 1939 3671 qui
1964 3600 2066 3656 sub

463 3700 704 3758 Ezecbia
735 3700 804 3756 de
843 3700 986 3755 tribu
1025 3698 1165 3755 Juda
1214 3712 1271 3753 et
1297 3697 1579 3767 Beniamin
1630 3696 1698 3753 ab
1744 3694 1935 3750 iisdem
1969 3692 2067 3747 ho-

464 3795 639 3851 stibus
669 3792 1083 3857 obsidebantur,
1116 3800 1178 3847 ut
1205 3790 1483 3857 audirent,
1508 3790 1762 3862 Assyrios
1793 3802 2007 3857 quoque
2036 3802 2066 3840 a

466 3885 743 3942 Chaldaeis
768 3898 894 3939 esse
952 3883 1269 3952 capiendos,
1326 3884 1467 3937 sicut
1523 3880 2068 3951 inconscquentibus

474 3978 637 4047 hujus
666 3975 795 4032 libri
827 3974 1183 4047 535-536
1230 3973 1720 4030 tlemonstrabitur.
1773 3972 2066 4027 Sciendum

472 4080 655 4127 autem
689 4079 775 4123 est
805 4070 1086 4138 (quoniam
1130 4067 1321 4123 Ninive
1352 4069 1405 4124 in
1440 4076 1628 4122 nostra
1660 4069 1840 4136 lingua
1867 4066 1936 4120 dc
1966 4065 2075 4121 He.

2178 3607 2316 3662 liber
2345 3616 2429 3661 est
2480 3606 2709 3662 visionis
2751 3606 3108 3677 intelligentis
3138 3606 3393 3662 universa
3451 3620 3573 3674 quae
3604 3602 3786 3673 loqui-

2174 3708 2285 3765 tur,
2317 3708 2373 3755 et
2408 3699 2615 3764 pondus
2634 3697 2871 3753 hostium
2902 3698 3150 3754 facientis
3183 3699 3237 3753 in
3261 3712 3362 3754 suo
3386 3696 3588 3768 populo
3613 3696 3784 3750 visio-

2178 3807 2327 3846 nem.
2362 3790 2439 3846 De
2487 3791 2961 3846 consummatione
3005 3792 3189 3861 itaque
3239 3789 3429 3846 mundi
3478 3786 3781 3845 secundum

2176 3887 2475 3959 ἀναγωγήν,
2528 3899 2561 3938 o
2604 3883 2768 3940 Paula
2814 3896 2867 3940 et
2914 3884 3294 3952 Eustochium,
3337 3883 3389 3938 in
3449 3882 3785 3939 consolatio-

2178 3994 2303 4033 nem
2334 3988 2647 4033 sanctorum
2678 3977 2962 4049 prophetia
2991 3980 3196 4035 texitur
3223 3995 3237 4035 :
3260 3988 3322 4034 ut
3347 3992 3703 4049 qna-cumque
3727 3977 3785 4033 in

2181 4072 2387 4127 mundo
2420 4071 2625 4139 vident,
2678 4073 2831 4139 quasi
2865 4073 3255 4143 prietereuntia
3301 4080 3356 4127 et
3406 4070 3607 4127 caduca
3648 4085 3787 4125 cono

473 4164 623 4220 brato
650 4164 937 4235 speciosam
967 4172 1159 4217 sonat:
1191 4164 1475 4233 speciosus
1516 4171 1695 4215 autem
1731 4158 2081 4215 mundushic
2185 4172 2470 4227 temnant,
2526 4172 2581 4218 et
2626 4173 2937 4234 praeparent
2993 4180 3055 4221 se
3103 4166 3170 4220 ad
3227 4164 3421 4235 judicii
3466 4164 3634 4232 diem,
3694 4162 3791 4218 ubi

475 4254 715 4309 dicitur:
748 4253 895 4310 unde
917 4262 974 4310 et
1017 4254 1158 4325 apud
1204 4253 1427 4311 Grzecos
1449 4254 1638 4327 κόσμος
1668 4253 1737 4309 ab
1759 4261 1953 4307 ornatu
1986 4269 2081 4309 no-

481 4367 606 4407 men
634 4351 869 4421 accepit}
895 4351 1161 4423 quidquid
1201 4366 1347 4407 nunc
1377 4351 1674 4406 adversum
1733 4348 1968 4405 Niniven
1995 4349 2083 4404 di-

550 4480 576 4509 τι
606 4471 736 4545 Haec
752 4487 978 4545 quoque
1003 4472 1185 4529 Paula!
1212 4472 1440 4545 ejusque
1465 4471 1593 4527 tiliae
1636 4468 1934 4526 Eustochio
1978 4470 2083 4526 Ex-

482 4542 725 4615 planatio
746 4542 1088 4601 inscribitur.

2184 4258 2329 4312 ultor
2386 4257 2648 4314 adversus
2695 4273 2854 4314 veros
2884 4257 2911 4296 b
2940 4259 3196 4331 Assyrios
3254 4258 3467 4315 iuturus
3522 4256 3793 4314 Dominus

2189 4362 2295 4407 85L

2190 4553 2206 4596 ι
2262 4470 2289 4509 b
2316 4471 2445 4598 Duol
2466 4470 2638 4527 Palat.
2681 4486 2840 4540 mss.,
2881 4472 3126 4528 adversus
3172 4472 3308 4528 viros
3344 4471 3677 4545 Assyriorum
3706 4472 3799 4543 fu-

2212 4560 2362 4598 υνυς.
2394 4559 2424 4598 e
2450 4560 2500 4598 c.

2212 4560 2362 4611 urus,
2394 4559 2500 4599 etc.

1525 4791 2160 4899 INCIPIT
2224 4792 2759 4906 LIBER.

1996 4952 2353 4977 -η

562 5066 717 5139 (Cap.
742 5062 1022 5121 l.—Vers.
1048 5061 1128 5133 1.)
1158 5059 1298 5115 Deus
1328 5058 1623 5125 wmulator,
1641 5066 1685 5112 et
1709 5058 1965 5113 ulciscens
1990 5058 2095 5113 Do—
2122 5064 2168 5127 Ο
2200 5059 2249 5114 in
2283 5060 2390 5115 alio
2418 5061 2540 5117 loco
2565 5080 2577 5115 :
2601 5062 2757 5117 Zelor
2785 5064 2919 5119 enim
2952 5081 3037 5119 vos
3063 5063 3157 5118 Dei
3184 5063 3297 5119 zelo
3342 5061 3409 5134 (Il
3438 5060 3559 5117 Cor.
3594 5057 3698 5132 ιι).
3730 5060 3805 5117 Et

492 5165 681 5219 minus.
716 5160 832 5216 Vox
857 5159 1139 5231 prephetre
1167 5156 1439 5210 laudantis
1483 5155 1675 5218 Deum,
1706 5153 1850 5223 quod
1892 5154 1961 5208 de
1990 5154 2092 5207 As-
2191 5154 2308 5225 ipse
2340 5155 2601 5211 Dominus
2634 5159 2685 5213 in
2743 5160 2951 5229 psalmo
2988 5179 2999 5214 :
3034 5159 3191 5215 Zelus
3224 5161 3407 5214 domus
3436 5167 3540 5213 tua:
3569 5157 3804 5211 comedit

492 5254 655 5329 syriis
685 5251 873 5324 populi
905 5253 985 5304 sui
1008 5248 1079 5304 sit
1106 5247 1254 5302 ultus
1283 5247 1562 5317 iniuriam.
1592 5246 1717 5299 Sive
1746 5245 1899 5315 juxta
1931 5247 2090 5301 altio-
2193 5264 2272 5302 me
2295 5247 2415 5319 (Ps.
2439 5252 2647 5321 vant).
2682 5252 2747 5307 Et
2774 5252 2920 5306 Elias
2950 5272 2963 5307 :
2994 5253 3205 5319 Zelans,
3234 5253 3433 5322 inquit,
3461 5250 3658 5305 zelatus
3681 5265 3806 5303 sum

494 5364 608 5402 rem
635 5342 1080 5412 intelligentiam,
1114 5339 1256 5409 quod
1280 5337 1742 5409 audiatgemitum
1776 5352 2089 5393 sanetorum
2197 5341 2423 5398 Domino
2458 5347 2797 5415 omnipotenti
2843 5346 2951 5403 Deo
2982 5345 3154 5401 Israel
3185 5347 3273 5421 (lll
3327 5345 3453 5419 Reg.
3494 5342 3631 5415 nx).
3667 5342 3807 5397 Phi-

498 5451 746 5503 suorum,
780 5444 836 5490 et
868 5436 923 5489 in
976 5432 1456 5490 consummatione
1486 5431 1673 5486 mundi
1706 5431 1867 5486 iaciat
1897 5432 2090 5487 adver-
2195 5451 2328 5491 nees
2384 5453 2605 5506 quoque
2658 5442 2858 5508 zelum,
2909 5451 2966 5496 et
3018 5441 3291 5495 Matathize
3324 5440 3555 5509 legimus
3602 5435 3801 5508 (Num.

496 5534 673 5590 sarios
694 5530 897 5588 sentire
922 5528 1211 5599 supplicia.
1244 5528 1401 5595 Quod
1424 5535 1604 5583 autem
1629 5528 1780 5583 zelus
1809 5529 1860 5582 in
1890 5529 2087 5584 bonam
2198 5549 2340 5599 xxv;
2368 5533 2385 5587 ι
2417 5534 2598 5592 Maeli.
2644 5536 2726 5609 ll).
2776 5538 2842 5592 Et
2882 5537 3163 5593 Simonem
3215 5535 3447 5591 zelotem
3486 5532 3806 5603 apostolum

499 5633 708 5693 partem
738 5621 1060 5692 accipiatur,
1094 5628 1151 5675 et
1175 5620 1376 5676 Paulus
1401 5620 1677 5689 apostolus
1719 5621 1978 5690 ostendit,
2010 5623 2093 5677 di-
2199 5623 2327 5682 Jesu
2378 5627 2599 5695 Christi,
2632 5646 2791 5700 quem
2846 5630 3058 5686 Marcus
3104 5627 3463 5700 evangelista,
3512 5624 3805 5679 Simonem

494 5730 623 5772 Cons
654 5732 667 5771 :
698 5713 957 5769 Zelamini
986 5712 1301 5767 charismata
1334 5722 1359 5750 ιι
1391 5716 1595 5785 majora
1635 5714 1678 5783 (ι
1727 5712 1847 5770 Cor.
1879 5712 1997 5787 xu).
2028 5716 2095 5770 Et
2202 5718 2569 5778 Chananmum
2600 5722 2914 5793 vocatMct.
2944 5738 2998 5787 ις
3033 5723 3202 5777 Mare.
3234 5721 3337 5788 nt).
3369 5715 3595 5773 Zelatur
3616 5722 3809 5774 autem

573 5854 775 5913 t‘lidem
808 5868 974 5920 mss.,
996 5852 1247 5921 meliora;
1277 5862 1330 5911 et
1360 5853 1551 5911 Graece
1580 5869 1796 5928 quoque
1825 5858 1892 5914 τά
1924 5860 2199 5933 κρείττονα.
