4078 6342
320 319 458 376 1935

1183 321 1827 378 COMMENTARIORUM
1866 318 1933 375 IN
1975 318 2169 376 NAUM
2209 321 2431 379 LIBER.
2474 324 2629 381 CAP.
2670 324 2714 384 I.

3480 325 3623 383 1234

319 440 581 495 Dominus
606 440 655 495 in
680 440 910 496 salutt-m
935 456 1126 496 eorum
1150 457 1287 512 quos
1305 442 1513 499 zelatur
1537 459 1549 495 :
1573 449 1631 497 ut
1651 455 1786 513 quos
1809 455 1915 495 nott
1944 440 1999 502 Α
2021 448 2237 497 centem
2268 459 2279 495 :
2311 456 2436 497 cum
2464 443 2650 505 etiam
2670 443 2761 513 qui
2796 442 3024 499 nimium
3070 442 3174 499 sibi
3206 443 3500 515 applaudet
3528 458 3623 501 co-

316 536 494 606 potuit
540 535 660 607 ejus
711 551 940 592 servare
997 537 1289 592 clementia
1320 579 1333 603 ,
1386 546 1568 592 servet
1610 536 1912 592 aemulatio.

321 631 478 688 Unde
508 640 562 687 et
594 630 658 686 ad
704 630 1031 697 Jerusalem,
1060 648 1183 703 quae
1220 641 1447 704 propter
1496 641 1717 703 peccata
1748 631 1914 686 nimia

319 720 691 777 visitationem
721 721 828 776 zeli
881 732 934 777 et
962 722 1161 777 furoris
1190 724 1307 791 ejus
1335 737 1442 777 non
1494 723 1826 789 merebatur,
1860 724 1911 776 in

317 811 606 869 Euchiele
632 813 870 885 loquitur
900 814 1043 869 Deus
1074 833 1086 869 :
1115 814 1274 871 Zelus
1325 833 1466 871 meus
1495 824 1521 852 α
1543 818 1751 871 recessit
1780 834 1810 870 a
1843 824 1912 883 te,

317 919 365 962 et
392 925 493 962 non
522 910 721 963 irascar
747 909 886 963 ultra
940 910 1029 964 tibi
1080 909 1291 981 (Ezech.
1325 926 1437 978 xvi,
1479 909 1594 982 42).
1646 910 1913 979 Quamdiu

318 1002 501 1071 itaque
543 1004 1143 1074 agebatpaaoitentiam
1203 1006 1460 1070 mundus,
1514 1005 1915 1061 consummatio

314 1093 464 1149 illius
529 1110 634 1149 non
708 1094 872 1151 fiebat
918 1106 1251 1167 :postquam
1308 1114 1438 1153 vero
1482 1140 1495 1163 ,
1555 1098 1913 1166 multiplicata

318 1187 606 1259 iniquitate
647 1229 663 1255 ,
720 1188 938 1244 refrixit
990 1190 1231 1246 cltaritas
1297 1192 1591 1245 multorum
1638 1232 1651 1256 ,
1724 1192 1798 1245 ita
1858 1200 1917 1245 ut

320 1288 600 1334 tententur
624 1283 790 1335 etiam
835 1281 996 1336 electi
1050 1281 1145 1337 Dei
1180 1300 1192 1335 :
1229 1291 1356 1337 tunc
1394 1283 1603 1337 zelator
1654 1282 1917 1336 Dominus

317 1371 469 1425 venit
503 1372 555 1426 itt
604 1371 870 1428 ultionem
920 1388 1075 1429 :non
1103 1374 1247 1445 quod
1296 1374 1412 1444 ipse
1460 1376 1530 1429 sit
1587 1374 1837 1429 inimicus
1864 1385 1920 1430 et

317 1464 486 1533 ultor,
510 1467 652 1538 quod
678 1466 747 1523 de
775 1467 1237 1535 diabolodicitur;
1265 1469 1358 1523 sed
1390 1468 1536 1538 quod
1566 1468 1782 1523 inimica
1807 1450 1912 1540 [Αιζ

318 1559 518 1632 amica]
550 1561 623 1615 sit
658 1562 782 1633 ejus
822 1562 959 1617 ultio
982 1604 997 1628 ,
1036 1573 1089 1617 et
1119 1564 1274 1633 quasi
1326 1564 1487 1633 ignis,
1516 1563 1683 1633 ligna,
1715 1564 1918 1632 fenum,

318 1654 689 1725 stipulamque
717 1664 1023 1725 consumat,
1046 1665 1103 1710 ut
1119 1672 1312 1726 purum
1341 1672 1535 1712 aurum
1559 1669 1837 1713 remaneat
1866 1667 1920 1712 ct

318 1755 604 1816 argentum
639 1748 857 1820 (Matth.
887 1747 1061 1822 xxiv).

2020 544 2243 607 argutus
2272 535 2457 603 fuerit,
2510 537 2652 606 quod
2684 552 2791 593 non
2826 539 3028 594 merito
3054 538 3300 609 proprio,
3326 538 3423 593 sed
3453 539 3621 592 misc-

2020 630 2258 686 ricordia
2315 633 2405 687 Dei
2456 632 2527 687 sit
2582 635 2843 689 salvatus.
2878 634 3031 688 Licet
3088 634 3231 690 enim
3264 634 3411 690 dicat
3444 652 3458 688 :
3488 632 3627 689 Ecce

2016 742 2110 796 ego
2140 735 2210 780 tot
2240 743 2402 780 annos
2424 727 2590 781 servio
2617 726 2733 793 tibi,
2759 736 2806 781 et
2832 744 3114 798 numquam
3137 738 3455 798 praxeptum
3475 736 3624 782 tuum

2017 819 2269 890 prmterivi
2302 818 2455 892 (Luc.
2487 834 2580 887 xv,
2608 817 2704 890 29)
2741 836 2754 873 :
2800 827 2981 874 tamen
3031 820 3287 886 quoniam
3331 818 3506 874 bonus
3534 827 3626 875 est

2017 912 2281 965 Dominus
2309 912 2595 977 omnibus,
2626 923 2679 968 et
2706 911 3107 967 misericordiae
3138 912 3285 968 illius
3317 928 3482 983 super
3508 927 3626 968 om-

2022 1005 2106 1059 nia
2141 1022 2302 1075 opera
2333 1008 2453 1077 ejus
2483 1006 2602 1078 (Ps.
2646 1022 2771 1073 (ιη,
2799 1005 2874 1071 6),
2912 1017 2968 1062 et
3004 1022 3199 1062 omnes
3230 1017 3618 1076 peccaverunt,

2019 1106 2074 1155 et
2100 1100 2347 1171 indigent
2376 1102 2549 1172 gloria
2575 1101 2672 1155 Dei
2703 1100 2885 1171 (Rom.
2918 1117 3002 1169 ιιι,
3034 1100 3153 1170 25),
3195 1102 3528 1171 justilicatus
3557 1102 3627 1158 ab

2020 1209 2086 1247 eo
2129 1195 2299 1263 gratis
2330 1194 2561 1250 audiet:
2593 1194 2673 1247 An
2717 1194 2899 1248 oculus
2946 1202 3064 1247 tuus
3110 1210 3340 1262 nequam
3367 1207 3465 1263 est,
3500 1196 3625 1267 quia

2018 1304 2112 1359 ego
2142 1288 2305 1342 bonus
2334 1305 2451 1342 sum
2475 1286 2691 1359 (Matth.
2723 1304 2813 1355 xx,
2852 1286 2985 1355 ιδῃ
3026 1287 3206 1358 Atque
3236 1288 3305 1341 ita
3329 1288 3443 1354 ﬁet,
3471 1300 3526 1343 ut
3569 1289 3624 1343 in

2018 1396 2085 1436 eo
2116 1382 2234 1451 ipso
2279 1382 2425 1449 quod
2472 1381 2655 1453 arguit
2704 1394 2759 1437 et
2808 1380 3069 1452 ignoscit,
3106 1380 3311 1436 nullum
3343 1380 3624 1437 innoxium

2022 1475 2176 1530 abire
2206 1478 2462 1543 patiatur.

2097 1569 2277 1639 (Vers.
2309 1568 2389 1638 3.)
2432 1566 2687 1623 Dominus
2711 1569 2765 1622 in
2788 1576 3086 1639 tempestate
3111 1578 3157 1621 et
3185 1569 3241 1621 in
3270 1565 3473 1621 turbine
3499 1567 3626 1621 vitw

2021 1664 2133 1733 ejus
2158 1702 2173 1727 ,
2224 1673 2269 1716 et
2302 1662 2504 1717 nebula:
2548 1660 2717 1730 pulvis
2764 1662 2958 1731 pedum
2987 1662 3122 1728 ejus.
3156 1660 3265 1715 Pro
3298 1667 3626 1730 tempestate

2022 1767 2077 1812 et
2126 1756 2364 1822 turbitte,
2398 1756 2894 1811 consummationem
2938 1756 2964 1791 ί¹
3013 1763 3060 1808 et
3090 1754 3485 1809 commotionem
3531 1754 3630 1811 Se-

395 1838 665 1895 Ulciscens
715 1841 986 1910 Dominus,
1012 1853 1057 1897 et
1110 1842 1302 1898 habens
1340 1844 1567 1913 furorem
1599 1860 1615 1897 :
1653 1843 1920 1900 Ulciscens
1954 1838 1995 1897 Β
2026 1851 2302 1921 ptuaginta
2340 1849 2742 1904 transtulerunt
2781 1866 2794 1902 :
2836 1848 2968 1903 licet
3001 1848 3054 1901 in
3089 1862 3158 1903 eo
3188 1848 3281 1903 ubi
3309 1862 3410 1903 nos
3448 1848 3631 1919 posui-

320 1930 573 1987 Dominus
596 1936 651 1987 in
675 1933 847 1990 hostes
892 1951 1034 2002 suos,
1064 1944 1109 1991 et
1132 1938 1358 1992 irascens
1379 1939 1487 2009 ipse
1519 1938 1741 1991 inimicis
1786 1939 1915 1993 suis.

319 2026 465 2082 LXX
491 2045 503 2082 :
542 2027 805 2084 Ulciscens
827 2030 1083 2085 Dominus
1112 2048 1231 2085 cum
1264 2033 1439 2102 furore
1480 2049 1499 2087 :
1522 2033 1773 2087 ulciscens
1800 2032 1913 2088 Do-

316 2122 487 2177 minus
509 2122 561 2177 in
583 2122 905 2179 adversarios
931 2141 1076 2190 suos,
1100 2134 1144 2178 et
1173 2125 1358 2179 tollens
1382 2127 1492 2196 ipse
1510 2126 1748 2179 inimicos
1771 2142 1911 2179 suos.

318 2214 633 2273 Secundum
665 2227 954 2287 utramque
988 2217 1429 2289 intelligentiam,
1453 2219 1574 2289 quia
1605 2219 1782 2289 diligit
1812 2220 1918 2273 Do-

318 2310 499 2365 minus
528 2326 687 2379 quem
709 2311 938 2381 corripit
968 2310 1164 2383 (Prov.
1200 2312 1323 2383 ttt),
1356 2324 1411 2367 et
1437 2315 1670 2382 castigat
1696 2328 1912 2367 onmem

316 2400 487 2457 lilium
519 2419 682 2474 quem
714 2405 942 2475 recipit,
985 2404 1111 2459 ideo
1141 2404 1421 2473 irascitur,
1449 2413 1507 2459 ut
1536 2405 1678 2475 quod
1725 2407 1916 2461 adver-

315 2496 521 2549 sarium
551 2504 607 2550 et
629 2496 911 2552 inimicum
934 2496 1035 2552 sibi
1050 2505 1136 2551 est
1157 2499 1333 2560 tollat,
1359 2498 1796 2570 etltostibus[Al.
1819 2500 1918 2554 tul-

316 2588 396 2646 lat
446 2606 517 2645 ex
575 2589 873 2663 hostibus],
931 2602 986 2647 et
1028 2592 1323 2646 contrariis
1352 2593 1778 2663 cogitationibus
1808 2592 1915 2646 fra-

315 2686 441 2752 ctis,
485 2687 944 2756 sermonibustjue
992 2686 1240 2751 sublatis,
1274 2687 1327 2741 in
1370 2689 1651 2758 antiquum
1686 2688 1917 2742 redeant

314 2787 542 2833 statum.
571 2780 813 2850 Denique
844 2781 895 2834 in
926 2781 1387 2851 consequentibus
1415 2780 1801 2836 aitzbominus
1821 2800 1916 2854 pa-

318 2874 474 2940 tiens,
525 2884 574 2931 et
604 2873 763 2945 longa
790 2874 1045 2944 fortitudo
1093 2879 1229 2947 ejus.
1254 2876 1360 2932 Sed
1394 2878 1517 2945 quia
1551 2878 1726 2932 semel
1751 2886 1804 2932 et
1835 2877 1917 2931 lti-

314 2968 537 3021 storiam
588 2982 864 3038 expetiere
896 2970 1303 3039 proposuimus,
1356 2972 1605 3027 inimicos
1635 2984 1690 3027 et
1718 2972 1914 3028 hostes

317 3056 419 3115 Dei
452 3060 825 3130 intelligamus
871 3064 1153 3134 Assyrios,
1190 3065 1241 3117 itt
1274 3080 1409 3134 quos
1441 3080 1564 3119 cum
1589 3064 1679 3119 diu
1706 3067 1917 3134 patiens

317 3150 501 3219 fuerit,
536 3163 725 3224 postea
777 3169 904 3209 cum
956 3154 1148 3211 furore
1185 3164 1240 3211 et
1280 3156 1560 3211 iracundia
1614 3157 1760 3212 ultor
1799 3159 1917 3214 exi-

318 3254 450 3301 δίει.

394 3340 575 3413 (Vers.
597 3342 682 3412 2.)
711 3341 963 3399 Dominus
1008 3344 1211 3414 patiens
1238 3354 1285 3398 et
1328 3362 1553 3417 magnus
1580 3347 1912 3418 fortitudine,

318 3441 364 3487 et
390 3434 673 3499 mundatis,
698 3452 803 3490 non
842 3438 996 3508 faciet
1026 3439 1373 3492 innocentem.
1418 3439 1573 3508 Quod
1604 3442 1918 3512 signiﬁcan-

321 3525 425 3581 tius
465 3527 517 3582 in
552 3527 745 3584 Grmco
766 3529 968 3586 dicitur
1000 3549 1010 3585 :
1045 3536 1132 3588 καὶ
1153 3531 1182 3569 ι)
1210 3535 1385 3588 ἀθωῶν
1420 3536 1509 3588 οὐκ
1532 3536 1757 3591 ὰθωὼσει
1783 3536 1805 3609 L
1828 3540 1908 3590 Al.

319 3623 405 3675 καὶ
433 3622 590 3675 ἀθοῶν
616 3624 708 3677 οὐκ
746 3623 1010 3695 aecumst].
1042 3624 1107 3679 Ει
1136 3635 1221 3679 est
1249 3642 1442 3681 sensus
1687 3629 1779 3682 llitt
1799 3629 1916 3698 qui-

320 3712 442 3767 dem
469 3715 697 3770 sceleris
728 3714 1077 3787 Assyriorum
1110 3719 1324 3788 patiens
1379 3721 1498 3788 fuit,
1547 3734 1596 3776 et
1631 3723 1929 3793 magnanig

320 3807 529 3861 mitatis
563 3823 679 3865 sua:
706 3809 1025 3865 fortitudine
1055 3811 1375 3880 iniquitates
1419 3828 1608 3867 eorum
1636 3816 1914 3880 sustinuit,

320 3914 625 3969 provocans
643 3916 741 3957 eos
769 3901 835 3957 ad
859 3903 1263 3972 paenitentiam;
1292 3905 1387 3960 sed
1418 3906 1567 3975 quia,
1603 3918 1917 3978 contempta

320 3989 564 4047 benitate
594 3992 712 4060 Dei,
740 3995 1044 4050 secundum
1074 4011 1171 4051 cor
1214 3998 1561 4066 imptenitens
1586 3999 1917 4055 thesauriza-

320 4094 518 4140 verunt
557 4086 662 4141 sibi
706 4087 843 4142 iram
884 4088 937 4143 in
968 4090 1057 4145 die
1088 4090 1184 4144 ira:
1220 4091 1397 4161 (Rom.
1433 4091 1516 4164 ιι).
1547 4095 1638 4164 qui
1670 4102 1796 4148 ante
1825 4111 1913 4164 pa-

322 4175 462 4231 tiens
511 4178 633 4249 fuit,
677 4196 1018 4251 nequaquam
1079 4197 1178 4237 eos
1238 4192 1513 4252 tamquam
1571 4188 1808 4242 mundos
1865 4199 1918 4241 et

322 4269 641 4327 innocentes
666 4274 869 4329 inultos
896 4276 1048 4331 abire
1078 4281 1336 4345 patietur.
1359 4278 1455 4334 Vel
1485 4288 1634 4335 certe
1666 4283 1735 4335 ita
1766 4282 1922 4353 (quo-

323 4363 467 4417 niam
500 4366 548 4419 in
579 4366 777 4422 bonam
805 4381 1012 4437 partem
1037 4371 1200 4424 simul
1234 4371 1487 4427 volumus
1513 4375 1760 4442 accipere
1799 4392 1921 4445 qum

322 4458 599 4532 dicuntur)
634 4464 841 4529 patiens
871 4472 956 4517 est
994 4465 1085 4533 qui
1108 4474 1381 4520 SttSlenlal
1424 4481 1616 4521 omnes
1671 4480 1916 4536 ruentes,

320 4558 375 4604 et
405 4552 564 4621 erigit
610 4552 777 4607 elisos
824 4553 932 4625 [ΑΙ.
966 4555 1175 4627 allisos]
1209 4555 1327 4628 (Ps.
1358 4558 1541 4629 cxuv)
1579 4577 1591 4613 :
1627 4561 1719 4630 qui
1764 4571 1922 4616 sanat

1944 3236 1991 3300 C

2023 1958 2165 2007 mus,
2200 1944 2253 1996 in
2281 1950 2599 2013 tempestate,
2631 1950 2691 1997 et
2729 1941 2781 1994 in
2821 1939 3054 1995 Hebraeo
3096 1938 3358 1995 scribitur
3387 1952 3625 1994 essurus

2021 2035 2226 2107 (5‘02),
2262 2039 2315 2087 in
2365 2033 2704 2088 commotione
2734 2048 2953 2103 quoque
2998 2032 3177 2102 possit
3220 2031 3476 2103 intelligi.
3515 2031 3629 2087 IIoc

2022 2138 2207 2183 autem
2255 2126 2546 2197 signiﬁcat,
2599 2126 2743 2195 quod
2776 2126 2831 2180 in
2862 2126 2970 2180 line
2998 2122 3188 2179 mundi
3220 2123 3481 2179 universa
3510 2137 3631 2178 mo-

2022 2229 2273 2284 veantur,
2317 2222 2473 2291 juxta
2523 2219 2655 2275 illud
2702 2218 2849 2290 quod
2899 2220 3163 2289 scriptum
3192 2227 3277 2274 est
3306 2218 3361 2273 in
3392 2218 3625 2289 Aggreo:

2020 2315 2208 2370 Adhuc
2248 2316 2402 2368 semel
2430 2321 2476 2368 et
2508 2330 2600 2385 ego
2630 2313 2842 2366 movebo
2868 2311 3053 2366 caelum
3081 2320 3130 2366 et
3164 2321 3378 2378 terram,
3410 2327 3551 2365 mare
3580 2319 3628 2364 et

2020 2408 2224 2461 aridam
2276 2406 2498 2478 (Aggtei
2527 2422 2585 2474 ιι,
2621 2405 2692 2469 7)
2725 2415 2817 2458 :et
2842 2419 2965 2459 cum
2998 2402 3202 2460 fuerint
3240 2412 3435 2459 cuncta
3465 2418 3623 2458 com-

2020 2510 2164 2556 mota
2193 2506 2277 2571 (ut
2300 2500 2527 2554 credant
2551 2499 2651 2553 vite
2682 2496 3028 2565 Domini,qui
3056 2497 3107 2551 in
3126 2496 3427 2567 Evangelia
3455 2497 3625 2552 dicit:

2021 2594 2135 2666 Ego
2164 2609 2278 2647 sum
2310 2593 2413 2656 via,
2445 2600 2493 2646 et
2541 2592 2664 2659 vita,
2715 2598 2761 2645 et
2790 2591 2977 2645 veritas
3024 2588 3227 2661 (Joan.
3268 2605 3382 2654 xlv,
3432 2588 3540 2663 6);
3575 2599 3631 2644 et

2024 2688 2219 2760 (Marc.
2249 2684 2349 2758 vn)
2368 2704 2381 2740 :
2401 2684 2534 2740 Cum
2563 2686 2780 2741 venerit
2802 2684 2974 2739 Filius
3002 2683 3242 2739 hominis
3273 2683 3327 2739 in
3361 2684 3624 2751 nubibus,

2020 2784 2216 2855 quibus
2262 2781 2553 2836 mandatur
2595 2781 2646 2834 in
2675 2779 2813 2835 Isaia
2845 2776 3004 2851 (Cap.
3036 2777 3116 2849 v),
3148 2794 3220 2834 ne
3248 2777 3441 2849 pluant
3464 2792 3628 2847 super

2020 2880 2236 2933 vineam
2287 2876 2551 2942 imbrem,
2601 2883 2655 2930 et
2696 2875 2765 2929 ad
2813 2888 2947 2942 quas
2980 2874 3235 2943 pervenit
3272 2874 3477 2930 veritas
3506 2873 3627 2938 Dei,

2020 2972 2235 3025 dicente
2266 2969 2696 3039 Psalmograpbo
2744 2966 2880 3041 (Ps.
2917 2984 3084 3037 xxxv,
3129 2969 3186 3038 6)
3229 2987 3244 3024 :
3296 2967 3501 3024 Veritas
3538 2979 3628 3022 tua

2020 3082 2182 3136 usque
2209 3064 2277 3117 ad
2304 3063 2510 3133 nubes),
2549 3074 2676 3117 tunc
2705 3062 2872 3116 etiam
2907 3063 3042 3130 ipsae
3072 3061 3266 3129 nubes,
3302 3060 3469 3133 538
3499 3061 3629 3116 Pro—

2020 3160 2201 3228 pltetrc
2228 3157 2513 3221 videlicet,
2565 3156 2873 3223 animaeque
2921 3163 3265 3233 sanctorum,
3304 3168 3430 3225 qua:
3474 3155 3627 3223 prius

2022 3255 2409 3325 conjunctione
2438 3252 2621 3307 carnis
2658 3250 2877 3306 fuerant
2906 3258 3283 3331 praegravatur,
3312 3248 3541 3303 elevatae
3570 3248 3624 3303 in

2020 3349 2276 3414 sublime,
2311 3345 2578 3402 tenuioris
2608 3343 2929 3401 substantiae
2960 3342 3114 3410 ﬁent,
3146 3350 3206 3403 et
3235 3342 3290 3397 in
3319 3340 3622 3397 scabellum

2021 3442 2217 3512 pedum
2264 3440 2363 3495 Dei
2409 3438 2681 3502 redactae,
2733 3438 2785 3491 in
2826 3435 3088 3491 extremis
3130 3436 3440 3506 quibusque
3479 3434 3626 3490 inter

2021 3535 2243 3605 angelos
2271 3532 2466 3588 officiis
2493 3530 2904 3587 ministrabant.
2940 3529 3135 3585 Priora
3163 3530 3366 3601 quippe
3399 3538 3455 3586 et
3478 3529 3624 3584 anti-

2022 3647 2152 3700 qtta,
2186 3644 2307 3699 qua:
2351 3627 2419 3681 ad
2468 3634 2635 3696 caput
2670 3623 2968 3693 pertinent,
3002 3636 3171 3678 nosse
3200 3636 3309 3676 non
3340 3630 3624 3692 poterunt.

2021 3723 2175 3779 Alius
2215 3736 2348 3776 vero
2389 3720 2564 3775 nubes
2610 3718 2666 3773 in
2718 3717 3051 3772 contrariam
3102 3727 3315 3787 partem
3366 3714 3623 3785 accipiet,

2021 3814 2167 3887 qttod
2218 3828 2436 3882 semper
2488 3826 2683 3866 serena
2730 3810 3091 3875 conturbent,
3137 3816 3195 3863 et
3239 3807 3446 3864 clarum
3492 3806 3628 3862 solis

2022 3908 2415 3974 stellarumque
2444 3904 2629 3959 lumen
2651 3917 2747 3957 sua
2769 3901 3002 3971 ealigine
3027 3902 3277 3957 nitantur
3300 3911 3621 3971 praetexere,

2021 4016 2074 4060 et
2103 4001 2251 4073 quod
2280 3999 2542 4070 subjectae
2569 4005 2758 4069 postea
2806 3995 3097 4051 dominica:
3132 3994 3393 4065 potestati
3423 3993 3477 4049 in
3504 3991 3627 4063 pul-

2022 4115 2205 4156 verem
2240 4098 2556 4168 redigantur
2589 4103 2645 4150 et
2676 4094 2728 4148 in
2755 4091 3007 4157 nihilum,
3041 4099 3097 4147 et
3125 4099 3273 4146 terra
3304 4089 3359 4145 in
3390 4090 3471 4145 eis
3501 4103 3625 4161 qua

2022 4192 2241 4263 pinguis
2270 4200 2372 4256 est,
2404 4188 2762 4244 dissolvatur.

2096 4285 2279 4358 (Vers.
2309 4282 2389 4354 4.)
2434 4280 2723 4351 Increpans
2767 4294 2940 4345 mare,
2990 4286 3038 4331 et
3086 4276 3353 4332 exsiccans
3394 4274 3532 4331 illud
3576 4285 3625 4330 et

2024 4379 2198 4433 omnia
2226 4377 2446 4447 ﬂumina
2474 4375 2543 4429 ad
2573 4374 2835 4428 desertum
2862 4371 3165 4443 perducens.
3193 4370 3354 4425 Juxta
3380 4368 3623 4426 litteram

2024 4472 2124 4528 Dei
2175 4470 2415 4542 potentia
2465 4467 2821 4529 describitur,
2876 4464 2969 4534 qui
3011 4462 3389 4518 vindicaturus
3430 4469 3516 4517 est
3557 4460 3627 4517 de

2026 4563 2352 4619 adversariis
2388 4560 2665 4627 lsraelem,
2691 4557 2839 4630 quod
2878 4571 2990 4641 non
3023 4556 3230 4628 grande
3267 4556 3338 4611 sit
3368 4556 3416 4611 ei
3455 4555 3627 4628 Assy-

324 4643 616 4711 tribulatos
663 4647 826 4701 corde
855 4688 870 4714 ,
922 4658 975 4703 et
1031 4648 1219 4716 alligat
1271 4650 1631 4706 contritiones
1684 4669 1872 4708 eorunt
1899 4671 1914 4721 ;
1946 4637 2001 4697 Ῑ)
2030 4660 2140 4714 rios
2164 4657 2472 4723 deStruere,
2505 4654 2661 4723 cujus
2712 4637 3021 4723 majestatis
3053 4650 3129 4705 sit
3157 4648 3321 4705 etiam
3350 4649 3625 4705 elementa

321 4746 377 4794 et
404 4754 596 4812 magna
628 4743 801 4797 virtus
834 4743 972 4812 ejus,
1030 4742 1254 4799 solvens
1308 4743 1645 4800 inimicitiam
1678 4747 1785 4819 [ΑΙ.
1820 4749 1921 4803 ini-

322 4833 579 4907 micitias]
613 4837 664 4891 in
689 4851 879 4905 carne,
912 4844 1009 4893 etc
1041 4848 1331 4894 nocentem
1363 4855 1471 4895 non
1529 4838 1733 4896 faciens
1764 4844 1923 4900 inno-

397 5031 422 5099 ξι
452 5021 539 5099 ᾼι.
572 5024 796 5099 recedat,
822 5031 875 5078 et
896 5023 1125 5099 recedet,
1156 5023 1316 5099 juxta
1348 5023 1529 5099 Grato.
1563 5024 1919 5099 s‘EapOnee-rat.

395 5092 806 5150 bContettdunt
859 5095 951 5149 alii
1002 5096 1291 5164 legendum
1351 5097 1543 5159 ἀθῶον,
1603 5092 1724 5162 quae
1780 5098 1920 5151 scri—

325 5173 482 5234 ptura
549 5181 670 5219 cum
718 5167 1049 5222 editionibus
1091 5165 1257 5228 LXX,
1318 5175 1429 5220 tum
1478 5166 1924 5235 Hieronyutiantc

326 5239 491 5290 menti
532 5237 866 5293 conforntior
908 5238 1175 5292 videatur.
1218 5238 1418 5292 Verum
1474 5241 1648 5293 ἀθωῶν
1700 5250 1923 5293 servant

324 5323 428 5362 ms.
464 5310 901 5378 Alexandrinus,
952 5309 1338 5368 Tlteodorittts.
1384 5320 1436 5361 et
1481 5313 1654 5364 codex
1703 5312 1921 5377 quidam

327 5379 528 5453 liegius
592 5380 697 5436 299
757 5397 917 5452 quem
988 5380 1174 5434 laudat
1237 5382 1570 5435 (lotelcrius.
1632 5382 1924 5453 'l‘ltcOplty-

324 5450 501 5577 lalcttts
526 5461 706 5508 autem
738 5450 1023 5523 utramque
1049 5454 1343 5507 lectionem
1370 5454 1622 5521 proponit
1645 5450 1811 5522 atque
1832 5450 1927 5508 ex-

324 5536 358 5577 ι)
385 5535 507 5577 teat.
648 5560 651 5563 λ

323 5535 507 5592 plicat.

401 5604 423 5633 ο
456 5594 689 5650 Tantum
718 5610 852 5651 mss.
894 5598 1132 5649 animum
1176 5594 1537 5657 addidissent,
1578 5594 1737 5650 facile
1767 5611 1928 5664 repo—

326 5665 592 5737 suissem,
638 5677 684 5721 et
728 5669 1083 5733 innocentem,
1131 5681 1231 5736 pro
1283 5676 1567 5721 nocentem.
1606 5668 1679 5721 Ea
1725 5668 1927 5737 quippe

326 5735 646 5809 Hieronymi
677 5754 832 5794 mens
861 5748 968 5805 est,
1002 5740 1274 5793 neminem
1300 5738 1553 5804 quamvis
1578 5735 1923 5794 innocentem

332 5807 571 5864 futurum
612 5819 738 5865 ante
768 5811 974 5877 Deutn,
1025 5812 1393 5876 innocentem,
1441 5824 1565 5863 cum
1613 5810 1758 5879 quod
1804 5826 1911 5863 non

334 5882 533 5937 merito
560 5881 783 5953 proprio
814 5883 883 5938 sit
911 5882 1209 5949 innocens;
1242 5882 1339 5938 sed
1363 5883 1431 5936 ab
1452 5880 1923 5952 illojttstiﬁcetttr:

2026 4761 2261 4808 mutare.
2308 4749 2403 4804 Vel
2459 4755 2607 4803 certe
2654 4746 2777 4816 quia
2826 4744 2995 4800 semel
3048 4742 3117 4799 de
3153 4744 3626 4800 consummatione

2026 4844 2212 4900 mundi
2242 4857 2365 4898 esse
2391 4840 2629 4897 diximus
2660 4834 3006 4910 prophetiam
3024 4878 3041 4906 ,
3087 4844 3144 4892 et
3172 4836 3276 4893 hoc
3301 4835 3627 4907 simpliciter

2027 5034 2141 5079 tum
2183 5022 2347 5078 etiam
2388 5020 2532 5092 quod
2582 5028 2942 5092 coarguatur,
2991 5027 3049 5073 et
3095 5022 3317 5092 veniam
3366 5015 3625 5092 accipiat.

2026 5094 2308 5151 Consonat
2356 5087 2480 5147 huic
2525 5087 2737 5147 sensui'
2762 5090 2917 5157 illud,
2965 5088 3110 5161 quod
3153 5092 3409 5147 scribitur
3440 5087 3623 5161 Exod.

2027 5184 2217 5235 xxxw,
2254 5165 2552 5236 Nullusque
2596 5163 2736 5234 apud
2760 5172 2807 5236 te
2851 5178 2945 5233 per
2982 5157 3044 5216 se
3072 5162 3321 5236 innocens
3351 5168 3449 5213 est.
3478 5157 3624 5227 Quin

2029 5233 2211 5294 etiam
2244 5237 2348 5293 hoc
2393 5233 2801 5305 quoquequod
2849 5233 3232 5305 exponendum
3271 5236 3623 5305 proponitur,

2026 5320 2075 5365 et
2105 5310 2364 5363 inundans
2390 5304 2493 5362 non
2522 5304 2678 5374 faciet
2707 5308 3057 5372 innocentem,
3088 5304 3324 5367 scilicet,
3360 5304 3627 5374 innocen-

2029 5392 2106 5435 tes
2141 5382 2291 5450 ipstts
2337 5373 2619 5449 coarguet,
2649 5379 2791 5447 quod
2827 5393 2933 5431 non
2980 5377 3094 5431 suis
3118 5376 3348 5441 viribus,
3385 5373 3482 5428 sed
3528 5374 3629 5429 Dei

2030 5450 2401 5507 misericordia
2433 5452 2731 5505 salventur.
2764 5451 3034 5503 Caeterum
3082 5462 3205 5501 mox
3245 5455 3528 5516 coargutus
3556 5459 3625 5499 ex

2030 5539 2163 5578 mss.
2196 5522 2601 5587 subsnituimus,
2633 5535 2732 5590 pro
2759 5535 2867 5590 quo
2896 5519 3094 5590 vitiose
3128 5519 3379 5573 Martian.
3400 5516 3630 5590 retinuit

2030 5595 2242 5649 duobus
2288 5594 2493 5655 verbis,
2543 5588 2682 5665 quod
2724 5588 2965 5665 argutus.
2999 5589 3299 5661 Victorius,
3333 5588 3498 5661 quod,
3532 5601 3630 5642 γοα

2028 5668 2204 5721 culam
2235 5673 2443 5719 tantum
2476 5665 2786 5718 induxerat.

2101 5735 2129 5773 ιι
2164 5735 2356 5802 Voces,
2387 5746 2435 5790 et
2461 5734 2874 5803 commotionem,
2905 5749 3030 5805 quae
3064 5733 3328 5801 deerant,
3370 5730 3629 5804 supplent

2031 5824 2167 5867 mss.
2198 5809 2393 5865 nostri.
