4078 6342
529 299 664 353 123Ξὶ

1738 299 1797 359 5.
1842 299 2110 362 EHSEBM
2152 299 2537 359 lllERONYMl

3670 304 3792 363 1256

524 416 787 485 accipite:
812 416 946 469 (lum
978 416 1186 469 venerit
1218 415 1406 469 mundi
1436 418 1861 483 consummatio,
1905 425 1962 478 et
1988 432 2107 486 per-
2142 420 2191 486 Α
2222 432 2297 469 ea.
2336 415 2514 474 Potest
2552 426 2604 471 et
2632 417 2955 486 simpliciter
2985 417 3156 487 acripi
3201 418 3343 488 quod
3384 418 3437 473 in
3472 433 3795 479 consumma-

524 508 807 567 transierit
844 508 1036 575 cretum
1078 519 1134 569 et
1175 517 1344 575 terra,
1387 524 1539 571 mare
1577 526 1792 581 quoque
1831 520 1884 565 et
1924 509 2118 567 ﬂuvios

523 603 738 657 siccari.
772 602 879 661 Sed
912 603 1043 663 mihi
1072 603 1272 673 legenti
1308 602 1437 665 illud
1469 605 1522 659 in
1546 604 1813 658 Psalmis:
1842 602 1957 656 Hoc
1980 620 2119 657 mare

528 713 771 767 magnum
807 706 855 752 et
898 698 1179 767 spatiosum
1222 712 1239 750 :
1278 696 1348 759 ibi
1386 698 1593 768 reptilia
1637 714 1857 769 quorum
1903 713 2005 751 non
2045 705 2117 750 est

523 808 800 845 numerus:
825 791 1072 847 animalia
1112 807 1273 860 parva
1308 808 1421 855 cum
1452 791 1690 861 magnis;
1721 790 1789 843 ibi
1818 806 1968 845 naves
2001 805 2120 859 per-

523 883 815 937 antbulant.
854 882 1019 941 Draco
1053 883 1148 937 iste
1172 899 1321 953 quem
1364 883 1603 953 formasti
1625 882 1694 935 ad
1718 882 2050 936 illudendum
2073 881 2119 935 ei

525 974 645 1046 (Ps.
690 990 804 1041 cui,
837 975 928 1039 25,
962 972 1075 1045 9.6),
1107 974 1326 1045 dignum
1356 974 1570 1033 videtur
1614 976 1889 1040 bonitate,
1922 984 1975 1027 et
2004 973 2119 1028 cle-

524 1072 726 1123 mentia
773 1068 901 1133 Dei,
954 1084 1168 1135 omnem
1222 1068 1637 1133 amaritudinem
1695 1078 1748 1122 et
1786 1067 2116 1136 salsuginem

525 1163 714 1229 maris,
755 1179 852 1229 sua
892 1162 1320 1225 comminatione
1360 1162 1640 1227 destruere
1667 1180 1677 1213 :
1704 1172 1758 1223 et
1799 1171 2116 1233 regnantem

524 1256 577 1308 in
619 1256 773 1323 aquis
808 1256 1099 1310 bumiliare
1139 1255 1454 1321 draconem,
1485 1264 1540 1309 et
1580 1253 1803 1311 malitia:
1842 1256 2118 1311 exsiccare

524 1354 767 1422 gurgites
822 1351 873 1405 in
929 1352 1125 1420 quibus
1166 1366 1331 1417 parva
1372 1359 1561 1405 natant
1600 1350 1842 1431 reptilia,
1886 1364 2116 1420 quorum

531 1462 635 1499 non
679 1454 765 1500 est
801 1461 1097 1500 numerus:
1127 1460 1302 1515 neque
1340 1448 1484 1500 enim
1526 1444 1685 1513 digna
1727 1456 1853 1500 sunt
1894 1457 2119 1509 numero

524 1556 646 1610 quae
686 1554 807 1601 cum
849 1539 1090 1593 dracooe
1130 1547 1432 1593 versantur.
1486 1538 1737 1599 Flumina
1791 1553 2006 1608 quoque
2051 1537 2117 1591 ad

525 1634 802 1689 desertum
847 1632 1177 1702 perducens,
1220 1646 1440 1693 omnem
1483 1632 1602 1691 falsi
1650 1631 1891 1693 nominis
1940 1630 2117 1685 scien-

522 1710 647 1776 tiam
680 1765 692 1789 ,
734 1739 856 1791 quae
897 1738 956 1778 se
995 1734 1187 1787 contra
1232 1724 1396 1779 Deum
1439 1724 1691 1792 erigens,
1745 1722 1968 1781 ﬂumine
2006 1724 2118 1777 elo-

2222 507 2367 563 tione
2395 508 2605 575 mundi,
2628 524 2749 571 cum
2785 509 2835 562 in
2870 507 3157 578 majestate
3185 524 3279 563 sua
3309 509 3558 573 Salvator
3584 515 3794 593 venerit,

2221 609 2275 653 et
2316 610 2528 659 montes
2566 611 2621 657 et
2659 600 2862 667 colles,
2913 611 2966 653 et
3015 600 3164 655 orbis
3207 608 3264 655 et
3308 609 3476 667 terra,
3522 609 3576 657 et
3620 615 3797 670 cuncta

2223 705 2561 755 moveantur.
2591 694 2645 751 Si
2674 695 2819 757 enim
2851 696 2906 750 in
2952 695 3205 766 passione
3235 696 3353 765 ejus
3386 695 3469 751 sol
3500 695 3654 766 fugit,
3681 712 3797 759 saxa

2222 788 2391 842 scissa
2426 798 2573 855 sunt,
2614 800 2756 847 terra
2801 789 3371 862 contremuitwatth.
3404 807 3571 855 xxvii,
3597 803 3641 847 et
3681 792 3795 853 Luc.

2220 884 2404 950 mn):
2432 883 2606 935 multo
2659 884 2830 954 magis
2873 883 2926 938 in
2968 883 3220 949 claritate
3262 882 3381 954 eius
3413 884 3598 941 omnia
3635 886 3802 945 turba:

2218 974 2444 1037 buntur.
2475 975 2580 1032 Sed
2610 985 2664 1035 et
2698 976 3001 1047 ﬁguraliter
3024 987 3239 1035 montes
3260 984 3316 1041 et
3339 977 3533 1040 colles,
3553 978 3799 1039 sublimes

2219 1067 2419 1139 quique
2464 1077 2519 1124 et
2558 1078 2810 1138 potentes
2849 1070 3191 1142 intelligendi
3234 1081 3383 1139 sunt,
3421 1071 3516 1140 qui
3566 1070 3721 1144 540
3752 1075 3799 1133 in

2219 1160 2455 1215 adventu
2480 1162 2690 1215 Domini
2721 1172 3135 1229 prosterneutnr
3162 1162 3333 1231 humi,
3364 1177 3429 1218 ac
3459 1164 3527 1218 de
3548 1164 3686 1221 solio
3712 1180 3802 1225 suo

2219 1251 2452 1321 depositi
2506 1254 2818 1323 pavimento
2859 1254 3240 1315 cohaerebunt.
3288 1254 3484 1313 Facies
3529 1255 3669 1311 enim
3709 1255 3801 1313 οφ

2224 1346 2351 1403 mini
2382 1360 2548 1416 super
2591 1345 2857 1402 facientes
2905 1348 3067 1415 mala,
3096 1357 3154 1407 ut
3200 1347 3391 1416 perdat
3436 1347 3504 1407 de
3534 1356 3674 1416 terra
3701 1364 3802 1403 me-

2221 1438 2450 1493 moriam
2499 1454 2690 1501 eorum
2744 1438 2916 1511 (Psal.
2964 1455 3158 1507 χχχιιι,
3214 1437 3325 1509 t7).
3374 1439 3533 1503 Tunc
3577 1448 3631 1495 et
3674 1449 3801 1505 terra

2221 1532 2632 1596 contremiscet,
2666 1544 2720 1591 et
2752 1535 2900 1590 orbis
2930 1543 3095 1604 atque
3134 1534 3465 1597 universitas
3494 1533 3682 1593 faciem
3708 1533 3801 1595 Do-

2220 1628 2349 1687 mini
2384 1627 2753 1691 formidabant
2788 1648 2801 1684 :
2842 1630 2943 1687 hoc
2977 1645 3074 1699 pro
3104 1644 3318 1686 summo
3349 1629 3602 1687 cruciatu
3632 1645 3802 1702 pinna-

2219 1737 2327 1790 qne
2363 1722 2638 1790 ducentia,
2686 1725 2829 1795 quod
2883 1726 3092 1790 vultum
3141 1725 3260 1796 ejus
3287 1728 3566 1797 respicere
3593 1740 3694 1783 non
3721 1743 3803 1782 au.

521 1818 762 1885 quentim
797 1818 985 1881 utitur,
1022 1829 1074 1872 et
1106 1817 1444 1873 volubilitate
1475 1819 1785 1882 verborum,
1819 1826 1873 1874 et
1903 1831 2118 1873 tumen-
2147 1810 2196 1870 Β
2223 1813 2443 1869 debunt.

522 1920 603 1962 tes
625 1918 999 1977 contorquens
1019 1908 1283 1977 gurgites,
1312 1924 1435 1962 cum
1466 1908 1731 1964 miraculo
1753 1910 2116 1978 spectantium

524 2002 695 2055 l'crtur
736 2002 787 2055 in
831 2017 1087 2071 pronum.
1131 2001 1264 2056 Vide
1316 2001 1632 2068 Platonem,
1693 2010 1877 2072 specta
1924 2001 2120 2065 Demo-

518 2095 767 2153 sthenem
798 2136 811 2161 ,
861 2096 1096 2153 Tullium
1140 2111 1356 2166 quoque
1397 2095 1779 2166 philosoplmm
1824 2095 2027 2164 pariter
2065 2104 2119 2149 ct

522 2201 822 2255 oratorem,
859 2198 916 2244 et
955 2190 1334 2243 haereticorum
1378 2188 1649 2258 principes
1689 2188 1852 2259 539
1880 2187 2115 2255 intuere,

515 2281 583 2334 de
628 2281 826 2350 quibus
875 2281 974 2333 luit
1028 2280 1371 2349 Valentinus,
1424 2279 1699 2339 Marcion,
1754 2278 2113 2351 Bardesanes,

517 2371 804 2438 Tatianus‘,
840 2382 893 2425 et
922 2371 988 2425 de
1031 2369 1350 2433 [luminibus
1401 2387 1508 2425 non
1544 2370 1808 2441 antbiges.
1842 2370 1949 2427 Sed
2000 2368 2117 2426 haec

519 2466 701 2523 omnia
731 2475 1021 2521 consumet
1051 2466 1312 2529 Dominus
1339 2465 1503 2527 Jesns
1541 2465 1739 2535 spiritu
1780 2465 1890 2519 oris
1930 2465 2035 2529 sui,
2064 2474 2118 2521 et

515 2562 763 2619 destruet
805 2560 1197 2617 illuminatione
1243 2560 1508 2619 adventus
1541 2558 1655 2624 sui,
1707 2566 1762 2612 et
1792 2558 1862 2613 ad
1891 2557 2113 2625 deserta

520 2653 780 2723 perducet
819 2652 883 2724 (ll
928 2653 1085 2713 Thes.
1122 2652 1207 2724 ll).
1249 2654 1534 2723 Simulque
1571 2668 1737 2711 cerne
1780 2653 1926 2724 quod
1961 2653 2115 2722 juxta

514 2746 751 2811 titulum,
784 2748 873 2815 qui
906 2746 1226 2801 inscribitur
1258 2764 1268 2799 :
1311 2748 1605 2819 Assuntptio
1639 2745 1861 2800 Ninit'e:
1888 2746 2014 2813 liber
2042 2746 2115 2798 vi-

518 2841 680 2897 sionis
731 2840 907 2893 Naum
954 2840 1171 2895 Elcestui
1198 2885 1210 2909 ,
1263 2849 1415 2896 recte
1456 2850 1511 2894 et
1557 2841 1610 2894 in
1655 2839 1850 2896 Ninivc
1883 2840 2115 2903 mundus

522 2935 826 3004 ﬁguraliter
854 2936 1201 3005 intelligitur,
1235 2944 1290 2991 et
1327 2950 1477 2991 mare
1514 2934 1632 3005 ejus
1665 2935 1989 3006 eloquentia:
2018 2934 2117 2999 ﬂu-

517 3031 660 3084 mina
696 3030 747 3087 in
778 3031 1250 3087 consummatione
1280 3031 1581 3085 siccantur.

595 3122 905 3190 ln/irmatus
950 3134 1025 3181 est
1066 3123 1243 3185 Busan
1290 3132 1337 3183 et
1379 3123 1671 3189 Carmelus,
1710 3133 1755 3177 et
1800 3126 1898 3196 [los
1928 3122 2116 3185 Libani

2297 1908 2478 1979 (Vers.
2515 1909 2595 1981 6.)
2637 1911 2767 1967 Ante
2795 1913 2981 1977 faciem
3015 1911 3396 1984 indignationis
3429 1914 3542 1983 ejus
3566 1914 3679 1983 quis
3707 1924 3801 1969 sta-

2222 2004 2315 2068 bit,
2347 2014 2393 2059 et
2427 2006 2542 2075 quis
2582 2007 2781 2069 resistet
2810 2006 2863 2060 in
2894 2007 2971 2063 ira
3007 2009 3201 2076 furoris
3228 2010 3379 2079 ejus?
3411 2006 3553 2067 LXX
3576 2024 3589 2060 :
3614 2008 3653 2061 Α
3685 2010 3803 2077 facie

2222 2098 2315 2152 ine
2354 2099 2466 2168 ejus
2498 2100 2614 2169 quis
2644 2100 2944 2164 sustinebit,
2976 2110 3025 2154 et
3055 2102 3173 2172 quis
3199 2102 3401 2156 resistet
3432 2102 3487 2159 in
3518 2102 3597 2157 ira
3629 2102 3802 2168 furoris

2223 2193 2377 2262 ejus?
2408 2191 2513 2255 Pro
2538 2207 2604 2247 eo
2633 2191 2776 2269 quod
2808 2207 2909 2249 nos
2939 2194 3225 2262 posuimus
3256 2211 3269 2247 :
3299 2192 3364 2246 Et
3397 2195 3512 2263 quis
3540 2193 3731 2249 resistet
3756 2195 3803 2255 in

2223 2285 2303 2337 ira
2333 2284 2529 2351 furoris
2560 2288 2713 2359 ejus?
2743 2287 2985 2354 apertius
3018 2288 3416 2356 interpretatus
3447 2295 3534 2345 est
3567 2287 3797 2356 Symma-

2223 2377 2383 2432 chus:
2407 2375 2473 2433 Et
2502 2378 2618 2446 quis
2651 2378 2925 2433 sustinebit
2956 2379 3088 2433 iram
3121 2380 3316 2449 furoris
3340 2381 3497 2448 ejus?
3526 2378 3630 2445 Αιμ
3661 2393 3803 2437 rarus

2222 2473 2407 2542 igitur,
2438 2482 2531 2527 aut
2556 2472 2737 2529 nullus
2762 2472 2957 2542 poterit
2984 2474 3235 2537 inveniri,
3260 2475 3348 2542 qui
3383 2476 3464 2529 ira
3491 2474 3802 2543 corripiento

2222 2581 2326 2625 non
2356 2564 2551 2634 dignus
2576 2565 2664 2620 sit.
2696 2564 2804 2621 Nec
2842 2566 2946 2621 erit
2980 2566 3085 2621 ulla
3115 2567 3296 2623 anima
3323 2583 3449 2636 qua:
3478 2582 3586 2629 non
3616 2574 3798 2635 paveat

2222 2658 2285 2709 ad
2312 2656 2573 2725 judicium
2604 2656 2723 2726 Dei,
2756 2674 2878 2721 cum
2909 2668 3052 2717 astra
3085 2675 3305 2729 quoque
3341 2674 3451 2715 non
3481 2659 3588 2715 sint
3620 2658 3800 2723 munda

2220 2752 2274 2805 in
2305 2760 2605 2821 οοιιερθειμ
2638 2754 2757 2821 ejus
2792 2752 2933 2821 (Job.
2969 2769 3096 2820 xxv,
3130 2754 3218 2824 5).
3256 2754 3425 2813 Porro
3456 2753 3675 2813 verbum
3705 2753 3799 2808 lle-

2223 2845 2465 2903 braicum
2512 2860 2712 2901 uccon
2763 2845 2962 2934 (mp3),
3015 2846 3159 2915 quod
3192 2855 3247 2911 et
3276 2846 3474 2917 Aquila
3507 2856 3561 2902 et
3590 2846 3799 2919 Septuae

2219 2939 2364 3009 ginta
2395 2940 2809 3004 transtulerunt,
2840 2941 3079 3007 resistet,
3110 2939 3178 3001 ad
3226 2940 3368 2999 illam
3409 2939 3798 3007 intelligentiam

2221 3029 2638 3098 transferamus,
2684 3031 2752 3087 de
2796 3047 2899 3102 qua
2934 3031 2990 3087 in
3026 3033 3267 3089 secundo
3308 3034 3623 3104 Regnorum
3652 3032 3795 3099 libro,

2221 3132 2274 3179 et
2313 3124 2365 3177 in
2413 3124 2595 3195 primo
2628 3123 3081 3194 Paralipomenon
3120 3126 3339 3191 dicitur.
3381 3143 3540 3198 super
3575 3126 3653 3179 ira
3693 3124 3796 3192 Dei,

519 3216 773 3287 elanguit.
826 3217 968 3271 LXX
998 3236 1009 3272 :
1044 3216 1329 3271 Ininiinuta
1370 3228 1445 3283 est
1476 3216 1739 3285 Bosanitis
1769 3216 1879 3290 [AL
1914 3216 2117 3273 Immu-
2222 3232 2420 3287 genere
2462 3216 2784 3271 masculino.
2816 3217 3069 3287 Nullique
3096 3218 3319 3273 dubium
3352 3218 3488 3289 quin
3518 3218 3593 3272 ibi
3624 3220 3690 3272 ira
3717 3216 3797 3273 Dei

516 3318 626 3363 tata
644 3310 989 3378 Basanitidisl
1019 3322 1063 3365 et
1086 3310 1377 3379 Carmelus,
1408 3322 1454 3367 et
1485 3329 1600 3383 ante
1625 3313 1875 3383 ﬂorebant
1903 3312 2113 3385 Libani,

517 3408 840 3476 defecerunt.
877 3413 1245 3481 Μετανρορικῶς
1284 3421 1382 3475 per
1421 3406 1591 3469 Basan
1632 3418 1685 3469 et
1714 3405 2020 3463 Carmelum
2062 3414 2116 3469 et

518 3501 807 3569 Libanum,
860 3502 1139 3573 regionem
1192 3502 1435 3562 uberem.
1486 3509 1541 3559 ct
1582 3509 1796 3559 montes
1846 3500 2112 3566 consitos,

520 3594 731 3665 Assyrii
781 3596 1008 3655 vastitas
1058 3596 1488 3659 demonStratur,
1554 3594 1695 3663 quod
1761 3594 1854 3651 ille
1922 3604 2116 3663 potens

517 3688 788 3756 quondam
822 3696 876 3745 et
904 3687 1106 3749 ﬂorens
1136 3698 1191 3747 et
1224 3690 1476 3756 plurimis
1523 3688 1774 3758 gentibus
1819 3690 2109 3759 imperans,

518 3782 749 3835 Domino
790 3782 1083 3847 irascente,
1133 3782 1471 3851 papulandus
1511 3781 1601 3839 sit.
1637 3780 1742 3835 Sed
1785 3791 1835 3836 et
1875 3781 1945 3841 de
1983 3796 2115 3835 con-.

518 3873 878 3926 summatione
924 3873 1108 3933 mundi
1152 3887 1440 3942 possumus
1485 3872 1818 3943 intelligere,
1852 3872 1995 3943 quod
2023 3887 2115 3942 po-

518 3973 695 4019 tentes
722 3964 921 4034 quique
958 3976 1011 4017 et
1042 3964 1283 4032 nobiles,
1314 3972 1368 4018 et
1400 3963 1581 4023 nimiis
1608 3964 1805 4032 apibus
1834 3964 2117 4025 abundan-

515 4068 616 4127 tes,
652 4067 870 4128 repente
897 4068 1214 4127 pereant,et
1236 4058 1451 4123 dicatur
1476 4057 1585 4115 eis:
1613 4056 1807 4122 Stulte,
1839 4056 1936 4117 hac
1969 4065 2117 4123 nocte

514 4151 779 4220 auferetur
800 4152 977 4203 anima
999 4161 1088 4203 tua
1110 4168 1143 4203 α
1167 4160 1247 4204 te:
1270 4165 1384 4221 qua:
1408 4162 1582 4213 autem
1610 4151 1939 4221 prwparasti,
1965 4154 2115 4223 cujus

511 4252 663 4305 erunt
702 4242 863 4314 (Luc.
905 4259 997 4305 xx.
1042 4242 1107 4296 l2
1133 4241 1179 4314 )‘?
1234 4241 1405 4298 Porro
1445 4243 1744 4311 secundum
1786 4244 2114 4313 interpreta-

514 4336 724 4391 tionem
761 4336 1064 4397 nominum,
1096 4336 1220 4404 quia
1262 4334 1454 4405 Basan,
1491 4335 1851 4405 confusionem
1884 4343 1936 4389 et
1966 4334 2115 4406 igno-

513 4427 727 4489 miniam
754 4434 931 4497 sonat,
956 4428 1008 4481 in
1034 4428 1509 4487 consummatione
1538 4427 1724 4491 mundi
1755 4428 1961 4498 omnia,
1993 4442 2113 4509 quae

512 4519 810 4587 ignominia
840 4531 893 4574 et
924 4520 1123 4575 rubore
1154 4520 1313 4593 digna
1346 4528 1496 4582 sunt,
1528 4521 1823 4577 asserimns
1848 4536 1968 4585 cum
2001 4522 2111 4576 Do-

2219 3311 2466 3375 diabolus
2490 3311 2853 3383 intelligatur,
2882 3320 2941 3367 et
2969 3312 3161 3382 Angeli
3194 3314 3437 3383 pessimi,
3476 3314 3569 3382 qui
3597 3312 3797 3369 mittun-

2220 3414 2304 3457 tnr
2346 3404 2412 3459 ad
2460 3402 2780 3481 plectendos
2828 3418 2924 3458 eos
2959 3404 3053 3474 qni
3097 3405 3173 3469 ira
3218 3404 3368 3479 digni
3400 3414 3551 3469 sunt.
3590 3402 3798 3463 Dillicile

2219 3498 2401 3567 itaque
2452 3500 2753 3569 reperietur
2804 3500 2855 3555 in
2907 3499 3381 3559 consummatione
3443 3499 3669 3567 mundi,
3719 3495 3797 3565 qui

2219 3594 2593 3657 immaculatus
2616 3605 2667 3649 et
2695 3610 2862 3666 purus
2888 3595 3085 3649 audeat
3111 3594 3327 3657 dicere:
3352 3594 3492 3661 Ecce
3513 3596 3643 3655 venit
3672 3593 3797 3663 prius

2217 3704 2335 3755 σερε
2384 3687 2564 3743 mundi
2610 3688 2792 3753 istius,
2827 3699 2874 3743 et
2905 3688 3097 3749 invenit
3126 3689 3177 3743 in
3209 3704 3286 3741 me
3315 3687 3449 3751 nihil
3487 3686 3666 3760 (Joan.
3700 3702 3794 3756 xlv,

2216 3779 2328 3851 '50),
2364 3787 2418 3834 et
2449 3780 2616 3839 libera
2646 3780 2910 3836 adversus
2936 3796 3059 3836 eum
3096 3779 3277 3843 fronte
3306 3782 3593 3845 consistat.
3614 3779 3795 3839 Contra

2216 3876 2471 3945 Assyrios
2502 3882 2681 3933 autem
2713 3875 2791 3933 sic
2821 3876 3174 3931 sentiendum
3202 3916 3217 3943 ,
3264 3876 3391 3946 quia
3438 3890 3566 3930 cum
3598 3874 3797 3937 venerit

2221 3966 2481 4023 Dominus
2505 3966 2555 4020 in
2580 3974 2908 4037 tempestate
2934 3976 2988 4023 et
3017 3969 3256 4035 turbine,
3281 3967 3500 4029 siccatis
3525 3965 3795 4039 Babylonis

2219 4059 2529 4129 imperium,
2571 4060 2714 4129 quod
2759 4060 3152 4131 interpretatur
3180 4076 3356 4125 mare,
3395 4070 3449 4121 et
3481 4063 3660 4125 omnia
3688 4060 3795 4128 ejus

2221 4166 2385 4220 regna
2413 4151 2759 4218 subvertens,
2792 4169 2912 4223 qum
2947 4153 3322 4223 intelliguntur
3352 4152 3598 4221 ﬂumina,
3634 4161 3686 4207 et
3714 4166 3793 4222 pos

2220 4241 2469 4309 tentiam,
2488 4244 2899 4315 ubertatemque
2927 4244 3044 4315 ejus
3069 4245 3135 4300 ad
3152 4245 3378 4301 nihilum
3404 4245 3795 4316 redigens,qm£

2217 4346 2564 4415 μεταφορικῶς
2576 4337 2748 4395 Basan
2779 4348 2834 4397 et
2852 4338 3134 4399 Carmelus
3164 4351 3220 4396 et
3244 4341 3339 4396 llos
3356 4340 3568 4406 Libani,
3585 4350 3637 4401 et
3661 4353 3795 4394 mon-

2220 4441 2300 4491 tes
2339 4432 2615 4503 collesque
2645 4432 2918 4499 dicuntur,
2958 4449 3022 4488 ac
3054 4434 3398 4489 latitudinem
3430 4435 3642 4501 imperii
3674 4446 3789 4488 con-

2219 4527 2450 4596 potiens,
2488 4541 2609 4597 qua:
2652 4526 2801 4591 orbis
2832 4536 3096 4589 terrarum
3125 4530 3435 4598 appellatur
3469 4547 3483 4585 :
3513 4541 3637 4587 tunc
3666 4526 3793 4587 nulla

510 4619 688 4671 minus
732 4618 961 4678 venerit,
1009 4614 1300 4679 inﬁrmari,
1336 4624 1390 4679 et
1419 4630 1527 4677 non
1561 4616 1733 4679 solum
1774 4625 1991 4685 peccata
2027 4632 2113 4671 re-
2145 4590 2191 4650 υ
2221 4618 2459 4697 potentia
2494 4619 2752 4677 resistere
2787 4620 2985 4688 poterit
3010 4620 3268 4679 irascenti
3300 4620 3435 4686 Deo,
3468 4631 3523 4676 et
3556 4621 3792 4700 populum

513 4710 623 4781 digi
666 4711 717 4765 in
760 4709 1010 4773 nihilum,
1053 4710 1148 4763 sed
1191 4719 1246 4775 et
1285 4706 1581 4771 Carmelum
1616 4722 1856 4779 quoque.
1896 4708 1986 4779 qui
2033 4709 2116 4777 iii-

513 4813 850 4869 terpretatur
888 4802 1099 4863 scientia
1139 4801 1552 4861 circumcisionis
1578 4843 1595 4875 ,
1650 4811 1706 4873 et
1744 4816 1838 4865 eos
1879 4801 1969 4870 qui
2010 4802 2112 4859 sibi

510 4897 769 4950 videntur
793 4897 841 4948 in
878 4894 1033 4947 bonis
1064 4895 1324 4961 oneribus
1350 4893 1543 4947 uberes
1565 4902 1619 4947 et
1646 4892 1925 4958 ﬂorentes,
1959 4892 2115 4948 Chri-

512 4999 597 5042 stt)
628 4988 903 5055 veniente,
934 4987 1226 5056 trepidare,
1256 4996 1309 5041 et
1334 4985 1547 5055 impleri
1579 4984 1706 5049 illud
1730 4986 1875 5055 quod
1906 4984 2114 5049 dicitur

510 5082 559 5133 in
595 5081 919 5150 Evangelio:
946 5079 1077 5134 Cum
1103 5081 1296 5135 venerit
1337 5078 1502 5133 Filius
1530 5078 1775 5145 hominis,
1808 5088 1960 5148 putas
1994 5079 2105 5150 [Μ.

509 5173 773 5247 putasne],
801 5174 1019 5227 inveniet
1049 5173 1205 5242 ﬁdem
1237 5189 1395 5235 super
1425 5184 1613 5225 terram
1651 5170 1800 5241 (Luc.
1839 5187 1987 5234 avni,
2018 5171 2114 5242 8)?

513 5264 855 5327 Increscente
898 5269 1099 5335 quippe
1146 5264 1454 5332 iniquitate,
1506 5262 1825 5334 refrigescet
1872 5264 2110 5323 Charitas

508 5359 889 5426 pltttimm'llm,
928 5368 1151 5427 propter
1179 5373 1299 5426 quae
1329 5358 1517 5412 veniet
1543 5358 1620 5411 ira
1652 5358 1767 5417 Dei.

585 5451 775 5514 (Vere.
831 5450 924 5519 ὅ.)
978 5450 1183 5504 Montes
1230 5452 1470 5503 commoti
1498 5462 1617 5503 sunt
1647 5450 1710 5502 ab
1741 5466 1829 5511 eo,
1878 5460 1923 5502 et
1952 5452 2108 5505 colles

511 5544 732 5599 n’esoluti
761 5554 901 5609 sunt,
928 5554 977 5597 et
1003 5544 1312 5611 conn'emuit
1335 5552 1471 5599 terra
1495 5562 1527 5597 (ι
1552 5544 1685 5614 {acie
1711 5544 1845 5614 ejus,
1873 5552 1916 5597 et
1942 5545 2103 5617 orbis,

509 5645 553 5683 et
604 5650 776 5686 omnes
828 5632 1123 5687 habitantes
1171 5636 1223 5687 in
1274 5652 1350 5688 eo.
1386 5634 1531 5699 LXX
1566 5654 1578 5689 :
1611 5634 1816 5695 Montes
1865 5638 2109 5695 commoti

504 5735 628 5776 sunt
658 5728 720 5778 ab
746 5742 826 5791 eo,
862 5736 910 5779 et
950 5727 1108 5780 colles
1150 5728 1393 5783 concussi
1444 5736 1600 5793 sunt,
1649 5740 1698 5781 et
1739 5739 2003 5784 contracta
2033 5740 2107 5784 est

506 5825 641 5867 terra
665 5834 695 5869 a
720 5819 853 5886 [acie
880 5822 1441 5892 ejus,_univeisitas_et
1472 5835 1642 5875 omnes
1670 5823 1759 5892 qui
1786 5820 2020 5878 habitant
2050 5826 2101 5878 in

2219 4726 2377 4767 suum
2406 4714 2721 4777 vindicanti.

2292 4802 2594 4876 Indignatio
2626 4810 2737 4879 ejus
2768 4808 2933 4878 e/fum
2961 4818 3034 4865 est
3066 4818 3119 4865 ut
3164 4809 3322 4883 ignis,
3368 4819 3418 4864 et
3462 4818 3621 4880 petra:
3644 4806 3795 4869 disso-

2219 4895 2340 4949 luta:
2366 4906 2485 4949 sunt
2513 4898 2576 4949 ab
2602 4914 2679 4951 eo.
2716 4898 2860 4954 LXX
2897 4917 2909 4954 :
2956 4900 3135 4955 Furor
3176 4904 3288 4973 ejus
3332 4902 3587 4954 consumit
3616 4896 3795 4968 princi-

2214 4998 2389 5061 patus,
2421 5000 2468 5043 et
2495 5001 2655 5061 petra:
2692 4996 2928 5051 contrita:
2954 5004 3077 5050 sunt
3103 4995 3165 5053 ab
3197 5012 3276 5051 eo.
3306 4996 3413 5050 Pro
3444 5010 3509 5051 eo
3537 4992 3678 5065 Quod
3707 5004 3795 5044 nos

2215 5083 2498 5150 posuimus
2538 5081 2702 5151 e/fusa
2728 5096 2822 5153 est,
2871 5089 3064 5161 Aquila
3106 5089 3496 5158 interpretatus
3538 5094 3622 5141 est
3658 5103 3795 5140 συνε-

2223 5176 2481 5245 χωνεύθη,
2517 5174 2568 5229 id
2594 5188 2698 5244 est,
2728 5180 2957 5250 conﬂata
2983 5188 3055 5234 est
3092 5197 3109 5235 :
3152 5180 3515 5252 Symmachus
3546 5188 3599 5232 et
3629 5177 3793 5232 Theo-

2214 5267 2363 5322 dotio
2402 5268 2641 5337 ἔσταξεν,
2668 5271 2770 5327 hoc
2809 5282 2913 5341 est,
2954 5274 3191 5333 stillavit.
3225 5274 3357 5331 Sive
3387 5275 3552 5346 igitur
3577 5270 3793 5327 conﬂata

2214 5367 2300 5417 est
2339 5361 2640 5431 indignatio
2674 5366 2766 5420 Dei
2807 5368 2960 5435 quasi
3003 5368 3171 5437 ignis,
3214 5372 3330 5423 sive
3370 5367 3526 5422 furor
3582 5365 3696 5435 ejus
3745 5365 3790 5417 in

2214 5451 2373 5524 541
2399 5452 2816 5512 similitudinem
2843 5459 3072 5514 stillavit
3099 5461 3360 5525 incendii,
3392 5472 3450 5515 ut
3476 5461 3607 5514 dura
3640 5455 3791 5513 corda

2212 5544 2490 5605 hominum
2518 5591 2531 5615 ,
2563 5565 2686 5617 qua:
2727 5560 2894 5619 petra:
2943 5564 3227 5623 vocantur,
3260 5548 3695 5612 contererentur,
3742 5556 3789 5601 et

2208 5636 2661 5704 dissolverentur,
2696 5641 2842 5699 utilis
2868 5652 2952 5696 est
2978 5642 3277 5713 indignatio
3304 5642 3556 5713 Dei,qute
3586 5641 3673 5695 diu
3702 5651 3787 5707 per

2206 5731 2524 5797 patientiam
2560 5742 2744 5789 nostra
2776 5746 2999 5805 peccata
3032 5745 3368 5803 sustentans,
3398 5737 3484 5791 vix
3513 5731 3788 5804 aliquando

2204 5822 2435 5881 conflata
2462 5836 2569 5895 est,
2593 5838 2645 5903 et
2669 5836 2852 5886 tamen
2884 5844 2988 5886 non
3020 5838 3131 5891 tota
3152 5829 3463 5903 prorumpit
3486 5829 3537 5884 in
3559 5837 3788 5899 poenam,
