4078 6342
341 238 476 308 1357

1214 235 1874 306 COMMENTAMM‘JH
1911 235 1982 304 ιη
2021 233 2216 302 NAUM
2253 235 2486 298 LIBER.
2527 237 2682 298 CAP.
2723 241 2768 300 Ι.

3491 243 3632 302 1283

337 353 428 414 sed
463 351 674 418 modico
703 350 769 408 ad
801 367 900 408 nos
933 351 1166 420 stillabit
1211 351 1432 416 ardore.
1465 351 1522 418 Si
1555 363 1738 418 atatem
1789 353 1936 410 stilla
1963 355 2016 422 Α
2045 353 2488 422 praepositionem
2515 355 2582 410 de
2607 363 2904 422 verterent,
2935 355 2988 412 id
3019 365 3124 424 est,
3155 357 3260 415 ἀπὸ
3282 373 3296 424 ;
3321 371 3488 428 δοκι,
3519 375 3638 412 sur-

336 444 736 517 indignationis
764 444 882 520 ejus
919 446 1194 512 consumit
1241 445 1584 518 principatus
1613 491 1626 514 ,
1677 445 1942 506 adversus
2041 453 2216 514 gentes
2267 447 2780 516 interpretarentur.
2835 449 3080 522 Denique
3129 449 3350 522 Aquila,
3389 453 3496 512 ἀπὸ
3529 453 3640 508 ἀνι·

333 555 470 612 quos
509 540 668 598 nobis
717 549 802 604 est
852 555 1046 616 pugna:
1093 539 1202 612 [AL
1241 556 1424 612 pugna
1455 539 1534 613 et]
1581 539 1894 604 colluctatio
1921 581 1936 606 ,

335 633 464 706 quid
495 633 654 698 ﬁeret
674 637 718 690 si
743 641 854 688 tota
885 632 938 688 in
963 649 1062 694 nos
1087 631 1170 690 ira
1201 633 1294 690 Dei
1317 633 1640 696 fuuderclur
1661 633 1684 686 ?
1709 633 1941 692 Praestet

333 727 496 794 Jesus
531 735 588 780 ut
613 727 892 780 auferatur
923 740 1018 780 cor
1051 725 1352 798 lapideum,
1385 733 1444 790 et
1475 733 1714 788 mutetur
1743 725 1798 782 in
1841 740 1940 784 no-

335 817 421 876 bis
451 833 548 874 cor
577 832 836 874 carneum
866 835 878 870 :
905 817 1214 890 duritiaque
1265 817 1480 874 mollita
1507 859 1522 884 ,
1559 817 1732 888 possit
1777 818 1830 874 in
1877 831 1937 874 se

333 921 606 982 praecepta
641 912 854 967 Domini
887 913 1170 981 suscipere
1205 929 1326 980 qum
1357 914 1675 976 scribuntur
1709 931 1721 966 :
1753 913 1934 968 Sacri—

333 1003 508 1076 ﬁcium
540 1003 678 1058 enim
707 1003 817 1058 Deo
843 1003 1058 1070 spiritus
1093 1003 1468 1060 contribulatus
1488 1049 1502 1072 ,
1537 1023 1626 1060 cor
1657 1006 1934 1066 contritum

331 1105 379 1150 et
431 1096 764 1164 Ituntiliatum
807 1095 949 1152 Deus
997 1113 1102 1152 non
1151 1107 1358 1170 spernet
1405 1097 1525 1168 (Ps.
1561 1115 1612 1168 ι,
1645 1099 1724 1170 9).
1777 1098 1848 1164 Et
1879 1107 1938 1154 ut

331 1189 519 1244 sciatis
559 1189 904 1250 clementiam
953 1189 1046 1246 Dei
1077 1205 1274 1244 sonare
1305 1207 1422 1260 qua:
1451 1191 1594 1246 dicta
1625 1199 1752 1246 sunt
1777 1231 1790 1256 ,
1823 1205 1932 1246 non

330 1282 687 1338 severitatem
715 1325 730 1350 ,
765 1282 814 1336 in
859 1281 1329 1350 consequet‘ttibus
1357 1283 1568 1340 discite.

403 1373 588 1446 (Vers.
623 1373 702 1446 Ἰ.)
731 1373 908 1442 Bonus
939 1375 1212 1444 Dominus,
1245 1385 1294 1430 et
1323 1377 1624 1448 confortans
1647 1377 1699 1430 in
1723 1377 1806 1430 die
1837 1377 1934 1430 tri-

331 1467 614 1522 bulationis
640 1508 652 1532 ,
698 1475 746 1521 et
789 1469 952 1524 sciens
996 1479 1262 1540 sperantes
1303 1470 1358 1524 in
1387 1485 1458 1526 se.
1495 1467 1636 1524 LXX
1683 1487 1696 1524 :
1741 1469 1934 1530 Suavis

328 1559 586 1614 Dominus
615 1561 1028 1634 exspectantibus
1075 1578 1188 1616 eum
1225 1561 1282 1624 in
1311 1562 1396 1616 die
1437 1563 1790 1628 tribulationis
1815 1605 1830 1632 ,
1883 1571 1933 1618 et

328 1671 642 1726 cognoscens
669 1659 902 1710 timentes
933 1671 1005 1710 se.
1037 1653 1172 1710 Cum
1203 1655 1366 1712 irasci
1391 1656 1626 1724 coeperit
1651 1655 1928 1726 gentibus,

2041 540 2328 610 σταμένων,
2355 538 2554 608 inquit,
2599 541 2652 596 id
2679 550 2764 598 est
2783 583 2798 610 ,
2829 559 2860 596 a
2891 543 3318 614 consurgentibus
3341 559 3360 610 ;
3405 543 3640 614 Septua—

2037 629 2182 698 ginta
2201 671 2218 697 ,
2255 640 2628 704 consurgentes
2651 649 2672 700 ;
2701 633 3031 700 Tlteodotio,
3079 633 3510 708 consurgentibus
3551 635 3641 701 ei;

2037 723 2226 792 quinta
2257 723 2458 792 editio,
2497 741 2530 786 α
2559 728 2986 798 consurgena'bus
3029 728 3131 786 illi.
3175 727 3343 790 Solus
3385 725 3642 798 Symma-

2037 813 2195 884 chus,
2223 831 2348 874 cum
2379 827 2570 882 nostra
2618 819 3074 890 interpretatione
3103 821 3480 886 consentiens,
3511 819 3590 876 ait
3619 837 3638 876 ε

2036 907 2106 964 Ει
2131 911 2182 962 in
2209 909 2404 968 dilui-io
2433 921 2735 972 transeunte
2759 955 2774 980 ,
2805 915 3309 974 consummationem
3339 916 3494 986 faciet
3539 914 3644 970 lori

2037 1005 2170 1074 ejus.
2207 1003 2434 1072 Quidam
2467 1005 2537 1060 de
2567 1007 2792 1078 nostris,
2824 1019 3222 1078 consurgentes
3251 1019 3306 1066 et
3357 1009 3636 1076 inimicos,
3663 1005 3672 1014 ”

2037 1097 2366 1154 Marcionem
2417 1107 2474 1156 et
2517 1115 2710 1158 clunes
2749 1113 2968 1160 veteres
3031 1103 3320 1160 haereticos
3365 1105 3638 1176 interpre-

2041 1198 2247 1258 tantur,
2282 1193 2372 1262 qui
2405 1193 2692 1250 adversum
2723 1195 3042 1252 Creatorem
3075 1197 3382 1264 diSputant.

2103 1285 2282 1356 (Vera.
2305 1286 2386 1358 9.)
2413 1289 2552 1356 Quid
2571 1290 2808 1360 cogitatis
2835 1299 3020 1350 contra
3049 1291 3364 1350 Hominum?
3397 1307 3638 1344 consum-

2037 1379 2314 1434 mulionem
2345 1377 2454 1450 [AL
2481 1381 2618 1446 quod
2641 1382 3156 1454 consummationem]
3179 1385 3286 1454 ipse
3315 1383 3470 1456 faciet
3495 1399 3512 1436 :
3535 1399 3640 1438 non

2035 1483 2310 1542 consurget
2338 1475 2536 1544 duplex
2561 1475 2848 1542 tribulatio.
2867 1477 3016 1538 LXX
3041 1497 3052 1532 :
3087 1479 3229 1546 Quid
3251 1477 3490 1548 cogitatis
3513 1493 3638 1538 con:

2029 1571 2110 1616 tm
2125 1559 2408 1618 Dominum
2423 1567 2447 1620 ?
2457 1569 2952 1636 consummationem
2967 1569 3076 1640 ipse
3093 1569 3246 1640 faciet
3263 1585 3282 1624 :
3297 1585 3398 1624 non
3413 1571 3640 1624 vindica-

1983 1719 1992 1732 .
2029 1655 2098 1707 vit
2121 1655 2194 1710 bis
2217 1657 2270 1710 in
2291 1658 2518 1728 idipsum
2533 1659 2588 1724 in
2611 1661 2962 1718 tribulatione.
2981 1661 3342 1733 Symmachus
3359 1661 3600 1733 apertius
3621 1681 3636 1718 :

327 1755 383 1802 et
405 1747 683 1820 quondam
715 1749 1092 1820 potentissima
1145 1763 1310 1818 regna
1355 1757 1572 1804 vastare
1597 1789 1612 1826 ,
1643 1751 1780 1804 sciet
1827 1763 1922 1806 eos
1951 1745 2000 1818 Β
2032 1747 2150 1804 Non
2173 1753 3006 1824 sustinebuntimpetumsecundae
3027 1756 3459 1830 [ALsecundum]
3479 1775 3642 1830 angu-

325 1841 420 1912 (ιιιί
446 1843 528 1895 sui
571 1851 730 1908 sunt,
760 1849 820 1896 et
845 1859 950 1896 non
983 1859 1088 1898 una
1121 1851 1442 1914 letnpcstale
1473 1845 1742 1914 opprimet
1781 1843 1934 1898 navi-

325 1944 542 2006 gantes.
563 1935 711 1990 Diem
734 1949 912 1990 antem
932 1937 1304 1992 tribulationis
1320 1937 1618 1992 secundum
1641 1939 1928 2012 ἀναγωγήν,

329 2027 476 2084 diem
514 2029 883 2102 intelligamus
925 2029 1112 2098 judicii
1143 2071 1156 2096 ,
1189 2029 1258 2086 de
1289 2045 1400 2102 quo
1437 2031 1660 2102 scripsit
1709 2031 1872 2088 Isaias
1915 2049 1928 2086 :

329 2121 469 2190 Ecce
499 2123 606 2178 dies
639 2123 848 2178 Domini
877 2123 1186 2178 insanabilis
1217 2125 1350 2178 venit
1385 2124 1576 2194 furoris
1600 2133 1646 2188 ct
1678 2123 1768 2178 irw
1787 2165 1802 2196 ,
1839 2139 1932 2194 pa-

331 2232 452 2270 nere
473 2217 644 2272 orbem
679 2226 830 2270 terra:
861 2217 1120 2270 desertum
1141 2258 1154 2282 ,
1189 2224 1238 2272 et
1277 2227 1574 2288 peccatores
1613 2217 1826 2288 perdere
1869 2233 1933 2272 ex

325 2325 384 2363 eo
415 2307 572 2381 (Isai.
623 2325 718 2364 χιιι
747 2351 762 2378 ,
791 2309 870 2378 9).
905 2309 1200 2380 Speremus
1229 2311 1280 2370 in
1316 2311 1582 2378 Domino,
1613 2319 1668 2364 et
1700 2323 1795 2384 per
1837 2325 1932 2380 pa-.

325 2401 572 2456 tientiam
623 2401 740 2470 ejus
779 2409 1166 2474 exspectemus
1205 2401 1528 2480 adventum,
1571 2411 1632 2458 ut
1671 2417 1794 2466 cum
1837 2417 1932 2458 ve-.

325 2497 488 2566 nerit,
521 2497 718 2550 bonum
747 2513 868 2566 eum
897 2541 910 2566 ,
945 2511 1048 2552 non
1095 2496 1336 2566 judicem
1383 2496 1712 2564 senliamns,
1745 2505 1800 2550 et
1833 2511 1928 2552 co-

323 2603 550 2664 gnoscat
565 2595 654 2652 vel
677 2601 962 2664 Sperantes
981 2594 1034 2648 in
1057 2607 1138 2660 se,
1157 2593 1242 2650 vel
1264 2593 1516 2654 timentes
1535 2607 1593 2650 se
1611 2593 1674 2664 (ll
1689 2591 1825 2648 Tim.
1843 2589 1928 2664 ιι).

325 2687 446 2742 Scit
471 2687 614 2742 enim
648 2687 912 2756 Dominus
941 2701 1038 2742 eos
1069 2689 1158 2758 qui
1193 2689 1313 2758 ejus
1343 2696 1492 2742 sunt.

400 2777 586 2850 (Vers.
616 2779 696 2850 8.)
729 2779 796 2848 Et
837 2780 888 2832 in
926 2779 1122 2834 diluvio
1167 2787 1504 2848 prtetereunte
1533 2779 1932 2846 consummatio-

329 2886 450 2924 nem
476 2871 632 2940 faciet
663 2871 763 2924 loci
799 2873 910 2942 ejus
941 2913 954 2936 ,
981 2881 1026 2924 et
1055 2871 1288 2926 inimicos
1325 2875 1434 2942 ejus
1467 2879 1832 2940 persequentur
1861 2879 1935 2924 te-

326 2964 518 3036 nebrat.
564 2961 707 3020 LXX
737 2963 760 2992 ¹¹
795 2981 808 3018 :
847 2963 908 3016 Et
953 2964 1006 3032 in
1033 2965 1228 3022 diluvio
1268 2971 1566 3024 transeunte
1603 2977 1932 3022 consumma-

325 3059 518 3112 tionem
563 3057 716 3130 faciet
755 3073 772 3112 :
811 3067 1174 3130 consurgentes
1209 3065 1272 3110 'et
1317 3057 1556 3114 inimicos
1604 3059 1714 3130 ejus
1757 3071 1932 3126 perse-

2035 1843 2146 1900 stitc
2185 1861 2202 1898 :
2241 1845 2570 1914 Theodotio,
2615 1849 2740 1904 Non
2769 1861 3046 1920 consurget
3076 1849 3304 1906 secunda
3349 1849 3638 1904 tribulatio.

2035 1933 2304 2004 Loquitur
2331 1947 2510 1994 autem
2555 1941 2710 2010 juxta
2759 1943 3120 2014 tropologiam
3163 1942 3454 1998 adversum
3501 1941 3640 1996 Har-

2035 2029 2246 2084 cionem
2279 2071 2294 2096 ,
2323 2031 2392 2088 de
2419 2047 2528 2102 quo
2565 2047 2728 2104 supra
2753 2033 2992 2092 diximus
3015 2075 3032 2102 ,
3081 2045 3136 2092 et
3181 2049 3376 2092 omnes
3425 2043 3640 2096 veteres

2039 2123 2330 2182 haereticos
2363 2165 2378 2194 ,
2429 2125 2522 2194 qui
2579 2125 2780 2190 bonum
2827 2128 3012 2184 nescio
3043 2141 3204 2198 quem
3257 2125 3641 2196 contingentes

2039 2215 2206 2272 Deum
2233 2261 2248 2286 ,
2287 2218 2464 2292 ipsum
2491 2219 2678 2274 dicunt
2707 2221 3238 2288 consummationem
3283 2218 3470 2276 mundi
3515 2233 3640 2274 esse

2037 2307 2328 2382 facturum,
2355 2319 2410 2366 et
2437 2322 2668 2382 arguunt
2697 2313 2860 2384 Legis
2891 2315 3060 2370 Deum
3091 2314 3248 2384 quasi
3275 2311 3638 2376 crudelitatis,

2037 2402 2178 2474 quod
2225 2403 2426 2460 multos
2471 2407 2700 2478 puniat,
2749 2417 2802 2462 et
2845 2421 2944 2476 pro
2987 2409 3224 2476 peccatis
3259 2405 3466 2476 inroget
3505 2419 3636 2460 cru-

2037 2497 2236 2550 ciatus.
2273 2497 2412 2562 Quid
2451 2515 2572 2570 ergo
2599 2539 2614 2564 ,
2663 2499 2776 2568 ait,
2821 2505 3006 2562 contra
3037 2497 3320 2562 Dominum
3359 2496 3645 2570 cogitatis?

2035 2591 2154 2662 ipse
2177 2591 2268 2662 qui
2296 2594 2500 2660 creavit
2529 2591 2790 2660 mundum
2815 2633 2832 2662 ,
2867 2601 2922 2650 et
2950 2593 3480 2658 eottsummationem
3519 2591 3638 2662 ejus

2037 2683 2222 2741 faciet.
2271 2685 2428 2754 Quod
2459 2687 2504 2742 si
2537 2685 2690 2752 vobis
2741 2685 2954 2752 videtur
2997 2685 3280 2752 crudelis,
3329 2683 3539 2756 rigidus
3587 2691 3645 2748 et

2037 2791 2299 2834 cruentus
2325 2820 2340 2848 ,
2369 2779 2516 2850 quod
2543 2779 2596 2836 in
2623 2779 2830 2844 diluvio
2859 2793 3029 2850 genus
3057 2777 3262 2846 delevit
3304 2777 3638 2858 humanum,

2040 2885 2204 2942 super
2233 2873 2528 2938 Sodomam
2551 2885 2608 2930 et
2639 2873 2999 2938 Gomorrham
3033 2874 3210 2944 ignem
3235 2881 3290 2936 8.!
3311 2873 3632 2942 sulphurea;

2041 2963 2200 3038 543
2233 2967 2373 3036 pluit
2420 2965 2640 3038 (Cenes.
2673 2967 2818 3038 vn),
2857 2953 3148 3038 Egyptios
3191 2965 3494 3032 submersit
3539 2963 3646 3026 ﬁn.-

2041 3059 2220 3114 ctibus
2250 3056 2448 3130 (Exod.
2473 3057 2614 3130 xxv),
2641 3057 3310 3132 lsraelitarummdarera
3343 3059 3643 3128 prostravit

327 3159 550 3222 queatur
577 3149 816 3206 tenebrat.
853 3151 1116 3218 Dominus
1159 3149 1372 3232 patiens
1403 3159 1458 3204 et
1491 3149 1675 3204 multm
1707 3149 1932 3210 misera-
1959 3136 2006 3204 (ἶ
2039 3147 2090 3204 in
2121 3165 2310 3206 eremo
2341 3149 2532 3224 (Num.
2565 3151 2746 3224 xxx")
2783 3171 2796 3206 :
2829 3153 3026 3216 scitule
3067 3166 3194 3210 eum
3224 3149 3350 3216 ideo
3389 3151 3456 3206 ad
3499 3165 3642 3220 ptiar

329 3243 516 3312 tionis,
543 3251 598 3298 et
625 3259 733 3298 non
767 3243 1035 3310 irascetur
1065 3243 1116 3296 in
1148 3233 1334 3314 linem,
1373 3257 1548 3316 neque
1577 3242 1630 3306 in
1662 3249 1929 3314 aeternum

331 3333 750 3404 indignabitur;
793 3333 892 3390 sed
931 3349 1054 3390 cum
1095 3335 1334 3400 creverit
1373 3333 1582 3402 malitia
1621 3347 1786 3402 super
1827 3343 1934 3400 ter-

333 3445 482 3502 ram,
527 3439 582 3486 et
609 3431 791 3486 omnis
820 3445 952 3486 caro
990 3431 1294 3502 corruperit
1321 3431 1464 3484 viam
1495 3443 1678 3498 suam,
1711 3428 1936 3484 inducet

333 3523 598 3582 diluvium
631 3523 774 3594 quod
809 3533 1178 3594 pertranseat,
1217 3539 1324 3592 non
1352 3523 1497 3596 quod
1531 3533 1850 3594 permaneat
1879 3523 1932 3578 in

335 3629 624 3690 aeternum.
657 3617 1211 3674 Consummalionem
1243 3627 1448 3686 autem,
1479 3619 1596 3678 sive
1625 3618 1784 3686 ﬁnem
1808 3659 1822 3684 ,
1853 3617 1930 3676 fa-

334 3711 444 3766 ciet
473 3711 574 3782 loci
609 3711 752 3782 ejus,
779 3711 836 3766 id
869 3721 986 3778 est,
1019 3710 1228 3780 diluvii,
1261 3721 1316 3766 ut
1347 3711 1622 3782 quomodo
1654 3711 1724 3766 de
1767 3711 1934 3782 impio

335 3803 530 3858 dicitur
561 3821 576 3874 ;
607 3801 676 3857 Et
725 3805 1036 3876 pertransiri
1065 3845 1080 3870 ,
1133 3815 1180 3858 et
1231 3821 1332 3858 non
1387 3815 1464 3860 est
1511 3805 1746 3872 inventus
1791 3805 1936 3868 locus

335 3897 448 3964 ejus
499 3895 615 3966 (Ps.
675 3911 886 3964 XXXVI,
937 3897 1058 3962 56);
1111 3905 1168 3952 et
1203 3911 1218 3950 :
1254 3895 1368 3950 lter
1421 3897 1698 3968 impiorum
1751 3895 1935 3970 peribit

339 3985 462 4060 (Ps.
494 4003 534 4064 ιἓ
569 3985 624 4058 6)
651 4003 665 4062 ξ
691 3989 773 4043 sic
802 3987 992 4042 diluvii
1023 3989 1125 4042 iter
1153 3999 1342 4058 pereat
1371 3999 1494 4058 post
1523 3989 1659 4042 iram
1693 3987 1932 4056 Domini,

339 4077 500 4168 543
551 4081 668 4136 sola
711 4089 1012 4152 apparente
1067 4081 1381 4142 clementia.
1427 4081 1586 4162 Quod
1627 4081 1844 4162 quidem
1883 4089 1938 4136 et

339 4173 642 4238 secundum
675 4173 960 4229 historiam
1010 4173 1239 4244 intelligi
1281 4183 1502 4244 potest,
1532 4173 1656 4248 quia
1693 4187 1814 4227 cum
1848 4188 1936 4226 va-

343 4267 582 4322 staverit
631 4265 822 4332 Israel,
875 4277 930 4322 et
958 4268 1112 4338 quasi
1146 4267 1349 4322 diluvio
1395 4277 1594 4321 terram
1645 4265 1936 4336 repromis-

340 4363 514 4419 simuis
538 4363 916 4438 inundaverit,
942 4363 1102 4418 linem
1131 4361 1286 4418 faciet
1314 4362 1663 4434 captivitatis,
1689 4361 1756 4415 ad
1783 4361 1938 4414 sedes

341 4471 466 4530 eum
517 4457 774 4528 pristinas
821 4455 1148 4530 revocando.
1201 4459 1270 4510 At
1309 4455 1642 4522 econtrario,
1689 4454 1937 4508 inimicos

2037 3257 2162 3300 sens
2213 3243 2524 3302 reddidisse
2567 3245 2832 3316 supplicia
2859 3287 2874 3314 ,
2907 3261 2978 3302 ne
3009 3247 3064 3302 in
3101 3255 3370 3308 aeternum
3401 3243 3646 3316 puniret.

2035 3335 2196 3392 Certe
2225 3349 2319 3394 aut
2351 3353 2476 3404 vera
2527 3349 2654 3406 sunt
2685 3355 2804 3410 qua:
2853 3340 3132 3412 prapheue
3177 3341 3500 3412 loquuntur,
3547 3349 3644 3404 aut

2037 3427 2194 3484 falsa.
2225 3427 2282 3486 Si
2315 3445 2444 3486 vera
2473 3441 2602 3498 sunt
2640 3447 2760 3502 quae
2798 3433 2866 3494 de
2905 3433 3198 3498 severitate
3241 3432 3362 3502 ejus
3389 3433 3644 3494 videntur

2037 3521 2220 3578 dicere
2265 3539 2278 3574 :
2321 3522 2428 3594 Ipsi
2474 3523 2732 3580 dixerunt
2770 3541 2784 3578 :
2835 3523 2958 3590 Non
2997 3523 3024 3564 δ
3067 3523 3346 3590 uindicabit
3391 3521 3646 3590 Domina;

2037 3611 2114 3666 bis
2135 3613 2186 3666 in
2209 3613 2436 3686 idipsum
2463 3615 2516 3668 in
2541 3613 2896 3678 tribulatione.
2927 3615 3023 3680 Sin
3047 3623 3230 3682 autem
3257 3615 3388 3670 falsa
3411 3625 3558 3684 sunt,
3585 3621 3646 3680 et

2037 3703 2232 3762 falsum
2281 3705 2384 3762 hoc
2423 3719 2506 3768 est
2532 3707 2674 3778 quod
2703 3707 2924 3776 dicitur,
2971 3707 3094 3764 Non
3133 3717 3412 3778 consurget
3443 3707 3641 3780 duplex

2039 3797 2348 3852 tribulatio:
2374 3797 2506 3854 falsa
2551 3809 2632 3866 est
2681 3815 2818 3870 ergo
2847 3809 2901 3858 et
2929 3799 3226 3868 crudelitas
3265 3799 3386 3870 ejus
3423 3813 3548 3870 qua:
3585 3799 3642 3866 in

2039 3891 2182 3962 Lege
2213 3892 2484 3966 descripta
2525 3903 2628 3952 est.
2679 3893 2834 3964 Quod
2877 3893 2925 3948 si
2969 3909 3162 3956 verum
3189 3903 3314 3962 est,
3345 3901 3402 3948 ut
3433 3905 3639 3962 negare

2039 4003 2144 4042 non
2195 3996 2492 4060 poterunt,
2543 3987 2765 4044 dicente
2815 3989 3078 4060 propheta
3127 4005 3141 4042 :
3187 3986 3312 4044 Non
3360 3985 3648 4054 uindicabit

2043 4077 2296 4132 Dominus
2341 4079 2418 4134 bis
2465 4079 2520 4134 in
2561 4079 2794 4150 idipsum
2841 4080 2894 4134 in
2949 4079 3337 4144 tribulatione:
3371 4093 3506 4150 ergo
3551 4077 3646 4148 qui

2041 4173 2212 4244 puniti
2259 4181 2408 4240 sunt,
2453 4181 2640 4242 postea
2687 4189 2794 4228 non
2849 4173 3167 4242 punientur.
3221 4171 3280 4228 Si
3325 4181 3506 4236 autem
3557 4169 3637 4236 illi

2039 4277 2226 4334 postea
2255 4267 2566 4334 punientur,
2614 4263 2892 4336 Scriptura
2937 4265 3220 4330 mentitur,
3262 4262 3406 4336 quod
3441 4263 3630 4326 dicere

2043 4357 2195 4414 nefas
2224 4365 2328 4414 est.
2360 4357 2708 4428 Receperunt
2739 4373 2871 4428 ergo
2903 4367 2958 4414 et
2988 4357 3080 4430 qui
3113 4359 3166 4412 in
3209 4357 3417 4422 diluvio
3459 4357 3640 4428 perie—

2043 4461 2189 4516 runt,
2221 4463 2270 4506 el
2307 4451 2627 4528 Sodomitte,
2655 4463 2710 4508 et
2741 4451 3010 4524 Egyptii,
3041 4460 3098 4512 et
3128 4450 3388 4508 Israelita:
3417 4449 3472 4516 in
3503 4449 3642 4514 50“?

341 4551 460 4620 ejus
501 4549 762 4624 Assyrios
787 4595 802 4624 ,
847 4551 936 4620 qui
984 4551 1240 4624 populum
1285 4549 1562 4606 duxerunt
1605 4549 1656 4603 in
1707 4549 1936 4620 cnptivi-
1963 4531 2020 4594 Ῑ)
2047 4545 2234 4600 tudine
2260 4585 2276 4610 ,
2305 4544 2446 4598 mala
2473 4559 2574 4600 sua
2606 4545 2658 4598 ill
2691 4535 2806 4610 tilla-
2833 4557 2952 4608 sna.
2983 4541 3198 4612 (luerat
3231 4541 3322 4610 hic
3347 4542 3568 4613 aliquis.
3599 4543 3646 4612 Si

345 4651 534 4710 tatem,
571 4643 810 4712 tenebrae
841 4652 1262 4714 persequentur.
1310 4641 1464 4710 Quod
1493 4649 1674 4694 autem
1703 4639 1942 4696 diximus

343 4735 410 4789 de
459 4735 628 4808 Israel
655 4743 712 4790 et
739 4735 1022 4806 Assyriis,
1069 4733 1308 4806 intelligi
1353 4733 1420 4788 de
1467 4732 1944 4796 consummatione

343 4827 556 4894 mundi,
580 4837 635 4883 et
660 4827 728 4882 de
759 4827 965 4882 sanctis
989 4843 1051 4882 ac
1073 4825 1142 4882 de
1175 4826 1644 4898 persecutoribus,
1669 4827 1786 4880 sive
1813 4841 1943 4880 cou-

343 4921 528 4976 trariis
561 4919 854 4990 virtutibus
897 4926 1098 4990 potest,
1131 4919 1274 4990 quod
1309 4928 1618 4984 sanctorum
1655 4921 1793 4972 [lens
1827 4927 1942 4990 post

345 5014 482 5068 iram
514 5013 884 5078 misereatur;
909 5021 1294 5082 persecutores
1323 5027 1454 5064 vero
1485 5019 1542 5066 et
1573 5011 1821 5066 inimicos
1853 5025 1944 5066 eo-

347 5123 490 5172 rum,
521 5107 608 5178 qui
641 5107 926 5178 elegerunt
959 5105 1244 5176 tenebras,
1280 5117 1334 5158 et
1361 5121 1470 5158 non
1507 5105 1682 5160 lucem
1708 5145 1722 5172 ,
1772 5105 1902 5172 ipsa:
1927 5143 1942 5168 ,

349 5214 484 5274 quas
514 5200 820 5272 elegerunt,
855 5199 1098 5266 tenebrae
1126 5195 1596 5266 comprehendant
1626 5213 1638 5250 :
1667 5195 1946 5250 mittentur

349 5293 494 5352 enim
525 5291 580 5346 in
619 5291 872 5360 tenebras
902 5291 1210 5345 exteriores
1239 5306 1252 5342 :
1287 5289 1362 5343 ibi
1393 5289 1499 5342 erit
1525 5287 1708 5354 ﬂetus,
1739 5299 1791 5342 et
1821 5287 1948 5342 stri—

351 5385 450 5440 dor
473 5384 719 5440 dentium
765 5382 986 5456 (Matth.
1031 5397 1126 5436 vm
1171 5391 1218 5434 et
1253 5381 1414 5452 χχιι).
1465 5381 1698 5436 Verbum
1731 5395 1946 5436 meum

350 5475 620 5568 (nmpn),
645 5475 790 5548 quod
819 5490 919 5530 nos
941 5475 1280 5548 interpretati
1307 5489 1516 5538 sunms,
1544 5473 1644 5526 loci
1665 5477 1806 5546 ejus,
1831 5489 1948 5528 om-

353 5585 448 5625 nes
480 5565 531 5624 in
563 5569 698 5644 duas
738 5569 1004 5642 orationis
1053 5579 1236 5648 partes
1279 5565 1628 5636 diviserunt,
1672 5575 1729 5618 ut
1773 5581 1846 5620 ιιΑ
1895 5565 1946 5620 in

425 5695 450 5722 α
481 5683 720 5740 Palatini
766 5699 924 5748 mss.,
965 5681 1116 5738 LXX
1163 5683 1444 5750 similiter;
1495 5683 1762 5754 silentque
1813 5681 1952 5738 adeo

355 5759 600 5814 subnexa
627 5769 822 5828 eorum
849 5755 1319 5830 interpretationis
1348 5757 1556 5826 verba.‘

2047 4635 2228 4690 ﬁdelis
2259 4635 2638 4706 deprehensus
2669 4637 2720 4690 in
2751 4635 3026 4702 adulterio
3053 4635 3386 4704 decolletur,
3417 4637 3548 4708 quid
3579 4635 3648 4694 de

2046 4743 2112 4783 eo
2149 4739 2334 4798 postea
2365 4728 2476 4784 ﬁat.
2501 4729 2608 4783 Aut
2635 4733 2778 4784 enim
2813 4730 3091 4800 punietur,
3123 4739 3178 4784 et
3203 4727 3398 4788 falsum
3429 4737 3514 4788 est
3541 4729 3648 4792 hoc

2045 4821 2190 4890 quod
2223 4821 2421 4878 dicitur
2457 4841 2468 4876 :
2505 4821 2627 4878 Non
2655 4821 2932 4876 uindicabit
2953 4821 3208 4884 Dominus
3237 4821 3314 4886 bis
3335 4824 3390 4877 in
3413 4823 3646 4892 itlipsum

2048 4915 2098 4968 in
2147 4917 2498 4970 tribulatione.
2537 4919 2644 4972 Ant
2676 4931 2782 4972 non
2815 4917 3094 4986 punietur,
3130 4925 3186 4974 et
3227 4917 3524 4988 optandum
3563 4925 3650 4972 est

2046 5007 2310 5062 adulteris
2337 5049 2352 5074 ,
2383 5017 2443 5072 ut
2489 5009 2542 5064 in
2573 5009 2986 5080 prtesenliarum
3033 5009 3184 5070 brevi
3233 5019 3290 5066 et
3331 5011 3438 5074 cita
3487 5023 3650 5078 potita

2047 5103 2325 5156 cruciatus
2349 5103 2680 5157 frustrentur
2713 5114 2974 5158 aeternos.
3011 5103 3092 5158 Ad
3119 5101 3262 5173 quod
3291 5101 3654 5174 respondebis»

2049 5209 2190 5258 mus,
2225 5193 2393 5252 Deum
2423 5203 2482 5262 ut
2511 5195 2756 5268 omnium
2788 5211 2974 5252 rerum
3003 5237 3018 5264 ,
3067 5195 3138 5248 ita
3171 5203 3226 5250 et
3257 5192 3652 5264 suppliciorum

2049 5302 2268 5362 quoque
2301 5289 2444 5346 scire
2473 5305 2758 5348 mensuras
2783 5331 2799 5356 ,
2833 5299 2889 5346 et
2924 5305 3030 5344 non
3061 5289 3346 5358 praeveniri
3379 5288 3650 5352 sententia

2051 5381 2250 5452 judicis
2277 5425 2290 5450 ,
2325 5397 2426 5438 nec
2475 5383 2554 5442 illi
2607 5385 2658 5438 in
2709 5395 3055 5450 peccatorem
3099 5381 3424 5440 exercenda:
3455 5379 3652 5452 dehinc

2057 5493 2228 5548 pugna:
2279 5477 2485 5534 auferri
2533 5485 2857 5547 potestatem
2888 5519 2904 5542 ,
2954 5487 3008 5534 et
3061 5491 3316 5548 magnum
3365 5485 3650 5548 peccatum

2057 5571 2264 5642 magnis
2289 5571 2672 5642 diuturnisque
2701 5569 2814 5626 elui
2843 5569 3204 5634 cruciatibus.
3236 5570 3293 5626 Si
3323 5569 3444 5640 quis
3469 5575 3652 5634 autem

2133 5685 2160 5722 ι)
2193 5687 2442 5743 Martian.
2486 5687 2715 5742 retinuit
2745 5687 2832 5744 hic
2864 5687 3180 5758 dumtaxat,
3213 5686 3338 5744 Non
3370 5685 3661 5760 judicabit.
