4078 6342
476 217 615 273 1959

1688 219 1747 275 3.
1790 217 2060 276 EUSEBII
2100 216 2486 277 HIERONYMI

3656 218 3791 273 1240

475 334 698 405 punitus
724 328 815 400 sit,
848 345 907 390 ut
929 334 1021 391 ille
1052 335 1106 390 iu
1135 334 1276 405 Lege
1301 334 1394 404 qui
1426 332 1747 389 lsraeliticis
1774 333 2071 389 maledixe-
2101 338 2149 398 Α
2180 350 2305 392 esse
2338 336 2600 391 adversus
2633 335 2801 393 Deum
2834 338 3043 393 malitia
3069 344 3125 392 et
3151 336 3577 406 praevaricatio,
3610 335 3793 391 dicere

476 437 580 497 rat,
614 437 668 483 et
691 429 781 499 qui
810 428 861 483 in
894 429 1121 485 sabbato
1147 428 1291 500 ligna
1320 428 1626 499 collegerat
1653 427 1845 493 (Levit.
1880 428 2031 500 xxn')
2058 446 2071 483 :

478 524 619 579 tales
653 534 836 594 postea
872 539 977 580 non
1028 524 1207 593 puniri
1240 566 1254 591 ,
1289 524 1416 595 quia
1445 523 1603 595 culpa
1652 523 1787 578 levis
1818 524 2077 591 praesenti

474 618 745 686 supplicio
774 626 1130 688 compensata
1163 618 1253 673 sit.
1309 617 1570 673 Hebraeus
1617 618 1762 671 hunc
1794 618 1967 671 locum
2002 616 2076 671 ita

479 713 736 781 exposuit
770 733 782 767 :
812 711 950 780 Quid
982 711 1205 781 putatis,
1235 727 1268 766 ο
1297 711 1533 784 Assyrii,
1565 711 1910 782 iniquitatem
1943 726 2075 766 con-

482 818 561 864 tra
600 811 886 866 Dominum
916 812 1220 881 cogitantes
1244 853 1259 878 ,
1289 812 1434 883 quod
1479 812 1737 882 populum
1782 811 1948 866 Israel
1978 857 1992 881 ,
2024 810 2073 865 id

479 914 563 961 est
588 947 601 966 .
635 904 921 960 duodecim
950 906 1122 961 tribus
1162 922 1334 977 usque
1377 906 1445 961 ad
1487 906 1913 961 internecionem
1962 905 2079 981 ipse

478 1000 805 1054 consumat?
833 998 951 1055 Non
983 1010 1278 1070 consurget
1303 996 1839 1069 duplex’tribulatio,
1870 999 1921 1055 id
1954 1009 2075 1067 est,

474 1107 583 1146 non
631 1094 786 1149 vobis
836 1093 1013 1149 tradet
1039 1093 1234 1149 Judam
1267 1103 1323 1149 et
1353 1094 1567 1150 tlIsrael
1596 1138 1611 1161 ,
1662 1094 1803 1150 sicut
1862 1093 2079 1149 tradidit

478 1184 668 1241 decem
697 1186 877 1240 tribus
906 1197 958 1242 et
990 1186 1324 1243 Samariam.

555 1278 733 1349 (Vers.
770 1280 882 1339 10.)
915 1279 1049 1346 Quia
1095 1280 1225 1334 sicut
1274 1281 1441 1352 spinte
1470 1296 1524 1333 se
1554 1280 1771 1334 invicem
1820 1280 2078 1349 complec-

483 1379 664 1425 tuntur
694 1372 765 1426 sic
793 1371 904 1443 iAl.
934 1373 1007 1426 sic
1031 1371 1259 1444 quidem]
1290 1389 1308 1426 :
1337 1373 1626 1427 convivium
1676 1389 1855 1427 eorum
1879 1374 2074 1444 pariter

481 1468 777 1537 palantium
812 1480 1149 1521 cansumetur
1176 1469 1328 1536 quasi
1370 1470 1569 1535 stipula
1614 1468 1860 1523 ariditate
1903 1469 2078 1540 plena.

480 1556 627 1612 LXX
658 1576 670 1611 :
705 1558 843 1625 Quia
870 1576 1026 1629 usque
1048 1561 1117 1613 ad
1150 1560 1494 1629 fundamenta
1522 1560 1689 1635 544
1717 1579 1814 1615 sua
1846 1564 2084 1632 redigen-

482 1658 566 1703 tur
594 1652 648 1704 in
674 1667 869 1721 vepres,
900 1662 946 1705 et
972 1653 1123 1721 quasi
1164 1652 1369 1707 volvola
1398 1654 1719 1708 circumdata
1760 1655 2079 1717 comedetur,

2177 429 2319 499 quod
2348 428 2691 495 Valentinus,
2718 432 2875 502 quasi
2902 431 3204 485 abortivum
3235 433 3480 487 errantis
3506 429 3795 499 sapientia

2178 533 2485 579 extremum
2520 522 2724 579 editum
2767 524 3127 580 Creatorem?
3158 525 3346 581 Nonne
3381 535 3590 581 c0utra
3623 524 3795 579 Deum

2178 616 2435 687 cogitatio
2464 626 2549 672 est
2574 617 2830 673 Basilidis
2860 618 3195 687 impudicitia
3230 617 3337 691 [ΑΙ.
3372 615 3717 689 impudica].
3748 626 3800 673 et

2180 720 2559 778 portentosum
2604 707 2837 788 ἅϐραξας
2882 723 3103 775 nomen,
3146 712 3288 781 quod
3338 711 3649 780 pra~fertnr
3694 710 3801 765 Do-

2182 802 2330 855 mino
2356 802 2673 856 conditori?
2704 804 2873 857 Porro
2902 807 3029 874 quia
3062 804 3207 861 docti
3241 805 3309 857 ab
3336 805 3607 860 Hebrazis
3651 804 3804 860 volu-

2182 912 2301 950 mus
2332 912 2519 951 eorum
2551 912 2765 967 quoque
2795 897 3141 952 traditionem
3191 898 3384 968 sequi,
3434 908 3497 953 et
3550 898 3766 952 nostris
3787 941 3801 967 ,

2182 989 2235 1045 id
2265 1000 2385 1055 est,
2411 988 2742 1045 Christianis
2784 992 3224 1058 explanationem
3257 992 3512 1048 historice
3544 991 3809 1048 demons-

2182 1082 2647 1151 trare,dicendum
2671 1096 2752 1139 est
2769 1084 2913 1140 :Non
2936 1092 3230 1155 consurget
3248 1084 3453 1156 duplex
3488 1084 3805 1152 tribulatio,

2182 1176 2237 1231 id
2267 1186 2350 1232 est
2371 1219 2386 1244 ,
2420 1192 2528 1232 non
2558 1177 2843 1247 capientur
2872 1177 2941 1231 ab
2967 1177 3209 1249 Assyriis
3240 1178 3363 1232 duae
3402 1178 3594 1232 tribus
3614 1218 3630 1241 ,
3672 1176 3809 1232 sicut

2182 1280 2356 1340 captae
2402 1282 2528 1326 sunt
2555 1271 2768 1326 decem.
2818 1271 3096 1342 Siquidem
3142 1271 3268 1325 dum
3310 1270 3499 1326 adhuc
3556 1274 3618 1325 in
3664 1280 3807 1325 terra

2182 1363 2316 1421 Juda
2348 1374 2473 1419 sunt
2499 1364 2741 1437 Assyrii,
2786 1374 2842 1420 et
2871 1365 3022 1434 quasi
3065 1364 3237 1435 spina:
3267 1380 3325 1419 se
3366 1365 3621 1420 invicem
3658 1380 3808 1418 com-

2185 1457 2532 1528 plectuntur,
2583 1457 2834 1512 laetantes
2878 1466 3039 1529 atque
3087 1458 3429 1528 gaudentes,
3482 1457 3559 1511 ab
3613 1458 3806 1526 angelo

2184 1560 2599 1617 consumentur,
2631 1551 2849 1622 quando
2882 1566 2988 1606 una
3038 1563 3199 1606 nocte
3237 1560 3462 1606 centum
3515 1549 3809 1619 octoginta

2184 1648 2418 1719 quinque
2450 1649 2617 1703 millia
2648 1664 2788 1704 caesa
2813 1660 2936 1704 sunt
2967 1650 3205 1704 hostium
3239 1650 3331 1723 (IV
3362 1650 3501 1722 Reg.
3541 1649 3651 1720 ix).
3686 1648 3808 1702 Pul-

480 1751 529 1795 et
577 1750 723 1813 quasi
773 1744 971 1814 stipula
1024 1744 1272 1798 ariditate
1321 1746 1496 1813 plena.
1554 1744 1689 1801 Tres
1742 1746 2079 1802 dill'erentias
2111 1738 2158 1798 B
2186 1745 2317 1801 chre
2347 1759 2565 1816 quoque
2594 1745 2877 1800 exercitus
2905 1760 3093 1800 eorum
3134 1745 3551 1799 multitudinem
3575 1785 3590 1805 ,
3624 1743 3808 1797 ebrio-

480 1848 615 1904 quas
637 1832 897 1889 Dominus
925 1837 975 1888 in
1000 1836 1253 1903 parabola
1274 1838 1538 1894 sementis
1558 1840 1740 1909 posuit
1756 1838 1917 1910 (Mat.
1943 1841 2083 1910 xui),

480 1939 708 1997 excepta
741 1936 885 1983 terra
920 1928 1087 1996 bona,
1119 1947 1241 2001 qua:
1271 1929 1429 1985 affert
1469 1932 1807 1987 tricesimum
1838 1943 1892 1987 et
1930 1948 2086 1987 sexa-

480 2022 747 2090 gesimum
780 2031 836 2076 et
867 2023 1225 2078 centesimum
1260 2023 1519 2089 fructum,
1554 2026 1771 2081 videtur
1802 2027 1931 2081 mihi
1962 2042 2089 2097 pro-

482 2112 643 2182 pheta
668 2113 963 2182 replicare,
995 2131 1154 2170 unam
1185 2132 1304 2185 qua:
1336 2117 1489 2186 juxta
1520 2118 1662 2172 viam
1698 2118 1961 2173 ceciderit
1988 2161 2003 2185 ,
2034 2129 2089 2175 et

481 2207 647 2262 aliam
674 2225 792 2277 quae
833 2210 979 2264 inter
1024 2210 1236 2279 lapides
1262 2255 1276 2279 ,
1309 2223 1364 2266 et
1392 2212 1608 2266 tertiam
1653 2227 1776 2283 qua:
1807 2214 1947 2268 inter
1974 2213 2086 2284 spi-

487 2320 586 2360 nas
614 2322 630 2358 :
662 2307 803 2373 quod
849 2308 1068 2377 quidem
1118 2318 1173 2363 et
1205 2310 1500 2380 Apostolus
1531 2314 1599 2367 de
1653 2312 1737 2366 his
1782 2315 1873 2382 qui
1924 2329 2089 2381 super

489 2396 906 2454 fundamentum
938 2400 1142 2456 Christi
1176 2418 1281 2457 non
1306 2403 1446 2458 bene
1469 2404 1743 2459 artlificant
1764 2404 1807 2475 (1
1833 2405 1950 2460 Car.
1984 2405 2087 2477 ut),

490 2494 835 2549 suboSIentiit
884 2497 1149 2564 quosdam
1190 2513 1314 2552 esse
1343 2499 1434 2569 qui
1477 2499 1752 2553 a-dilicaut
1782 2500 1962 2569 ligna,
2011 2498 2091 2554 fe-

494 2604 624 2642 num
651 2630 665 2653 ,
698 2590 977 2658 stipulam.
1011 2588 1175 2659 Igitur
1220 2590 1363 2659 ligna
1397 2590 1698 2645 referamus
1724 2592 1789 2646 ad
1821 2592 1871 2646 id
1896 2633 1911 2657 ,
1944 2592 2090 2662 quod

491 2697 636 2737 nunc
663 2683 868 2737 dicitur
902 2701 914 2737 :
951 2683 1089 2751 Quia
1126 2701 1293 2755 usque
1330 2684 1399 2736 ad
1432 2685 1775 2755 fundamenta
1812 2702 1908 2739 sua
1948 2686 2086 2740 redi-

494 2790 682 2849 geritur
710 2780 777 2833 ad
803 2796 996 2849 vepres.
1038 2779 1246 2835 Fenum
1277 2795 1410 2834 vero
1440 2780 1508 2834 ad
1541 2780 1593 2835 id
1622 2781 1765 2851 quod
1794 2782 2041 2851 sequitur
2076 2800 2087 2834 :

497 2871 565 2926 Et
594 2873 726 2927 sicut
771 2874 972 2926 volvola
1000 2891 1118 2945 qua:
1149 2874 1528 2939 circumdatur,
1556 2873 1871 2928 comedetur.
1918 2877 2091 2928 Porro

494 2967 694 3034 stipula
726 2966 1009 3021 manifeste
1038 2967 1278 3022 refertur
1310 2967 1376 3021 ad
1408 2967 1686 3036 stipulam,
1720 2968 1787 3023 de
1816 2983 1921 3031 qua
1948 2985 2091 3024 nunc

498 3056 698 3113 dicitur
734 3076 747 3113 :
782 3057 849 3112 Et
881 3061 1015 3113 sicut
1054 3059 1253 3132 stipula
1292 3061 1536 3115 ariditate
1564 3062 1741 3132 plena.
1790 3061 2087 3132 Propterea

497 3166 627 3221 ergo
670 3166 776 3206 non
817 3127 1134 3206 vindiCabit'
1158 3152 1418 3208 Dominus
1460 3153 1543 3209 bis
1564 3127 1628 3208 riu
1660 3127 1938 3224 idipsumt,
1968 3156 2093 3225 quia
2120 3127 2165 3187 Ο

497 3243 703 3297 malitia
756 3260 875 3314 qum
928 3245 979 3297 in
1032 3246 1348 3299 auctoribus
1396 3245 1672 3301 haereseos
1724 3256 1844 3301 orta
1877 3247 2091 3313 fuerat,

500 3352 674 3407 usque
704 3338 767 3389 ad
800 3336 1211 3392 fundamentum
1262 3347 1318 3393 et
1362 3338 1428 3393 ad
1476 3338 1690 3393 radices
1720 3354 1849 3393 suas
1895 3354 2096 3395 consu—

496 3439 697 3484 metur.
733 3429 838 3485 Sed
871 3439 925 3485 et
954 3431 1000 3484 si
1032 3431 1156 3501 quis
1185 3432 1238 3485 in
1269 3434 1349 3486 eis
1378 3431 1664 3486 videbatur
1715 3448 1966 3501 pompam
1999 3435 2096 3487 lia-

498 3524 629 3579 bere
657 3525 975 3589 verborum,
1008 3524 1058 3578 id
1090 3534 1193 3585 est,
1230 3524 1355 3579 folia
1387 3525 1595 3591 inania,
1630 3533 1843 3580 tantum
1878 3536 2096 3596 aspectu

500 3618 855 3681 delectantia,
881 3617 1019 3672 sicut
1044 3618 1283 3682 volvola,
1312 3635 1431 3687 qua:
1454 3618 1647 3675 Graece
1672 3618 1867 3673 dicitur
1888 3621 2095 3691 σμίλαξ,

499 3710 871 3776 devorabitur,
902 3722 955 3766 et
982 3722 1333 3767 constituetur
1361 3712 1412 3766 in
1443 3712 1696 3766 nihilum.
1732 3712 1954 3766 Volvola
1988 3712 2096 3785 [ΑΙ.

500 3803 755 3877 Vulvula]
800 3813 982 3860 autem
1028 3804 1193 3860 herba
1225 3816 1309 3860 est
1340 3804 1535 3859 similis
1560 3804 1804 3873 hederae,
1833 3820 1951 3874 quae
1979 3806 2102 3859 viti-

500 3896 603 3950 bus
632 3906 687 3951 et
714 3896 965 3966 virgultis
991 3897 1325 3951 circumdari
1354 3896 1516 3963 solet,
1564 3905 1619 3951 et
1650 3898 1702 3951 in
1737 3897 1956 3967 longum
1986 3913 2101 3951 ser-

502 4004 653 4057 pere.
681 3987 951 4053 Quidquid
983 3990 1149 4042 etiam
1176 3986 1229 4041 in
1262 3989 1340 4042 eis
1370 3988 1587 4043 videtur
1616 3990 1821 4044 habere
1848 4006 2100 4060 pompam

502 4079 704 4147 segetis
722 4121 735 4139 .
760 4080 855 4133 sed
874 4094 978 4135 non
1006 4079 1167 4134 habet
1187 4082 1367 4150 spicas
1391 4090 1447 4135 et
1466 4096 1631 4151 grana
1648 4082 1922 4144 frumenti,
1947 4081 2101 4151 quasi

499 4174 703 4244 stipula
734 4174 987 4230 ariditate
1031 4176 1215 4245 plena,
1260 4180 1502 4231 tradetur
1543 4176 1817 4231 incendio.
1852 4177 1966 4233 Hoc
2011 4190 2101 4231 se-

502 4269 741 4324 cundum
795 4268 1180 4339 Septuaginta.
1229 4269 1498 4325 Ca-terum
1548 4272 1699 4338 juxta
1751 4270 2099 4335 llebraicnm,

503 4375 634 4415 vere
677 4362 1059 4415 hal‘relicnrum
1108 4359 1312 4417 fmdera
1362 4371 1416 4417 et
1472 4361 1903 4415 necessitudines
1946 4361 2102 4431 quasi

503 4454 676 4523 spina:
703 4462 827 4507 sunt
854 4468 911 4507 se
944 4453 1175 4509 invicem
1204 4454 1635 4523 cetnplectentes
1661 4496 1675 4519 ,
1708 4465 1761 4508 et
1792 4454 2099 4508 convivium

502 4561 691 4600 eorum
720 4556 882 4615 atque
913 4547 1192 4617 mysteria,
1226 4547 1357 4617 quia
1402 4556 1457 4599 et
1499 4545 1602 4613 ipsi
1652 4560 1893 4599 mensam
1924 4545 2101 4600 domi—
2131 4519 2180 4578 D

502 4640 680 4696 nit-ani
715 4640 921 4695 habere
949 4656 1007 4695 se
1033 4640 1246 4709 dicunt,
1278 4640 1557 4709 spinarum
1591 4638 1771 4695 fcedus
1803 4650 1909 4707 est,
1940 4641 2098 4695 simul

502 4733 863 4803 vescentium,
896 4735 1210 4803 pariterque
1242 4733 1567 4799 potantium.
1601 4731 1734 4787 Cum
1765 4734 1909 4789 enim
1956 4735 2099 4789 ebrii

504 4827 572 4882 de
603 4830 758 4882 vinea
809 4828 1170 4883 Sodomorum
1217 4826 1483 4880 adversus
1524 4826 1863 4881 conditorem
1908 4827 2101 4882 rabido

502 4938 597 4978 ore
647 4925 1062 4992 blasphemant,
1112 4937 1293 4977 nonne
1337 4923 1643 4977 Convivium
1694 4926 1927 4979 seutium
1972 4927 2102 4981 est?

500 5015 644 5085 quod
679 5026 857 5069 tamen
887 5031 1009 5069 cum
1041 5016 1154 5069 suis
1184 5026 1539 5070 consumetnr
1566 5016 1911 5084 auctoribus,
1946 5019 2102 5089 quasi

502 5106 702 5171 stipula
733 5107 990 5161 ariditate
1021 5107 1202 5178 pii-na.

572 5198 752 5267 (Vers.
783 5199 896 5269 11.)
925 5198 1006 5253 Ea:
1033 5211 1078 5254 te
1106 5202 1243 5253 enim
1270 5201 1427 5255 exibit
1455 5206 1691 5273 cogitans
1714 5215 1894 5258 contra
1918 5202 2103 5258 Domi-

502 5307 629 5343 num
670 5290 961 5359 malitiam,
1006 5301 1174 5346 mente
1225 5303 1550 5362 pertractans
1595 5298 2095 5367 pwvaricationem.

499 5385 644 5440 LXX
670 5404 683 5438 :
710 5384 794 5439 Ex
824 5396 871 5440 te
900 5386 1057 5440 exibit
1087 5389 1332 5459 cogitatio
1360 5399 1539 5443 contra
1565 5389 1849 5445 Dominum
1877 5394 2098 5459 pessima

497 5480 727 5548 cogitans
757 5482 1037 5535 contraria.
1068 5481 1206 5537 Vere
1236 5484 1305 5537 ab
1330 5482 1605 5538 htereticis
1636 5485 1803 5538 exibit
1831 5486 2099 5541 adversus

495 5570 784 5628 Dominum
816 5573 977 5647 545
1009 5576 1229 5633 inimica
1274 5577 1555 5648 cogitatio.
1596 5580 1676 5633 An
1724 5596 1834 5635 non
1881 5581 2095 5638 videtur

2189 1853 2310 1893 rum
2343 1838 2594 1892 convivio
2630 1840 3001 1907 comparavit,
3031 1845 3087 1892 et
3116 1838 3292 1907 ipsum
3325 1836 3663 1892 convivium
3704 1853 3807 1890 non

2188 1946 2468 1997 rosarum,
2508 1946 2614 1986 non
2656 1931 2889 1985 liliorum
2920 1931 3058 1986 dixit
3100 1946 3222 1987 esse
3244 1973 3258 1998 ,
3287 1945 3395 1986 non
3427 1930 3641 1985 [lorum
3670 1945 3686 1995 ;
3718 1930 3809 1985 sed

2190 2024 2370 2079 simile
2422 2023 2698 2095 spinarum
2749 2039 2808 2080 se
2854 2025 3088 2080 invicem
3122 2024 3649 2094 complectentium,
3692 2038 3807 2093 qua:

2190 2130 2407 2186 semper
2461 2114 2747 2171 traduntur
2790 2116 2941 2185 igni,
2993 2126 3048 2170 et
3085 2117 3240 2188 quasi
3286 2117 3492 2188 stipula
3550 2115 3808 2171 ariditate

2192 2210 2372 2281 plena,
2403 2208 2505 2264 levi
2530 2212 2925 2265 comburuntur
2955 2210 3176 2265 ardore.
3206 2211 3361 2276 Quod
3390 2218 3586 2266 autem
3619 2210 3805 2280 sequi-

2192 2313 2279 2359 tur
2312 2323 2323 2358 :
2358 2304 2441 2359 Ex
2471 2313 2518 2358 te
2543 2306 2699 2360 exibit
2726 2306 2959 2377 cogitans
2989 2315 3173 2359 contra
3203 2305 3489 2359 Dominum
3524 2304 3803 2371 malitiam,

2192 2410 2358 2453 mente
2398 2409 2718 2470 pertractans
2762 2400 3243 2472 prtevaricationem
3289 2398 3445 2473 (Isai.
3482 2402 3704 2466 XXXVI),
3742 2398 3804 2454 de

2192 2491 2438 2547 Rabsace
2471 2492 2707 2561 intelligi
2738 2492 2949 2558 Volunt,
2974 2492 3117 2562 quod
3146 2492 3215 2547 de
3241 2490 3487 2563 Assyriis
3523 2504 3799 2559 egressus,

2193 2585 2653 2655 blasphemaverit
2704 2585 3033 2647 Dominum,
3086 2594 3141 2639 et
3206 2585 3411 2655 populo
3462 2584 3801 2655 persuadere

2194 2681 2461 2744 voluerit,
2508 2690 2567 2734 ut
2602 2681 2899 2749 desperans
2940 2679 3008 2734 de
3048 2679 3255 2734 auxilio
3306 2677 3551 2741 Domini,
3598 2694 3659 2731 se
3702 2676 3801 2732 As-

2194 2776 2357 2845 syriis
2412 2774 2688 2842 traderet,
2738 2789 2846 2828 non
2902 2773 3058 2841 Deo,
3110 2772 3209 2827 sed
3267 2771 3433 2827 idolis
3492 2771 3799 2828 serviturus

2193 2868 2282 2939 (IV
2321 2867 2447 2939 Reg.
2475 2866 2650 2939 xvm).

2266 2963 2453 3033 (Vt-rs.
2492 2964 2728 3037 11,13.)
2759 2963 2883 3018 Htec
2910 2963 3035 3017 dicit
3062 2961 3341 3030 Dominus,
3373 2964 3417 3017 si
3448 2962 3673 3034 perfecti
3701 2964 3801 3032 fue-

2196 3059 2320 3125 rint,
2354 3067 2401 3113 et
2430 3060 2505 3112 ita
2536 3058 2713 3127 plures
2732 3074 2752 3113 :
2782 3060 2856 3112 sic
2877 3074 3079 3130 quoque
3100 3058 3435 3112 attondentur
3460 3068 3514 3113 et
3539 3067 3800 3125 pertrans-

2200 3152 2291 3205 ibit
2316 3168 2334 3205 :
2357 3152 2514 3222 afﬂixi
2537 3160 2606 3217 te,
2636 3159 2684 3205 et
2714 3166 2813 3206 non
2841 3153 3077 3223 afﬂigant
3110 3163 3156 3206 te
3176 3152 3317 3205 ultra
3343 3167 3361 3205 :
3392 3161 3439 3204 et
3460 3166 3605 3204 nunc
3632 3160 3796 3203 conte-

2200 3263 2314 3299 ram
2342 3246 2536 3316 virgam
2570 3248 2681 3318 ejus
2705 3245 2769 3299 de
2800 3246 2956 3299 dorso
2983 3254 3096 3310 tuo,
3126 3258 3172 3298 et
3199 3243 3409 3297 vincula
3442 3258 3537 3296 tua
3566 3243 3798 3296 disrum-

2200 3357 2340 3412 pam.
2383 3339 2557 3394 LXX:
2589 3339 2644 3393 Η
2649 3357 2721 3394 (rc
2748 3340 2873 3395 dicit
2894 3337 3148 3394 Dominus
3178 3355 3404 3413 regnans
3432 3338 3589 3405 aquis
3612 3336 3794 3399 multis,

2202 3443 2247 3487 et
2271 3434 2345 3487 sic
2358 3433 2675 3499 dividentur,
2703 3443 2750 3487 e:
2773 3433 2985 3488 auditus
3009 3444 3130 3488 tuus
3152 3450 3252 3487 non
3280 3433 3529 3487 audietur
3556 3429 3794 3502 amplius,

2200 3537 2250 3581 et
2282 3542 2417 3580 nunc
2446 3538 2707 3580 conteram
2737 3526 2935 3597 virgam
2976 3528 3089 3596 ejus
3136 3543 3169 3579 a
3211 3536 3294 3579 te:
3346 3534 3394 3579 et
3433 3522 3652 3579 vincula
3696 3522 3797 3593 ejus

2203 3618 2548 3688 disrumpam.
2604 3618 2770 3674 Juxta
2812 3621 3051 3675 litteram
3084 3620 3411 3674 manifestus
3442 3627 3529 3673 est
3571 3627 3793 3672 sensus:

2204 3711 2387 3776 Licet,
2427 3712 2638 3783 inquit,
2673 3715 2884 3768 robusti
2919 3713 3029 3767 sint
3060 3712 3306 3784 Assyrii,
3337 3721 3389 3767 et
3420 3709 3690 3766 fortitudo
3714 3722 3796 3761 eo-

2205 3822 2326 3860 rum
2389 3822 2622 3861 numero
2690 3818 2956 3877 augeatur
3023 3814 3346 3860 cunctarum
3394 3804 3680 3874 gentium:
3724 3799 3792 3853 sic

2203 3915 2427 3971 quoque
2456 3900 2653 3971 angelo
2679 3910 2930 3954 vastante
2950 3942 2965 3965 ,
3000 3900 3316 3955 tondentur.
3345 3896 3641 3967 Quomodo
3662 3893 3791 3949 enim

2205 4011 2468 4050 numerus
2497 3996 2822 4066 capillorum
2845 4004 3019 4050 acuta:
3045 3994 3233 4064 forcipi
3262 4008 3367 4048 non
3398 4003 3697 4062 repugnat:
3730 3990 3789 4041 ita

2204 4098 2258 4143 et
2286 4104 2547 4143 numerus
2577 4088 3016 4143 adversariorum
3044 4086 3158 4152 Dei,
3190 4084 3339 4140 facili
3373 4085 3680 4141 succisione
3704 4079 3790 4134 tol-

2206 4179 2368 4245 letur,
2402 4188 2455 4233 et
2486 4179 2842 4248 pertransibit
2871 4184 3065 4243 Assur,
3097 4179 3177 4234 vel
3214 4192 3337 4232 esse
3362 4177 3633 4242 desistet,
3666 4173 3788 4233 sive,

2204 4280 2421 4324 vastato
2444 4273 2689 4327 exercitu
2718 4286 2841 4337 suo,
2874 4280 3186 4326 revertetur
3216 4272 3283 4324 ad
3321 4271 3578 4339 patriam.
3611 4280 3661 4322 te
3682 4280 3788 4320 so.»

2209 4366 2373 4433 pitem
2403 4366 2816 4435 derelinquens.
2872 4365 3218 4436 Rursumque
3246 4367 3313 4419 ad
3339 4364 3529 4419 ludam
3559 4373 3613 4420 et
3644 4361 3786 4418 Jeru-

2207 4458 2375 4514 salem
2407 4473 2590 4513 scrmo
2617 4459 2907 4529 dirigitur:
2943 4459 3135 4529 Amissi,
3172 4467 3239 4521 te,
3274 4467 3320 4511 et
3353 4456 3517 4530 546
3536 4474 3637 4511 non
3665 4452 3791 4523 affli-

2208 4572 2323 4627 gam
2348 4563 2393 4608 te
2416 4556 2555 4608 ultra
2575 4570 2594 4609 :
2636 4569 2740 4608 non
2780 4552 2925 4621 quod
2956 4544 3275 4623 perpetuam
3307 4552 3660 4608 securitatem
3682 4545 3788 4618 pol-

2209 4648 2461 4713 liceatur,
2501 4647 2594 4701 sed
2631 4647 2775 4701 illius
2808 4655 3018 4701 tantum
3054 4646 3357 4717 temporis,
3401 4656 3454 4700 et
3484 4646 3552 4697 ab
3577 4643 3683 4699 illis
3704 4643 3787 4693 bo-

2207 4741 2381 4796 stihus
2422 4756 2451 4794 a
2484 4738 2680 4808 quibus
2729 4747 2861 4793 tunc
2904 4738 3280 4793 ob~idebatur.
3325 4738 3569 4808 Denique
3602 4735 3784 4791 infert:

2206 4835 2275 4888 Et
2319 4850 2456 4887 nunc
2500 4842 2763 4886 conteram
2813 4834 3009 4903 virgam
3052 4835 3187 4903 ejus,
3237 4832 3287 4885 id
3315 4840 3419 4893 est,
3466 4826 3698 4900 Assyrii,
3727 4824 3786 4876 de

2208 4927 2377 4981 dorso
2404 4936 2519 4992 tuo,
2552 4935 2607 4979 et
2637 4924 2851 4979 vincula
2884 4934 2974 4978 tua
3005 4923 3345 4992 disrumpam
3371 4939 3385 4975 :
3420 4921 3501 4975 vel
3528 4936 3622 4990 per
3642 4926 3786 4973 meta-

2208 5021 2435 5092 phoram
2474 5029 2800 5089 potestatem
2833 5018 2955 5088 ejus
2986 5017 3343 5088 signiﬁcans:
3386 5018 3471 5070 vel
3499 5024 3665 5080 certe,
3693 5013 3787 5063 vir-

2204 5130 2325 5186 gam
2360 5130 2465 5184 qua
2497 5127 2786 5182 percutere
2827 5112 3157 5175 conabatur,
3187 5118 3242 5165 et
3268 5111 3484 5165 vincula
3528 5125 3645 5177 qute
3673 5118 3783 5171 cup-

2206 5210 2334 5265 tivis
2385 5208 2639 5278 parabat:
2692 5221 3004 5275 quanquam
3043 5206 3215 5275 possit
3255 5213 3310 5261 et
3350 5204 3562 5259 obsidio
3602 5202 3782 5257 clausa:

2205 5302 2573 5357 multitudinis
2606 5316 2704 5368 pro
2740 5301 2978 5354 vinculis
3023 5300 3223 5367 accipi.
3267 5299 3441 5353 Porro
3478 5296 3628 5364 juxta
3654 5285 3779 5347 LXX

2203 5394 2377 5448 multo
2409 5393 2568 5448 aliter
2599 5402 2684 5448 est
2706 5407 2923 5447 sensus.
2969 5391 3162 5445 Adhuc
3188 5389 3333 5445 enim
3358 5389 3576 5442 videtur
3604 5385 3779 5439 adver-

2199 5503 2295 5543 sus
2326 5503 2422 5544 eos
2452 5488 2623 5557 loqui,
2658 5487 2856 5558 quibus
2883 5501 3050 5557 supra
3079 5484 3303 5539 dixerat
3328 5501 3341 5538 :
3398 5482 3540 5548 Quid
3562 5475 3779 5552 cogitatis

2199 5592 2381 5639 contra
2427 5583 2751 5638 Dominum?
2799 5582 2904 5638 Et:
2958 5580 3041 5635 Ea:
3083 5590 3131 5634 te
3167 5578 3325 5633 exibit
3348 5576 3596 5647 wgitatio
3623 5580 3777 5629 contra

565 5772 591 5801 ει
619 5761 709 5819 Sic
747 5764 950 5822 rectius
978 5765 1177 5823 habent
1218 5782 1349 5823 mss.
1390 5767 1562 5821 Antea
1594 5764 1887 5821 Jerusalem
1922 5767 2202 5839 legebatur
2234 5785 2247 5824 :
2276 5766 2543 5840 ejusmodi
2610 5766 2754 5823 levia
2802 5766 3056 5838 quaedam
3106 5764 3245 5820 intra
3299 5763 3657 5820 restituimus.
