4078 6342
317 305 448 363 ΗΜ

1201 307 1852 377 COMMENTARIOIIUM
1895 308 1958 365 IN
2001 308 2192 364 NAUM
2223 310 2445 369 LIBER.
2481 315 2634 373 CAP.
2671 318 2712 374 I.

3472 315 3612 372 1249.

311 423 592 480 Dominum
619 430 844 497 pessima
867 469 881 495 ,
910 431 1145 503 cogitans
1177 433 1460 487 contraria.
1517 431 1648 486 llaec
1674 444 1804 500 ergo
1825 427 1911 482 di-
1936 426 1991 486 A
2016 425 2136 482 Erit
2183 430 2440 501 sculptile
2489 441 2544 488 et
2569 435 2852 493 conﬂatile
2881 436 3192 508 sepulcrum
3228 446 3409 508 tuum,
3443 444 3500 491 ut
3531 437 3613 491 in-

311 518 382 573 cit
409 518 674 575 Dominus
715 537 952 593 regnans
995 527 1150 596 aquis
1187 527 1408 591 multis,
1443 526 1558 582 sive
1591 525 1906 589 virtutibus,

311 627 433 680 quae
461 611 717 668 dicuntur
747 633 900 684 aqua:
933 632 1097 685 super
1127 621 1301 675 caelos
1329 637 1342 674 :
1375 630 1428 674 et
1463 619 1776 689 przecipitur
1801 619 1906 682 eis,

308 715 367 760 ut
391 705 616 762 laudent
650 709 975 766 Dominum:
1028 714 1112 767 vel
1144 725 1294 769 certe
1333 714 1704 768 intelleCIibns
1733 723 1788 768 et
1815 728 1907 767 sa-

309 798 531 868 pientia:
583 807 640 854 et
685 803 951 858 doctrinis
1009 805 1120 860 Dei.
1176 806 1328 862 Sicut
1371 811 1521 863 enim
1571 809 1792 862 llumina
1839 807 1907 862 de

309 901 504 950 ventre
532 895 669 966 justi
701 895 870 954 lluent
896 943 910 968 ,
945 911 999 956 et
1039 899 1223 956 fontes
1251 902 1447 958 uberes
1477 903 1528 958 in
1553 904 1718 958 vitam
1746 913 1908 959 acter-

309 1004 469 1053 ttam,
521 1005 620 1061 per
667 993 845 1048 varias
892 995 1330 1067 multiplicesque
1359 999 1682 1064 sententias,
1713 997 1907 1068 quibus

309 1079 547 1152 imperat
575 1097 759 1140 sermo
789 1086 1006 1142 Domini
1039 1086 1218 1161 (Joan.
1244 1088 1364 1162 vit):
1394 1091 1466 1145 ita
1491 1089 1690 1145 habent
1716 1102 1768 1145 et
1797 1090 1908 1144 lue-

307 1174 605 1232 resiarcliae
633 1193 805 1246 aquas
833 1195 959 1235 suas
979 1226 992 1249 ,
1041 1183 1239 1250 quibus
1273 1185 1574 1254 imperant,
1609 1191 1666 1238 et
1693 1199 1814 1253 quae
1839 1199 1905 1240 ex

308 1284 503 1324 eorum
551 1271 786 1341 primum
840 1276 990 1330 lonle
1043 1288 1353 1333 manarunt.
1419 1279 1572 1346 Quod
1609 1288 1789 1334 autem
1820 1293 1908 1334 se-

306 1361 535 1433 quitur:
566 1363 631 1417 Et
669 1367 742 1418 sic
782 1367 1100 1433 dividentur,
1142 1371 1229 1424 vel
1261 1371 1328 1425 de
1355 1372 1669 1426 caelestibus
1699 1387 1818 1441 quae
1851 1372 1904 1426 in

306 1458 565 1524 supernis
617 1457 730 1514 Deo
777 1461 1026 1516 serviunt
1072 1463 1366 1519 virtutibus
1415 1465 1642 1536 intelligi
1681 1473 1902 1536 potest;

305 1550 452 1620 quitd
483 1567 818 1624 unaquaique
845 1556 898 1609 in
929 1571 1029 1610 suo
1061 1556 1246 1614 ofﬁcio
1273 1559 1346 1614 sit
1374 1569 1429 1614 et
1452 1560 1784 1624 ministerio,
1816 1559 1903 1615 vel

305 1642 377 1698 de
406 1645 696 1716 multiplici
739 1649 1004 1704 varietate
1032 1653 1335 1723 sapientiai.
1389 1653 1464 1708 Ne
1505 1654 1630 1724 quia
1663 1655 1900 1718 dixerat,

306 1754 536 1808 regnans
555 1741 702 1811 aquis
729 1742 1194 1809 multis,conlusus
1217 1748 1614 1804 etindiscretus
1645 1763 1902 1804 sensuum

308 1844 573 1886 numerus
608 1843 926 1902 putaretur:
969 1839 1062 1892 sed
1094 1839 1238 1908 quod
1269 1856 1606 1912 unaquaeque
1633 1843 1902 1898 sententia

306 1921 516 1978 divisos
547 1923 742 1980 habeat
773 1930 917 1984 inter
941 1945 999 1986 se
1032 1947 1230 1988 sensus
1251 1941 1309 1988 et
1335 1945 1615 2004 separatas
1648 1937 1904 1991 materias

306 2019 673 2090 propriasque
699 2023 990 2087 ὑποθέσεις.
1033 2026 1163 2081 Nam
1197 2029 1344 2100 quod
1379 2029 1579 2084 dicitur
1611 2049 1624 2084 :
1682 2031 1904 2086 Auditus

307 2122 431 2166 tuus
461 2129 565 2168 non
585 2113 828 2170 audietur
851 2118 1100 2190 amplius,
1135 2122 1437 2191 increpatio
1465 2131 1551 2178 est
1583 2125 1633 2177 in
1661 2139 1754 2178 eos
1773 2166 1787 2191 ,
1812 2125 1901 2194 qui

307 2207 580 2264 adversus
613 2210 781 2264 Deum
809 2216 1083 2269 contraria
1111 2216 1512 2286 cogitaverant,
1546 2217 1690 2288 quod
1721 2229 1907 2273 os:en-

309 2300 388 2354 sis
434 2301 860 2371 sophismatibus
910 2318 964 2359 et
994 2307 1524 2379 decipuliehqnibus
1550 2309 1644 2364 Dei
1672 2311 1906 2379 populus

308 2393 686 2464 irretiebatur,
739 2414 922 2454 sermo
972 2415 1164 2456 eorum
1215 2402 1355 2456 ultra
1408 2417 1514 2456 non
1564 2413 1770 2470 currat,
1805 2418 1904 2457 nec

306 2491 643 2559 suscipiatur
690 2508 719 2547 a
766 2494 1001 2564 populis.
1057 2493 1168 2550 Sed
1196 2496 1381 2552 ethoc
1409 2496 1782 2567 quodinlert:
1837 2495 1905 2551 Et

304 2600 444 2637 nunc
476 2595 741 2642 conteram
785 2589 982 2662 virgam
1029 2606 1139 2654 eius
1179 2608 1210 2644 a
1249 2598 1316 2657 te,
1365 2601 1410 2644 et
1445 2591 1650 2645 vincula
1673 2601 1760 2644 tua
1791 2591 1902 2645 dis-

304 2694 569 2748 rumpunt,
602 2695 703 2751 pro
734 2681 864 2752 ipsis
895 2683 1099 2738 dicitur
1124 2683 1318 2753 quibus
1349 2685 1408 2738 lit
1438 2685 1815 2752 comminatio,
1848 2693 1905 2738 ut

310 2785 653 2841 nequaquam
699 2773 982 2828 caedantur
1012 2791 1040 2828 a
1073 2775 1315 2840 diabolo,
1348 2787 1402 2829 et
1429 2777 1479 2831 ei
1512 2776 1741 2846 subjecti
1771 2777 1899 2842 sint,

307 2879 419 2934 quo
471 2878 698 2920 auctore
749 2876 899 2922 tanta
941 2869 1383 2938 excogitaveraut
1425 2879 1587 2940 atque
1627 2872 1904 2924 conlinxe‘

307 2967 458 3012 rant.
499 2957 828 3016 Conteretur
851 2976 980 3030 ergo
1005 2963 1291 3033 imperium
1325 2962 1520 3032 ejns'in
1545 2978 1642 3018 eos
1670 2979 1682 3016 :
1714 2975 1763 3018 et
1790 2964 1905 3017 vin-

305 3051 432 3107 cula
459 3053 657 3122 quibus
688 3056 1034 3124 peccantium
1071 3057 1265 3110 anima:
1303 3056 1631 3127 ligabantur,
1664 3056 1905 3111 disrum-

307 3157 510 3215 penlur
561 3165 590 3202 a
638 3164 894 3206 sermone
944 3150 1070 3218 Dei,
1105 3150 1319 3206 dicente
1346 3151 1432 3206 his
1468 3151 1636 3222 quiin
1670 3151 1904 3206 vinculis

307 3248 457 3303 sunt,
491 3242 654 3298 exite.

381 3331 560 3404 (Vers.
597 3334 707 3406 I4.)
763 3335 827 3390 Et
873 3336 1135 3408 praecipiet
1178 3345 1356 3391 contra
1405 3335 1584 3410 [ναις.
1635 3339 1814 3412 super]
1855 3347 1902 3393 te

308 3424 589 3495 Dominus,
617 3447 718 3484 non
740 3431 1083 3485 seminabitur
1111 3448 1174 3486 ex
1201 3432 1406 3485 nomine
1435 3441 1522 3486 tuo
1554 3433 1778 3502 amplius
1802 3449 1819 3486 :
1842 3432 1906 3488 de

306 3519 466 3575 domo
492 3522 652 3596 547
688 3524 779 3578 Dei
800 3526 876 3579 tui
904 3526 1212 3596 inter/icium
1251 3525 1492 3596 sculptile
1523 3535 1569 3579 et
1597 3525 1901 3596 con/Iatile:

305 3629 496 3686 ponam
521 3615 812 3684 sepulcrum
859 3627 1037 3670 tuum:
1092 3617 1213 3684 quia
1249 3615 1593 3670 inhonoratus
1621 3635 1690 3670 es.
1718 3617 1858 3672 LXX
1887 3635 1900 3671 :

305 3703 378 3758 Et
421 3708 689 3778 prtecipiet
729 3709 790 3762 de
821 3717 869 3763 te
909 3706 1204 3762 Dominus:
1233 3725 1334 3760 non
1357 3708 1694 3762 seminabitur
1725 3726 1787 3764 ex
1810 3725 1908 3764 no—

303 3798 446 3851 mine
492 3809 578 3853 tua
605 3800 832 3868 amplius
861 3816 878 3852 :
909 3799 973 3852 de
1005 3800 1158 3852 domo
1191 3797 1282 3852 Dei
1315 3799 1392 3851 tui
1427 3798 1725 3871 disperdam
1765 3802 1903 3855 scul-

306 3889 492 3959 ptilia,
543 3903 588 3943 et
617 3893 954 3961 con/latitia:
1010 3908 1201 3960 ponam
1241 3894 1532 3964 sepulcrum
1584 3896 1904 3961 qumuyuia

303 3987 504 4038 veloces
527 4001 544 4050 ;
586 4002 699 4039 ecce
728 4003 882 4057 super
912 3997 1108 4040 montes
1130 3987 1286 4056 pedes
1315 3987 1717 4057 erangelizantis
1749 3999 1794 4042 et
1809 4005 1902 4041 att-

305 4078 600 4132 nuntiantis
646 4096 847 4146 pacem.
895 4079 1024 4135 Ideo
1065 4081 1183 4150 plus
1231 4079 1384 4150 posui
1434 4080 1503 4134 de
1543 4079 1904 4150 Septuaginta

305 4170 742 4237 interpretibus,
787 4172 1050 4242 quoniam
1097 4171 1334 4227 secunda
1384 4177 1630 4248 περικοπή
1662 4191 1690 4225 a
1735 4173 1904 4242 priori

306 4249 414 4316 non
449 4270 664 4332 poterat
691 4265 954 4333 separari.
1010 4265 1067 4319 ltt
1096 4281 1162 4320 eo
1184 4266 1328 4318 enim
1360 4266 1506 4336 quod
1535 4264 1752 4333 dicitur,
1783 4268 1903 4334 quia

305 4354 648 4411 inhonorata:
673 4376 748 4424 es,
785 4373 884 4429 pro
915 4375 1022 4428 quo
1040 4359 1228 4429 quinta
1256 4359 1428 4414 editio
1448 4362 1629 4430 posuit
1657 4359 1735 4416 ὅτι
1757 4362 1906 4436 ὑϐρί-

306 4449 464 4510 σθης.
510 4447 865 4522 Septuaginta
898 4453 1325 4506 transtulerunt:
1357 4453 1477 4514 quia
1504 4451 1720 4516 veloces,
1754 4455 1901 4522 quod

308 4543 361 4594 in
397 4541 666 4597 ilebraico
706 4544 901 4614 legitur
941 4560 1027 4602 cui
1065 4561 1308 4600 cauom
1337 4530 1494 4634 (n‘Sp
1520 4547 1628 4615 7:).
1694 4546 1902 4601 Veloces

304 4645 488 4688 autem
543 4635 651 4689 nisi
702 4638 767 4690 ad
817 4636 1096 4692 inferioris
1133 4637 1357 4706 capituli
1402 4638 1560 4708 pedes
1604 4640 1894 4707 retuleris,

306 4727 830 4798 pendetsenlentia.
863 4731 1212 4801 Itaquejuxla
1239 4733 1689 4788 cottstteludinem
1724 4749 1898 4788 meam

307 4822 542 4890 primum
576 4822 882 4890 historiam,
915 4837 970 4880 et
1000 4835 1187 4894 postea
1222 4827 1460 4896 \‘ulgatze
1489 4829 1748 4882 editionis
1774 4844 1901 4882 sen-

307 4916 536 4970 tentiam
564 4918 863 4973 ventilabo.
916 4918 1234 4988 Prtecipiet,
1266 4920 1464 4986 inquit,
1493 4932 1684 4976 contra
1718 4930 1770 4976 te
1802 4923 1904 4977 Do-

306 5012 516 5076 minus,
576 5026 610 5066 0
632 5012 835 5080 Assur,
880 5024 939 5067 ut
963 5014 1106 5084 quod
1135 5030 1397 5084 passurus
1426 5031 1504 5080 cs,
1535 5032 1640 5072 noo
1671 5018 1901 5072 fortuitu

305 5111 359 5156 et
388 5105 592 5174 absque
619 5104 804 5174 aliquo
827 5105 1014 5175 judice
1037 5109 1245 5174 veniat,
1271 5108 1387 5170 sed.
1416 5109 1527 5164 Deo
1553 5113 1900 5180 pronuntian-

305 5205 380 5262 te,
438 5198 686 5266 patiaris.
738 5197 858 5254 Non
911 5200 1273 5255 seminabitur
1301 5217 1366 5255 ex
1409 5203 1628 5258 nomine
1656 5213 1749 5260 tuo
1787 5221 1900 5258 am-

303 5289 481 5360 plius:
515 5291 698 5344 statim
728 5294 933 5362 quippe
967 5291 1201 5348 Niniven
1240 5309 1498 5349 reversus
1529 5295 1902 5352 Sennaclterib

306 5398 338 5436 a
368 5381 495 5437 [iliis
526 5384 638 5438 suis
671 5385 886 5440 occisus
917 5396 1020 5442 est.
1074 5386 1217 5456 Lege
1243 5387 1469 5454 Isaiam,
1515 5398 1567 5443 et
1597 5391 1816 5445 ncci~us
1850 5393 1900 5445 in

303 5476 468 5530 domo
499 5475 592 5532 Dei
626 5479 710 5532 sui
741 5495 900 5548 quam
943 5480 1273 5534 adoraturus
1301 5480 1630 5535 intraverat.
1681 5483 1790 5536 lloc
1823 5492 1905 5537 est

304 5571 450 5624 enim
483 5569 632 5639 quod
677 5571 776 5636 ait,
827 5572 891 5626 de
936 5573 1089 5626 domo
1134 5571 1230 5626 Dei
1275 5573 1347 5626 tui
1396 5573 1708 5642 interﬁciant
1761 5573 1892 5643 (Isa.

303 5667 549 5734 xxxvii):
609 5665 738 5721 inde
767 5666 1058 5736 punieris,
1110 5665 1257 5722 unde
1303 5667 1563 5737 sperabas
1611 5668 1898 5724 auxilium.

374 5785 401 5815 α
441 5778 683 5850 Reponit
710 5777 984 5836 Victorius
1031 5795 1098 5837 ex
1149 5780 1424 5838 Brixianis
1465 5780 1749 5839 codicibus
1777 5801 1898 5840 sm-

302 5866 572 5924 suumque.

1935 1808 1984 1868 B

2015 530 2098 576 ter
2120 535 2240 576 aras
2282 533 2340 576 et
2369 523 2672 593 pulvinaria
2707 527 2988 584 adorantis
3019 529 3160 584 idola
3196 530 3418 601 sanguis
3457 528 3613 584 nefa-

2013 614 2127 668 rius
2155 614 2487 671 effundatur.
2529 619 2689 674 Juxta
2722 620 3079 691 Septuaginta
3119 634 3300 678 autem
3342 623 3611 692 interpre-

2015 717 2094 762 tes
2146 725 2267 762 cum
2323 710 2706 779 superioribus
2748 712 2916 783 junge
2961 713 3106 784 quod
3156 715 3448 783 sequitur:
3485 711 3606 768 Non

2011 802 2371 870 seminabitur,
2426 804 2622 875 inquit,
2668 821 2732 860 ea:
2767 808 2973 860 nomine
2996 817 3083 860 tuo
3113 805 3357 879 amplius.
3392 805 3609 876 Nequa-

2011 914 2198 969 quam,
2233 915 2264 953 ο
2300 899 2546 954 hzerctici
2573 941 2590 968 ,
2631 902 2830 955 animae
2859 901 3215 969 deceptorum
3245 917 3308 956 ex
3335 901 3608 972 dogmati-

2014 997 2111 1048 hiis
2141 995 2344 1048 vestris
2375 996 2677 1066 suscipient
2699 996 2943 1059 nomina,
2970 1010 3092 1066 qua:
3125 996 3277 1063 prius
3306 996 3605 1051 invocave—

2011 1101 2136 1144 rant
2164 1106 2328 1161 super
2358 1099 2532 1146 terras
2559 1105 2704 1157 suas,
2730 1092 2867 1146 sicut
2893 1092 2946 1145 in
2975 1092 3390 1163 quadragesimo
3411 1105 3605 1144 octavo

2013 1185 2226 1252 psalmo
2266 1183 2564 1252 ﬁguraliter
2609 1185 2845 1240 canitur.
2892 1185 2958 1239 Et
3001 1185 3243 1255 proderit
3288 1185 3445 1240 vobis
3489 1183 3606 1238 hinc

2009 1275 2130 1346 ipsa
2158 1277 2394 1331 ceSSatio
2423 1277 2682 1344 sationis,
2728 1293 2851 1348 quae
2883 1281 3032 1346 prius
3063 1279 3300 1333 animam
3332 1278 3608 1332 seminan-

2012 1371 2079 1424 lis
2104 1411 2117 1433 ,
2167 1370 2364 1424 deinde
2394 1369 2512 1440 ejus
2540 1371 2596 1425 in
2627 1387 2732 1439 quo
2763 1371 3101 1434 seminabat,
3137 1370 3445 1426 interliccre
3471 1383 3603 1424 con-

2009 1470 2276 1516 sueverat.
2320 1462 2617 1518 Moriemur
2651 1479 2781 1532 ergo
2809 1463 2909 1517 tibi
2938 1461 3054 1535 [ΑΙ.
3085 1461 3194 1534 ibi]
3225 1477 3474 1518 errorum
3508 1461 3607 1515 do-

2007 1562 2226 1624 gmata;
2277 1556 2372 1611 sed
2419 1565 2475 1612 et
2524 1567 2580 1612 tu
2621 1557 2711 1628 qui
2761 1558 2912 1628 prius
2949 1559 3043 1612 tibi
3085 1559 3268 1612 vivere
3301 1556 3602 1625 videbaris,

2010 1651 2259 1705 morieris
2289 1651 2487 1717 errori,
2518 1659 2571 1706 et
2597 1651 2741 1705 bono
2770 1663 2861 1707 tito
2893 1663 3160 1715 mortuus,
3197 1651 3342 1707 idola
3373 1667 3493 1722 quae
3519 1665 3606 1706 co—

2009 1744 2181 1811 lebas,
2225 1744 2454 1800 habebis
2497 1745 2830 1816 sepulcrum.
2871 1745 3054 1815 Atque
3087 1745 3159 1798 ita
3204 1745 3298 1798 lict
3324 1755 3382 1798 ut
3414 1743 3482 1798 de
3511 1758 3609 1813 pe-

2009 1848 2162 1893 ctore
2186 1849 2296 1904 tuo,
2321 1839 2469 1910 quod
2497 1849 2624 1895 ante
2647 1839 2909 1910 templum
2941 1840 3038 1894 Dei
3067 1840 3166 1905 tui,
3197 1853 3356 1910 quem
3383 1838 3604 1894 simula-

2010 1947 2189 2000 veras,
2221 1932 2418 2000 fuerat,
2445 1949 2637 1988 omnes
2657 1933 3234 1989 auferanturerrores.
3267 1932 3396 1988 llaec
3417 1942 3601 1988 autem

2006 2027 2267 2081 evenient
2291 2027 2410 2092 tibi,
2434 2027 2525 2098 qui
2553 2028 2828 2096 quondam
2857 2027 3120 2083 adversus
3154 2028 3439 2082 Dominum
3464 2043 3602 2083 con-

2009 2119 2171 2174 traria
2204 2120 2521 2190 cogitabas,
2557 2119 2721 2194 5&8
2749 2137 2872 2176 cum
2897 2121 2990 2176 Dei
3025 2135 3230 2184 sermo,
3263 2119 3352 2191 qui
3382 2135 3604 2192 semper

2007 2213 2250 2268 ascendit
2303 2215 2355 2267 in
2403 2227 2650 2280 montes,
2693 2215 2749 2268 in
2793 2215 3002 2269 animas
3052 2213 3311 2270 videlicet
3353 2214 3603 2270 excelsas

2007 2315 2170 2375 atque
2196 2306 2458 2362 sublimes
2481 2351 2495 2375 ,
2531 2307 2597 2361 ad
2627 2319 2681 2362 te
2708 2307 2979 2363 velociter
3003 2308 3232 2372 venerit,
3263 2306 3602 2375 calcatisque

2008 2400 2248 2470 priorum
2275 2417 2522 2456 errorum
2538 2402 2951 2466 lluctibugetin
2977 2402 3324 2474 tranquillum
3342 2401 3597 2468 redactis,

2007 2508 2200 2564 pacem
2251 2494 2346 2548 tibi
2393 2494 2516 2550 lidei
2545 2505 2570 2532 ιι
2604 2510 2933 2566 sensumque
2975 2494 3295 2550 reddiderit.
3333 2494 3606 2565 Ignoscite

2008 2587 2309 2656 prolixitati
2335 2632 2349 2654 ,
2383 2605 2488 2643 non
2519 2591 2662 2644 enim
2699 2604 2914 2659 possum
2939 2600 2995 2646 et
3027 2589 3310 2644 historiam
3335 2597 3387 2644 et
3419 2601 3602 2660 tropo-

2007 2680 2206 2752 logiam
2248 2696 2486 2753 sequens
2516 2682 2758 2738 breviter
2781 2692 3081 2753 utrumque
3101 2681 3600 2752 comprehendere:

2007 2773 2243 2828 maxime
2281 2789 2402 2828 cum
2442 2784 2496 2828 et
2522 2755 2992 2844 interpretati-onis
3025 2776 3292 2830 varietate
3326 2784 3598 2844 torquear,

2007 2875 2063 2922 et
2083 2867 2346 2922 adversus
2373 2868 2767 2924 conscientiam
2801 2884 2974 2924 meam
2995 2883 3158 2939 cogar
3180 2868 3455 2924 interdum
3479 2867 3606 2923 Vul-

2006 2970 2144 3031 gatm
2177 2960 2436 3016 editionis
2467 2963 2918 3033 consequentiam
2953 2974 3154 3018 texere.

2081 3053 2258 3126 (Vers.
2294 3053 2406 3124 I5.)
2467 3054 2597 3108 Ecce
2630 3073 2786 3126 srper
2807 3065 3003 3110 utentes
3029 3055 3183 3122 pedes
3208 3054 3606 3128 euangelizanlis

2009 3156 2058 3202 et
2102 3148 2464 3203 annuntiantis
2510 3165 2706 3221 pacem.
2775 3148 3022 3215 Celebra,
3078 3145 3255 3211 Juda,
3304 3147 3600 3218 festivitates

2009 3251 2160 3308 tuas,
2195 3252 2244 3297 et
2274 3243 2431 3296 redde
2476 3253 2589 3296 vota
2637 3252 2758 3298 tua:
2805 3244 2929 3314 quia
2982 3259 3087 3296 non
3127 3242 3340 3314 adjiciat
3384 3242 3524 3296 ultra
3549 3251 3605 3295 ut

2007 3345 2326 3405 pertranseat
2355 3335 2405 3387 in
2440 3345 2489 3388 le
2515 3334 2714 3389 Belial:
2738 3335 3008 3389 uni-versus
3038 3334 3189 3403 periit
3221 3331 3403 3405 [Vulg.
3441 3333 3601 3388 inter-

2005 3429 2111 3502 iit].
2157 3430 2438 3500 PauliSper
2479 3429 2621 3484 LXX
2670 3423 3004 3499 interpretes
3037 3429 3060 3468 ι)
3092 3428 3362 3494 dill'eram,
3393 3429 3517 3493 quia
3550 3435 3606 3482 et

2009 3525 2125 3591 ipsa
2151 3521 2382 3591 capitula
2408 3523 2547 3591 apud
2572 3539 2666 3578 eos
2693 3522 3162 3590 interpretationis
3191 3521 3452 3577 varietate
3473 3536 3605 3575 con-

2009 3615 2120 3668 lusa
2157 3623 2301 3668 sunt.
2324 3615 2567 3682 Cumque
2587 3614 2866 3668 historiam
2891 3616 3127 3668 breviter
3142 3629 3470 3683 exposuero,
3494 3613 3609 3668 edi-

2007 3710 2208 3764 tionem
2233 3725 2422 3763 eoruni
2457 3724 2578 3763 meo
2603 3709 2824 3778 eloquio
2854 3709 3188 3779 temperabo.
3232 3707 3289 3762 In
3326 3707 3604 3777 Paralipo-

2010 3817 2203 3858 menon
2219 3803 2473 3858 scrihitnr
2486 3803 2648 3869 libro,
2666 3803 2806 3873 quod
2821 3802 3110 3857 obsidente
3131 3801 3501 3856 Sennaclterib
3513 3801 3606 3856 Je-

2004 3893 2261 3952 rusalem.
2287 3893 2338 3944 in
2369 3893 2745 3961 primomeme
2765 3892 2959 3958 pascha
2996 3892 3298 3948 fthCrBItOtt
3330 3896 3604 3963 potuerint

2007 3987 2074 4058 (Il
2106 3990 2288 4044 Pural.
2326 3985 2528 4057 Xxxtt).
2574 3991 2726 4042 (ἐωδο
2768 3999 2948 4041 autem
2991 4003 3085 4057 per
3139 3989 3398 4058 angelum
3439 4001 3607 4041 exer-

2006 4080 2117 4136 citu
2147 4080 2286 4148 ejus,
2313 4091 2367 4133 et
2399 4082 2519 4150 luga
2551 4095 2613 4133 ac
2647 4090 2820 4133 morte
2847 4079 2965 4148 ejus
2992 4081 3261 4144 nuntiata,
3290 4078 3342 4132 in
3367 4077 3608 4132 secundo

2008 4188 2196 4227 mense
2249 4189 2460 4226 summa
2509 4173 2802 4227 festivitate
2833 4172 3050 4240 paSi-lta-
3080 4173 3223 4227 diem
3256 4170 3604 4226 celebrarint.

2007 4265 2168 4332 Quod
2197 4279 2328 4334 ergo
2362 4265 2516 4330 dicit,
2547 4265 2656 4318 tale
2688 4276 2770 4319 est
2799 4307 2812 4330 ,
2845 4281 2878 4315 o
2907 4264 3070 4328 .Iuda,
3101 4265 3191 4333 qui
3221 4277 3418 4333 regnas
3445 4266 3499 4316 iu
3521 4261 3612 4316 Je-

2007 4358 2267 4426 rusalem,
2302 4357 2413 4412 ttoli
2443 4372 2566 4413 esse
2593 4357 2892 4423 Sollicitus,
2931 4356 3219 4412 interfecto
3251 4355 3411 4411 hoste
3439 4367 3530 4410 tuo
3561 4357 3611 4410 in

2009 4452 2210 4523 templo
2244 4452 2342 4507 Dei
2371 4452 2475 4528 sui.
2511 4452 2653 4507 Ecce
2676 4453 2824 4506 venit
2854 4453 2950 4505 tibi
2977 4451 3218 4518 nuntius,
3255 4460 3469 4506 montes
3496 4453 3610 4506 col-

2009 4548 2199 4614 lesque
2243 4556 2631 4602 transcurrens
2660 4587 2674 4611 ,
2726 4555 2781 4602 et
2826 4544 2982 4616 quasi
3025 4545 3094 4601 de
3125 4545 3346 4601 sublimi
3383 4547 3609 4616 specula

2013 4641 2201 4711 procul
2235 4641 2490 4694 nttntians
2521 4639 2902 4696 Seunacherib
2932 4649 3231 4705 mortuum;
3263 4638 3455 4695 urbem
3489 4639 3610 4709 ejus

2011 4732 2242 4801 imperio
2291 4731 2602 4784 liberatam.
2643 4729 2870 4785 Celebra
2923 4729 3083 4793 festa,
3134 4729 3308 4786 redde
3342 4739 3466 4785 vota
3511 4745 3610 4800 pro

2013 4843 2146 4882 nece
2177 4827 2408 4893 inimici,
2439 4843 2558 4897 quze
2588 4825 2866 4896 pollicitus
2896 4840 2958 4880 es
2989 4827 3099 4880 Deo
3130 4844 3140 4878 :
3170 4841 3506 4895 nequaquam
3531 4825 3610 4877 ul-

2013 4933 2095 4977 tra
2142 4921 2496 4993 pertransibit
2547 4937 2645 4990 per
2692 4931 2744 4976 te
2784 4919 3160 4988 prevaricator
3200 4929 3255 4974 et
3289 4920 3607 4984 ἀποστάτης,

2013 5017 2118 5072 hoc
2142 5016 2293 5071 enim
2319 5018 2710 5086 interpretatur
2738 5013 2931 5070 Belial.
2967 5012 3136 5070 Totus
3163 5016 3391 5083 interiit,
3417 5015 3470 5068 id
3499 5023 3604 5080 cst,

2008 5113 2285 5166 exercitus
2309 5151 2324 5178 ,
2379 5120 2433 5166 et
2480 5127 2576 5166 rex
2613 5121 2668 5164 et
2696 5110 2980 5175 imperium
3004 5109 3359 5180 Assyriorum
3390 5107 3609 5178 penitus

2009 5204 2389 5259 conciderunt.
2450 5203 2518 5258 Et
2550 5205 2652 5257 ltoc
2682 5201 2902 5273 quidem
2930 5201 3084 5272 juxta
3116 5201 3374 5256 litteram.
3431 5197 3608 5254 Caete—

2006 5316 2126 5354 rum
2159 5299 2455 5355 seeundum
2480 5301 2744 5373 ἀναγωγήν
2771 5297 2975 5352 dicitur
3004 5296 3069 5350 ad
3102 5295 3406 5350 Ecclesiam
3426 5335 3440 5354 .
3472 5294 3605 5348 dici-

2007 5407 2092 5448 tur
2124 5396 2189 5448 ad
2221 5397 2426 5447 animas
2473 5394 2762 5447 Dominum
2807 5390 3165 5456 conﬁtentes,
3200 5389 3322 5459 quia
3350 5389 3602 5444 diabolus

2003 5490 2093 5557 qui
2147 5499 2198 5545 te
2255 5489 2404 5556 prius
2449 5488 2806 5557 populabatur
2855 5495 2907 5539 et
2950 5485 3277 5554 gravissimo
3321 5484 3608 5553 premebat

1997 5582 2128 5652 jugo
2156 5624 2169 5648 ,
2227 5584 2280 5636 in
2312 5583 2472 5636 idolis
2499 5591 2554 5636 et
2589 5575 2710 5635 cum
2742 5579 2901 5634 idolis
2924 5595 3046 5649 qua:
3077 5577 3380 5632 fabricatus
3405 5577 3605 5642 fuerat,

2003 5679 2202 5748 periit:
2251 5677 2472 5733 celebra
2501 5675 2832 5731 festivitates
2866 5685 3015 5744 tuas,
3059 5681 3115 5729 et
3140 5671 3310 5732 redde
3335 5672 3450 5728 Deo
3479 5683 3604 5728 vota

2078 5787 2107 5829 δ
2148 5788 2308 5848 Falso
2338 5789 2625 5861 legebatur
2649 5797 2812 5845 antea
2841 5788 3117 5844 disseram.
