4084 6340
489 289 628 345 ωδ

1737 284 1799 342 8.
1846 281 2119 347 EUSEBII
2159 281 2544 349 HIERONYMI

3656 284 3789 344 ΙΞΗ

485 409 574 454 tua
597 441 612 465 ,
657 413 858 455 canens
888 413 1009 454 cum
1039 399 1248 470 angelis
1272 397 1515 469 iugiter:
1559 411 1901 467 nequaquam
1935 395 2081 454 enim
2111 397 2165 470 Α
2188 397 2444 464 currerit,
2479 395 2608 467 quid
2646 394 2817 468 magis
2849 396 3006 468 sequi
3037 395 3255 464 debeat,
3284 396 3550 468 judicare.
3575 398 3659 460 Ad
3693 399 3784 470 lsi-

481 493 625 548 ultra
655 507 756 563 per
784 501 840 548 te
871 490 1126 548 transibit
1152 491 1346 555 Belial,
1375 491 1445 546 de
1476 505 1583 560 quo
1612 489 1743 560 dicit
1766 502 1819 546 et
1852 490 2083 558 Aposto-

483 583 590 648 lus,
641 561 770 653 Qua:
801 584 1200 638 communicatio
1229 583 1424 638 Christi
1455 593 1498 636 et
1526 581 1694 636 Belial
1736 581 1820 653 (ll
1850 580 1972 642 Cor.
2003 597 2077 650 vt,

483 675 618 748 15)?
675 678 827 744 quia,
887 675 1148 732 subversa
1205 676 1394 730 Ninive
1449 673 1613 749 5&9
1664 685 1806 730 totus
1854 675 2076 736 interiit.

480 769 538 826 Si
565 769 784 842 quando
821 767 1144 839 gravissima
1188 773 1497 838 persecutio
1542 767 1744 834 fuerit,
1787 766 1933 838 quali
1977 768 2079 822 sub

485 861 794 928 Valeriano,
829 872 881 920 et
907 861 1093 928 Decio,
1126 873 1180 918 et
1210 862 1538 918 Maximiano
1565 861 1674 934 [ΑΙ.
1704 860 1994 934 Maximo],
2026 872 2080 932 et

484 957 698 1016 Domini
752 958 884 1010 ultio
929 957 1242 1026 apparuerit
1276 957 1326 1010 in
1368 955 1704 1012 adversariis
1744 955 1897 1024 ejus,
1931 955 2079 1009 dica-

481 1066 598 1106 tuus
631 1052 695 1104 ad
731 1051 1070 1110 Ecclesiam:
1103 1050 1355 1116 Celebra,
1388 1050 1548 1118 Juda,
1582 1050 1903 1108 festivitates
1933 1060 2073 1118 tuas,

477 1153 534 1200 et
561 1144 729 1200 redde
761 1155 883 1202 vota
920 1155 1029 1208 tua,
1062 1154 1165 1198 etc.

547 1235 694 1292 LXX
725 1254 735 1288 :
768 1235 1000 1296 Celebra,
1033 1235 1200 1302 Juda,
1227 1235 1529 1306 festivitates
1569 1245 1706 1304 tuas,
1755 1235 1913 1290 redde
1960 1245 2077 1292 vota

476 1336 588 1393 tua,
624 1328 749 1398 quia
792 1344 1118 1399 nequaquam
1146 1338 1405 1398 opponent
1430 1329 1572 1382 ultra
1614 1340 1666 1381 ut
1713 1336 2075 1398 pertranseant

472 1419 528 1474 in
557 1429 859 1484 vetustatem
893 1422 1242 1493 :completum
1274 1433 1369 1488 est,
1397 1431 1807 1492 consummaitun
1847 1433 1919 1478 est
1955 1438 2075 1480 :as—

472 1513 648 1568 cendit
670 1513 954 1583 insul/iens
981 1515 1032 1568 in
1060 1515 1246 1584 facient
1279 1525 1442 1580 luant,
1470 1531 1651 1570 erueus
1683 1514 1746 1568 de
1779 1513 2074 1570 tribulatio:

473 1625 558 1662 ne.
608 1607 790 1670 Semel
843 1607 988 1666 dixi.
1031 1608 1182 1677 juxta
1235 1609 1701 1680 interpretationis
1750 1608 2072 1666 varietatem

469 1701 706 1770 capitula
743 1716 962 1770 quoque
1015 1702 1128 1768 ipsa
1177 1701 1342 1756 aliter
1387 1701 1629 1769 deﬁniri,
1665 1711 1717 1756 et
1758 1716 1863 1756 non
1911 1716 2073 1770 posse

2186 487 2346 558 niven
2388 489 2551 558 igitur
2597 504 2739 544 nunc
2776 504 2959 544 sermo
2997 491 3342 546 convertitur
3383 490 3476 563 (et
3515 492 3648 550 hinc
3697 493 3784 562 vel

2186 581 2419 638 maxime
2448 582 2667 637 obscuri
2703 590 2832 636 sunt
2867 581 3146 652 propheta:
3170 625 3184 646 ,
3210 584 3353 654 quod
3393 594 3617 658 repente
3658 583 3784 642 dum

2185 673 2330 736 aliud
2352 675 2554 743 agitur,
2586 674 2656 730 ad
2688 674 2823 730 alios
2844 689 3076 744 persona
3103 674 3363 747 mutatur)
3396 683 3448 730 et
3479 674 3682 730 dicitur
3709 677 3779 731 ei:

2185 766 2446 824 Ascendit
2477 767 2542 822 ad
2579 779 2629 822 te
2656 767 3160 824 Nabuchodonosor
3185 768 3279 839 qui
3312 777 3364 822 te
3391 767 3665 838 obsideat,
3695 769 3785 838 qui

2182 868 2311 914 ante
2350 877 2409 914 os
2457 869 2607 914 tuum
2648 867 2828 914 vastet
2873 875 3057 932 agros,
3093 868 3452 932 perscquatur
3492 860 3784 932 agricolas,

2181 970 2303 1008 rura
2339 957 2648 1025 populetur,
2672 955 2762 1026 qui
2793 963 2844 1010 te
2869 972 3084 1025 quoque
3111 955 3281 1030 ipsam
3311 955 3550 1010 clausam
3577 965 3782 1010 teneat.

2180 1046 2314 1115 Quia
2342 1048 2522 1118 itaque
2553 1047 2646 1104 tibi
2679 1047 2924 1112 imminet
2951 1047 3155 1116 bellum
3187 1066 3200 1102 :
3232 1062 3360 1116 ecce
3384 1047 3626 1120 gaudens
3652 1062 3781 1122 pro-

2182 1141 2339 1208 pheta
2376 1155 2518 1196 nunc
2559 1141 2820 1210 pr;eciuo,
2847 1141 3224 1209 contemplare
3253 1139 3544 1212 diligenter
3573 1150 3627 1208 et
3653 1156 3785 1196 con-

2176 1233 2350 1300 spice,
2369 1243 2423 1287 et
2448 1231 2574 1302 quid
2606 1232 2702 1286 tibi
2733 1233 2977 1298 eveniat,
3001 1233 3236 1288 intuere.
3260 1233 3521 1290 Conlorta
3542 1233 3780 1310 lumbos,

2179 1325 2229 1380 id
2261 1335 2364 1392 est,
2402 1311 2689 1396 accingere
2726 1343 2738 1379 :
2783 1325 2982 1380 robora
3017 1327 3276 1380 virtutem
3307 1327 3486 1391 valde,
3523 1327 3623 1382 hoc
3674 1337 3780 1400 est,

2177 1419 2454 1474 exercitus
2491 1433 2762 1489 congrega
2805 1420 2970 1490 :quia
3006 1420 3150 1474 sicut
3195 1419 3343 1474 ultus
3389 1428 3479 1476 est
3523 1419 3780 1490 Dominus

2176 1513 2371 1580 dudum
2396 1513 2463 1567 dc
2495 1514 2748 1584 superbia
2775 1512 3175 1580 Sennacberib,
3202 1513 3497 1569 interfecto
3524 1513 3775 1576 exercitu

2175 1607 2293 1675 ejus
2332 1605 2388 1660 in
2420 1605 2630 1672 indura,
2661 1614 2717 1662 et
2741 1607 2858 1678 ipso
2896 1623 3114 1678 quoque
3144 1623 3172 1660 a
3205 1607 3331 1662 ﬁliis
3359 1608 3474 1662 suis
3496 1607 3771 1678 jugulato:

2176 1701 2256 1754 sic
2281 1699 2578 1756 ulciscatur
2608 1700 2799 1770 Israel,
2835 1701 2890 1756 id
2922 1711 3030 1768 est,
3064 1702 3254 1758 decem
3283 1704 3453 1759 tribus
3481 1719 3602 1774 qua:
3625 1719 3650 1754 a
3678 1701 3773 1756 Ni-

466 1807 594 1848 cum
619 1794 877 1862 capitulis
903 1809 1126 1860 sensum
1146 1795 1418 1850 hebraicre
1447 1795 1916 1865 interpretationis
1939 1811 2070 1852 cou-
2101 1795 2149 1855 Β
2178 1796 2298 1848 nive
2333 1796 2698 1876 possidentur.
2721 1794 3024 1870 Utrumque
3046 1798 3190 1862 enim
3215 1807 3269 1852 et
3292 1796 3488 1866 Judam
3517 1808 3572 1866 et
3601 1795 3771 1868 Israel

470 1886 675 1940 venire.
711 1884 903 1956 Itaque
933 1887 1075 1954 quod
1112 1905 1256 1943 nunc
1286 1888 1506 1956 dicitur,
1544 1887 1922 1958 hujuscemodi
1953 1897 2066 1944 est:

473 1976 517 2036 Ο
553 1979 967 2048 Ecclesiastice,
1004 1982 1128 2050 quia
1157 1980 1224 2034 de
1253 1980 1695 2038 adversariorum
1729 1993 1941 2050 tuorum
1972 1996 2071 2038 no-

472 2072 618 2126 mine
648 2073 785 2128 ultra
819 2088 925 2128 non
951 2073 1335 2140 seminabilur,
1357 2083 1409 2128 et
1438 2074 1583 2141 virga
1611 2090 1799 2130 eorum
1831 2076 2066 2132 contrita

473 2176 591 2235 est;
620 2175 674 2222 et
700 2167 918 2232 vincula
947 2168 1212 2238 dissipata
1245 2179 1392 2234 sunt,
1423 2180 1478 2224 et.
1521 2172 1668 2226 venit
1697 2171 1786 2243 qui
1828 2172 1920 2228 tibi
1962 2188 2066 2227 an-

470 2261 756 2314 nuntiaret
805 2275 1029 2329 pacem,
1063 2262 1278 2322 celebra
1329 2264 1650 2320 fesﬁvitatcs
1688 2275 1828 2325 tuas,
1872 2279 1976 2324 non
2012 2266 2064 2321 in

473 2353 600 2408 vino
630 2361 686 2408 et
715 2353 914 2426 epulis,
948 2363 1003 2422 ut
1024 2356 1206 2410 carnei
1229 2355 1401 2414 Judaai
1428 2358 1721 2425 aestimant,
1753 2359 1849 2413 sed
1875 2361 1925 2413 in
1955 2359 2064 2428 Spi—

464 2442 755 2498 ritnalibus
808 2443 1018 2500 deliciis
1064 2456 1118 2499 et
1164 2449 1442 2517 voluptate
1496 2451 1774 2506 torrentis.
1807 2450 1852 2506 Ο
1902 2450 2060 2518 Juda,

465 2531 634 2588 redde
677 2544 805 2588 vota
830 2544 917 2592 tua
954 2553 966 2589 :
1001 2539 1123 2607 quia
1157 2553 1492 2609 nequaquam
1526 2541 1666 2595 ultra
1697 2543 2067 2610 pertransient

466 2623 670 2680 inimici
713 2628 804 2702 qui
851 2637 904 2686 te
952 2628 1228 2686 adducant
1275 2631 1328 2686 in
1386 2641 1752 2700 vetustatem,
1800 2635 1902 2689 hoc
1952 2645 2059 2702 est,

463 2716 554 2786 qui
601 2727 652 2773 te
699 2723 894 2775 Volunt
939 2722 1228 2792 imaginem
1275 2735 1496 2794 portare
1543 2728 1747 2784 veteris
1797 2727 2058 2800 hominis,

466 2807 737 2876 Quoniam
769 2812 911 2881 quod
935 2826 1088 2867 vetus
1111 2824 1218 2886 est,
1251 2817 1510 2892 senescit,
1538 2827 1592 2874 et
1619 2819 1762 2892 quod
1796 2820 2058 2898 senescit,

459 2902 757 2970 perditioni
803 2906 1110 2974 proximum
1155 2919 1237 2961 est.
1285 2927 1295 2961 :
1335 2909 1640 2978 completus
1681 2920 1768 2966 est
1802 2912 2055 2980 mundus,

458 3005 814 3066 consumptus
837 3010 920 3052 eSt
951 2999 1300 3057 adversarius
1331 3022 1342 3057 :
1378 3004 1528 3059 venit
1560 3005 1652 3060 tibi
1688 2989 1935 3070 Christus
1963 3007 2055 3082 qui

459 3089 608 3158 prius
642 3089 1020 3154 insufﬁaverat
1058 3095 1108 3150 in
1141 3095 1338 3151 faciem
1383 3109 1525 3164 (nam
1575 3114 1698 3156 cum
1747 3110 1796 3162 te
1825 3100 1895 3162 de
1928 3100 2055 3162 limo

2178 1896 2526 1942 vastaverunt
2563 1896 2618 1942 et.
2647 1897 2962 1944 everterunt
2992 1889 3225 1962 Assyrii,
3259 1898 3314 1944 et
3345 1889 3447 1944 sub
3493 1888 3774 1958 metapho-

2172 1998 2228 2036 ra
2264 1982 2409 2050 vitis,
2451 1982 2734 2038 amborum
2763 1981 2874 2056 [Αι.
2905 1980 3187 2054 arborum]
3224 1983 3551 2054 propagines
3577 1995 3768 2036 corru-

2173 2085 2387 2146 perunt.

2242 2167 2385 2222 LXX
2414 2187 2424 2222 ε
2450 2167 2810 2238 Contemplare
2850 2167 3007 2233 viam,
3043 2177 3154 2222 tene
3187 2167 3447 2234 lumbum,
3477 2171 3769 2240 confortare

2169 2260 2350 2314 robore
2371 2259 2480 2332 [ΑΙ.
2509 2258 2775 2330 roborare]
2801 2260 3145 2328 vehementer,
3175 2260 3421 2330 quoniam
3445 2260 3628 2313 avertit
3659 2257 3769 2312 Do-

2171 2353 2340 2406 minus
2367 2351 2732 2406 contumeliam
2771 2352 2958 2423 Jacob,
2988 2353 3120 2406 sicut
3162 2355 3529 2408 contumeliam
3557 2352 3767 2408 Israel:

2166 2444 2290 2515 quia
2317 2447 2633 2499 excutientes
2664 2456 2998 2500 excusserunt
3031 2462 3136 2518 eos,
3163 2455 3212 2498 et
3235 2448 3547 2518 propagines
3588 2464 3769 2502 eorum

2169 2537 2400 2590 demoliti
2430 2547 2567 2592 sunt.
2613 2537 2737 2592 Tria
2783 2538 3178 2608 pracipiuntur
3206 2535 3381 2594 ludat.
3413 2537 3673 2604 Primum,
3709 2550 3770 2592 ut

2167 2628 2566 2696 contempletur
2597 2629 2775 2696 viam,
2805 2640 2856 2688 et
2906 2630 3014 2684 iter
3065 2645 3162 2697 per
3201 2629 3344 2699 quod
3389 2629 3768 2685 ambulaturus

2166 2729 2266 2782 est,
2303 2719 2590 2790 diligenter
2621 2721 2872 2789 aspiciat,
2899 2721 3052 2790 juxta
3085 2721 3216 2774 illud
3257 2722 3402 2794 quod
3445 2722 3496 2773 in
3525 2720 3766 2776 Jeremia

2164 2815 2424 2883 scriptum
2458 2825 2538 2869 est
2571 2835 2581 2866 :
2610 2815 2758 2870 State
2776 2816 2826 2868 in
2851 2816 3032 2882 viis,et
3061 2797 3372 2886 interrogate
3393 2815 3599 2868 semitas
3616 2826 3768 2867 αἰεν-

2165 2924 2278 2980 nas,
2303 2919 2351 2962 et
2381 2910 2546 2963 videte
2578 2927 2693 2982 qute
2717 2909 2782 2963 sit
2823 2909 2903 2962 via
2935 2909 3105 2974 bona;
3130 2918 3176 2962 et
3198 2907 3459 2961 ambulate
3487 2907 3539 2960 in
3567 2924 3627 2961 ea
3650 2906 3770 2975 (Je-

2161 3017 2286 3055 rem.
2317 3018 2390 3072 Vl,
2419 3001 2528 3072 16):
2563 3013 2617 3055 nt
2648 3017 2770 3056 cum
2816 3003 3132 3056 steterimus
3182 3001 3233 3054 in
3293 3001 3394 3054 viis
3428 3000 3638 3064 multis,
3670 3015 3768 3064 ve-

2163 3095 2372 3150 niamus
2403 3095 2613 3150 adeam
2647 3095 2789 3150 viam
2815 3111 2938 3166 qua:
2965 3095 3098 3150 dicit
3129 3113 3140 3147 :
3171 3092 3287 3166 Ego
3329 3110 3444 3147 sum
3472 3094 3551 3147 via
3577 3092 3764 3164 (Joan.

460 3181 690 3250 fingeret
722 3199 733 3234 :
772 3191 825 3234 ct
857 3193 978 3252 post
1016 3189 1473 3250 resurrectionem
1515 3207 1732 3262 quoque
1773 3192 2056 3250 insufﬁans
2083 3189 2127 3252 C
2165 3205 2272 3254 xw,
2297 3188 2376 3255 6).
2414 3189 2617 3245 Deinde
2645 3190 2846 3244 dicitur
2868 3189 2942 3254 ei,
2971 3197 3026 3242 ut
3058 3198 3240 3242 teneat
3273 3186 3542 3249 lumbum,
3570 3186 3618 3239 id
3653 3194 3763 3254 est,

458 3271 510 3326 in
546 3273 732 3328 faciem
767 3277 1176 3346 apostolorum,
1221 3281 1290 3334 ait
1329 3299 1339 3334 Ζ
1371 3283 1604 3354 Accipite
1642 3284 1902 3355 Spiritum
1936 3303 2058 3340 san-

457 3375 594 3418 ctum
620 3364 800 3435 (Joan.
834 3385 924 3430 xx.
951 3370 1067 3438 2'2),
1096 3373 1212 3442 ipse
1245 3385 1328 3429 est
1359 3377 1448 3446 qui
1484 3387 1535 3432 te
1567 3378 1763 3444 liberat
1786 3379 1854 3438 de
1886 3381 2055 3436 tribu-

455 3458 678 3513 latione.
726 3460 945 3516 Vastata
971 3466 1116 3519 enim
1144 3466 1360 3533 Ninivc,
1388 3477 1442 3522 et
1472 3480 1789 3536 transeunte
1828 3472 2052 3540 mundo,

467 3553 751 3608 tribulatio
783 3571 1000 3626 quoque
1037 3561 1379 3626 pel'lrltttslt'l.

526 3644 684 3718 (Cap.
717 3647 777 3702 ll.
808 3679 879 3688 —
914 3650 1068 3706 Vers.
1104 3654 1156 3718 1,
1179 3653 1260 3724 2.)
1294 3657 1533 3710 Ascendit
1553 3659 1640 3725 qui
1662 3657 1973 3732 dispergal"
1998 3662 2052 3718 in

454 3738 589 3809 facie
629 3752 741 3804 tua,
775 3743 1066 3799 custodiens
1096 3747 1411 3802 obsidionem
1442 3765 1459 3802 :
1500 3753 1851 3820 contemplare
1894 3754 2050 3816 riam,

453 3837 685 3903 conforta
703 3835 925 3900 lumbos,
944 3837 1130 3891 robora
1158 3841 1395 3894 virtutem
1419 3841 1568 3895 valde
1594 3861 1608 3895 :
1631 3843 1656 3880 ι)
1680 3847 1923 3913 quoniam
1951 3849 2052 3902 sic-

450 3934 504 3976 ut
553 3925 782 3979 reddidit
841 3926 1097 3983 Dominus
1133 3932 1387 4001 superbia:
1423 3931 1612 4002 Iacob,
1647 3936 1722 3989 sic
1753 3937 1934 3992 reddet
1962 3957 2048 3993 su-

453 4016 646 4081 perbia:
697 4015 861 4072 Israel
893 4035 909 4071 :
947 4021 1069 4090 quia
1119 4031 1401 4080 vastatores
1447 4025 1829 4096 dissipaverunt
1865 4046 1971 4097 eos,
2003 4041 2051 4086 et

453 4110 770 4178 prepagines
791 4126 964 4174 etrunt
986 4126 1352 4185 corruperunt.
1384 4116 1721 4174 Necessitale
1749 4123 2049 4192 compellor

455 4200 612 4269 quasi
645 4202 784 4256 inter
810 4217 947 4258 saxa
983 4213 1040 4258 et
1066 4207 1346 4275 scopulos,
1381 4209 1704 4276 imminente
1743 4211 2044 4284 naufragio,

452 4294 530 4347 sic
560 4294 705 4350 inter
731 4294 1012 4352 historiam
1043 4307 1098 4353 et
1127 4300 1438 4371 allegoriam
1463 4305 1729 4360 orationis
1761 4322 1895 4368 mea:
1917 4323 2046 4364 cur-

450 4401 571 4440 sum
596 4387 837 4456 nectere,
863 4403 916 4446 et
944 4408 1011 4448 ne
1034 4393 1216 4450 subito
1249 4397 1508 4469 impingat
1527 4399 1833 4472 attendere.
1865 4403 2048 4476 Siqui-

449 4482 570 4535 dem
592 4482 747 4566 juxta
780 4483 986 4552 fabulas
1014 4495 1296 4556 poetarum
1326 4506 1341 4543 :

539 4628 962 4746 Scylla
989 4633 1324 4700 latus,l:evum
1351 4640 1604 4703 implacata
1628 4643 1917 4712 Charybdis,

445 4838 491 4892 si
525 4854 660 4894 saxa
693 4841 954 4913 fugimus.
991 4847 1322 4906 incurrimus
1359 4853 1412 4908 in
1458 4857 1622 4936 550
1665 4860 1992 4936 profundum
2024 4881 2039 4936 ς

447 4936 490 4984 si
530 4943 815 4992 contortos
850 4942 1087 5000 vortices
1126 4947 1416 5016 evitamus,
1460 4933 1512 5004 in
1548 4933 1675 5022 saxa
1716 4933 2039 5022 deferimur.

444 5022 626 5080 Testis
655 5037 740 5082 est
767 5030 898 5087 mihi
928 5032 1206 5102 Dominus,
1242 5053 1330 5094 me
1365 5041 1546 5116 omnia
1580 5061 1702 5114 qua:
1742 5025 2041 5116 secundum

446 5116 774 5178 llebraicum
820 5126 1062 5196 dissero,
1119 5147 1225 5184 non
1281 5133 1348 5188 de
1395 5138 1617 5210 praprio
1668 5155 1827 5196 sensu
1868 5142 2041 5228 1οηιυὶξ

444 5213 587 5280 quod
629 5217 876 5288 arguitur
913 5220 966 5276 in
1006 5225 1524 5296 pseudoprophetis;
1552 5231 1648 5286 sed
1687 5213 2037 5292 llcbrreoruui

442 5306 597 5398 sequi
631 5308 1054 5398 expositionem,
1086 5329 1116 5368 a
1161 5303 1356 5385 quibus
1399 5335 1503 5375 non
1537 5303 1776 5378 modico,
1799 5307 2042 5398 tempore

441 5396 708 5489 eruditus,
743 5395 922 5458 debeo
947 5408 1083 5461 meis
1114 5409 1440 5480 simpliciter
1471 5416 1716 5472 indicare
1750 5435 1868 5489 qua:
1893 5395 2040 5475 didi-

433 5488 504 5542 ci.
527 5491 687 5547 Certe
712 5493 762 5548 in
792 5495 1008 5554 lectoris
1035 5502 1138 5556 erit
1168 5505 1418 5574 arbitrio,
1441 5523 1565 5564 cum
1591 5521 1887 5584 utrumque
1921 5530 2042 5586 per-_

513 5625 795 5720 Ψξίρί
838 5637 1025 5720 (ξράμο.
1055 5641 1303 5698 Ascendet
1333 5649 1422 5716 qui
1466 5649 1732 5720 dispergat
1780 5666 1951 5706 coram
1995 5660 2043 5720 ts;

441 5693 1025 5795 itfnfl‘tfieLeIICZYUIg.’
1047 5730 1220 5786 coram
1245 5727 1295 5772 te
1325 5693 1416 5789 (iui
1443 5693 1731 5792 ragadia;
1759 5693 2042 5795 prii

442 5779 520 5817 διε
549 5777 637 5824 tua
656 5777 976 5833 custodiens.
1171 5777 1178 5786 ’
1339 5777 1348 5789 ”
1635 5789 1638 5792 ’
1715 5777 1728 5790 ’
1759 5777 1766 5808 ⁵

2163 3294 2223 3336 ut
2262 3293 2380 3352 post
2415 3283 2740 3340 electionem
2784 3283 2887 3337 viae
2934 3281 3227 3337 mortiﬁcet
3256 3295 3461 3352 corpus
3489 3295 3671 3348 suum,
3704 3292 3764 3337 et

2161 3376 2408 3438 servituti
2449 3376 2735 3448 subjiciat,
2785 3391 2850 3429 ue
2897 3377 3046 3448 quasi
3094 3390 3192 3430 rex
3232 3383 3289 3430 et
3340 3375 3602 3445 magister
3640 3374 3766 3431 aliis

2163 3469 2486 3540 praedicans,
2508 3453 2620 3538 ipse
2645 3469 2910 3540 reprobus
2939 3467 3310 3538 iuveniatur(l
3334 3466 3456 3520 Cor.
3489 3468 3592 3538 ix).
3614 3465 3766 3520 Lon-

2158 3581 2286 3633 gum
2322 3574 2406 3620 est
2433 3581 2578 3618 nunc
2603 3566 2809 3628 dicere,
2849 3565 2996 3635 quod
3027 3565 3196 3618 virtus
3228 3562 3432 3634 diaboli
3469 3549 3558 3617 vel
3592 3562 3767 3616 maxi-

2159 3672 2246 3711 me
2269 3657 2338 3710 sit
2368 3658 2418 3710 in
2455 3657 2676 3728 lumbis,
2707 3665 2759 3711 et
2795 3654 2940 3728 quod
2968 3654 3036 3709 ad
3070 3653 3236 3722 David
3267 3654 3429 3730 551
3459 3654 3767 3722 repromis-

2156 3749 2238 3820 sio
2272 3748 2362 3802 ﬁat
2397 3768 2407 3802 :
2441 3747 2518 3803 De
2559 3751 2732 3822 fructu
2775 3747 2936 3804 lumbi
2975 3751 3047 3801 tui
3087 3739 3294 3822 ponam
3325 3735 3481 3820 super
3515 3745 3763 3800 thronum

2157 3853 2296 3906 tuum
2322 3843 2644 3913 (Ps.cxxxr,
2674 3844 2790 3914 1|).
2828 3843 2890 3896 Et
2915 3841 3045 3904 illud
3080 3841 3327 3910 Apostoli
3360 3857 3372 3893 :
3407 3840 3593 3894 Adhuc
3623 3843 3766 3894 enim

2155 3940 2207 3992 in
2240 3939 2410 3993 lumbo
2452 3940 2612 4011 patris
2654 3943 2736 3992 sui
2785 3947 2895 3991 erat
2939 3936 3200 4002 Abrahae,
3234 3934 3390 4002 Levi,
3420 3934 3765 4005 (inaudoivit

2157 4031 2208 4098 in
2239 4045 2526 4100 occursum
2559 4030 2836 4086 Abraham
2862 4027 3261 4084 Melchisedech
3287 4027 3478 4102 (Hebr.
3511 4044 3609 4092 vn,
3643 4027 3760 4098 10).

2157 4122 2222 4194 Et
2263 4123 2406 4192 quod
2438 4121 2678 4192 Joannes
2702 4138 2837 4176 zona
2867 4121 3096 4191 pellicea
3124 4121 3364 4192 cingitur
3387 4118 3609 4194 (Matth.
3641 4117 3759 4191 tu),

2154 4214 2378 4285 etquod
2409 4231 2437 4268 a
2472 4214 2755 4269 Salvatore
2773 4213 3416 4286 discipulisimperatur;
3451 4212 3570 4268 Sint
3597 4212 3761 4266 lumbi

2153 4311 2306 4364 vestri
2333 4310 2597 4382 pra’cincti
2633 4307 2784 4380 (Luc.
2811 4325 2906 4376 xu,
2934 4309 3050 4380 55).
3075 4308 3141 4362 Et
3163 4308 3460 4378 Apostolus
3491 4307 3556 4361 ad
3588 4306 3763 4381 Ephe-

2153 4403 2262 4458 sios
2301 4420 2312 4456 :
2349 4403 2502 4460 State
2546 4420 2668 4472 ergo
2711 4404 2932 4457 accincti
2977 4404 3176 4456 lumbos
3225 4413 3415 4472 resiros
3448 4402 3502 4456 in
3547 4402 3759 4474 veritate

2153 4497 2369 4570 (Ιίνιιις.
2399 4515 2474 4564 vi,
2507 4498 2613 4568 id):
2632 4499 2760 4562 licet
2786 4500 2931 4572 enim
2950 4496 3476 4574 o’z’axngteplurimum
3504 4507 3754 4572 prmstet,

2079 4589 2129 4650 υ
2157 4599 2211 4644 et
2241 4591 2362 4646 vita:
2384 4591 2718 4652 continentia
2747 4606 2914 4662 super
2944 4593 3366 4662 mortiticatione
3397 4590 3710 4664 lumborum
3738 4607 3755 4666 ς

2151 4693 2331 4740 tamen
2364 4685 2498 4739 nihil
2523 4701 2618 4741 eos
2659 4685 2729 4740 ita
2764 4687 3058 4758 mortiﬁcai
3104 4695 3160 4740 ut
3192 4687 3435 4756 cognitio
3482 4685 3754 4754 veritatis.

2153 4776 2305 4834 Unde
2327 4779 2530 4835 dicitur
2563 4796 2575 4832 :
2609 4779 2871 4854 Accingite
2895 4781 3096 4836 lumbos
3127 4789 3319 4834 vestras
3347 4779 3399 4832 in
3435 4780 3671 4850 veritate.
3697 4779 3758 4848 Si

2147 4874 2288 4926 enim
2321 4874 2522 4929 veritas
2553 4882 2637 4942 est
2659 4872 2930 4946 Christus,
2964 4875 3052 4944 qui
3086 4881 3199 4929 tota
3225 4873 3277 4944 in
3312 4873 3535 4927 Christo
3568 4885 3762 4929 mente

2146 4964 2400 5029 credidit,
2435 4967 2646 5020 lumbos
2674 4981 2803 5022 suos
2834 4965 3184 5036 mortiﬁcavit
3211 4966 3264 5021 in
3295 4964 3538 5040 Christo.
3565 4965 3760 5023 Tertio

2146 5058 2486 5128 praccipitur,
2529 5056 2841 5114 confortare
2887 5061 3086 5114 virtute
3132 5061 3298 5114 nimis
3329 5077 3342 5113 :
3377 5059 3626 5132 rlegisti,
3660 5060 3752 5116 in-

2150 5149 2296 5219 quit,
2319 5152 2492 5222 viam,
2527 5150 2748 5205 tenuisti
2794 5151 3054 5224 lnmlmm,
3090 5165 3308 5226 assume
3350 5152 3643 5208 virtutem:
3677 5161 3738 5206 ut

2150 5242 2325 5330 pos.~is
2354 5258 2598 5314 pugnare
2633 5258 2754 5297 cum
2796 5243 3071 5314 hostibus.
3113 5245 3176 5299 Et
3216 5260 3286 5299 ne
3330 5242 3471 5298 forte
3509 5242 3755 5336 difﬁdas,

2149 5336 2306 5391 datur
2344 5337 2440 5391 tibi
2479 5353 2642 5394 causa
2674 5354 2774 5394 cur
2803 5354 2995 5408 speres
3028 5357 3040 5392 :
3085 5339 3305 5406 Avertit,
3335 5339 3528 5409 inquit,
3569 5337 3756 5392 Domi—

2147 5445 2243 5492 nus
2295 5432 2662 5502 contumeliam
2708 5429 2912 5502 Jacob,
2956 5434 3087 5502 sicut
3145 5419 3508 5506 contumeliam
3557 5429 3753 5502 Israel,

2147 5520 2290 5590 quqd
2320 5522 2630 5594 ambiguum
2663 5532 2789 5596 est:
2832 5535 2922 5594 aut
2953 5525 3096 5598 enim
3148 5523 3319 5596 ipsius
3361 5522 3528 5578 JaCob
3557 5535 3758 5577 contu-

2220 5653 2250 5694 δ
2282 5654 2462 5729 Vulg.,
2489 5656 3122 5729 quiareddiditDominus
3143 5654 3613 5729 superbitmtlacob
3647 5659 3754 5714 sic-

2151 5736 2207 5778 ut
2256 5728 2548 5810 sttperbiatii
2589 5727 2778 5784 Israel.
2819 5730 3016 5790 Cnufcr
3087 5727 3387 5802 suliuexaui
3432 5728 3753 5810 Hieronymi

2155 5813 2579 5870 expOsutoucm.
