4078 6342
265 296 406 354 1343

1132 291 1784 366 COMMENTARUJBUM
1829 291 1896 356 IN
1935 291 2130 354 NAUM
2169 292 2392 360 LIBER.
2434 293 2590 352 CAP.
2629 293 2694 352 ll.

3425 293 3568 356 H46

261 415 502 478 multam,
535 425 638 486 qua
669 411 885 467 caeteris
915 410 1144 478 iaciebat
1183 411 1456 480 injuriam,
1481 409 1682 476 avertit
1715 429 1724 464 :
1768 417 1862 478 aut
1891 411 1934 486 Α
1967 409 2238 478 parabitur
2267 407 2652 480 umbrticulum.
2696 407 2876 470 Parta:
2903 407 3190 484 ﬂuviorum
3215 415 3576 482 apertissimi,

261 501 670 568 contumeliam,
697 517 854 574 quam
883 502 952 556 ab
975 501 1094 556 aliis
1122 503 1420 558 sustinebat
1452 501 1641 568 Jacob,
1669 500 1864 556 avertit

251 599 548 664 Dominus.
581 595 688 652 Sed
718 595 848 649 mihi
879 593 1092 650 videtur
1121 594 1314 650 melius
1345 609 1468 650 esse
1496 603 1552 648 ut
1578 601 1864 656 contume-

263 692 330 746 lia
361 705 520 766 quam
553 687 722 748 Jaeob
747 687 962 742 solebat
983 688 1199 744 cmteris
1228 688 1428 754 facere,
1461 701 1488 740 a
1529 685 1760 740 Domino
1792 687 1861 740 sit

263 799 475 842 aversa.
513 783 630 838 Non
662 781 806 838 cnim
855 793 1016 836 tanta:
1043 782 1258 838 vit-tntis
1297 793 1400 848 ρει,
1429 781 1496 834 ah
1520 781 1640 836 aliis
1663 781 1860 836 laetam

263 879 516 950 injuriatn
555 879 847 942 sustinere,
881 885 1094 948 quantm
1137 877 1324 946 gratia:
1361 875 1566 928 Domini
1610 883 1711 938 est,
1751 875 1852 944 pla-

263 973 464 1040 cidum,
495 973 704 1040 mitem,
747 979 908 1040 atque
952 970 1326 1040 tranquillum,
1371 969 1620 1040 injuriam
1681 969 1858 1024 tacere

264 1080 370 1120 non
417 1079 599 1136 posse.
631 1062 932 1134 Qttmtitur,
979 1062 1252 1132 quomodo
1299 1077 1488 1116 aversa
1533 1070 1616 1114 est
1663 1061 1854 1130 injuria

263 1157 458 1220 Jacob,
509 1157 650 1211 sicut
685 1169 876 1210 aversa
913 1155 1090 1208 fuerat
1115 1163 1174 1210 et
1207 1153 1390 1210 lsracl.
1435 1153 1728 1222 Postquam
1773 1154 1854 1208 lu-

261 1257 439 1306 ctatus
466 1260 548 1304 est
569 1247 740 1304 Jacob
771 1261 894 1302 cum
927 1247 1140 1318 angelo,
1177 1247 1394 1302 lsraelis
1423 1261 1621 1304 nomen
1661 1246 1858 1302 meruit

258 1345 512 1414 accipere
527 1341 736 1408 (Cenes.
763 1339 958 1414 xxxu),
991 1351 1046 1396 et
1069 1343 1188 1412 quia
1213 1341 1348 1398 vidit
1379 1341 1574 1406 Deum,
1603 1340 1854 1410 iniuriam

259 1439 438 1496 facere
469 1439 724 1508 cessavit.
753 1437 908 1494 Sicut
933 1452 1066 1516 ergo
1097 1435 1286 1496 Israel.
1317 1451 1514 1492 sensus
1543 1435 1628 1490 vel
1667 1433 1750 1492 vir
1779 1433 1858 1488 vi-

258 1533 398 1588 dens
441 1532 632 1598 Deum,
666 1539 721 1588 et
751 1545 966 1600 semper
991 1529 1060 1586 de
1089 1530 1202 1584 Deo
1247 1529 1516 1602 cogitans,
1552 1529 1728 1584 facere
1763 1545 1856 1586 uc-

258 1627 366 1682 scit
413 1625 686 1700 injuriam,
737 1626 818 1680 sic
861 1626 1044 1679 omnis
1073 1622 1382 1696 procacitas
1431 1631 1486 1678 et
1525 1621 1860 1690 contumelia

257 1733 450 1776 aversa
481 1727 565 1774 est
593 1733 620 1770 a
645 1717 836 1784 Jacob,
872 1717 974 1772 hoc
1021 1725 1124 1784 est,
1147 1731 1174 1768 a
1209 1715 1648 1786 supplantatore,
1673 1713 1740 1768 ab
1769 1728 1858 1782 eo,

1974 515 2020 560 et
2055 505 2302 578 templum
2339 503 2412 568 ad
2451 503 2624 572 solum
2661 504 2892 558 dirutum
2935 511 3032 572 est,
3065 511 3114 558 et
3153 501 3304 564 miles
3336 502 3572 574 captivus

1973 599 2224 662 abductus
2253 609 2348 664 est,
2385 607 2429 656 et
2453 595 2662 656 ancillae
2685 599 2798 668 ejus
2835 595 3186 662 minabantur.
3221 603 3478 668 gementes
3513 603 3568 664 ut

1969 693 2238 760 columbae,
2273 699 2656 754 murmurantes
2687 691 2740 744 in
2769 691 3008 752 cordibus
3037 690 3170 754 suis.
3196 689 3340 756 LXX
3371 709 3385 744 :
3409 691 3570 756 Arma

1969 785 2210 854 potentia:
2241 789 2352 858 ejus
2393 801 2456 840 ex
2501 782 2726 838 hominib
2740 799 2818 844 us,
2851 784 2986 836 viros
3009 783 3166 852 fortes
3209 782 3482 846 illudentes
3511 783 3568 852 in

1965 880 2084 950 igne
2116 888 2164 946 ιι,
2199 877 2416 934 habena:
2451 893 2698 938 curruum
2719 891 2900 932 eorum
2937 875 2990 930 in
3038 877 3122 936 die
3169 876 3568 946 prteparatiouis

1965 975 2100 1048 ejus,
2134 984 2180 1028 et
2209 973 2402 1044 equites
2429 971 2684 1036 timebunt
2723 970 2774 1024 in
2805 968 3026 1022 exitibus
3051 985 3070 1022 :
3099 978 3146 1024 et
3175 967 3566 1042 coufundentur

1965 1083 2172 1132 currus,
2203 1074 2250 1118 et
2277 1063 2590 1118 collidentur
2609 1064 2662 1118 in
2689 1063 2894 1132 plateis.
2923 1063 3172 1134 Aspectus
3201 1077 3381 1120 eorum
3411 1063 3564 1134 quasi

1963 1157 2230 1232 lampades
2259 1159 2415 1230 ignis,
2451 1166 2498 1220 et
2525 1159 2672 1228 quasi
2703 1155 2919 1230 fulgura
2941 1157 3308 1226 discut-rentia,
3335 1165 3382 1218 et
3411 1173 3558 1220 com.-

1961 1251 2385 1308 ntemorabuntur
2415 1253 2690 1322 optimates
2725 1265 2925 1314 eorum,
2953 1257 3000 1302 et
3041 1248 3240 1320 fugient
3265 1249 3320 1304 in
3355 1249 3558 1318 diebus,

1963 1357 2011 1414 et
2040 1345 2448 1416 inﬁrmabuntur
2476 1347 2528 1400 in
2557 1346 2738 1414 itinere
2765 1362 2882 1412 suo,
2913 1354 2960 1404 et
2989 1343 3310 1414 festinabunt
3339 1347 3408 1402 ad
3444 1363 3560 1402 mit-.-

1965 1457 2070 1508 ros,
2087 1439 2512 1514 etpra’parabunt
2531 1439 2928 1512 prapugnacula
2945 1453 3040 1506 sua
3063 1453 3083 1494 :
3109 1451 3273 1506 parite
3292 1439 3560 1504 civitatum

1963 1545 2156 1606 apertae
2183 1544 2320 1602 sunt,
2339 1541 2386 1598 et
2407 1533 2608 1604 regalia
2621 1531 2984 1598 conciderunt,
3003 1531 3564 1598 etsubstantiarevelar

1965 1640 2016 1684 ta
2035 1639 2132 1696 est;
2145 1637 2191 1684 et
2213 1629 2328 1698 ipsa
2347 1627 2728 1694 ascendebat,et
2741 1627 2858 1690 anei
2867 1624 2952 1684 ιιω
2967 1626 3081 1694 ejus
3093 1625 3417 1690 ducebantur
3432 1627 3564 1684 sicut

1967 1721 2220 1778 columba?
2245 1720 2408 1796 553
2436 1723 2702 1790 loquentes
2731 1719 2784 1774 in
2811 1719 3054 1776 cordibus
3101 1719 3226 1776 suis.
3249 1717 3558 1780 Secundum

257 1811 354 1886 qui
386 1811 564 1868 adhuc
591 1811 642 1864 in
676 1809 978 1868 certamine
1009 1809 1216 1878 positus
1243 1808 1546 1880 supplantat
1581 1807 1850 1874 inimicos.

1973 1817 2244 1872 historiam
2277 1815 2560 1872 adversum
2585 1813 2812 1874 Niniven
2835 1812 2968 1868 ordo
2985 1811 3252 1884 sequitur,
3271 1821 3326 1870 et
3349 1813 3564 1872 deseri.-

263 1901 336 1958 Ut
365 1911 546 1958 autent
578 1901 836 1968 sciamus,
867 1901 1140 1972 quomodo
1179 1899 1374 1980 injuria
1409 1901 1460 1952 in
1509 1899 1702 1952 malam
1732 1913 1860 1970 par-

259 2004 374 2048 tem
423 1993 742 2062 accipiatur,
777 1991 1034 2056 Salomon
1091 1989 1246 2044 testis
1299 1999 1404 2060 est,
1435 1989 1660 2046 dicens:
1707 1987 1862 2042 Oculi

261 2087 376 2160 [AL
423 2085 640 2160 Oculus]
667 2085 1044 2152 contumeliosi,
1087 2083 1266 2156 lingua
1313 2083 1499 2154 iniqua
1537 2081 1724 2156 (Prov.
1757 2081 1858 2152 vr).

259 2182 548 2250 Quomodo
571 2191 754 2236 autem
791 2181 1092 2240 secundum
1125 2189 1414 2252 utramque
1445 2177 1860 2250 intelligentiam

259 2275 462 2344 injuria
495 2289 686 2329 aversa
719 2273 789 2327 sit
819 2289 846 2326 a
887 2273 1096 2338 Jacob,
1125 2288 1244 2342 qua!
1279 2273 1428 2342 prius
1471 2285 1660 2326 aversa
1689 2269 1866 2326 fuerat

260 2369 334 2422 ab
365 2367 554 2436 Israel,
581 2379 818 2438 sequens
846 2379 1028 2420 sermo
1063 2363 1308 2420 declarat
1333 2381 1344 2418 :
1381 2363 1518 2432 Quia
1547 2365 1864 2418 excutientes

263 2469 600 2514 excusserunt
632 2475 738 2520 eos,
765 2469 810 2512 et
843 2455 1057 2530 flagella
1091 2473 1271 2518 eorum
1310 2457 1542 2512 demoliti
1577 2465 1720 2526 sunt,
1750 2456 1866 2512 sive

263 2559 630 2624 corruperunt.
674 2553 836 2632 552
885 2551 1113 2622 Augeli,
1143 2549 1336 2622 inquit,
1367 2551 1740 2620 singulorum,
1773 2553 1864 2622 qui

264 2645 512 2717 quotidie
540 2645 728 2700 vident
751 2647 940 2700 faciem
974 2643 1383 2718 Patris(Muttlt.
1406 2661 1554 2708 xvut,
1587 2643 1866 2716 10),quido

265 2740 402 2812 quid
433 2740 484 2794 in
515 2739 684 2795 Jacob
709 2749 764 2795 et
794 2739 962 2794 Israel
993 2737 1300 2792 adlueserat
1323 2737 1586 2808 pulveris,
1613 2753 1870 2792 excusso-

267 2845 422 2892 runt.
453 2837 606 2892 Unde
647 2845 702 2892 et
745 2835 904 2890 Petro
939 2835 1188 2890 lavantur
1217 2834 1384 2906 pedes
1419 2831 1600 2906 (Joan.
1633 2833 1768 2902 xm).
1807 2833 1872 2888 Et

265 2947 372 3004 per
399 2931 710 3002 prophetam
739 2929 976 2985 dicitur:
1001 2927 1202 2982 Excute
1235 2925 1518 2999 pulverem,
1550 2935 1596 2978 et
1627 2943 1868 2996 exsurgo,

265 3023 564 3078 Jerusalem
593 3021 750 3092 (Isai.
775 3021 1510 3094 Lu,'2).Discipulisquoque
1533 3037 1560 3074 a
1587 3019 1871 3075 Salvatorc

267 3117 588 3190 prtecipitur
633 3135 646 3170 :
709 3117 949 3172 Excutite
1010 3099 1148 3186 pulvt

709 3117 949 3172 Excutite
1010 3117 1274 3186 pulverem
1343 3117 1530 3192 pedum
1591 3127 1873 3170 vestrorum
1939 3121 1944 3124 ’

1967 1911 2114 1966 bitur
2157 1907 2578 1980 Babyloniorum
2609 1905 2882 1962 exercitus
2929 1915 3118 1962 contra
3149 1923 3268 1962 eam
3313 1907 3559 1968 veniens.

1965 2005 2118 2074 Quod
2135 2015 2314 2058 autem
2329 2004 2406 2060 ait
2427 2023 2438 2058 :
2457 2001 2856 2074 Ignea’habenaz
2877 2015 3146 2062 curruum.
3169 2001 3222 2064 in
3249 1999 3568 2060 ardentibus

1967 2099 2120 2162 loris,
2143 2097 2486 2154 velocitatem
2511 2095 2540 2133 b
2571 2095 2996 2168 prmparantium
3021 2093 3308 2162 signiﬁcat,
3331 2103 3388 2158 et
3414 2093 3572 2164 quasi

1967 2195 2242 2254 ἐπισκευῆς
2279 2190 2702 2260 prteparantium
2737 2203 2794 2242 se
2831 2187 2900 2250 ad
2931 2186 3176 2258 praelium
3209 2201 3404 2256 pompa
3439 2201 3567 2246 uar-

1967 2295 2140 2340 ratur.
2157 2283 2618 2352 Couttnixtimque
2639 2295 2784 2346 nunc
2804 2281 2872 2338 de
2893 2279 3060 2346 Israel
3079 2295 3199 2350 qua:
3221 2279 3350 2338 olim
3375 2293 3576 2350 passus

1969 2379 2060 2444 sit,
2091 2391 2236 2432 nunc
2269 2375 2338 2432 de
2362 2373 2592 2448 Assyrio
2619 2373 2762 2446 quod
2798 2373 3024 2438 fecerit,
3057 2387 3200 2426 nunc
3233 2372 3302 2428 de
3333 2371 3570 2442 Babylo—

1971 2471 2074 2526 niis
2091 2485 2210 2536 quat
2237 2477 2536 2522 exerceant
2557 2467 2608 2524 in
2631 2466 2906 2536 Assyrios.
2925 2465 3206 2536 Scriptura
3227 2465 3571 2524 contexitur.

1971 2562 2086 2628 Non
2117 2571 2194 2614 est
2229 2576 2382 2632 ergo,
2408 2561 2504 2626 ait,
2535 2559 2730 2620 mirum
2765 2557 2807 2612 si
2843 2565 2950 2612 tam
2981 2557 3239 2622 velrciter
3261 2555 3328 2610 ad
3353 2565 3574 2618 vastan-

1973 2655 2098 2710 dum
2149 2653 2400 2722 veniant,
2459 2669 2580 2710 cum
2625 2651 2924 2722 agitatores
2967 2659 3020 2704 et
3071 2649 3238 2706 fortes
3275 2650 3360 2704 vel
3407 2649 3576 2718 Israel

1973 2761 2122 2814 ante,
2157 2749 2238 2804 vel
2273 2758 2460 2818 ptlSlea
2493 2745 2840 2816 Assyriorum
2877 2743 3080 2802 fuerint
3109 2745 3400 2814 consopiti.
3432 2743 3574 2800 Rur-

1973 2860 2202 2916 sumque
2227 2843 2296 2898 ad
2321 2841 2708 2910 descriptionis
2734 2839 2980 2896 ordinem
3014 2839 3230 2896 rediens
3263 2857 3276 2894 :
3301 2838 3470 2894 Tanta
3497 2847 3582 2894 est

1977 2941 2150 3014 inquit
2197 2937 2486 2994 multitudo
2518 2935 2884 3000 venientium,
2917 2946 2970 2988 ut
3003 2935 3354 2992 ectrtttixtttm
3383 2949 3578 3003 agtnen

1977 3036 2044 3090 sit
2073 3035 2126 3088 in
2159 3035 2380 3100 itinere,
2405 3041 2460 3086 et
2489 3029 2724 3086 discerni
2755 3035 3004 3100 nequeat.
3031 3027 3170 3098 Ipsae
3195 3041 3412 3096 quoque
3441 3041 3574 3096 qua-

1979 3131 2146 3198 drigm
2197 3129 2324 3182 dum
2375 3127 2514 3184 viam
2557 3139 2662 3180 non
2709 3123 3014 3192 reperiunt,
3071 3137 3182 3192 pra!
3227 3119 3578 3180 multitudine

269 3213 492 3284 (Matth.
525 3231 580 3282 χ,
615 3215 728 3282 M).
757 3213 824 3268 Et
863 3213 918 3282 in
969 3211 1200 3276 Psalmis
1251 3213 1512 3280 scriptum
1555 3223 1634 3268 est
1673 3209 1862 3266 :Sicnt
1893 3206 1938 3268 C
1973 3224 2116 3276 ίηιιιι·
2145 3237 2204 3278 se
2239 3219 2573 3276 colliduntur
2605 3217 2656 3270 in
2697 3215 2908 3284 plateis.
2953 3219 3212 3282 Aspeetus
3248 3212 3580 3282 Babylonio-5

267 3307 476 3376 sagitta:
500 3307 552 3360 in
593 3323 748 3360 manu
786 3307 1030 3376 potentis,
1063 3307 1138 3362 ita
1177 3305 1276 3374 filii
1321 3321 1652 3360 exclusorum
1692 3303 1864 3364 (Psal.

269 3415 462 3466 cxxvt,
491 3401 568 3468 Δ).
601 3401 806 3456 Aversa
843 3409 929 3456 est
973 3401 1152 3476 itaque
1191 3415 1344 3456 mens
1383 3399 1448 3454 ad
1483 3398 1868 3454 contumeliam

271 3507 547 3566 prompta,
579 3509 610 3548 a
637 3509 763 3548 vero
791 3493 982 3562 Jacob,
1007 3503 1064 3550 et
1097 3509 1128 3548 a
1159 3509 1288 3548 vero
1327 3493 1484 3548 Israel
1515 3495 1678 3564 :quia
1715 3491 1874 3562 quid-

269 3589 405 3659 quid
439 3589 492 3644 in
521 3588 596 3644 eis
625 3597 902 3644 terrenum
933 3587 1128 3654 fuerat,
1153 3599 1206 3644 et
1231 3589 1298 3644 de
1329 3589 1568 3644 interiori
1597 3587 1712 3642 fere
1741 3603 1872 3640 con-

269 3691 510 3746 cretnm,
545 3681 648 3738 hoc
675 3683 936 3738 ministris
985 3683 1216 3754 angelis,
1246 3683 1360 3738 sive
1411 3682 1773 3736 monitoribus
1809 3697 1872 3736 ac

271 3775 552 3846 magistris
579 3789 866 3830 excussum
918 3783 1002 3830 est
1051 3785 1220 3846 atquc
1263 3774 1604 3842 mundatutn,
1637 3775 1726 3844 qui
1764 3791 1870 3830 non

271 3869 454 3924 solum
497 3875 858 3924 excusserunt
886 3867 1130 3934 eos;scd
1177 3867 1304 3932 vitia
1352 3883 1602 3938 quoque,
1634 3883 1756 3940 quae
1807 3867 1872 3922 ad

271 3978 522 4034 praesens
553 3973 757 4026 tantum
801 3979 1000 4018 sensus
1043 3963 1328 4036 voluptate
1355 3963 1692 4032 demulceut,
1725 3972 1782 4018 et
1821 3963 1872 4018 ia

275 4057 500 4112 modum
545 4057 914 4130 ﬂagellorum,
961 4073 1024 4112 ac
1083 4059 1470 4130 propaginum,
1503 4075 1622 4132 quae
1665 4061 1876 4132 absque

271 4153 456 4208 fructu
499 4151 644 4220 foliis
675 4155 832 4224 plena
861 4163 1010 4224 sunt,
1049 4155 1474 4228 dissipaverunt,
1505 4151 1720 4214 dicente
1769 4159 1876 4212 Do-

277 4249 432 4302 mino
467 4267 480 4303 :
507 4245 724 4302 Omnem
757 4252 1120 4330 propaginem,
1145 4267 1260 4320 quae
1284 4251 1336 4304 in
1359 4267 1438 4306 me
1464 4261 1654 4318 manet,
1683 4263 1728 4306 et
1764 4253 1878 4326 frn-

279 4349 422 4396 ctum
465 4339 642 4410 affert,
677 4339 839 4402 Pater
867 4359 1013 4398 meus
1065 4343 1282 4398 mundat
1337 4353 1394 4398 ut
1442 4349 1668 4416 fructum
1715 4347 1882 4416 "tergis

279 4435 468 4504 afferat
499 4435 682 4506 :quod
723 4447 896 4490 autem
948 4436 1002 4490 in
1053 4453 1136 4490 me
1177 4453 1281 4498 non
1333 4447 1526 4504 manet,
1557 4447 1604 4492 et
1651 4439 1878 4506 fructum

279 4545 384 4582 non
411 4527 584 4596 affert,
621 4528 780 4584 Pater
804 4545 951 4586 meus
997 4531 1264 4600 promittet,
1297 4539 1346 4586 et
1397 4533 1451 4588 in
1497 4533 1666 4604 ignem
1715 4534 1878 4596 mittit

277 4617 496 4691 (Matth.
533 4623 643 4694 xv).

358 4717 540 4786 (Vers.
575 4721 608 4776 ὅ
631 4719 819 4790 seqq.)
849 4717 1074 4792 Clypeus
1115 4720 1334 4792 fortium
1379 4725 1494 4794 ejus
1531 4721 1750 4794 ignitus,
1781 4721 1878 4778 viri

280 4811 536 4868 exercitus
581 4811 634 4864 in
682 4813 934 4880 coccinei:
973 4813 1184 4884 :ignea?
1229 4813 1444 4878 habena:
1475 4797 1659 4870 currus
1699 4816 1752 4872 in
1795 4817 1880 4872 die

283 4907 684 4972 pt'teparationis
737 4909 900 4978 ejus;
937 4915 988 4961 et
1026 4907 1308 4978 agitatores
1357 4909 1616 4978 consopiti
1651 4923 1794 4978 sunt,
1825 4913 1881 4968 in

279 4999 555 5064 itineribus
593 5001 886 5054 conturbati
928 5011 1070 5068 sunt,
1105 5001 1382 5076 quadriga:
1407 5003 1606 5058 collisa:
1645 5015 1766 5060 sunt
1817 5007 1874 5062 in

281 5091 488 5162 plateis.
515 5095 765 5164 Aspectus
791 5109 968 5160 eorum
995 5095 1144 5166 quasi
1171 5097 1460 5168 lampades,
1485 5099 1636 5168 quasi
1663 5099 1874 5172 fulgura

283 5185 645 5240 discut-rentia.
701 5185 1076 5256 Recordubitur
1115 5189 1332 5258 fortium
1377 5205 1612 5258 suorum,
1637 5201 1790 5248 ruent
1819 5193 1874 5248 in

279 5277 552 5334 itineribus
581 5279 712 5350 suis,
743 5281 986 5336 velociter
1013 5281 1290 5336 ascenderit
1311 5299 1487 5339 muros
1513 5287 1646 5354 eius,
1671 5293 1720 5338 et
1749 5303 1878 5360 pra:-

359 5493 384 5558 ξι
417 5483 598 5558 Nostri
625 5483 944 5558 mss._ignear
961 5483 1197 5558 babcnw,
1225 5485 1394 5558 proin
1417 5485 1550 5558 igne.
1587 5489 1878 5556 etc.,quod

287 5555 428 5626 intra
485 5557 602 5624 ipse
647 5553 906 5626 prtel‘c'rre
957 5553 1192 5612 Hieron.
1227 5553 1474 5612 videtur.
1519 5559 1654 5612 Tum
1704 5553 1878 5626 iidem

280 5625 486 5698 junctis
523 5625 802 5682 Brixianis
833 5643 999 5696 penes
1033 5629 1357 5700 Victorinum,
1384 5629 1712 5700 Gl‘tPCltr'tlllt.‘
1763 5625 1880 5700 i,=:c

287 5697 468 5780 textus
513 5713 700 5752 vocent
746 5713 921 5780 eorum
964 5697 1264 5780 sufficiunt.
1315 5697 1688 5780 Mox_tjttt)qitc
1731 5697 1884 5770 eatu-

286 5769 408 5822 dum
441 5785 626 5842 vocem
654 5785 755 5842 pro
779 5769 892 5842 ejus
918 5769 1255 5840 substituunt
1285 5773 1457 5840 nostri
1493 5769 1660 5838 nias};
1690 5769 1882 5842 estque

285 5855 480 5898 revera
511 5841 565 5896 in
599 5840 808 5914 aliquot
844 5841 1050 5898 Graecis
1103 5843 1549 5918 exemplaribus,
1581 5840 1882 5922 ἑτοιμασῖας

1900 4605 1956 4684 1)

1975 3337 2094 3374 rum
2125 3317 2278 3390 quasi
2323 3313 2624 3384 lampades,
2655 3311 2808 3382 quasi
2841 3309 3050 3378 fulgura
3084 3307 3484 3368 discurrentis,
3521 3313 3580 3360 ut

1973 3423 2100 3468 ante
2131 3413 2250 3466 visu
2280 3407 2630 3466 adversarios
2661 3411 2924 3468 terreant,
2957 3417 3116 3472 quam
3157 3415 3425 3456 mucrone
3455 3413 3578 3468 pro.-

1975 3514 2244 3562 stt-rnant.
2267 3503 2420 3558 Tunc
2449 3498 2828 3558 tecm-dabitur
2849 3496 3016 3554 Assur
3057 3493 3280 3552 fortium
3319 3507 3580 3562 suorum,

1977 3611 2026 3654 et
2057 3604 2264 3668 qumret
2291 3610 2408 3662 eos,
2431 3594 2522 3664 qui
2557 3593 2608 3652 in
2633 3589 2920 3652 itincribus
2943 3595 3368 3652 corruerunt,et
3389 3599 3580 3644 ascen—

1977 3697 2068 3752 det
2107 3694 2372 3754 velociter
2399 3705 2586 3750 muros
2617 3688 2842 3756 Ninive,
2885 3703 2946 3742 ac
2977 3695 3202 3756 propter
3233 3684 3580 3744 obsidionem

1983 3801 2004 3830 ο
2029 3789 2400 3858 longissimam
2431 3785 2496 3840 ad
2531 3781 2886 3852 depellendus
2913 3791 3076 3840 a-snts
3103 3776 3428 3848 pra-parabit
3462 3791 3580 3836 utu-

1978 3882 2197 3938 bracula
2231 3879 2350 3952 (Ps.
2381 3877 2596 3944 cxxvt).
2623 3875 2730 3934 Sed
2759 3873 2888 3944 quid
2929 3870 3152 3942 prodest
3187 3869 3460 3930 aedificare
3489 3869 3588 3926 do-

1979 3993 2163 4042 mum,
2199 3975 2304 4032 nisi
2351 3971 2614 4030 Dominus
2645 3967 3040 4026 aediﬁcaverit?
3071 3965 3210 4032 Quid
3253 3965 3408 4034 juvat
3437 3963 3589 4018 claua

1978 4069 2112 4126 dere
2155 4075 2358 4138 portas,
2405 4079 2540 4134 quas
2583 4063 2846 4126 Dominus
2899 4059 3144 4118 reserat?
3181 4059 3400 4126 Aperta:
3455 4062 3588 4120 sunt

1981 4177 2152 4234 portae
2195 4161 2419 4224 Ninive,
2464 4173 2588 4230 qua:
2615 4157 2682 4212 ad
2721 4156 2896 4212 inStar
2933 4152 3214 4214 ﬂuminum
3247 4149 3484 4216 ltaliehat
3511 4148 3586 4204 ci-

1979 4275 2124 4314 vium
2145 4255 2570 4320 multitudinem,
2595 4259 2652 4310 ct
2679 4249 2960 4320 templum,
2997 4247 3048 4302 id
3077 4257 3182 4310 est,
3211 4259 3434 4314 regnum
3467 4241 3586 4314 ejus

1981 4353 2324 4416 destructum
2355 4355 2468 4424 cst,
2495 4355 2552 4402 et
2581 4346 2738 4410 miles
2765 4342 3014 4414 captivus
3035 4339 3298 4396 abductus
3327 4347 3442 4404 est,
3483 4338 3586 4394 hoc

1981 4455 2096 4512 est,
2123 4459 2313 4500 omnes
2344 4441 2490 4498 ducti
2521 4447 2652 4494 sunt
2695 4439 2748 4492 in
2781 4435 3140 4507 Babylonem.
3177 4431 3420 4496 Ancillas
3453 4445 3585 4486 vero

1984 4539 2178 4596 Ninive
2209 4553 2302 4608 per
2329 4533 2708 4606 tnctaphoram
2739 4529 2982 4586 minores
3013 4527 3180 4586 urbes
3208 4535 3262 4582 et
3291 4524 3506 4588 viculos
3531 4531 3588 4580 et

1981 4631 2208 4688 castella
2241 4627 2506 4700 intelligo.
2546 4623 2636 4690 Vel
2670 4631 2824 4678 certe
2851 4619 3086 4692 captivae
3127 4618 3386 4686 mulieres
3413 4618 3588 4674 mina-

1981 4725 2186 4786 buntur
2213 4729 2342 4784 ante
2369 4735 2464 4784 ora
2497 4719 2802 4786 victorum;
2835 4721 3131 4784 tantusque
3161 4719 3336 4770 terror
3361 4711 3496 4776 erit,
3529 4718 3588 4776 ut

1983 4833 2052 4872 ne
2075 4817 2128 4872 in
2157 4813 2432 4890 singultus
2457 4811 2676 4882 quidem
2716 4817 2774 4864 et
2812 4807 3076 4862 ululatum
3121 4815 3374 4876 erumpat
3401 4803 3584 4870 dolor,

1983 4909 2079 4964 sed
2111 4909 2248 4964 intra
2275 4921 2334 4962 se
2369 4905 2530 4962 tacite
2553 4911 2797 4974 getnant,
2827 4909 2880 4958 et
2911 4901 3158 4964 obscuro.
3179 4913 3454 4964 murmure
3481 4895 3583 4950 de-

1983 5003 2470 5072 voreutlacrymas
2505 4999 2556 5064 in
2603 5013 2810 5062 rnorem
2851 4993 3258 5058 mussitantium
3305 4989 3586 5046 columba-

1981 5113 2126 5154 rum.
2169 5095 2292 5150 Ilaec
2343 5093 2500 5164 juxta
2531 5091 2856 5146 llebraicam
2903 5087 3276 5144 traditionem.
3301 5083 3458 5140 Nunc
3495 5097 3586 5138 ve-

1983 5189 2196 5246 niamus
2239 5187 2306 5242 ad
2349 5185 2704 5255 Septuaginta
2753 5181 3131 5238 translatores.
3177 5175 3506 5236 Excutientes
3534 5169 3586 5242 ἀ,

1983 5287 2072 5359 qui
2119 5289 2482 5339 excusserunt
2525 5277 2696 5334 Jacob
2727 5285 2782 5332 et
2813 5274 3012 5340 Israel,
3047 5279 3102 5328 et
3153 5269 3362 5340 flagella
3393 5281 3588 5322 eorum

1985 5491 2164 5548 αὐτῶν.
2201 5501 2294 5554 pro
2325 5485 2508 5550 αὐτοῦ,

2055 5543 2084 5597 δ
2131 5543 2294 5612 Iidem
2331 5547 2502 5630 tnss_.,
2527 5553 2852 5630 relocitntem
2879 5543 3583 5630 properantium.signiﬁcat.

2063 5643 2082 5668 ο
2129 5631 2266 5686 Mart
2291 5645 2404 5692 an.,
2429 5627 2765 5698 longissima;
2791 5637 2902 5680 mss
2945 5635 3076 5688 vero
3097 5627 3430 5688 novissimam
3451 5629 3589 5688 prae-

2077 5719 2190 5754 ΙΙΙὶῑ.

1989 5701 2304 5828 Ιωιίηὶξξξικξε
2332 5769 2650 5836 Victoriam,
2675 5765 3014 5824 Excutieutes
3041 5769 3380 5832 excusserunt
3403 5776 3520 5834 res,
3537 5757 3594 5834 id

1992 5853 2092 5912 est,
2113 5843 2305 5914 Jacob,
2335 5851 2440 5902 etc.
