4078 6342
499 276 638 332 ηυ-

1760 276 1819 330 S.
1865 272 2130 330 EUSEBII
2174 272 2553 329 HIERONYMI

3648 272 3809 330 .1248

496 394 939 467 dissipaverunt;
967 408 1117 450 arma
1149 406 1390 464 quoque,
1423 406 1543 463 quin
1571 391 1700 448 dum
1726 392 2108 448 contumeliosi
2135 395 2185 453 Λ
2214 390 2336 461 Ipsa
2373 401 2551 445 autem
2577 389 2761 445 mundi
2788 388 3094 445 substantia
3119 397 3175 444 et
3203 403 3399 445 omnes
3425 386 3653 443 ancillae
3682 388 3810 457 ejus,

498 502 713 559 essent,
757 491 964 547 habere
1007 496 1437 555 consueverant,
1479 496 1534 543 et
1577 486 1740 562 555.
1779 486 1973 557 quibus
2019 486 2104 540 in—

499 585 686 641 firmos
714 599 960 656 quosque
991 590 1420 654 oppresserant,
1452 578 1845 650 confregeruut
1875 598 1889 634 :
1922 587 1975 634 et
2004 577 2109 631 hoc

497 692 607 733 non
644 678 823 732 solum
854 676 1137 741 fecerunt,
1185 689 1374 729 verum
1418 673 1583 728 etiam
1632 673 1782 726 viros
1822 670 1990 726 fortes
2018 668 2111 740 qui

496 770 841 835 illudebant,
884 770 935 824 in
985 770 1109 839 igne
1151 768 1621 837 disperdiderunt.
1654 765 1993 830 Considera.
2041 782 2110 819 an

499 866 679 934 possis
709 863 857 917 viros
888 862 1059 917 fortes
1088 860 1274 915 dicere
1300 859 1597 915 illudentes
1628 860 1681 913 in
1714 859 1861 929 igne,
1897 857 2113 911 fortitu-

504 956 664 1012 dines
692 957 1034 1022 contrarias,
1068 971 1188 1024 quae
1221 953 1538 1009 ministrant
1572 952 1890 1008 ardentibus
1916 951 2114 1021 jaculis

502 1051 740 1120 diaboli,
784 1052 878 1121 qui
922 1048 1095 1105 fortes
1140 1056 1195 1104 et
1241 1048 1529 1102 illudentes
1572 1047 1848 1116 quondam
1891 1046 1944 1101 in
1992 1047 2115 1115 igne

502 1141 675 1198 Jacob
706 1152 764 1198 et.
806 1143 972 1198 Israel
1025 1142 1304 1197 habebant
1346 1156 1543 1195 currus
1590 1149 1644 1194 et
1693 1155 1893 1211 equos,
1923 1138 2116 1209 quibus

508 1237 712 1291 conciti
762 1236 1080 1292 ferebantur
1131 1237 1180 1288 in
1230 1234 1434 1289 bellum
1486 1234 1539 1289 in
1587 1234 1676 1289 die
1706 1232 2118 1303 prwparationis

510 1343 646 1386 sute.
679 1329 883 1384 Horum
916 1330 1081 1399 igitur
1113 1344 1375 1383 curruum
1409 1328 1634 1382 habena:
1665 1338 1718 1383 et
1749 1328 1962 1396 equites
1990 1340 2121 1379 con-

506 1424 878 1478 turbabuntur
907 1425 958 1477 in
991 1423 1315 1493 itineribus,
1348 1431 1404 1478 et
1440 1423 1775 1480 collidentur
1803 1422 1859 1476 in
1894 1421 2117 1490 plateis,

503 1515 729 1587 quando
757 1516 1125 1570 illustratioue
1160 1516 1374 1570 Domini
1416 1515 1587 1571 Jacob
1616 1526 1672 1570 et
1712 1516 1881 1571 Israel
1907 1523 1934 1552 ει
1969 1515 2123 1569 illus-

512 1618 685 1681 trato,
723 1622 831 1664 tam
873 1610 1152 1666 daemones
1196 1624 1361 1681 quam
1411 1612 1463 1664 lti
1505 1612 1593 1681 qui
1647 1626 1833 1665 eorum
1878 1609 2125 1664 serviunt

512 1703 804 1769 voluntati,
829 1719 858 1757 a
890 1706 1119 1758 Domino
1152 1706 1563 1760 subvertentur.
1594 1704 1890 1759 Possumus
1913 1704 2029 1760 hmo
2055 1704 2123 1759 de

2211 493 2491 554 postquam
2522 481 2811 538 seChristo
2842 482 3198 552 subiecerint,
3234 492 3289 538 et
3314 483 3362 537 ei
3397 481 3623 537 servire
3652 497 3818 553 caepe-

2211 578 2349 640 rint,
2384 576 2652 631 ducentur
2694 575 2831 629 lmtze
2868 585 3033 645 atque
3061 576 3396 646 gaudentes,
3435 582 3498 628 et
3538 589 3608 627 ex
3644 574 3819 630 intimo

2212 670 2577 726 eottfessionis
2622 668 2795 723 corde
2839 670 3166 735 credentes,
3217 668 3287 723 ita
3334 676 3396 723 ttt
3440 665 3819 723 columbarum

2216 761 2496 817 munditia).
2526 769 2938 831 comparentur,
2965 759 3384 813 murtnurabunt
3405 774 3511 813 seu
3541 757 3824 814 louuentur

2216 859 2269 910 in
2300 855 2554 910 cordibus
2581 855 2717 908 suis.
2752 853 2819 907 Et
2848 864 2973 907 tunc
2996 851 3386 921 adintplebitur
3416 850 3575 921 quod
3611 852 3662 906 in
3687 866 3825 906 sexa-

2216 954 2430 1022 gesimo
2470 949 2706 1018 septimo
2748 949 2959 1017 psalmo
3002 948 3067 1001 de
3110 946 3339 1002 vietoria
3388 945 3608 1001 dicitur
3650 945 3829 1001 Salva-

2220 1045 2355 1099 toris
2391 1063 2403 1099 :
2436 1042 2732 1097 Ascendem
2774 1042 2827 1095 in
2869 1040 3066 1107 altum,
3115 1042 3374 1111 captitum
3420 1038 3585 1091 duxit
3622 1038 3827 1106 captiri~

2221 1146 2377 1190 tatem
2410 1153 2428 1190 :

2298 1230 2477 1301 (Vers.
2505 1230 2559 1295 8,
2586 1228 2664 1301 9.)
2692 1228 2757 1282 Et
2784 1226 2969 1281 Ninive
2995 1227 3143 1297 quasi
3172 1227 3375 1298 piscina
3410 1241 3678 1294 aquarum
3699 1241 3832 1297 aqua

2223 1326 2336 1395 ejus
2370 1340 2387 1376 :
2417 1322 2528 1393 Ipsi
2557 1338 2673 1375 vero
2705 1326 2968 1393 fugerunt.
3017 1320 3161 1375 State
3182 1359 3196 1383 ,
3230 1327 3389 1384 state,
3424 1327 3477 1372 et
3510 1335 3619 1371 non
3649 1326 3723 1371 est
3756 1321 3833 1388 qui

2223 1427 2508 1471 revertatur
2547 1432 2562 1468 :
2595 1415 2806 1484 diripite
2832 1423 3120 1484 argentum,
3153 1414 3365 1482 diripite
3393 1429 3598 1466 aurum
3629 1428 3649 1466 :
3670 1423 3716 1465 et
3745 1429 3831 1467 non

2224 1521 2295 1566 est
2322 1511 2441 1580 ﬁnis
2472 1511 2772 1563 divitiarum
2799 1518 2822 1548 ο
2854 1525 2917 1562 ex
2954 1508 3191 1561 omnibus
3221 1508 3357 1561 vasis
3381 1507 3833 1563 desiderabilibus.

2225 1604 2371 1660 LXX
2407 1622 2419 1657 :
2455 1602 2524 1657 Et
2556 1604 2747 1657 Ninive
2787 1606 2923 1656 sicut
2963 1603 3170 1669 piscina
3210 1619 3471 1674 aquarum
3506 1618 3661 1672 aqua:
3689 1606 3835 1675 ejus:

2229 1708 2273 1751 et
2306 1699 2408 1767 ipsi
2441 1697 2699 1770 fugientes
2728 1713 2833 1750 non
2864 1703 3155 1749 steterunt:
3186 1704 3234 1750 et
3267 1711 3370 1748 non
3407 1705 3530 1749 erat
3559 1696 3652 1761 qui
3681 1696 3835 1765 respi-

514 1798 694 1867 pritno
727 1796 845 1866 ejus
872 1797 1116 1852 adventu
1146 1796 1477 1867 intelligere,
1497 1797 1724 1868 quando
1751 1796 1851 1852 viri
1878 1798 2050 1852 fortes
2071 1808 2124 1852 et
2158 1805 2201 1863 Β
2229 1802 2361 1847 ceret
2387 1808 2405 1845 :
2427 1791 2741 1857 diripiebant
2769 1799 3066 1862 argentum,
3096 1789 3413 1859 diripiebant
3439 1805 3659 1853 aurum,
3681 1797 3727 1841 et
3750 1804 3835 1843 nan

514 1887 815 1957 agitatores
837 1902 1096 1942 curruum
1147 1897 1201 1944 et
1246 1889 1462 1959 equites
1515 1890 1883 1959 loquebantur
1928 1908 1939 1944 :
1990 1891 2127 1958 Quid

522 1979 669 2033 nobis
691 1988 739 2033 et
781 1978 895 2045 tibi,
936 1980 1015 2046 ﬁli
1056 1979 1261 2035 David?
1286 1982 1467 2035 venisti
1508 1992 1628 2036 ante
1661 1993 1861 2051 tempus
1890 1994 2128 2054 torquere

519 2087 612 2126 nos
646 2071 875 2141 (Matth.
906 2088 1031 2136 vttt,
1063 2073 1134 2129 29
1159 2074 1218 2144 )?
1248 2074 1357 2130 Sed
1388 2076 1645 2145 quoniam
1678 2078 1846 2132 semel
1883 2078 2124 2147 prophe-

516 2164 648 2220 tiam
679 2172 870 2219 contra
900 2164 1130 2219 Niniven
1163 2166 1233 2221 de
1263 2169 1737 2224 consummatione
1766 2169 1951 2224 mundi
1975 2184 2129 2225 acce-

517 2258 721 2328 pimus,
754 2258 950 2313 melius
980 2268 1099 2324 est,
1131 2271 1188 2314 ut
1233 2259 1505 2328 dicamus,
1538 2276 1688 2316 arma
1723 2263 1978 2332 polentia:
2008 2262 2127 2317 dia-

520 2349 630 2404 boli
658 2362 782 2404 tunc
814 2350 929 2404 tolli
952 2352 1019 2406 ab
1042 2351 1381 2418 hominibus,
1400 2364 1456 2407 et
1480 2352 1763 2409 ministros
1791 2354 1911 2424 ejus
1936 2355 2127 2421 fortes,

523 2446 614 2514 qui
642 2445 946 2501 illudebaut
978 2447 1292 2503 hominibus
1318 2447 1370 2501 itt
1398 2448 1544 2518 igne.
1569 2448 1771 2503 Omnes
1794 2452 1936 2503 enim
1970 2449 2127 2503 adul-

522 2545 769 2594 terautes
811 2541 966 2610 quasi
1010 2540 1261 2595 clibanus
1308 2542 1477 2595 corda
1522 2556 1713 2596 eorum
1765 2541 1929 2614 (Osce
1984 2541 2124 2614 nt):

524 2634 742 2688 vincula
765 2650 980 2704 quoque
1001 2635 1195 2704 quibus
1220 2635 1417 2704 captivi
1444 2635 1785 2690 ducebantur
1815 2634 1866 2689 itt
1892 2636 2046 2704 vitia,
2076 2647 2129 2691 et

530 2742 857 2783 ascensores
872 2744 1131 2783 curruum
1152 2728 1409 2783 relaxari.
1437 2728 1728 2784 Tituebttnt
1754 2730 1899 2785 enitu
1920 2731 2131 2799 equites

534 2822 588 2876 itt
623 2822 879 2887 exitibus,
913 2823 1016 2876 hoc
1052 2831 1136 2878 est
1160 2863 1174 2887 ,
1218 2821 1273 2876 itt
1312 2824 1786 2877 consununatione
1825 2821 2041 2887 tuundi,
2078 2829 2132 2875 et

528 2914 955 2978 confundentur,
1011 2924 1068 2970 et
1119 2915 1452 2969 collidentur
1507 2932 1702 2970 currus
1774 2917 1826 2969 in
1897 2912 2128 2985 plateis;

532 3007 779 3076 quamvis
811 3008 956 3062 enim
993 3007 1099 3062 lata
1126 3019 1183 3062 et
1208 3009 1445 3077 spatiosa
1476 3012 1561 3062 via
1603 3008 1701 3072 sit,
1735 3023 1855 3078 qua:
1886 3007 2035 3061 ducit
2065 3006 2130 3060 ad

532 3115 765 3157 mortem
788 3100 1003 3171 (Matth.
1032 3100 1128 3172 vtt)
1158 3122 1171 3155 :
1200 3112 1380 3158 tamen
1403 3117 1653 3173 pressura
1670 3101 1936 3172 temporis
1968 3115 2130 3155 coar-

2231 1896 2339 1941 erat
2372 1888 2493 1954 linis
2524 1885 2814 1939 ornamenti
2845 1885 2958 1954 ejus
2991 1900 3008 1938 :
3040 1892 3326 1956 aggravata
3374 1893 3453 1938 est
3488 1899 3651 1955 super
3681 1885 3834 1937 omnia

2234 1997 2355 2033 mea
2387 1979 2820 2052 concupiscentia:
2848 1994 2974 2032 θυαε.
3011 1976 3359 2032 Manifestum
3391 1987 3482 2033 est
3509 1976 3661 2045 quod
3682 2018 3697 2043 ,
3720 1976 3836 2032 civi-

2233 2074 2434 2127 tatibus
2454 2072 2647 2128 Ninire
2673 2071 2832 2143 (quas
2854 2070 2997 2125 ﬁlias
3019 2070 3139 2141 ejus
3154 2070 3440 2138 Scriptura
3465 2070 3830 2142 cognominat)

2233 2168 2285 2222 in
2327 2166 2699 2236 captivitatem
2750 2163 3033 2228 deductis,
3078 2166 3196 2233 ipsa
3228 2163 3446 2231 Ninive,
3501 2178 3627 2233 qua:
3673 2171 3833 2217 tantos

2233 2262 2503 2316 nutrierat
2527 2260 2762 2330 populos
2788 2301 2801 2325 ,
2837 2268 2892 2313 ut
2924 2257 3256 2329 piscinarum
3296 2259 3461 2329 aquis
3502 2273 3833 2326 comparare-

2235 2368 2343 2416 tur.
2378 2356 2625 2411 inutilem
2670 2355 2869 2410 habeat
2897 2354 3306 2410 multitudinem
3340 2373 3354 2409 :
3386 2354 3523 2409 dum
3557 2353 3737 2409 nullus
3763 2362 3832 2408 est

2233 2450 2322 2521 qui
2349 2451 2607 2513 resistat,
2653 2459 2708 2503 et
2751 2448 3079 2503 irruentium
3120 2448 3558 2519 Babyloniorum
3592 2448 3827 2517 impetum

2233 2544 2389 2598 ferat.
2428 2544 2677 2599 [lababat
2706 2543 2851 2597 enim
2876 2543 3137 2613 pouulos,
3162 2544 3256 2613 qui
3283 2542 3673 2598 tantummodo
3698 2544 3830 2614 fuge-

2234 2647 2378 2701 rent,
2394 2647 2451 2694 et
2471 2638 2741 2693 clamante
2765 2648 2938 2691 matre
2958 2656 2968 2690 :
2986 2636 3162 2704 State,
3181 2646 3344 2703 state,
3363 2636 3616 2693 claudite
3641 2644 3824 2705 portas,

2237 2748 2428 2787 muros
2470 2732 2782 2791 ascendite.
2826 2730 3084 2786 hostibus
3125 2742 3451 2801 repugnate,
3484 2731 3672 2786 nullus
3704 2738 3828 2784 esset

2234 2826 2323 2893 qui
2346 2821 2371 2860 ά
2400 2834 2790 2889 reverteretur,
2822 2839 2983 2877 nemo
3010 2824 3100 2893 qui
3130 2825 3438 2893 reSpiceret
3467 2827 3537 2878 ad
3572 2832 3821 2878 matrem:

2240 2918 2336 2973 sed
2367 2933 2553 2972 omnes
2585 2926 2735 2987 terga
2766 2926 3080 2982 vertentes,
3125 2918 3324 2987 przedzc
3357 2918 3713 2972 inimicorum
3748 2915 3827 2970 de-

2236 3021 2485 3066 sererent
2507 3011 2802 3066 civitatem.
2832 3003 2991 3067 Unde
3022 3011 3223 3067 dicitur
3245 3012 3311 3068 ad
3332 3012 3689 3086 Babylonios,
3717 3012 3822 3080 quia

2239 3106 2317 3159 illi
2369 3106 2653 3177 fugerunt,
2690 3105 2914 3175 diripite
2954 3116 3280 3177 argentum,
3332 3116 3387 3162 et
3418 3116 3578 3162 tanto
3609 3116 3825 3174 tempore

534 3196 697 3262 elati,
726 3203 934 3249 rectum
970 3197 1073 3249 itzr
1102 3196 1349 3249 invenire
1382 3212 1485 3250 non
1514 3203 1815 3265 poterunt;
1847 3193 1940 3248 Sed
1986 3193 2036 3247 in
2073 3208 2130 3248 sc
2161 3204 2205 3266 ρ
2237 3208 2594 3269 congregatas
2639 3214 2774 3268 opes
2821 3199 3001 3255 subita
3057 3198 3222 3271 556
3270 3202 3596 3255 vastatione
3639 3199 3822 3269 prmda-

530 3285 768 3342 invicem
795 3287 1154 3354 collidentur,
1191 3298 1240 3342 et
1272 3286 1635 3341 nihilominus
1665 3286 1955 3355 Spirabunt
1984 3296 2136 3340 vetc-

533 3398 648 3437 rem
674 3381 945 3445 furorem,
976 3393 1029 3438 et
1066 3384 1225 3454 quasi
1264 3381 1480 3453 fulgura
1515 3381 1619 3436 huc
1661 3382 1897 3452 illucque
1924 3381 2137 3435 discur-

540 3488 685 3534 reut.
727 3478 998 3545 Videbam,
1021 3480 1199 3549 inquit
1220 3479 1499 3545 Dominus,
1523 3488 1760 3532 satanatn
1782 3477 1929 3546 quasi
1960 3474 2139 3547 fulgur

541 3571 603 3625 de
632 3569 759 3625 caelo
781 3574 1047 3625 cadentem
1069 3570 1223 3641 (Luc.
1251 3587 1304 3636 χ,
1338 3570 1451 3642 18).
1477 3570 1632 3639 Quod
1656 3586 1778 3625 cum
1812 3570 2063 3624 diabolus
2087 3576 2140 3621 ct

541 3678 738 3719 omnes
777 3667 1070 3734 optimates
1100 3664 1218 3735 ejus
1252 3665 1657 3729 intellexerint,
1703 3662 2141 3718 recordabuntur

540 3759 1031 3815 consummationis
1058 3776 1175 3826 qua:
1197 3760 1323 3815 olim
1349 3760 1527 3814 fuerat
1553 3760 1835 3830 praedicta,
1856 3766 1909 3812 et
1932 3755 2143 3827 fugient

540 3855 597 3908 in
633 3853 851 3909 diebus.
902 3854 1252 3924 Nequaquam
1299 3854 1447 3909 enim
1480 3854 1843 3908 versabuutur
1872 3852 1925 3905 in
1967 3852 2137 3905 nocti-

542 3946 665 4012 bus,
699 3946 794 4000 sed
824 3947 1164 4001 clarescente
1185 3946 1295 4013 die,
1322 3947 1563 4001 tenebrae
1594 3944 1943 4016 fugabuntur,
1978 3952 2033 3997 et
2064 3942 2144 3995 itt-

549 4038 910 4095 ftrutabuntur
952 4041 1003 4095 in
1040 4037 1270 4107 itinere,
1319 4054 1426 4094 non
1471 4039 1855 4107 proficientes,
1902 4052 2002 4093 nec
2042 4052 2137 4090 ex-

546 4134 815 4205 plentesb
860 4145 1093 4189 conatus
1140 4148 1307 4199 suos,
1340 4143 1396 4189 et
1437 4132 1774 4188 festinabunt
1818 4133 1883 4187 ad
1935 4149 2140 4187 muros.

548 4228 759 4283 Tantus
780 4228 983 4299 quippe
1013 4243 1108 4283 eos
1139 4228 1409 4283 venientis
1442 4228 1652 4282 Domini
1680 4238 1859 4282 terror
1886 4227 2103 4282 invadet
2127 4273 2140 4296 ,

548 4335 604 4380 et
635 4333 744 4378 tam
775 4322 1087 4379 imbecilles
1114 4322 1180 4376 ad
1213 4322 1628 4393 repugnandum
1661 4321 1825 4394 555
1856 4332 2052 4387 erunt,
2088 4331 2147 4376 ttt

550 4417 617 4472 ad
665 4417 929 4473 terminos
978 4416 1163 4470 nutndi
1223 4416 1461 4485 fugiant,
1518 4415 1716 4485 quibus
1765 4416 1919 4485 quasi
1972 4415 2145 4469 muris

550 4511 784 4565 mundus
809 4510 1108 4565 includitur
1136 4517 1191 4563 et
1218 4507 1475 4571 ambitur,
1501 4516 1556 4561 et
1581 4509 1966 4577 prreparabunt
1993 4523 2052 4563 se
2078 4507 2143 4561 ail

2241 3293 2399 3347 mini.
2424 3292 2539 3346 Non
2568 3292 2711 3346 enim
2745 3300 2829 3346 est
2859 3291 2981 3346 finis
3022 3291 3363 3360 divitiarum,
3398 3291 3757 3361 supellectilis
3780 3298 3823 3344 et

2240 3401 2522 3452 vasorum,
2565 3402 2685 3454 qua:
2713 3386 2767 3439 in
2806 3384 3003 3439 Ninive
3025 3385 3246 3440 condita
3270 3394 3399 3440 sunt
3428 3402 3443 3451 ;
3471 3401 3574 3440 nec
3614 3382 3813 3455 potestis

2244 3488 2451 3534 tantum
2483 3495 2699 3548 rapere,
2727 3489 2986 3548 quantum
3013 3479 3079 3532 ad
3105 3480 3479 3551 diripiendum
3513 3480 3603 3534 illa
3629 3493 3684 3533 se
3706 3490 3821 3546 pra:-

2243 3572 2355 3628 bet.
2392 3572 2498 3627 Sed
2530 3574 2653 3643 quia
2685 3572 2918 3626 Niniven
2949 3573 3259 3643 speciosam
3284 3617 3298 3641 ,
3353 3573 3404 3627 id
3436 3584 3554 3637 est,
3590 3569 3817 3627 mundum

2244 3670 2415 3723 semel
2457 3666 2732 3734 diximus,
2778 3667 3067 3721 videamus
3109 3683 3229 3736 quae
3273 3666 3482 3735 piscina
3529 3666 3601 3721 sit
3640 3664 3816 3721 mundi.

2244 3760 2359 3815 Non
2382 3761 2458 3813 ait
2480 3759 2948 3829 Scriptura,quod
2975 3775 3132 3826 aqua:
3157 3758 3365 3814 Ninive:
3387 3760 3500 3814 sint
3525 3758 3671 3827 quasi
3693 3770 3818 3825 aqua:

2246 3854 2434 3921 maris,
2467 3870 2565 3908 nec
2578 3854 2728 3923 quasi
2745 3869 2895 3925 aquae
2912 3852 3221 3922 fluminum,
3248 3870 3347 3909 nec
3364 3855 3522 3925 quasi
3550 3867 3695 3924 aqtne
3712 3856 3811 3904 futt—

2248 3951 2417 4014 tiunt,
2468 3966 2569 4005 nec
2610 3951 2769 4021 quasi
2812 3966 2965 4017 aquae
3015 3959 3335 4019 puteorum,
3384 3953 3481 4007 sed
3517 3949 3666 4020 quasi
3693 3964 3818 4019 aqua

2249 4044 2470 4114 piscina:
2504 4063 2517 4100 ε
2553 4054 2609 4099 ttt
2637 4046 2913 4113 quomodo
2946 4044 2998 4099 in
3038 4045 3279 4100 Jeremia
3313 4047 3552 4116 popultts
3589 4042 3817 4110 arguitur,

2247 4139 2337 4209 qui
2366 4139 2662 4207 dereliquit
2695 4138 2901 4193 fontem
2929 4154 3082 4207 aqure
3104 4140 3272 4205 vivae,
3308 4151 3361 4196 et
3399 4140 3542 4196 fodit
3571 4139 3670 4195 sibi
3696 4138 3817 4191 lacus

2248 4232 2550 4293 contritos,
2595 4231 2686 4301 qui
2732 4248 2839 4285 non
2890 4240 3124 4300 possunt
3178 4248 3373 4303 aquam
3424 4235 3703 4289 continere
3727 4225 3820 4299 (Je-

2250 4340 2376 4379 rem.
2411 4322 2472 4394 tt)
2499 4342 2510 4376 :
2541 4324 2622 4379 sic
2648 4333 2703 4378 et
2733 4325 2784 4378 in
2816 4323 3007 4379 Ninive
3036 4340 3233 4380 omnes
3255 4342 3411 4395 aqua:
3440 4326 3552 4382 illa;
3578 4325 3701 4386 sint,
3722 4332 3817 4386 qua?

2251 4417 2321 4473 de
2350 4416 2491 4471 coelo
2523 4418 2859 4485 ceciderint,
2903 4426 2958 4472 et
3000 4420 3278 4489 antiquam
3311 4419 3649 4473 altitudinem
3685 4411 3818 4467 relin—

2252 4518 2502 4577 quentes,
2531 4511 2581 4563 in
2620 4509 2726 4563 ima
2752 4509 2992 4579 delapsa:
3017 4510 3147 4565 sint.
3178 4510 3373 4565 Omnia
3415 4511 3562 4566 enim
3602 4509 3815 4575 dogmata

550 4604 941 4663 resistendum.
966 4605 1256 4673 Quomodo
1277 4604 1321 4657 si
1350 4602 1474 4673 quis
1500 4602 1782 4657 inimicum
1808 4604 2010 4674 fugiat,
2042 4621 2146 4657 tton
2177 4608 2230 4667 D
2256 4602 2443 4657 mundi
2474 4602 2657 4671 hujus,
2688 4617 2810 4673 qua:
2841 4610 3000 4656 extra
3031 4602 3240 4657 fontem
3275 4613 3402 4657 sunt
3425 4599 3694 4663 Ecclesiae,
3718 4596 3816 4648 hor-

547 4697 758 4752 audcus
783 4697 833 4752 ei
863 4698 1145 4758 resistere.
1176 4711 1298 4751 cum
1330 4695 1397 4749 ad
1428 4695 1785 4749 solitudinem
1822 4698 2067 4763 venerit,
2099 4699 2142 4750 si

548 4791 687 4845 forte
711 4790 880 4844 lIOSliS
909 4796 1192 4860 sequatur,
1224 4788 1553 4841 necessitate
1580 4788 1794 4856 cogitur
1816 4804 2142 4857 repugnare.

554 4884 755 4940 Verum
791 4884 895 4937 illis
928 4883 1029 4937 hoc
1048 4881 1413 4949 cogitantibus
1436 4924 1449 4946 ,
1509 4882 1759 4934 universa
1803 4897 1924 4948 qua:
1970 4880 2038 4932 ab
2069 4883 2149 4933 eis

552 4980 777 5032 obtenta
804 4976 1089 5029 fueruntet
1111 4988 1393 5043 possessa,
1419 4972 1771 5040 proferentur
1803 4973 1853 5025 in
1886 4973 2147 5039 medium,

546 5082 601 5127 et
628 5073 939 5140 aperientur
965 5081 1130 5140 portae
1154 5086 1289 5139 quas
1316 5069 1645 5133 claUScraut,
1673 5078 1726 5122 ct
1760 5083 1924 5135 regna
1956 5084 2144 5122 eorum

552 5164 780 5233 cadent,
814 5174 869 5219 et
898 5160 1218 5227 substantia,
1254 5160 1304 5215 id
1336 5168 1450 5225 est,
1480 5154 1700 5213 divitiae
1730 5160 2146 5215 revelabuutur.

622 5341 649 5367 α
688 5330 821 5384 Cum
870 5325 1072 5388 nostri,
1124 5333 1269 5393 tum,
1322 5338 1459 5388 quos
1508 5321 1782 5378 Vielorius
1832 5322 2138 5389 consuluit,

544 5402 842 5459 Florentia:
882 5397 1104 5454 codices
1146 5392 1556 5463 pro'itlustrato,
1587 5394 1775 5461 legunt
1806 5405 2005 5447 sanato.
2038 5393 2145 5449 No-

542 5486 823 5543 tatuutqne
875 5471 1017 5525 forte
1055 5466 1226 5523 alludi
1273 5466 1401 5521 illttd
1446 5466 1589 5521 Osce
1629 5481 1732 5535 vn,
1785 5464 1917 5521 Cum
1958 5481 2147 5519 sanare

542 5547 723 5601 vellem
752 5542 947 5599 Israel.

615 5616 643 5656 ι’
686 5617 803 5672 Duo
835 5630 993 5677 mss.,
1025 5613 1287 5677 explentes
1317 5613 1576 5683 cogitatus
1607 5625 1752 5664 suos.

544 5760 581 5817 ά
617 5689 901 5816 οᾘειθςὶιιω
933 5700 1034 5743 ms.
1081 5700 1206 5741 cum
1255 5680 1547 5748 Palatinis,
1593 5699 1687 5755 pro
1719 5680 1962 5739 omnibus
2018 5682 2154 5739 vasis

582 5778 652 5817 est
694 5777 813 5817 erit.

582 5762 813 5817 esiderii.

608 5829 637 5870 ιι
679 5832 825 5888 idem
876 5832 1100 5903 Regina:
1146 5829 1267 5889 cod.
1312 5831 1402 5899 qui
1454 5830 1752 5897 resisteret,
1793 5844 1890 5899 pro
1940 5838 2161 5884 rercrte-

2254 4707 2474 4765 tumque
2498 4698 2797 4764 signatum,
2830 4712 2930 4751 nec
2952 4708 3184 4766 possunt
3215 4696 3402 4749 dicere
3434 4713 3447 4750 :
3481 4688 3819 4749 Ftuminisim—

2253 4801 2397 4861 petits
2428 4788 2659 4859 la’tiﬁrat
2690 4790 2943 4842 civitatem
2970 4788 3067 4843 Dei
3092 4788 3210 4858 (Ps.
3236 4804 3362 4851 XLV,
3388 4788 3443 4859 4)
3483 4807 3496 4844 :
3527 4800 3623 4843 nec
3645 4783 3705 4837 de
3732 4778 3815 4833 illis

2254 4885 2407 4953 aquis
2434 4893 2561 4937 sunt
2592 4900 2710 4953 quin
2738 4898 2901 4951 super
2927 4884 3099 4939 ccelos
3130 4883 3353 4938 laudant
3382 4898 3582 4937 nomen
3606 4870 3813 4936 Domini,

2255 4977 2503 5045 quamvis
2535 4992 2730 5045 magna
2766 4976 3077 5040 videantur,
3111 4987 3291 5031 tamen
3330 4991 3493 5045 parva
3526 4980 3646 5029 sunt
3670 4979 3715 5022 et
3739 4980 3814 5017 au-

2254 5079 2413 5138 gusto
2439 5068 2543 5122 ftne
2579 5069 2857 5122 conclusa.
2887 5067 2997 5123 Nec
3030 5080 3248 5123 moveat
3280 5068 3591 5137 quempiam
3614 5060 3722 5131 quia
3754 5053 3815 5124 νῖ-

2255 5162 2461 5216 scinam
2492 5162 2543 5216 itt
2572 5161 2768 5215 malam
2794 5170 3000 5231 partem
3022 5171 3045 5199 ο
3069 5161 3527 5234 accipituus,cum
3545 5158 3626 5215 illa
3643 5148 3810 5226 piscina

2251 5335 2416 5379 retur.

2324 5407 2346 5433 θ
2389 5396 2661 5451 Occursus
2692 5394 2938 5459 ejusdem
2972 5394 3125 5449 verbi
3171 5394 3401 5461 accipio,
3449 5399 3509 5447 ut
3550 5400 3661 5460 qum
3694 5381 3809 5461 inter

2252 5448 2603 5522 media'sunt
2631 5448 2655 5527 ,ἡ
2693 5448 2785 5521 aut
2838 5448 3051 5534 penitus
3104 5448 3539 5534 prmterirentur,
3568 5448 3810 5536 annual?

2253 5542 2661 5607 supplerentur,
2697 5528 3211 5591 lt-cit.'Mat-tiaua3tts
3236 5537 3385 5588 nullo
3411 5551 3572 5589 sensu
3595 5528 3805 5607 retinui“

2254 5597 2377 5672 quia
2408 5612 2662 5677 piscinam
2695 5611 2747 5663 in
2780 5609 2971 5661 malam
3008 5621 3205 5673 partem
3255 5608 3567 5678 accepimus.
3607 5597 3699 5678 llltt
3726 5597 3808 5678 Pls:

2258 5672 2500 5740 cinasad
2524 5700 2680 5753 quam
2709 5680 2857 5736 Isaia
2875 5724 2889 5746 ,
2938 5672 3081 5751 ﬁlius
3107 5683 3325 5756 (Amotz,
3353 5672 3461 5756 etc.
3494 5672 3806 5756 Vit-torius“?x

2261 5755 2482 5825 ingenio
2506 5746 2639 5811 duas
2669 5756 2896 5810 voculas
2926 5746 3043 5807 cum
3070 5753 3136 5805 sit
3168 5752 3351 5808 verbis
3370 5751 3473 5825 illa
3497 5746 3678 5820 piscina
3695 5746 3805 5825 prf:

2263 5802 2505 5898 poonvens',
2539 5802 2835 5898 utcumque
2861 5826 3077 5882 sarcivit
3130 5824 3332 5881 locum.
3369 5802 3519 5879 Nunc
3543 5829 3659 5875 vero
3683 5802 3803 5865 codi‘
