4078 6342
290 300 424 358 1⁸249

1149 294 1798 360 COMMENTARIORUM
1841 292 1905 347 IN
1945 290 2137 348 NAUM
2182 292 2408 349 LIBER.
2450 292 2605 350 CAP.
2643 293 2711 349 ll.

3452 297 3592 354 1250

285 415 336 467 in
366 414 569 469 bonam
600 420 815 483 partem
850 414 1168 486 accipiatur,
1201 416 1267 471 ad
1322 429 1482 486 quam
1529 411 1697 467 Isaias
1739 408 1882 463 filius
1910 410 1961 469 Α
1990 406 2120 473 lem,
2163 423 2284 478 qua:
2328 417 2447 463 erat
2492 411 2694 479 gravis,
2741 418 2888 466 tanto
2921 411 3092 482 magis
3122 410 3236 481 ipsa
3269 413 3603 482 aggravaba-

283 508 454 563 Amos
480 507 984 578 prophetajubetur
1011 509 1332 563 ascendere.
1361 505 1441 559 lbi
1471 504 1612 561 enim
1643 517 1766 557 cum
1798 500 1894 554 ad-

286 597 592 654 ditamcuto
621 599 823 655 dicitur
858 618 870 655 :
905 598 1121 655 Piscina
1164 616 1313 672 aqua:
1356 598 1571 664 ductus,
1620 605 1666 649 et
1694 594 1893 665 piscina

288 690 503 763 fullonis
554 690 667 763 (Is.
703 709 776 749 vn
808 703 854 748 et
884 709 1045 748 xxxvr
1067 693 1109 762 ),
1153 708 1273 762 qum
1305 690 1496 746 sordes
1549 690 1731 743 lavare
1762 702 1894 741 con-

284 784 461 840 suevit
484 794 540 840 et
561 786 802 840 maculas
830 784 1061 840 vestium
1086 784 1197 858 [ΑΙ.
1228 781 1504 856 sordium)
1528 782 1737 838 eluere.
1758 780 1893 848 Quae

284 878 409 947 quia
440 878 493 932 in
522 878 739 933 sublimi
771 877 946 949 posita
971 885 1082 947 est,
1117 878 1241 935 ideo
1266 878 1332 933 ad
1364 894 1483 933 eam
1516 876 1782 947 propheta
1807 875 1897 945 ju-

284 970 449 1026 betur
488 971 808 1041 ascendere,
844 982 900 1029 et
955 972 1007 1027 in
1040 987 1332 1027 occursum
1374 970 1525 1043 regis
1570 973 1639 1025 de
1683 970 1895 1023 duobus

287 1065 559 1119 ambustis
608 1066 850 1120 torribus
907 1065 1190 1120 victoriam
1255 1063 1521 1134 polliceri.
1583 1062 1891 1132 Sequitur:

290 1156 575 1230 Fugientes
600 1176 703 1214 non
723 1168 996 1223 steterunt,
1034 1158 1375 1215 habitatores
1398 1157 1651 1214 videlicet
1680 1154 1891 1211 Ninive.

292 1253 588 1309 Primum"l
639 1254 859 1323 quidem
910 1254 1083 1310 Deum
1138 1256 1322 1325 fugere
1391 1269 1497 1309 non
1557 1252 1894 1314 debuerant,

292 1345 496 1403 deinde
522 1346 685 1402 etiam
712 1348 757 1402 si
780 1345 1053 1418 fugerant,
1086 1346 1378 1417 aliquando
1406 1354 1553 1402 stare
1581 1345 1853 1401 debebant
1881 1361 1895 1399 :

291 1439 486 1511 Magna
525 1440 670 1495 enim
719 1438 1026 1495 differentia
1058 1448 1145 1496 est
1189 1439 1331 1495 inter
1374 1454 1498 1494 eum
1543 1436 1634 1509 qui
1666 1437 1803 1508 fugit
1844 1446 1900 1493 et

293 1536 477 1601 stetit,
511 1543 565 1589 et
599 1534 691 1604 qui
737 1533 987 1605 fugiens,
1036 1549 1331 1605 numquam
1380 1533 1554 1588 stetit.
1600 1532 1704 1599 Qui
1750 1532 1897 1587 enim

292 1637 437 1695 stat,
466 1627 660 1699 fugere
696 1628 967 1693 cessavit;
1011 1628 1104 1699 qui
1145 1642 1253 1684 non
1286 1637 1415 1694 stat,
1445 1642 1663 1697 semper
1696 1626 1747 1681 in
1777 1626 1897 1695 fuga

290 1722 572 1794 profectus
601 1731 707 1778 est.
735 1722 791 1777 In
825 1731 975 1777 tanta
1015 1737 1148 1794 ergo
1173 1723 1328 1778 turba
1362 1723 1682 1788 fugientium
1715 1720 1900 1776 nullus

1995 509 2100 567 tur,
2133 516 2253 570 qua:
2296 503 2477 570 gravia
2519 502 2795 572 diligebat.
2840 504 2996 562 Unde
3025 516 3079 561 et
3121 504 3382 577 iniquitas
3412 508 3463 561 in
3495 506 3602 561 Za-

1991 594 2175 649 charia
2220 608 2386 664 super
2432 596 2696 650 talentum
2736 598 2946 666 plumbi
2994 599 3150 655 sedet
3184 598 3371 667 (Zach.
3416 598 3513 671 v);
3547 607 3604 656 et

1997 686 2240 761 Egyptii
2281 689 2373 760 qui
2416 699 2571 746 erant
2598 692 2838 761 peccatis
2864 709 3082 763 graves,
3115 694 3351 749 demersi
3385 704 3513 749 sunt
3545 695 3601 750 in

1997 798 2149 839 mare
2194 794 2249 838 ιιι
2292 784 2572 855 plumbum
2616 785 2814 858 (Exod.
2845 785 2981 859 xtv).
3014 788 3084 843 Et
3111 803 3178 844 ex
3209 802 3441 859 persona
3474 803 3601 859 pec-

1995 876 2198 931 catoris
2236 876 2439 933 dicitur
2475 876 2528 932 in
2570 878 2781 948 psalmo
2815 897 2828 933 :
2867 880 3028 947 Quasi
3065 896 3194 937 onus
3224 898 3377 954 grave
3415 898 3607 956 aggra-

1994 978 2126 1023 vata:
2165 979 2284 1025 sunt
2324 986 2478 1041 super
2515 988 2593 1025 me
2635 970 2757 1042 (Ps.
2811 989 3023 1039 xxxvu,
3064 973 3144 1045 5).
3187 974 3256 1029 Et
3289 974 3481 1031 Petrus
3512 975 3607 1046 qui

1997 1070 2122 1115 ante
2167 1061 2302 1116 levis
2342 1062 2581 1132 pendulo
2628 1079 2821 1133 gressu
2868 1064 3112 1120 calcahat
3158 1066 3323 1139 558
3364 1066 3539 1123 undas
3588 1083 3603 1121 :

1999 1160 2289 1223 postquam
2324 1154 2644 1210 infidelitate
2673 1166 3001 1227 aggravatus
3033 1159 3329 1213 vorabatur
3358 1173 3387 1212 a
3419 1158 3599 1215 ﬂucti-

1999 1247 2122 1313 bus,
2158 1264 2320 1303 manu
2350 1248 2569 1305 Domini
2596 1250 2912 1307 sublevatur
2941 1251 3153 1324 (Matth.
3182 1252 3317 1326 xtv).

2075 1338 2255 1399 (Vers.
2295 1340 2411 1411 10.)
2448 1341 2715 1413 Dissipata
2750 1352 2823 1398 est
2862 1354 2908 1398 et
2945 1344 3104 1398 scissa
3146 1354 3195 1399 et
3224 1346 3530 1415 dilacerata,
3564 1356 3614 1404 et

2001 1448 2090 1486 cor
2139 1433 2436 1501 tabescens,
2489 1445 2535 1489 et
2587 1436 2864 1491 dissolutio
2911 1454 3171 1509 genuum,
3217 1446 3262 1493 et
3308 1438 3527 1510 defectio
3558 1443 3611 1496 in

2002 1526 2201 1579 cunctis
2247 1526 2474 1593 renibus,
2518 1535 2564 1581 et
2608 1528 2767 1598 facies
2807 1531 3037 1584 omnium
3072 1529 3100 1568 ι’
3141 1531 3275 1585 sicut
3300 1534 3517 1605 nigredo
3546 1534 3622 1589 ol-

2002 1616 2087 1671 ιω.
2128 1616 2273 1672 LXX
2314 1635 2327 1671 ε
2365 1617 2642 1686 Excussio,
2684 1622 3020 1690 rediscussio,
3059 1632 3106 1678 et
3134 1625 3393 1693 ebullitio,
3421 1636 3467 1682 et
3492 1643 3610 1682 cor-

2004 1709 2086 1762 dis
2113 1712 2424 1781 confractio,
2458 1722 2507 1766 et
2536 1713 2813 1769 dissolutio
2842 1733 3091 1788 genuum,
3120 1729 3169 1773 et
3207 1721 3414 1775 dolores
3456 1738 3611 1793 super

293 1827 411 1872 erat
433 1816 523 1887 qui
548 1816 870 1888 respiceret,
888 1827 944 1872 et
971 1826 1161 1887 ageret
1188 1816 1589 1887 paenitentiam,
1607 1825 1662 1870 et
1684 1815 1899 1871 audiret
1927 1796 1976 1859 Β
2002 1820 2207 1861 omnem
2246 1806 2498 1876 lumbum,
2532 1819 2579 1864 et
2611 1812 2769 1881 facies
2792 1815 3023 1868 omnium
3061 1817 3197 1870 sicut
3239 1818 3445 1873 adustio
3472 1820 3613 1875 alltc.

294 1911 605 1983 loquentem
640 1912 925 1966 Dominum
959 1930 972 1965 :
1009 1911 1342 1965 Rcverlitnini
1370 1911 1438 1963 ad
1461 1926 1561 1979 me,
1587 1909 1709 1979 ﬁlii,
1730 1925 1903 1964 rever-

298 2012 478 2073 tentes,
514 2015 559 2059 et
588 2005 787 2060 sanabo
814 2006 1154 2060 contritiones
1186 2016 1381 2061 vestras
1408 2005 1622 2078 (Jerem.
1652 2020 1710 2060 ttt
1729 2048 1744 2072 ,
1785 2004 1899 2076 22).

296 2097 450 2155 Uude
472 2097 630 2170 557
650 2106 707 2153 et
726 2099 957 2153 Sanctus
981 2098 1215 2168 loquitur
1238 2100 1291 2153 in
1311 2098 1573 2153 Psalmis:
1593 2097 1755 2152 Periit
1779 2098 1907 2170 fuga

299 2209 330 2247 a
354 2192 572 2263 me(Ps.
602 2208 742 2257 cxu,
779 2192 858 2264 5).
902 2193 1014 2248 Hoc
1046 2194 1220 2263 ipsum
1256 2202 1384 2264 puto
1414 2202 1470 2248 et
1499 2193 1666 2262 lepra:
1696 2192 1904 2263 signiﬁ-

299 2302 426 2343 care
479 2287 797 2359 mysterium
831 2328 846 2351 ,
895 2300 1063 2355 super
1113 2304 1221 2356 qua
1267 2288 1318 2341 in
1362 2284 1611 2342 LC\illC0
1660 2286 1906 2341 dicitur:

300 2380 429 2436 Cum
472 2381 706 2453 leprosus
752 2398 783 2434 a
822 2381 1090 2435 sacerdote
1126 2392 1271 2436 extra
1311 2392 1479 2435 castra
1513 2382 1666 2452 fuerit
1695 2398 1910 2453 separa-

305 2482 386 2527 tus
420 2491 431 2526 :
463 2474 508 2527 si
534 2474 725 2528 steterit
757 2476 922 2546 lepra,
956 2491 1146 2543 purum
1174 2492 1283 2529 esse
1318 2474 1577 2529 hominem
1600 2474 1789 2543 (Leuit.
1814 2490 1909 2529 xut

305 2578 351 2623 et
380 2570 514 2638 xw),
546 2579 599 2624 et
627 2568 876 2623 mundari
902 2584 1025 2625 eum
1056 2572 1146 2641 qui
1168 2571 1322 2640 quasi
1349 2572 1595 2639 leprosus
1619 2568 1794 2624 fuerat
1818 2569 1912 2622 ab-

301 2661 501 2733 jectus,
546 2671 601 2717 et
640 2663 819 2717 redire
859 2664 924 2717 ad
967 2674 1171 2731 castra,
1214 2672 1269 2718 et
1311 2664 1556 2717 habitare
1597 2663 1650 2717 in
1685 2662 1907 2732 populo.

310 2754 407 2810 Sin
441 2767 615 2809 autem
646 2798 661 2821 ,
707 2754 909 2824 inquit,
952 2754 1148 2822 (ii/fusa
1189 2756 1347 2826 fuerit
1380 2756 1544 2823 lepra,
1575 2755 1626 2808 id
1654 2763 1759 2823 est,
1801 2771 1910 2809 nun

308 2854 543 2915 steterit,
584 2847 682 2905 sed
722 2849 987 2913 creverit,
1029 2860 1083 2905 et
1125 2850 1177 2904 in
1216 2850 1363 2904 malo
1404 2850 1651 2905 habuerit
1692 2849 1911 2919 profec-

314 2950 444 3010 tum,
488 2951 541 2998 et
581 2944 873 2998 mutaverit
912 2942 1149 2998 colorem
1194 2942 1439 3013 pristiutc
1482 2944 1751 3011 sanitatis,
1786 2951 1914 2997 tunc

312 3036 462 3106 lepra
508 3037 953 3093 manifestissime
993 3039 1379 3107 comprobatur
1422 3039 1489 3091 ab
1519 3054 1604 3103 co,
1636 3041 1722 3108 qui
1753 3038 1917 3093 habet

313 3132 599 3186 scientiam
643 3132 997 3201 inSpicienda:
1045 3141 1101 3188 et
1143 3134 1434 3204 purganda:
1476 3134 1661 3201 leprm.
1709 3134 1813 3190 Sed
1860 3142 1916 3188 et

2005 1898 2124 1954 Sub
2167 1902 2482 1972 metaphora
2529 1907 2759 1975 captiva:
2807 1910 3077 1976 mulieris,
3106 1911 3300 1969 Ninive
3327 1913 3612 1987 dissipata,

2007 1995 2201 2061 scissa,
2246 1996 2481 2053 lacerata
2528 1998 2855 2057 describitur
2888 2020 2904 2059 :
2937 2003 3249 2063 tabescente
3278 2007 3466 2074 corde,
3499 2010 3616 2065 dis-

2006 2089 2199 2144 solutis
2226 2092 2478 2161 genibus,
2532 2095 2866 2166 renibusque
2895 2099 3217 2168 confractis,
3243 2111 3298 2157 et
3325 2103 3471 2174 quod
3498 2118 3617 2159 om-

2009 2181 2161 2235 nium
2195 2180 2560 2239 habitatorum
2594 2185 2712 2256 ejus
2738 2204 2850 2258 prae
2880 2199 3092 2248 terrore
3125 2192 3383 2262 hosrium,
3408 2207 3462 2250 et
3497 2213 3614 2251 ma-

2008 2274 2290 2343 gnitudine
2337 2288 2535 2340 metus.
2578 2278 2742 2335 facies
2785 2283 2835 2336 in
2878 2284 3107 2340 ollarum
3149 2288 3506 2347 similitudine
3537 2293 3620 2347 vi-

2010 2369 2239 2425 deantur
2278 2384 2509 2440 exustae,
2543 2376 2761 2443 tabidas,
2792 2392 2845 2432 et
2877 2379 3084 2448 pallore
3112 2381 3403 2439 deformes.
3437 2385 3609 2442 Porro

2005 2460 2160 2530 juxta
2202 2463 2346 2518 LXX
2390 2466 2552 2521 altius
2594 2468 3000 2538 intelligendum
3049 2482 3155 2542 est,
3190 2476 3316 2544 quid
3350 2478 3623 2549 significet

2012 2559 2285 2621 excuSsio,
2336 2559 2686 2616 rediscussio.
2732 2562 2871 2628 Quid
2915 2564 2984 2620 de
3028 2568 3226 2635 p0pulo
3273 2569 3365 2624 Dei
3410 2581 3516 2638 est,
3555 2581 3612 2628 et

2009 2650 2162 2718 quasi
2215 2650 2379 2706 homo
2430 2653 2723 2721 ali-mando
2769 2659 3059 2727 peccavit,
3107 2670 3160 2715 et
3205 2665 3504 2719 revertitur
3541 2665 3611 2720 ad

2016 2746 2301 2815 pristinum
2347 2759 2569 2816 statum,
2610 2753 2763 2822 quasi
2805 2742 3105 2810 Jerusalem
3138 2755 3338 2812 dicitur
3366 2760 3412 2814 ei
3451 2777 3463 2814 :
3497 2759 3611 2815 Ex-

2017 2858 2132 2901 cute
2170 2848 2427 2916 pulverem
2469 2860 2490 2887 ο
2533 2850 2724 2921 pedum
2759 2861 2988 2919 tuorum,
3018 2864 3065 2908 et
3096 2870 3370 2930 consurge,
3404 2855 3630 2913 Jerusa-

2028 2942 2127 2996 lem
2154 2941 2309 3013 (Isai.
2351 2959 2442 3009 LII,
2485 2942 2568 3015 2).
2603 2944 2670 2998 Et
2693 2946 2783 3015 qui
2813 2946 2935 3001 talis
2966 2958 3071 3017 est,
3104 2960 3161 3003 ut
3193 2959 3479 3021 postquam
3511 2950 3627 3009 fue-

2017 3039 2088 3094 rit
2125 3052 2410 3105 excussus,
2452 3039 2503 3092 in
2534 3038 2758 3107 sagittas
2794 3038 2889 3095 Dei
2920 3044 3155 3121 transire
3182 3053 3480 3108 mereatur,
3510 3053 3565 3099 et
3591 3060 3623 3101 a

2022 3130 2252 3184 Domino
2279 3143 2467 3186 contra
2502 3130 2750 3186 inimicos
2779 3133 2951 3196 tendi,
2980 3135 3197 3190 canitur
3223 3136 3293 3192 de
3329 3152 3395 3191 eo
3428 3154 3443 3191 τ
3474 3137 3623 3193 Sicut

316 3224 476 3279 nobis
524 3224 834 3294 prmeipitur
871 3241 900 3279 a
944 3241 1075 3281 vero
1115 3226 1409 3283 Salomone
1438 3236 1497 3281 ut
1526 3226 1832 3282 habitcmus
1865 3229 1916 3282 in
1943 3194 1991 3258 C
2027 3224 2231 3293 sagitta:
2276 3225 2327 3277 in
2373 3239 2527 3277 manu
2572 3226 2791 3294 potentis
2817 3266 2834 3291 ,
2872 3226 2947 3279 ita
2984 3227 3084 3296 ﬁlii
3120 3244 3455 3284 excussorum
3498 3229 3631 3301 (Ps.

318 3319 646 3387 Jerusalem,
679 3335 780 3376 nec
808 3337 1062 3389 umquam
1100 3321 1446 3392 egrediamur
1475 3337 1541 3377 ex
1570 3337 1655 3376 ea.
1688 3322 1839 3387 Quod
1875 3322 1921 3377 si

320 3411 475 3484 fuger
502 3422 522 3467 t
551 3428 649 3469 nos
684 3412 739 3467 id
771 3413 916 3483 quod
948 3422 1075 3468 ante
1106 3414 1264 3469 nobis
1293 3414 1476 3470 fuerat
1505 3415 1831 3485 subjectum,
1869 3424 1923 3470 et

322 3508 449 3563 ierit
480 3508 545 3563 ad
575 3508 919 3580 Allophylos,
954 3524 1060 3564 n0n
1105 3509 1450 3580 egrediamur
1478 3524 1662 3565 muros
1689 3510 1926 3565 civitatis

326 3610 548 3670 nostrae,
582 3617 681 3658 nec
713 3618 1007 3674 sequamur
1037 3602 1380 3674 fugitivorum
1400 3604 1623 3675 vestigia
1654 3621 1667 3657 :
1700 3620 1768 3659 ne
1796 3604 1924 3660 dum

327 3698 581 3754 volumus
607 3697 817 3752 salvarc
849 3697 1152 3768 fugientes,
1180 3698 1281 3767 ipsi
1310 3714 1598 3768 pereamus
1629 3717 1641 3752 :
1673 3699 1799 3769 quin
1830 3713 1927 3769 po-

328 3790 435 3845 tius
486 3789 844 3854 dimittamus,
894 3800 951 3845 ut
998 3791 1194 3845 mortui
1221 3792 1490 3859 sepeliant
1525 3804 1770 3848 mortuos
1800 3808 1929 3848 suos

327 3884 547 3953 (Manli.
575 3884 689 3955 vui)
718 3902 731 3939 :
761 3894 817 3940 et
846 3884 1306 3941 scandalizantem
1333 3887 1579 3956 oculum,
1607 3904 1850 3957 manum,
1875 3896 1931 3943 et

329 3978 547 4047 pedem,
594 3977 721 4029 dum
768 3976 918 4044 licet,
965 3993 1221 4033 eruamus
1256 3989 1313 4034 et
1358 3979 1738 4037 abscimlamus
1769 3998 1796 4034 a
1829 3997 1929 4036 no~

328 4067 412 4123 bis
453 4066 644 4138 (Marc.
693 4068 794 4135 1x).
827 4068 979 4136 Quod
1008 4079 1189 4124 autem
1220 4070 1415 4126 dicitur
1448 4089 1463 4127 :
1501 4071 1819 4143 Diripiebant
1845 4090 1933 4127 ar-

332 4169 561 4232 gentum,
591 4160 903 4231 diripiebant
929 4180 1136 4233 aurum,
1162 4174 1208 4219 et
1240 4182 1343 4220 non
1364 4177 1472 4220 erat
1494 4168 1615 4235 ﬁnis
1643 4170 1935 4224 ornamenti

335 4253 449 4323 ejus
491 4267 508 4304 .·
547 4262 829 4327 aggravata
854 4266 927 4308 est
964 4272 1119 4328 super
1157 4258 1328 4312 omnia
1359 4274 1479 4312 vasa
1504 4262 1935 4330 concupiscentia:

334 4361 465 4411 sum,
495 4344 563 4400 de
605 4344 757 4417 aquis
785 4346 988 4403 dicitur
1027 4348 1250 4419 Ninive,
1292 4361 1347 4406 et
1386 4352 1453 4407 de
1485 4351 1813 4424 fugientibus
1842 4355 1934 4424 qui

335 4438 613 4509 fugerant,
645 4451 698 4495 et
732 4457 838 4496 non
868 4452 1144 4500 steterunt
1175 4462 1187 4498 :
1228 4461 1406 4518 neque
1430 4457 1549 4503 erat
1578 4449 1670 4518 qui
1701 4450 1937 4519 respice-

338 4543 453 4598 ret;
496 4545 551 4587 et
591 4533 683 4605 qui
732 4551 839 4590 non
890 4537 1065 4592 solum
1118 4537 1344 4609 fugisse,
1393 4549 1449 4596 et
1485 4555 1591 4596 non
1624 4543 1935 4610 respexisse

2032 3330 2191 3368 cxxvi
2228 3356 2242 3377 ,
2270 3315 2348 3384 4).
2387 3314 2631 3386 Cumque
2668 3317 2892 3389 vestigia
2920 3318 3040 3385 ejus
3071 3318 3226 3384 quasi
3270 3321 3628 3391 ingredientis

2026 3423 2191 3479 super
2232 3417 2429 3463 terram
2473 3424 2694 3479 aspersa
2728 3408 2928 3464 fuerint
2956 3411 3205 3479 pulvere,
3242 3413 3431 3468 audiet
3458 3430 3486 3467 a
3518 3413 3639 3471 Sal-

2027 3512 2214 3557 vatore
2254 3520 2266 3555 :
2315 3501 2553 3557 Excutite
2581 3500 2844 3574 pulverem
2872 3502 3063 3574 pedum
3093 3516 3377 3560 vestrorum
3408 3507 3461 3560 in
3493 3508 3637 3562 testi-

2028 3595 2255 3649 monium
2287 3594 2393 3650 illis
2426 3594 2620 3665 (Marc.
2648 3610 2733 3663 γι,
2766 3596 2854 3666 ii)
2892 3613 2904 3650 :
2940 3596 3085 3652 haud
3117 3597 3343 3653 dubium
3376 3600 3505 3670 quin
3537 3615 3633 3657 eos

2030 3688 2195 3754 dicat,
2234 3689 2326 3757 qui
2357 3691 2603 3759 recipere
2629 3689 2922 3744 noluerunt
2951 3690 3330 3760 praedicantes.
3364 3692 3467 3758 Qui
3502 3708 3634 3750 vero

2030 3782 2098 3837 de
2138 3782 2327 3838 Ninive
2364 3799 2465 3846 cm,
2507 3798 2627 3852 qua:
2664 3791 2961 3853 aggravata
2990 3794 3076 3840 est
3102 3800 3266 3855 super
3294 3787 3476 3841 omnia
3504 3801 3634 3844 vasa

2031 3875 2488 3947 concupiscentiae
2519 3891 2653 3943 suae,
2698 3875 2802 3931 iste
2840 3892 2947 3931 non
2983 3878 3152 3933 semel
3193 3879 3494 3945 excutitur,
3537 3879 3636 3936 sed

2034 3967 2374 4039 frequenter.
2421 3969 2488 4023 Et
2522 3979 2810 4040 postquam
2843 3985 3033 4025 rursus
3075 3969 3241 4026 fuerit
3269 3985 3552 4039 excussus,
3583 3981 3642 4029 et

2033 4064 2351 4135 superficies
2378 4064 2526 4119 illius
2557 4064 2856 4120 emundata
2877 4070 2973 4133 (ne
2998 4065 3127 4135 quid
3157 4066 3490 4122 intrinsecus
3516 4082 3641 4122 sor~

2036 4157 2183 4213 dium
2216 4154 2477 4228 maneat),
2508 4156 2566 4211 fit
2592 4156 2754 4211 etiam
2783 4158 2832 4212 ei
2865 4156 3137 4224 ebullitio,
3168 4173 3288 4227 qua:
3321 4156 3637 4229 significan-

2039 4255 2145 4309 tius
2173 4252 2225 4308 iu
2269 4252 2461 4309 Graeco
2500 4251 2701 4307 dicitur
2741 4253 3032 4328 ἐκϐρασμός
3067 4270 3080 4307 :
3115 4253 3333 4322 proprie
3371 4252 3640 4324 siquidem

2038 4352 2331 4429 ἐκϐρασμὸς
2354 4351 2405 4405 in
2431 4349 2737 4405 istiusmodi
2768 4350 2933 4404 rebus
2965 4350 3205 4419 ponitur,
3238 4365 3359 4406 cum
3392 4350 3535 4421 quod
3569 4352 3646 4406 lac

2038 4444 2188 4500 tebat
2225 4443 2579 4508 intrinsecus,
2619 4442 2856 4511 erumpit
2894 4443 2945 4495 in
2990 4442 3206 4498 faciem.
3245 4442 3401 4499 Unde
3431 4444 3644 4515 papula:

2039 4551 2254 4608 quoque
2292 4550 2413 4607 quae
2449 4542 2571 4604 post
2604 4535 3014 4604 aegrotationem
3044 4544 3342 4590 nascuntur
3375 4536 3431 4590 in
3465 4534 3645 4603 labiis,

338 4600 860 4697 contentu-insuper
888 4600 1217 4696 dirijiiebarit
1247 4600 1552 4703 argentum,
1586 4600 1850 4705 quidquid
1880 4636 1934 4691 in
1960 4600 2016 4663 Ῑ)
2044 4600 2310 4687 vocantur
2348 4629 2702 4707 ἐκϐρὰσματα,
2734 4638 2792 4685 et
2827 4627 3077 4685 sanitatis
3105 4627 3323 4685 videtur
3352 4629 3640 4697 indicium,

341 4720 544 4775 mundo
583 4720 871 4777 videbatur
909 4723 1111 4794 eloquii
1146 4741 1159 4777 :
1192 4725 1528 4796 diripiebant
1558 4744 1749 4783 aurum
1778 4728 1938 4800 quid-

341 4821 468 4891 quid
513 4823 831 4891 prazclarum
871 4822 1271 4879 sententiarum
1302 4835 1420 4881 erat
1448 4826 1502 4879 in
1546 4826 1789 4881 doctrina
1838 4843 1945 4883 saa-

342 4915 489 4983 culi,
537 4927 594 4970 ut
644 4926 903 4972 ornarent
941 4916 1213 4981 Niniven,
1264 4928 1322 4973 ut
1364 4918 1614 4991 dogmata
1658 4934 1754 4975 sua
1795 4921 1942 4976 omni

347 5021 605 5064 sensuum
651 5009 1057 5079 verborumque
1097 5008 1230 5066 flore
1265 5019 1675 5081 componerent.
1719 5012 1944 5083 Propter

350 5103 493 5172 quod
530 5113 821 5173 aggravata
864 5113 948 5159 est
986 5103 1178 5160 Ninive
1227 5120 1391 5174 super
1431 5106 1611 5160 omnia
1660 5122 1786 5162 vasa
1817 5124 1947 5162 cou-

355 5195 703 5264 cupiscentiae
723 5212 836 5252 sum
862 5213 877 5263 ;
906 5208 1111 5268 quanto
1137 5197 1280 5253 enim
1315 5198 1432 5268 plus
1458 5199 1693 5256 habebat
1721 5202 1944 5256 multam

356 5289 472 5344 auri
496 5300 553 5346 et
583 5293 795 5363 argenti
839 5293 1265 5363 possessionem,
1311 5301 1367 5348 et
1405 5296 1607 5349 variam
1644 5296 1952 5366 supellecti-

357 5506 434 5562 eis
462 5505 683 5631 fileginae
719 5520 826 5576 ope
875 5506 1117 5576 perfecto
1160 5520 1326 5563 sensu
1372 5506 1613 5579 pristina:
1650 5506 1952 5579 integritati

358 5592 487 5631 l‘CSll
516 5590 681 5631 lllllll‘.

358 5590 681 5633 l‘CSllllllllll‘.

431 5658 455 5685 τι
495 5649 751 5705 Notatum
781 5649 862 5722 ad
896 5648 1047 5721 Regii
1081 5649 1207 5705 cod.
1239 5652 1560 5722 marginem,
1591 5652 1824 5708 lectione
1856 5654 1958 5707 hac

2044 4726 2290 4781 morbum
2331 4726 2382 4779 in
2426 4723 2772 4794 superficiem
2811 4723 3155 4795 prorupisse.
3196 4723 3314 4779 Non
3346 4724 3524 4780 solum
3550 4741 3647 4780 att-

2043 4827 2154 4873 tem
2196 4817 2298 4872 hoc
2337 4814 2641 4872 remedium
2674 4814 2970 4871 adhibetur
3005 4815 3222 4880 Ninive,
3257 4826 3316 4871 ttt
3341 4817 3652 4873 excutiatur

2045 4914 2265 4978 crebro,
2293 4921 2350 4969 et
2376 4913 2445 4969 de
2470 4911 2729 4968 vitalibus
2763 4911 2883 4981 ejus
2910 4914 3195 4984 aegrotatio
3224 4914 3398 4968 latens
3423 4922 3651 4980 cogatur

2051 5012 2227 5077 exire;
2260 5010 2355 5065 sed
2386 5008 2551 5064 etiam
2582 5008 2761 5063 cordis
2783 5007 3085 5063 contractio
3106 5018 3160 5063 et
3180 5006 3464 5062 dissolutio
3487 5009 3651 5081 559

2053 5121 2287 5177 genuum
2328 5101 2435 5175 [ΑΙ.
2476 5100 2689 5174 renum]
2733 5100 3080 5171 praedicatur,
3118 5110 3178 5156 ut
3209 5100 3487 5171 quomodo
3519 5101 3651 5156 Pha-

2056 5200 2237 5256 raunis
2268 5200 2462 5254 durum
2496 5208 2549 5253 et
2580 5195 2849 5265 lapideum
2883 5211 2980 5252 cor
3003 5195 3343 5252 confractum
3375 5203 3479 5255 est.
3504 5194 3654 5264 quod

2058 5293 2321 5366 quamdiu
2361 5292 2573 5361 habuit,
2615 5290 2715 5348 Dei
2753 5290 3017 5363 populum
3058 5306 3166 5346 non
3204 5288 3414 5345 dimisit
3454 5286 3653 5362 (Exod.

2052 5505 2357 5632 "et?
2398 5571 2618 5642 Reginae
2658 5584 2760 5625 ms.
2806 5569 3068 5642 puluerem
3110 5577 3278 5642 tuum,
3327 5582 3424 5634 pro
3465 5568 3658 5640 pedum

2061 5661 2287 5704 tuorum.
2328 5639 2688 5713 LXX—neque
2730 5652 2877 5695 tuum
2919 5640 3141 5713 habent,
3184 5639 3295 5713 sed
3326 5639 3533 5713 tantum
3577 5644 3658 5697 ἐκ·

359 5732 664 5791 cxpttncta,
709 5710 1150 5779 substituehdum
1183 5740 1196 5775 :
1237 5710 1473 5779 Primum
1515 5710 1744 5779 videlicet
1788 5725 1964 5795 fugere
2062 5723 2262 5795 τίναξαι
2301 5719 2386 5775 τὸν
2423 5724 2575 5795 χοιξχ.
2602 5710 2811 5794 inlimis
2849 5723 2903 5768 ει
2946 5712 3175 5793 νυιεθιξι
3213 5710 3402 5795 editio:
3439 5723 3495 5768 ει
3535 5713 3664 5769 Ἠο-

360 5810 461 5847 non
477 5794 779 5849 debuerant.

431 5864 457 5905 ι’
490 5864 771 5924 lnterscrit
800 5864 1069 5921 Victorius
1096 5883 1271 5921 eorum
1300 5883 1367 5924 ex
1400 5868 1621 5940 Vulgata
1648 5868 1889 5927 editione
1913 5875 1967 5924 ct

2065 5783 2265 5848 rentini
2297 5783 2466 5858 penes
2502 5785 2804 5843 Victor-ium
2833 5783 3296 5858 mss._concinuut
3325 5801 3340 5839 :
3372 5799 3541 5855 quare
3567 5800 3635 5843 vo

2067 5880 2159 5921 ces
2192 5855 2378 5934 pedum
2406 5871 2611 5916 tuorum
2638 5866 2922 5931 expuncta:
2946 5855 3014 5912 ab
3036 5869 3105 5912 eo
3129 5862 3274 5910 sunt.

3612 6026 3637 6045 4
