4078 6342
543 274 675 334 lilii

1795 271 1853 329 Β.
1897 265 2172 330 El'SEBll
2214 267 2593 328 "IERONYMI

3707 273 3824 336 ηεξ

539 408 611 447 vn
640 403 685 444 ct
711 390 970 464 deinecps)
1001 391 1116 446 :sic
1140 399 1195 445 et
1224 388 1417 446 Nlnivc
1443 388 1674 444 fractum
1703 403 1797 444 eor
1827 391 2139 444 emolliatur
2166 391 2213 452 Α
2241 392 2427 462 yol-pio.
2460 397 2512 441 et
2543 387 2594 439 in
2625 385 2783 454 Jona,
2816 393 2872 442 et
2903 386 2953 441 in
2990 384 3092 438 hoc
3123 383 3389 456 Pmpbcta
3415 383 3660 442 Niniven
3688 403 3823 444 mun-

538 497 595 542 et
628 495 862 539 mutetur
891 485 945 540 in
975 499 1261 549 carneutn,
1293 493 1345 539 et
1370 482 1480 557 [ΑΙ.
1513 483 1590 557 ιιι]
1620 483 1787 552 rigida
1812 495 1985 555 genua
2016 499 2136 552 qum

537 578 691 648 prius
723 577 831 631 Deo
859 592 964 632 non
992 577 1392 641 curvabantur,
1418 577 1807 642 dissolvantur,
1833 586 1882 631 et
1913 575 2136 632 ﬂectan-

539 679 626 724 tur
660 669 766 724 Deo
797 687 811 723 :
843 685 909 724 ex
939 685 1046 740 quo
1076 668 1254 724 omnis
1285 668 1581 738 paternitas
1607 670 1657 722 in
1682 667 1819 723 cmlo
1841 667 1966 722 etin
1994 675 2136 722 terra

536 765 850 817 nominatur
879 780 890 815 :
925 765 1056 818 etin
1089 763 1312 818 nomine
1336 761 1466 818 Jesu
1508 776 1671 817 omne
1709 775 1850 832 genu
1885 759 2136 816 ﬂectatur

534 859 865 922 caelestium,
915 858 1258 912 terrestrium
1303 865 1358 912 et
1407 856 1744 912 infernarum
1790 855 2026 928 (Philip.
2075 870 2130 921 ιι,

537 947 650 1021 10).
687 950 755 1005 Ut
784 959 1070 1021 postquam
1108 951 1470 1020 cognoverint
1493 961 1800 1004 creatorem
1829 965 2010 1014 suum,
2041 963 2137 1014 au-

533 1041 688 1097 diant
728 1060 742 1096 :
785 1041 1185 1109 Confortamini,
1230 1059 1414 1097 manus
1451 1043 1758 1108 dissolutas;
1781 1052 1828 1097 et
1853 1057 2018 1113 genua
2047 1042 2137 1096 de-

529 1134 676 1200 bilia,
717 1144 744 1172 ι
780 1138 1022 1191 roborato
1052 1136 1209 1209 (lsai.
1249 1151 1418 1201 xxxv,
1451 1138 1526 1206 5).
1561 1136 1625 1190 Et
1657 1136 1896 1201 dolores,
1932 1135 2130 1207 inquit,

532 1243 698 1296 super
723 1243 942 1284 omnem
973 1229 1233 1284 lumbum.
1261 1228 1377 1283 .lam
1411 1243 1577 1298 supra
1606 1227 1845 1283 diximus
1873 1227 1928 1282 in
1953 1227 2134 1282 lumbo

530 1325 733 1378 coitum
761 1324 1081 1394 signiﬁcari,
1107 1333 1160 1378 et
1189 1324 1332 1394 quod
1357 1324 1539 1378 omnia
1569 1338 1732 1391 opera
1756 1338 1874 1394 qua!
1898 1323 1964 1376 ad
1989 1338 2135 1376 com-

533 1417 852 1472 mistionem
880 1418 1414 1486 pertineant,renum
1437 1416 1803 1486 appellatione
1827 1425 2135 1470 monstren-

532 1515 643 1565 tur.
685 1509 934 1566 Grandes
966 1509 1129 1581 igitur
1153 1512 1206 1564 in
1234 1508 1704 1566 consummatione
1731 1509 1948 1564 dolores
1973 1517 2133 1562 erunt

533 1604 590 1661 in
629 1605 851 1660 renibus
894 1621 906 1659 :
950 1605 1073 1676 quia
1113 1605 1370 1661 draconis
1408 1606 1586 1660 omnis
1624 1607 1795 1660 virtus
1843 1605 1893 1658 in
1936 1601 2130 1658 lumbis

531 1707 614 1754 est
644 1695 786 1767 (Job.
829 1714 915 1767 xu,
948 1699 1060 1765 11),
1093 1709 1146 1755 et
1176 1715 1275 1769 pro
1303 1699 1385 1755 his
1417 1698 1670 1752 omnibus
1699 1697 1725 1735 δ
1756 1707 1979 1768 prOptcr
2008 1712 2130 1766 qua:

2241 481 2369 534 dum
2417 482 2578 536 istum
2625 479 2966 550 interpretati
3003 493 3232 534 sumus:
3261 488 3315 535 et
3338 479 3494 549 juxta
3523 478 3780 536 Joannem
3811 502 3820 534 :

2240 572 2401 628 Totus
2425 576 2648 631 mundus
2679 578 2731 628 in
2763 574 2992 646 maligno
3023 575 3220 644 pasitus
3244 582 3317 627 est
3343 573 3388 646 (ι
3417 573 3590 628 Joan.
3635 589 3689 640 v,
3719 575 3824 644 18);

2239 677 2523 740 postquam
2555 665 2790 724 mundus
2820 669 3200 738 pertransierit
3235 667 3612 723 habitaculum
3644 666 3827 724 bestia-

2241 773 2380 829 rum,
2415 773 2469 818 et
2499 764 2548 816 in
2580 775 2686 830 quo
2715 763 3072 833 pascebantur
3100 760 3308 827 leones,
3343 767 3476 815 tunc
3510 757 3828 815 admirantes

2239 855 2680 926 exsultantesque
2702 855 2947 910 dicemus
2973 871 2984 908 :
3016 851 3102 908 tibi
3125 863 3210 910 est
3235 851 3617 908 habitaculum
3636 852 3830 908 leonum

2243 946 2267 985 ά
2303 949 2367 1003 ad
2407 947 2551 1021 quod
2587 951 2680 1003 ivit
2714 951 2797 1004 leo
2829 949 3097 1016 diabolus,
3140 949 3208 1003 de
3247 963 3356 1018 quo
3384 949 3634 1017 loquitur
3661 951 3712 1000 et
3740 947 3830 1002 Pe-

2240 1046 2354 1096 trus
2398 1059 2410 1095 :
2453 1043 2792 1098 Adversarius
2832 1051 2995 1097 vester
3037 1040 3149 1114 [AL
3193 1037 3387 1113 noster]
3413 1039 3662 1094 diabolus
3702 1041 3832 1111 quasi

2237 1137 2318 1190 leo
2346 1137 2552 1208 rugiens
2565 1137 2771 1194 circuit.
2794 1151 3032 1208 quwrens
3053 1149 3202 1207 quem
3230 1140 3434 1190 det-oret
3460 1133 3511 1204 (Ι
3541 1133 3658 1187 Pet.
3690 1149 3738 1200 v,
3763 1134 3829 1203 8).

2239 1231 2304 1285 Et
2342 1232 2556 1286 catulus
2595 1231 2791 1295 leonis,
2839 1228 3229 1294 Antichristus,
3273 1237 3328 1284 et
3355 1239 3554 1283 omnes
3586 1225 3831 1281 doctrina:

2237 1341 2532 1396 perversae,
2576 1341 2758 1381 sermo
2795 1325 3127 1381 contrarius.
3164 1323 3430 1388 Audistis,
3467 1321 3651 1392 inquit
3682 1320 3832 1376 Joan-

2239 1435 2356 1483 nes,
2383 1419 2735 1474 Antichrislus
2763 1420 2926 1472 ueniet
2959 1435 2974 1470 :
3008 1433 3146 1473 nunc
3169 1427 3340 1471 autem
3364 1412 3680 1469 Antichristi
3702 1413 3832 1466 multi

2235 1523 2354 1567 sunt
2386 1512 2429 1585 (l
2457 1511 2620 1566 Joan.
2653 1513 2715 1582 ιι)
2750 1527 2762 1565 :
2794 1521 2871 1567 tot
2897 1514 3044 1566 enim
3073 1505 3400 1565 Antichristi
3426 1515 3563 1563 sunt
3593 1518 3721 1577 quot
3748 1507 3832 1561 ἀοι

2234 1619 2411 1678 ginata
2446 1608 2597 1662 falsa.
2639 1607 2856 1660 Etaute
2884 1607 3176 1661 adventum
3216 1601 3420 1659 Christi
3466 1617 3580 1656 nou
3620 1599 3712 1654 fuit
3753 1600 3830 1670 qui

2235 1710 2566 1766 exterreret;
2609 1701 2704 1756 sed
2747 1710 3028 1770 postquam
3075 1697 3333 1754 Dominus
3376 1705 3572 1751 noster
3608 1694 3752 1751 venit
3785 1693 3831 1749 in

531 1792 812 1861 precessit
849 1790 1122 1858 excussio.
1165 1791 1517 1856 rediscussio,
1557 1791 1824 1856 ebullilio,
1866 1799 1920 1845 et
1950 1790 2130 1843 cordis
2161 1791 2209 1858 Β
2239 1796 2495 1849 mundum
2537 1803 2592 1850 et
2630 1794 2674 1849 Ν
2702 1797 2861 1849 nivcn
2901 1795 3177 1864 ingressus
3217 1801 3320 1858 est,
3365 1789 3504 1845 vidit
3543 1787 3702 1858 quasi
3742 1785 3831 1841 lul-

531 1882 726 1940 fractio
754 1883 859 1957 [Αι.
901 1884 1249 1958 contractio],
1293 1885 1586 1940 dissolutio
1620 1899 1884 1955 genuum,
1910 1884 2130 1938 dolores

528 1994 760 2044 renum,
793 1980 900 2035 erit
942 1980 1110 2036 facies
1148 1981 1389 2035 omnium
1427 1980 1584 2051 quasi
1622 1979 1837 2035 adustio
1876 1979 2030 2044 alltc,
2073 1986 2132 2031 ut

529 2076 616 2130 vel
649 2075 760 2144 igni
788 2076 1084 2145 ardorique
1107 2077 1178 2131 sit
1207 2077 1472 2146 proxima,
1503 2079 1586 2130 vel
1616 2075 1852 2129 nitorem
1874 2077 2130 2128 amittens

526 2167 654 2233 olei,
695 2171 964 2238 nigrescat
1006 2169 1062 2222 in
1103 2168 1402 2223 carbonum
1445 2167 1884 2232 similitudinem,
1917 2177 1966 2221 et
1994 2181 2128 2220 con-

526 2259 741 2316 fusione
769 2263 1052 2330 operiatur
1081 2273 1308 2326 aeterna,
1346 2277 1371 2314 a
1413 2277 1514 2332 qna
1559 2271 1778 2316 sanctus
1816 2261 2005 2330 procul
2049 2267 2130 2312 est

527 2353 720 2409 dicens
774 2375 788 2407 :
843 2355 1122 2427 Signatum
1167 2364 1240 2408 est
1272 2371 1428 2424 super
1471 2371 1564 2408 nos
1604 2355 1776 2407 lumen
1821 2354 1990 2407 vultus
2032 2354 2124 2418 tui,

529 2442 752 2498 Domine
783 2443 902 2515 (Ps.
935 2460 1007 2512 Iv,
1040 2446 1116 2516 7).
1149 2445 1405 2500 Revelata
1439 2446 1582 2501 enim
1616 2444 1751 2500 facie
1772 2445 2001 2516 gloriam
2033 2445 2129 2498 Dei

525 2538 931 2609 contemplatur
970 2539 1038 2611 (ll
1079 2538 1199 2594 Cor.
1246 2541 1347 2609 ιιι).
1391 2541 1455 2594 Ει
1496 2548 1665 2610 puto,
1708 2538 1979 2606 qumnodo
2023 2538 2127 2592 alia

523 2643 610 2689 est
647 2634 812 2703 gloria
858 2634 1010 2700 silis,
1055 2635 1158 2690 alia
1199 2635 1364 2701 lunae,
1410 2635 1513 2688 alia
1546 2635 1852 2699 stellarum,
1887 2641 1943 2689 et
1969 2637 2130 2689 stella

523 2740 554 2781 ιι
598 2728 758 2781 stella
796 2727 975 2782 dill'ert
1016 2728 1066 2781 itt
1104 2729 1349 2782 claritate
1385 2725 1431 2796 (Ι
1471 2727 1592 2782 Cor.
1638 2743 1725 2794 xv,
1769 2726 1862 2798 41)
1907 2745 1921 2782 :
1959 2729 2038 2783 sic
2077 2728 2128 2781 iu

523 2821 928 2876 resurrectione
953 2831 1318 2887 mortuorum,
1346 2833 1395 2876 et
1423 2821 1686 2876 claritatis
1717 2822 1859 2876 inter
1886 2830 2126 2886 sanctos,

523 2919 581 2966 et
612 2912 910 2980 nigredinis
946 2913 1087 2969 inter
1113 2923 1448 2983 peccatores,
1472 2927 1720 2986 magnam
1747 2913 1983 2970 laturam
2009 2930 2130 2971 esse

528 3003 878 3062 distantiam.

597 3097 782 3169 (γει-ε.
823 3098 938 3171 ll.)
968 3099 1068 3156 Ubi
1105 3110 1180 3155 est
1209 3102 1556 3156 habitaculum
1594 3103 1823 3169 leonum,
1853 3114 1901 3157 et
1931 3119 2127 3168 pascua

2232 1904 2333 1960 gur
2361 1891 2618 1944 Satanam
2648 1888 2717 1942 de
2740 1888 2881 1942 coelo
2911 1886 3194 1942 cadentem
3229 1884 3382 1956 (Luc.
3415 1882 3477 1954 ι)
3517 1899 3530 1935 :
3568 1889 3625 1936 et
3654 1881 3833 1936 cecidit

2234 1983 2302 2036 de
2343 1982 2486 2037 creto
2511 1980 2758 2044 Lucifer,
2806 1980 2898 2051 qui
2960 1991 3120 2034 mane
3160 1978 3438 2032 oriebatur
3479 1973 3658 2047 (lsai.
3703 1973 3829 2042 su).

2235 2075 2397 2132 Venit
2430 2077 2576 2131 enim
2617 2090 2782 2130 verus
2819 2077 3050 2129 Samson
3089 2073 3156 2126 ad
3200 2070 3527 2142 Allopbylos
3570 2085 3584 2122 :
3625 2075 3684 2123 at
3721 2067 3830 2121 dum

2234 2172 2410 2241 pergit
2451 2173 2501 2224 in
2548 2169 2808 2236 Thamna,
2855 2168 3000 2239 quod
3044 2169 3442 2238 interpretatur
3472 2163 3832 2219 consummatio

2232 2268 2368 2337 ejus,
2413 2273 2469 2318 ιιι
2511 2265 2894 2334 pauperculam
2935 2263 3003 2317 de
3039 2261 3293 2332 gentibus
3324 2266 3560 2315 duceret
3593 2257 3827 2321 Dalilam,

2231 2359 2506 2414 interfecit
2547 2359 2784 2427 leonem,
2819 2361 2902 2413 cui
2946 2365 3167 2412 venerat
3203 2353 3643 2420 consummatio,
3673 2360 3724 2406 et
3752 2351 3828 2404 illo

2234 2463 2475 2518 mortuo,
2509 2453 2744 2506 comedit
2782 2452 2944 2506 mella
2972 2451 3297 2506 dulcedinis.
3332 2447 3440 2505 Sed
3474 2459 3531 2504 et
3563 2461 3722 2501 verus
3745 2445 3828 2499 Di-

2231 2544 2320 2599 vid
2353 2559 2582 2599 servans
2610 2558 2740 2599 oves
2782 2543 2949 2613 patris
2984 2543 3093 2606 sui,
3126 2539 3492 2612 apprehendit
3525 2540 3755 2600 lectioni,
3782 2543 3827 2590 ct

2233 2639 2509 2693 interiecit
2548 2653 2672 2692 eum
2719 2639 2758 2704 (l
2810 2635 2938 2706 Reg.
2975 2634 3131 2706 xvu),
3160 2643 3212 2690 et
3257 2633 3512 2703 Banajas,
3554 2630 3644 2702 qui
3682 2631 3825 2684 inter-

2234 2743 2479 2803 pretatur
2514 2733 2803 2800 a’diﬁcator
2847 2731 3098 2785 Dominus
3131 2727 3176 2800 (ι
3215 2727 3377 2782 Pura.
3425 2728 3531 2796 31,)
3564 2725 3824 2780 descrndit

2233 2827 2284 2882 in
2315 2828 2490 2882 lacum
2520 2826 2706 2882 saeculi
2735 2827 2911 2892 istius,
2941 2827 3031 2897 qui
3056 2827 3295 2881 calentes
3325 2835 3496 2893 aquas
3520 2820 3821 2891 refrigerare

2230 2921 2388 2994 561
2419 2922 2709 2975 consuevit
2736 2962 2751 2987 ,
2785 2931 2838 2975 et
2869 2920 3142 2975 interiecit
3175 2920 3416 2974 leonem.
3449 2915 3520 2974 Et
3551 2917 3607 2970 in
3631 2916 3821 2969 visione

2229 3013 2407 3077 Isaiae,
2443 3029 2563 3083 tunc
2592 3013 2882 3068 adversum
2908 3011 3291 3084 quadrupedes
3309 3011 3584 3076 cernitur,
3610 3009 3818 3080 primum

2230 3107 2300 3162 de
2321 3109 2566 3178 angustia
2593 3108 2784 3162 harum
2818 3106 3024 3162 dicitur
3053 3105 3350 3162 bestiarum
3373 3124 3384 3157 :
3405 3104 3471 3158 In
3505 3104 3819 3160 tribulatione

514 3192 808 3246 catulorum
845 3192 1076 3262 leonum,
1117 3194 1186 3248 ad
1225 3211 1383 3262 quam
1420 3199 1510 3250 ivit
1552 3198 1630 3251 leo
1671 3207 1726 3250 ut
1765 3199 2122 3270 ingrederetur
2149 3183 2194 3247 C
2227 3212 2274 3256 et
2300 3203 2542 3275 angustia
2568 3203 2646 3257 leo
2672 3211 2718 3257 et
2759 3201 2962 3256 catulus
2995 3201 3157 3256 leonis
3189 3201 3345 3274 (lsai.
3381 3200 3583 3271 xxxv).
3619 3197 3718 3254 iste
3745 3195 3815 3254 leo

520 3282 646 3338 illuc
679 3287 882 3340 catulus
922 3285 1118 3354 leonis,
1160 3298 1207 3342 ct
1244 3305 1346 3344 non
1387 3299 1458 3343 est
1497 3291 1580 3359 qui
1629 3301 1650 3330 α
1694 3293 1982 3346 exterreat?
2019 3289 2126 3345 Leo

520 3379 651 3446 cepit
689 3378 994 3448 suﬁicientr
1034 3382 1220 3435 catulis
1258 3383 1394 3451 suis,
1435 3392 1483 3435 ct
1524 3385 1717 3437 necavit
1762 3385 1934 3439 leaenis
1970 3385 2125 3439 suis:

521 3476 570 3522 et
609 3467 836 3537 implerit
875 3469 1054 3540 prteda
1090 3471 1372 3540 speluncas
1405 3489 1546 3536 snas,
1589 3485 1636 3528 et
1662 3474 1827 3528 cubile
1854 3492 2006 3529 suum
2033 3491 2123 3528 ra-

527 3560 678 3631 pina.
711 3559 818 3615 Pro
844 3561 1120 3632 speluncis
1147 3571 1204 3618 et
1233 3564 1439 3632 leaenis,
1483 3566 1634 3620 nidos
1671 3578 1718 3621 et
1767 3568 1965 3622 catulos
1993 3567 2125 3639 Sep-

527 3658 767 3725 tuaginta
810 3658 1226 3723 transtulerunt,
1269 3660 1320 3714 in
1362 3662 1578 3715 caeteris
1619 3660 1760 3717 idem
1791 3677 1988 3718 sensus
2017 3673 2120 3718 est.

523 3748 720 3806 Adhuc
747 3757 930 3805 autem
972 3750 1040 3806 de
1070 3750 1264 3808 Ninire
1296 3753 1497 3809 dicitur
1529 3772 1543 3810 :
1575 3755 1718 3825 quod
1757 3755 2123 3812 habitaculum

523 3839 690 3898 fuerit
717 3859 930 3914 regum,
961 3854 1016 3900 et
1041 3846 1165 3901 aula
1200 3847 1498 3916 nobilium;
1529 3849 1594 3903 ad
1621 3849 1784 3921 560
1810 3865 1972 3920 quam
2003 3867 2128 3921 per-

529 3934 670 3989 rexit
715 3934 804 3992 leo
846 3953 939 3991 rex
982 3937 1344 4010 Babylonius,
1383 3943 1432 3996 id
1475 3953 1559 3996 est
1597 3943 2123 4014 Nabuchodonosor,

523 4037 581 4082 et
610 4028 826 4086 catulus
852 4031 1047 4100 leonis,
1077 4033 1356 4105 subreguli
1399 4052 1614 4108 quoque
1647 4038 1788 4107 ejus,
1815 4049 1869 4093 et
1893 4054 2002 4094 non
2026 4039 2124 4094 fuit

522 4122 614 4192 qui
647 4123 728 4178 eis
757 4124 1062 4181 resisteret.
1095 4125 1204 4182 Leo
1234 4127 1380 4198 cepit
1409 4129 1746 4184 sufficienter
1775 4133 1967 4186 catulis
1989 4133 2123 4196 suis,

521 4223 578 4268 et
619 4216 834 4270 necavit
861 4216 1044 4273 leaenis
1074 4220 1208 4274 suis.
1233 4219 1380 4276 Idem
1409 4220 1666 4276 videlicet
1691 4220 2128 4278 Nabuchodono.

519 4319 616 4363 sor
659 4309 904 4365 victorias
943 4321 1134 4367 cuncta
1173 4313 1294 4382 jure
1335 4313 1614 4383 possedit,
1653 4323 1706 4369 et
1745 4315 1938 4370 liberis
1975 4314 2123 4370 urbi-

518 4398 733 4472 busque
759 4400 865 4474 [Αι.
897 4403 1142 4478 urbibus]
1169 4406 1304 4472 suis,
1334 4407 1420 4461 vel
1447 4417 1598 4462 certe
1628 4409 1890 4464 uxoribus
1923 4410 1976 4462 itt
2009 4423 2125 4462 ser-

2231 3307 2523 3366 auteqtram
2555 3296 2960 3351 interficeretur
2980 3313 3010 3350 ιι
3036 3296 3279 3360 Christo,
3315 3294 3588 3366 plurimos
3610 3294 3747 3362 cepit
3771 3290 3816 3345 in

2234 3391 2473 3459 praedam
2523 3391 2832 3445 catulorum
2879 3405 3102 3446 suorum
3157 3405 3170 3443 :
3210 3399 3265 3444 et
3309 3390 3529 3444 necavit
3574 3384 3814 3443 lenticulis

2229 3484 2344 3538 suis
2367 3523 2380 3548 ,
2416 3482 2750 3539 satellitibus
2771 3486 2904 3549 suis,
2941 3484 3195 3540 videlicet
3215 3481 3523 3538 daemoniis.
3560 3479 3690 3535 Vide
3716 3477 3810 3532 ha:-

2226 3577 2523 3632 reticornm
2571 3576 2954 3632 conventicula
2982 3620 2997 3644 ,
3049 3585 3103 3631 et
3145 3585 3336 3645 captos
3382 3573 3591 3628 multos
3620 3586 3647 3625 a
3679 3571 3813 3626 leone

2230 3684 2339 3724 non
2369 3683 2605 3739 ιιιιωιυε.
2636 3668 2934 3724 Considera
2963 3677 3209 3724 mortuos
3239 3669 3328 3738 qui
3361 3668 3640 3737 reliquere
3653 3666 3810 3727 vitam,

2230 3774 2285 3819 et
2317 3763 2590 3819 Ecclesias
2619 3777 2811 3818 eorum
2845 3779 2954 3818 non
2985 3763 3211 3817 vocabis
3232 3761 3376 3816 ovile
3424 3759 3696 3830 pastoris,
3733 3751 3810 3810 sed

2230 3859 2406 3915 leonis
2441 3860 2753 3929 speluncas,
2779 3873 2916 3931 quas
2957 3857 3202 3925 implevit
3231 3856 3595 3912 cadaveribus
3623 3863 3675 3909 et
3702 3863 3810 3906 sane

2227 3955 2390 4025 guine
2421 3962 2784 4007 mortuorum.
2813 3950 3052 4006 Posuisti
3077 3951 3096 4020 (
3130 3951 3205 4004 ait
3234 3948 3402 4004 David
3428 3948 3449 4020 )
3481 3946 3710 4000 tenebras
3732 3981 3746 4008 ,
3774 3948 3811 3995 et

2230 4050 2368 4121 facta
2394 4057 2468 4102 est
2497 4063 2602 4102 nox
2629 4063 2648 4101 :
2680 4048 2731 4100 in
2759 4047 2871 4118 ipsa
2898 4043 3286 4117 pertransibunt
3327 4057 3504 4096 omnes
3532 4039 3702 4094 bestia
3718 4035 3808 4090 sal-

2229 4149 2331 4196 tus.
2378 4139 2550 4195 Catuli
2589 4142 2795 4195 leonum
2825 4148 2848 4176 ο
2890 4153 3072 4211 rapere
3113 4145 3160 4192 et
3197 4149 3424 4206 qttatrere
3453 4149 3484 4186 ιι
3515 4131 3627 4187 Deo
3667 4141 3806 4185 escam

2227 4235 2323 4288 sibi
2353 4232 2470 4306 (Ps.
2500 4247 2614 4297 cut,
2636 4233 2753 4303 20).
2784 4231 3020 4288 Diflicile
3051 4231 3136 4286 leo
3164 4227 3437 4284 invenitur
3469 4227 3522 4282 in
3556 4227 3645 4282 die
3671 4266 3684 4291 ,
3726 4219 3804 4278 sed

2228 4339 2446 4396 semper
2478 4327 2531 4380 in
2564 4325 2818 4381 noctibus
2865 4325 3102 4391 circuit,
3153 4331 3212 4378 ut
3248 4321 3315 4377 de
3347 4319 3598 4376 Ecclesia
3629 4313 3805 4374 Christi

2227 4419 2446 4489 rapiat,
2499 4429 2557 4474 ut
2609 4419 2752 4474 escis
2803 4418 2960 4488 juxta
3011 4416 3231 4473 Abacnc
3287 4419 3584 4467 saturetur
3643 4406 3804 4466 electis

523 4492 756 4548 vitutem
794 4494 1038 4565 captivos
1070 4498 1310 4565 tradidit,
1350 4507 1400 4554 et
1429 4499 1674 4570 implevit
1706 4502 1886 4572 praeda
1916 4503 2126 4576 spelun-
2152 4573 2193 4586 ω
2227 4510 2415 4586 (Alme.
2441 4517 2503 4582 t).
2558 4512 2801 4582 Denique
2849 4507 3020 4566 Judas
3065 4508 3134 4564 de
3160 4507 3290 4562 ovili
3331 4504 3540 4561 Christi
3590 4503 3719 4570 fuit,
3763 4505 3805 4553 et

523 4601 613 4640 cas
649 4603 792 4654 suas,
820 4588 937 4645 sive
965 4601 1022 4646 ut
1051 4591 1104 4646 iu
1143 4592 1375 4650 Hebraeo
1409 4595 1664 4667 habetur,
1694 4601 1869 4670 foveas
1895 4573 2036 4666 suas,
2067 4612 2121 4658 et
2152 4573 2205 4644 Ῑ)
2229 4573 2420 4677 raptus
2445 4573 2475 4659 a
2498 4605 2656 4661 leone
2677 4573 2976 4675 suspendio
3005 4600 3301 4657 suffocatus
3317 4597 3602 4671 est(Matt.
3631 4590 3800 4661 nvo).

522 4680 706 4737 cubile
745 4696 900 4738 suum
926 4683 1137 4754 rapina,
1171 4694 1280 4742 tam
1315 4688 1622 4758 thesauros,
1654 4708 1814 4764 quam
1845 4694 2118 4763 civitates,

522 4789 682 4844 auro,
723 4786 972 4848 argento,
1003 4779 1268 4848 vestibus,
1298 4784 1556 4856 omnique
1591 4798 1788 4843 ornatu
1815 4790 2118 4859 complens,

524 4877 584 4925 ut
622 4869 764 4939 quod
804 4869 1000 4928 Ninive
1037 4872 1322 4942 habuerat,
1359 4875 1707 4951 Babylonque
1737 4879 1846 4954 [Αι.
1874 4881 2118 4953 Babylon

519 4960 666 5036 quae]
697 4963 923 5031 vicerat,
961 4965 1292 5035 possideret.
1329 4969 1465 5038 Quia
1507 4987 1638 5030 vero
1661 4975 1956 5032 secundum
1989 4979 2116 5035 ἀνα-

595 5112 621 5140 ει
665 5102 720 5159 in
767 5101 1135 5185 Regittse_p_ts.
1163 5111 1498 5179 roboramini,
1531 5115 1761 5185 rectius,
1792 5126 1850 5173 ut
1878 5116 2117 5185 videtur,

508 5169 674 5246 juxta
709 5169 928 5232 sensum
959 5175 1124 5256 LXX,
1154 5185 1242 5256 qui
1273 5169 2117 5256 passiva.sigtitilicatioue—locuin

519 5258 823 5334 verterunt,
855 5252 1323 5334 quemadmodum
1365 5252 1751 5334 et_Sopltottiae
1780 5277 1815 5317 ιι
1844 5263 2116 5334 laudatur,

519 5329 569 5404 et
593 5337 760 5404 genua
781 5320 997 5404 debilia,
1019 5324 1338 5404 solidamini.
1365 5320 1580 5404 Alioqui
1607 5345 2006 5400 supervacanea
2027 5320 2120 5391 νεὶ

520 5397 697 5472 ειρτιο
724 5409 826 5472 vox
861 5397 1100 5472 roborate
1129 5398 1240 5472 visa
1270 5409 1376 5466 est,
1408 5397 1776 5472 carebantque
1805 5405 1896 5461 illa
1927 5425 2117 5464 omnes

521 5460 816 5541 Florentia:
858 5467 1099 5524 codices.
1145 5469 1323 5524 Locus
1365 5460 1469 5537 est,
1518 5460 1713 5541 inquit,
1747 5460 1898 5530 lsaize
1928 5460 2118 5536 aliis":

519 5533 832 5622 ’laxbaarrs,
854 5545 1324 5622 ﬁtﬁt-eiuscuius,
1348 5546 1430 5598 καὶ
1449 5533 1643 5622 pavor-ra
1666 5533 2115 5622 π’ςραὶεσλυμμέναλ

521 5611 1005 5700 Ξξξᾳιιαξᾷσαέέε.ὀὶ
1026 5611 1338 5700 amiculo,
1445 5611 1648 5700 βιαξοὶᾳ
1671 5634 1684 5669 :
1709 5611 2112 5700 Cortl'ortainini,

519 5684 706 5766 manus
725 5684 1014 5766 dissolutae,
1035 5699 1082 5766 et
1103 5684 1509 5766 genua'debilia.
1536 5684 1916 5766 consulamini,
1947 5684 2113 5766 Wa;

529 5749 790 5830 (animos,
809 5756 948 5830 sive,
979 5749 1066 5827 qui
1096 5749 1262 5815 iam
1295 5760 1476 5830 pusilli
1503 5761 1627 5814 estis
1658 5775 1675 5814 :
1706 5761 1859 5818 locus
1889 5749 1960 5819 ei
1989 5765 2118 5820 Vul—

520 5835 648 5892 gata
676 5822 864 5882 Latina
897 5822 1214 5887 immutatus
1242 5822 1360 5900 fuit,
1399 5831 1452 5888 in
1484 5845 1590 5903 qua
1625 5831 1822 5904 legitur
1849 5853 1864 5890 :
1897 5834 2118 5908 Confor—

2231 4699 2340 4758 Sed
2369 4711 2422 4756 et
2451 4700 2540 4756 ille
2562 4698 2828 4770 propheta
2851 4698 2936 4753 cui
2967 4700 3303 4767 prasceperat
3331 4692 3616 4760 Dominus,
3640 4702 3703 4746 ne
3728 4697 3804 4742 co-

2229 4793 2479 4850 mederet
2509 4808 2672 4863 panes
2697 4793 2750 4848 in
2782 4791 3011 4863 regione
3039 4803 3127 4858 ea,
3160 4789 3251 4844 ubi
3281 4787 3444 4844 vituli
3469 4787 3618 4843 aurei
3648 4789 3798 4843 erant,

2227 4898 2283 4944 et
2301 4889 2528 4944 mentita
2560 4886 2746 4958 religio
2773 4927 2788 4954 ,
2819 4886 2948 4955 quia
2973 4883 3216 4940 comedit
3235 4925 3251 4951 ,
3281 4896 3316 4936 a
3343 4881 3505 4937 leone
3537 4887 3800 4951 percussos

2226 4991 2312 5040 est
2338 4985 2356 5059 (
2382 4981 2449 5038 Ill
2475 4980 2602 5053 Reg.
2626 4981 2770 5052 xm).
2797 4979 3071 5036 Jeremias
3099 4991 3320 5049 quoque
3349 4976 3417 5032 de
3446 4968 3797 5046 peccatoribus

2226 5131 2330 5177 tate
2358 5137 2542 5176 manus
2577 5120 2878 5192 dissolutas,
2923 5127 2972 5173 et
2999 5134 3165 5192 genua
3205 5115 3396 5192 debilia
3431 5115 3681 5192 robqrate.
3717 5107 3796 5165 Di-

2225 5195 2324 5249 cite
2344 5193 2713 5265 pusillanimis:
2729 5178 3128 5265 Confot‘lamitti,
3146 5189 3306 5245 nolite
3318 5191 3513 5244 timere.
3528 5178 3792 5257 Propterea

2224 5263 2607 5322 vox’roborate
2644 5265 2713 5320 ab
2745 5265 2839 5318 illo
2862 5263 3056 5336 deleta
3087 5272 3192 5319 est.
3376 5334 3385 5336 _
3458 5333 3468 5336 Α
3767 5327 3775 5336 ,

2301 5337 2326 5375 b
2357 5337 2474 5393 Duo
2523 5353 2653 5392 mss.
2678 5384 2691 5406 ,
2725 5353 2818 5407 pro
2851 5334 2931 5391 his
2957 5337 3194 5390 omnibus
3229 5333 3538 5406 prophetiae,
3567 5333 3791 5404 prtecessit

2225 5413 2484 5475 excusato,
2514 5419 2620 5465 etc.

2303 5491 2325 5520 ο
2366 5482 2442 5535 Ex
2475 5481 2694 5550 Regium
2729 5494 2832 5534 ms.
2874 5480 3214 5534 correximus
3249 5485 3373 5546 post
3401 5475 3609 5532 Victor.
3644 5476 3789 5550 ester-

2223 5562 2356 5615 reat,
2386 5540 2762 5606 consentiente
2810 5551 3051 5622 Vulgata,
3086 5540 3307 5622 ipsaque
3345 5546 3656 5618 Hieronymi
3684 5540 3787 5598 sub-

2224 5637 2361 5694 nesa
2401 5624 2759 5694 expositione.
2792 5620 3045 5678 Martian.
3081 5620 3305 5678 retinuit
3335 5624 3666 5694 exterreatur.

2295 5692 2322 5731 ἀ
2543 5694 2675 5778 Reg.
2716 5709 2845 5764 ms.,
2875 5701 2928 5750 et
2954 5709 3148 5765 pascua
3169 5694 3464 5748 catulorum
3488 5689 3704 5757 leonum,
3730 5682 3784 5737 ad

2222 5783 2378 5839 quam
2405 5776 2514 5834 ivit,
2539 5777 2647 5822 etc.

2300 5848 2324 5878 ο
2363 5837 2445 5894 Ad
2465 5837 2706 5910 Vulgata:
2731 5837 3010 5908 exemplar
3039 5836 3189 5894 addit
3224 5835 3505 5893 Victorius
3537 5834 3781 5907 rugientes-
