  <div class='ocr_page' id='page_1' title='image "/cluster/home/n/w/nwhite01/storage/ocr_20150623/25/hvd.32044015471394/634.png"; bbox 0 0 4078 6342; ppageno 0'>
   <div class='ocr_carea' id='block_1_1' title="bbox 361 226 506 285">
    <p class='ocr_par' dir='ltr' id='par_1_1' title="bbox 361 226 506 285">
     <span class='ocr_line' id='line_1_1' title="bbox 361 226 506 285; baseline -0.007 -1"><span class='ocrx_word' id='word_1_1' title='bbox 361 226 506 285; x_wconf 67' lang='grc'><strong>1255</strong></span> 
     </span>
    </p>
   </div>
   <div class='ocr_carea' id='block_1_2' title="bbox 1225 214 2802 282">
    <p class='ocr_par' dir='ltr' id='par_1_2' title="bbox 1225 214 2802 282">
     <span class='ocr_line' id='line_1_2' title="bbox 1225 214 2802 282; baseline -0.005 -2"><span class='ocrx_word' id='word_1_2' title='bbox 1225 217 1879 282; x_wconf 75' lang='lat' dir='ltr'><strong>COMMENTARIORUM</strong></span> <span class='ocrx_word' id='word_1_3' title='bbox 1919 215 1986 280; x_wconf 79' lang='lat' dir='ltr'><strong>IN</strong></span> <span class='ocrx_word' id='word_1_4' title='bbox 2028 214 2227 280; x_wconf 73' lang='lat' dir='ltr'><strong>NAUM</strong></span> <span class='ocrx_word' id='word_1_5' title='bbox 2266 214 2494 278; x_wconf 76' lang='lat' dir='ltr'><strong>LIBER.</strong></span> <span class='ocrx_word' id='word_1_6' title='bbox 2525 214 2682 276; x_wconf 81' lang='lat' dir='ltr'><strong>CAP.</strong></span> <span class='ocrx_word' id='word_1_7' title='bbox 2711 215 2802 276; x_wconf 87' lang='lat' dir='ltr'><strong>lll.</strong></span> 
     </span>
    </p>
   </div>
   <div class='ocr_carea' id='block_1_3' title="bbox 3529 213 3673 276">
    <p class='ocr_par' dir='ltr' id='par_1_3' title="bbox 3529 213 3673 276">
     <span class='ocr_line' id='line_1_3' title="bbox 3529 213 3673 276; baseline 0 0"><span class='ocrx_word' id='word_1_8' title='bbox 3529 213 3673 276; x_wconf 67' lang='lat' dir='ltr'><strong>&quot;lib</strong></span> 
     </span>
    </p>
   </div>
   <div class='ocr_carea' id='block_1_4' title="bbox 352 326 3671 409">
    <p class='ocr_par' dir='ltr' id='par_1_4' title="bbox 352 326 3671 409">
     <span class='ocr_line' id='line_1_4' title="bbox 352 326 3671 409; baseline -0.003 -15"><span class='ocrx_word' id='word_1_9' title='bbox 352 339 600 409; x_wconf 85' lang='lat' dir='ltr'><strong>loquitur</strong></span> <span class='ocrx_word' id='word_1_10' title='bbox 628 355 642 393; x_wconf 91' lang='lat'>:</span> <span class='ocrx_word' id='word_1_11' title='bbox 680 336 940 394; x_wconf 83' lang='lat' dir='ltr'><strong>Percussit</strong></span> <span class='ocrx_word' id='word_1_12' title='bbox 963 353 1051 394; x_wconf 84' lang='lat' dir='ltr'><strong>eos</strong></span> <span class='ocrx_word' id='word_1_13' title='bbox 1079 338 1156 393; x_wconf 83' lang='lat' dir='ltr'><strong>leo</strong></span> <span class='ocrx_word' id='word_1_14' title='bbox 1178 337 1243 392; x_wconf 89' lang='lat' dir='ltr'><strong>de</strong></span> <span class='ocrx_word' id='word_1_15' title='bbox 1257 339 1388 392; x_wconf 85' lang='lat' dir='ltr'><strong>silva</strong></span> <span class='ocrx_word' id='word_1_16' title='bbox 1407 377 1420 402; x_wconf 86' lang='lat'><strong>,</strong></span> <span class='ocrx_word' id='word_1_17' title='bbox 1447 347 1498 392; x_wconf 89' lang='lat' dir='ltr'><strong>et</strong></span> <span class='ocrx_word' id='word_1_18' title='bbox 1529 338 1685 406; x_wconf 85' lang='lat' dir='ltr'><strong>lupus</strong></span> <span class='ocrx_word' id='word_1_19' title='bbox 1708 352 1868 407; x_wconf 83' lang='lat' dir='ltr'><strong>usque</strong></span> <span class='ocrx_word' id='word_1_20' title='bbox 1897 335 1964 388; x_wconf 90' lang='lat' dir='ltr'><strong>ad</strong></span> <span class='ocrx_word' id='word_1_21' title='bbox 1997 338 2039 396; x_wconf 78' lang='grc' dir='ltr'><strong>Α</strong></span> <span class='ocrx_word' id='word_1_22' title='bbox 2072 335 2198 387; x_wconf 87' lang='lat' dir='ltr'><strong>tium</strong></span> <span class='ocrx_word' id='word_1_23' title='bbox 2227 348 2511 393; x_wconf 85' lang='lat' dir='ltr'><strong>armorum,</strong></span> <span class='ocrx_word' id='word_1_24' title='bbox 2547 339 2595 385; x_wconf 89' lang='lat' dir='ltr'><strong>et</strong></span> <span class='ocrx_word' id='word_1_25' title='bbox 2625 329 2974 386; x_wconf 74' lang='lat' dir='ltr'><strong>multitudinis</strong></span> <span class='ocrx_word' id='word_1_26' title='bbox 2997 330 3401 398; x_wconf 77' lang='lat' dir='ltr'><strong>vulneratorum,</strong></span> <span class='ocrx_word' id='word_1_27' title='bbox 3425 326 3474 386; x_wconf 70' lang='lat' dir='ltr'><strong>Et</strong></span> <span class='ocrx_word' id='word_1_28' title='bbox 3501 331 3671 402; x_wconf 77' lang='lat' dir='ltr'><strong>gravis</strong></span> 
     </span>
    </p>
   </div>
   <div class='ocr_carea' id='block_1_5' title="bbox 351 430 1966 503">
    <p class='ocr_par' dir='ltr' id='par_1_5' title="bbox 351 430 1966 503">
     <span class='ocr_line' id='line_1_5' title="bbox 351 430 1966 503; baseline -0.002 -18"><span class='ocrx_word' id='word_1_29' title='bbox 351 432 536 485; x_wconf 84' lang='lat' dir='ltr'><strong>domos</strong></span> <span class='ocrx_word' id='word_1_30' title='bbox 556 430 872 503; x_wconf 74' lang='lat' dir='ltr'><strong>disperdidit</strong></span> <span class='ocrx_word' id='word_1_31' title='bbox 899 447 987 486; x_wconf 84' lang='lat' dir='ltr'><strong>eos</strong></span> <span class='ocrx_word' id='word_1_32' title='bbox 1015 447 1032 485; x_wconf 91' lang='lat'><strong><em>:</em></strong></span> <span class='ocrx_word' id='word_1_33' title='bbox 1055 441 1103 486; x_wconf 83' lang='lat' dir='ltr'><strong>et</strong></span> <span class='ocrx_word' id='word_1_34' title='bbox 1133 432 1330 501; x_wconf 81' lang='lat' dir='ltr'><strong>pardus</strong></span> <span class='ocrx_word' id='word_1_35' title='bbox 1347 430 1580 503; x_wconf 78' lang='lat' dir='ltr'><strong>vigilavit</strong></span> <span class='ocrx_word' id='word_1_36' title='bbox 1605 446 1760 502; x_wconf 81' lang='lat' dir='ltr'><strong>super</strong></span> <span class='ocrx_word' id='word_1_37' title='bbox 1788 430 1966 484; x_wconf 74' lang='lat' dir='ltr'><strong>civita-</strong></span> 
     </span>
    </p>
   </div>
   <div class='ocr_carea' id='block_1_6' title="bbox 350 522 1964 595">
    <p class='ocr_par' dir='ltr' id='par_1_6' title="bbox 350 522 1964 595">
     <span class='ocr_line' id='line_1_6' title="bbox 350 522 1964 595; baseline -0.001 -19"><span class='ocrx_word' id='word_1_38' title='bbox 350 533 431 578; x_wconf 86' lang='lat' dir='ltr'><strong>tes</strong></span> <span class='ocrx_word' id='word_1_39' title='bbox 470 539 668 578; x_wconf 83' lang='lat' dir='ltr'><strong>eorum.</strong></span> <span class='ocrx_word' id='word_1_40' title='bbox 716 523 905 578; x_wconf 81' lang='lat' dir='ltr'><strong>Omnes</strong></span> <span class='ocrx_word' id='word_1_41' title='bbox 950 524 1040 594; x_wconf 86' lang='lat' dir='ltr'><strong>qui</strong></span> <span class='ocrx_word' id='word_1_42' title='bbox 1061 522 1406 595; x_wconf 82' lang='lat' dir='ltr'><strong>‘egrediuntur</strong></span> <span class='ocrx_word' id='word_1_43' title='bbox 1439 539 1502 578; x_wconf 75' lang='lat' dir='ltr'><strong>ex</strong></span> <span class='ocrx_word' id='word_1_44' title='bbox 1540 524 1649 593; x_wconf 84' lang='lat' dir='ltr'><strong>eis,</strong></span> <span class='ocrx_word' id='word_1_45' title='bbox 1693 523 1964 592; x_wconf 78' lang='lat' dir='ltr'><strong>capientur</strong></span> 
     </span>
    </p>
   </div>
   <div class='ocr_carea' id='block_1_7' title="bbox 349 614 1959 688">
    <p class='ocr_par' dir='ltr' id='par_1_7' title="bbox 349 614 1959 688">
     <span class='ocr_line' id='line_1_7' title="bbox 349 614 1959 688; baseline 0.002 -19"><span class='ocrx_word' id='word_1_46' title='bbox 349 614 490 687; x_wconf 81' lang='lat' dir='ltr'><strong>(Jer.</strong></span> <span class='ocrx_word' id='word_1_47' title='bbox 517 634 570 684; x_wconf 88' lang='lat' dir='ltr'><strong>v,</strong></span> <span class='ocrx_word' id='word_1_48' title='bbox 601 615 680 687; x_wconf 88' lang='lat'><strong>6).</strong></span> <span class='ocrx_word' id='word_1_49' title='bbox 709 617 762 671; x_wconf 91' lang='lat' dir='ltr'><strong>In</strong></span> <span class='ocrx_word' id='word_1_50' title='bbox 788 633 897 688; x_wconf 89' lang='lat' dir='ltr'><strong>quo</strong></span> <span class='ocrx_word' id='word_1_51' title='bbox 937 618 1315 675; x_wconf 87' lang='lat' dir='ltr'><strong>animadverte</strong></span> <span class='ocrx_word' id='word_1_52' title='bbox 1338 617 1478 688; x_wconf 91' lang='lat' dir='ltr'><strong>quod</strong></span> <span class='ocrx_word' id='word_1_53' title='bbox 1511 633 1671 673; x_wconf 79' lang='lat' dir='ltr'><strong>neruo</strong></span> <span class='ocrx_word' id='word_1_54' title='bbox 1695 621 1959 688; x_wconf 72' lang='lat' dir='ltr'><strong>rapiatur,</strong></span> 
     </span>
    </p>
   </div>
   <div class='ocr_carea' id='block_1_8' title="bbox 347 709 1961 782">
    <p class='ocr_par' dir='ltr' id='par_1_8' title="bbox 347 709 1961 782">
     <span class='ocr_line' id='line_1_8' title="bbox 347 709 1961 782; baseline 0 -16"><span class='ocrx_word' id='word_1_55' title='bbox 347 711 456 766; x_wconf 86' lang='lat' dir='ltr'><strong>nisi</strong></span> <span class='ocrx_word' id='word_1_56' title='bbox 485 712 577 782; x_wconf 87' lang='lat' dir='ltr'><strong>qui</strong></span> <span class='ocrx_word' id='word_1_57' title='bbox 609 711 679 766; x_wconf 89' lang='lat' dir='ltr'><strong>de</strong></span> <span class='ocrx_word' id='word_1_58' title='bbox 704 710 1018 766; x_wconf 75' lang='lat' dir='ltr'><strong>civitatibus</strong></span> <span class='ocrx_word' id='word_1_59' title='bbox 1053 713 1143 766; x_wconf 87' lang='lat' dir='ltr'><strong>Dei</strong></span> <span class='ocrx_word' id='word_1_60' title='bbox 1169 709 1336 766; x_wconf 87' lang='lat' dir='ltr'><strong>fuerit</strong></span> <span class='ocrx_word' id='word_1_61' title='bbox 1363 727 1637 782; x_wconf 78' lang='lat' dir='ltr'><strong>egressus.</strong></span> <span class='ocrx_word' id='word_1_62' title='bbox 1671 711 1727 766; x_wconf 86' lang='lat' dir='ltr'><strong>In</strong></span> <span class='ocrx_word' id='word_1_63' title='bbox 1767 718 1961 782; x_wconf 74' lang='lat' dir='ltr'><strong>quarto</strong></span> 
     </span>
    </p>
   </div>
   <div class='ocr_carea' id='block_1_9' title="bbox 349 802 1961 874">
    <p class='ocr_par' dir='ltr' id='par_1_9' title="bbox 349 802 1961 874">
     <span class='ocr_line' id='line_1_9' title="bbox 349 802 1961 874; baseline 0.001 -16"><span class='ocrx_word' id='word_1_64' title='bbox 349 803 518 858; x_wconf 81' lang='lat' dir='ltr'><strong>etiam</strong></span> <span class='ocrx_word' id='word_1_65' title='bbox 545 802 861 874; x_wconf 79' lang='lat' dir='ltr'><strong>Regnorum</strong></span> <span class='ocrx_word' id='word_1_66' title='bbox 890 804 1026 859; x_wconf 89' lang='lat' dir='ltr'><strong>libro</strong></span> <span class='ocrx_word' id='word_1_67' title='bbox 1048 803 1229 874; x_wconf 84' lang='lat' dir='ltr'><strong>(Vers.</strong></span> <span class='ocrx_word' id='word_1_68' title='bbox 1265 802 1377 874; x_wconf 77' lang='lat' dir='ltr'><strong>i7),</strong></span> <span class='ocrx_word' id='word_1_69' title='bbox 1405 804 1718 860; x_wconf 85' lang='lat' dir='ltr'><strong>habitantes</strong></span> <span class='ocrx_word' id='word_1_70' title='bbox 1745 809 1794 857; x_wconf 90' lang='lat' dir='ltr'><strong>in</strong></span> <span class='ocrx_word' id='word_1_71' title='bbox 1827 805 1961 860; x_wconf 82' lang='lat' dir='ltr'><strong>civi-</strong></span> 
     </span>
    </p>
   </div>
   <div class='ocr_carea' id='block_1_10' title="bbox 345 895 1955 969">
    <p class='ocr_par' dir='ltr' id='par_1_10' title="bbox 345 895 1955 969">
     <span class='ocr_line' id='line_1_10' title="bbox 345 895 1955 969; baseline 0.002 -19"><span class='ocrx_word' id='word_1_72' title='bbox 345 895 550 952; x_wconf 88' lang='lat' dir='ltr'><strong>tatibus</strong></span> <span class='ocrx_word' id='word_1_73' title='bbox 591 897 856 953; x_wconf 80' lang='lat' dir='ltr'><strong>Samariae</strong></span> <span class='ocrx_word' id='word_1_74' title='bbox 898 906 952 952; x_wconf 90' lang='lat' dir='ltr'><strong>et</strong></span> <span class='ocrx_word' id='word_1_75' title='bbox 982 898 1289 953; x_wconf 83' lang='lat' dir='ltr'><strong>nescientes</strong></span> <span class='ocrx_word' id='word_1_76' title='bbox 1329 897 1593 968; x_wconf 84' lang='lat' dir='ltr'><strong>judicium</strong></span> <span class='ocrx_word' id='word_1_77' title='bbox 1635 898 1736 953; x_wconf 87' lang='lat' dir='ltr'><strong>Dei</strong></span> <span class='ocrx_word' id='word_1_78' title='bbox 1764 908 1955 969; x_wconf 66' lang='lat' dir='ltr'><strong>terrae,</strong></span> 
     </span>
    </p>
   </div>
   <div class='ocr_carea' id='block_1_11' title="bbox 343 987 1958 1046">
    <p class='ocr_par' dir='ltr' id='par_1_11' title="bbox 343 987 1958 1046">
     <span class='ocr_line' id='line_1_11' title="bbox 343 987 1958 1046; baseline 0.002 -4"><span class='ocrx_word' id='word_1_79' title='bbox 343 987 822 1044; x_wconf 88' lang='lat' dir='ltr'><strong>interﬁciebantur</strong></span> <span class='ocrx_word' id='word_1_80' title='bbox 849 1005 878 1044; x_wconf 90' lang='lat' dir='ltr'><strong>a</strong></span> <span class='ocrx_word' id='word_1_81' title='bbox 909 989 1164 1044; x_wconf 85' lang='lat' dir='ltr'><strong>leonibus</strong></span> <span class='ocrx_word' id='word_1_82' title='bbox 1194 1007 1207 1043; x_wconf 90' lang='lat'><strong>:</strong></span> <span class='ocrx_word' id='word_1_83' title='bbox 1238 989 1416 1045; x_wconf 82' lang='lat' dir='ltr'><strong>donec</strong></span> <span class='ocrx_word' id='word_1_84' title='bbox 1446 989 1757 1046; x_wconf 81' lang='lat' dir='ltr'><strong>didicerunt</strong></span> <span class='ocrx_word' id='word_1_85' title='bbox 1779 993 1958 1046; x_wconf 82' lang='lat' dir='ltr'><strong>colere</strong></span> 
     </span>
    </p>
   </div>
   <div class='ocr_carea' id='block_1_12' title="bbox 344 1079 1954 1148">
    <p class='ocr_par' dir='ltr' id='par_1_12' title="bbox 344 1079 1954 1148">
     <span class='ocr_line' id='line_1_12' title="bbox 344 1079 1954 1148; baseline 0.003 -13"><span class='ocrx_word' id='word_1_86' title='bbox 344 1079 520 1138; x_wconf 89' lang='lat' dir='ltr'><strong>Deum</strong></span> <span class='ocrx_word' id='word_1_87' title='bbox 546 1123 561 1148; x_wconf 96' lang='lat'><strong>,</strong></span> <span class='ocrx_word' id='word_1_88' title='bbox 593 1094 647 1137; x_wconf 90' lang='lat' dir='ltr'><strong>et</strong></span> <span class='ocrx_word' id='word_1_89' title='bbox 679 1097 708 1137; x_wconf 89' lang='lat' dir='ltr'><strong>a</strong></span> <span class='ocrx_word' id='word_1_90' title='bbox 741 1079 988 1138; x_wconf 86' lang='lat' dir='ltr'><strong>leonibus</strong></span> <span class='ocrx_word' id='word_1_91' title='bbox 1019 1082 1236 1139; x_wconf 88' lang='lat' dir='ltr'><strong>liberati</strong></span> <span class='ocrx_word' id='word_1_92' title='bbox 1271 1094 1418 1139; x_wconf 90' lang='lat' dir='ltr'><strong>sunt.</strong></span> <span class='ocrx_word' id='word_1_93' title='bbox 1452 1081 1534 1139; x_wconf 87' lang='lat' dir='ltr'><strong>Ob</strong></span> <span class='ocrx_word' id='word_1_94' title='bbox 1567 1082 1711 1140; x_wconf 86' lang='lat' dir='ltr'><strong>hanc</strong></span> <span class='ocrx_word' id='word_1_95' title='bbox 1737 1099 1954 1140; x_wconf 81' lang='lat' dir='ltr'><strong>cau5am</strong></span> 
     </span>
    </p>
   </div>
   <div class='ocr_carea' id='block_1_13' title="bbox 342 1175 1956 1249">
    <p class='ocr_par' dir='ltr' id='par_1_13' title="bbox 342 1175 1956 1249">
     <span class='ocr_line' id='line_1_13' title="bbox 342 1175 1956 1249; baseline 0.002 -18"><span class='ocrx_word' id='word_1_96' title='bbox 342 1191 506 1242; x_wconf 86' lang='lat' dir='ltr'><strong>reor,</strong></span> <span class='ocrx_word' id='word_1_97' title='bbox 540 1187 591 1232; x_wconf 87' lang='lat' dir='ltr'><strong>et</strong></span> <span class='ocrx_word' id='word_1_98' title='bbox 627 1175 1010 1248; x_wconf 83' lang='lat' dir='ltr'><strong>quodcumque</strong></span> <span class='ocrx_word' id='word_1_99' title='bbox 1052 1193 1080 1231; x_wconf 90' lang='lat' dir='ltr'><strong>a</strong></span> <span class='ocrx_word' id='word_1_100' title='bbox 1132 1177 1324 1235; x_wconf 76' lang='lat' dir='ltr'><strong>bestiis</strong></span> <span class='ocrx_word' id='word_1_101' title='bbox 1362 1189 1579 1249; x_wconf 85' lang='lat' dir='ltr'><strong>captum</strong></span> <span class='ocrx_word' id='word_1_102' title='bbox 1622 1189 1741 1246; x_wconf 88' lang='lat' dir='ltr'><strong>est,</strong></span> <span class='ocrx_word' id='word_1_103' title='bbox 1777 1181 1828 1234; x_wconf 89' lang='lat' dir='ltr'><strong>in</strong></span> <span class='ocrx_word' id='word_1_104' title='bbox 1861 1179 1956 1235; x_wconf 91' lang='lat' dir='ltr'><strong>Dei</strong></span> 
     </span>
    </p>
   </div>
   <div class='ocr_carea' id='block_1_14' title="bbox 343 1269 1954 1342">
    <p class='ocr_par' dir='ltr' id='par_1_14' title="bbox 343 1269 1954 1342">
     <span class='ocr_line' id='line_1_14' title="bbox 343 1269 1954 1342; baseline 0.003 -18"><span class='ocrx_word' id='word_1_105' title='bbox 343 1269 631 1330; x_wconf 86' lang='lat' dir='ltr'><strong>sacriﬁciis</strong></span> <span class='ocrx_word' id='word_1_106' title='bbox 673 1285 778 1326; x_wconf 90' lang='lat' dir='ltr'><strong>non</strong></span> <span class='ocrx_word' id='word_1_107' title='bbox 811 1270 994 1327; x_wconf 74' lang='lat' dir='ltr'><strong>offerri</strong></span> <span class='ocrx_word' id='word_1_108' title='bbox 1020 1271 1040 1342; x_wconf 96' lang='lat'>(</span> <span class='ocrx_word' id='word_1_109' title='bbox 1063 1271 1226 1328; x_wconf 77' lang='lat' dir='ltr'><strong>Leuit.</strong></span> <span class='ocrx_word' id='word_1_110' title='bbox 1259 1287 1404 1340; x_wconf 67' lang='grc' dir='ltr'><strong>χιιι,</strong></span> <span class='ocrx_word' id='word_1_111' title='bbox 1429 1271 1520 1342; x_wconf 87' lang='grc'><strong>8),</strong></span> <span class='ocrx_word' id='word_1_112' title='bbox 1545 1283 1599 1327; x_wconf 88' lang='lat' dir='ltr'><strong>et</strong></span> <span class='ocrx_word' id='word_1_113' title='bbox 1631 1287 1659 1328; x_wconf 75' lang='grc' dir='ltr'><strong>ιι</strong></span> <span class='ocrx_word' id='word_1_114' title='bbox 1693 1274 1954 1342; x_wconf 83' lang='lat' dir='ltr'><strong>propheta</strong></span> 
     </span>
    </p>
   </div>
   <div class='ocr_carea' id='block_1_15' title="bbox 346 1360 1954 1437">
    <p class='ocr_par' dir='ltr' id='par_1_15' title="bbox 346 1360 1954 1437">
     <span class='ocr_line' id='line_1_15' title="bbox 346 1360 1954 1437; baseline 0.002 -21"><span class='ocrx_word' id='word_1_115' title='bbox 346 1360 459 1416; x_wconf 87' lang='lat' dir='ltr'><strong>dici</strong></span> <span class='ocrx_word' id='word_1_116' title='bbox 499 1378 514 1415; x_wconf 87' lang='lat'><strong><em>:</em></strong></span> <span class='ocrx_word' id='word_1_117' title='bbox 537 1362 873 1418; x_wconf 85' lang='lat' dir='ltr'><strong>lmmundum</strong></span> <span class='ocrx_word' id='word_1_118' title='bbox 893 1373 940 1418; x_wconf 88' lang='lat' dir='ltr'><strong>et</strong></span> <span class='ocrx_word' id='word_1_119' title='bbox 956 1373 1164 1437; x_wconf 82' lang='lat' dir='ltr'><strong>captum</strong></span> <span class='ocrx_word' id='word_1_120' title='bbox 1187 1381 1219 1419; x_wconf 81' lang='grc' dir='ltr'><strong>ιι</strong></span> <span class='ocrx_word' id='word_1_121' title='bbox 1239 1365 1424 1433; x_wconf 95' lang='lat' dir='ltr'><strong>bestia,</strong></span> <span class='ocrx_word' id='word_1_122' title='bbox 1444 1381 1550 1418; x_wconf 87' lang='lat' dir='ltr'><strong>non</strong></span> <span class='ocrx_word' id='word_1_123' title='bbox 1571 1375 1646 1420; x_wconf 88' lang='lat' dir='ltr'><strong>est</strong></span> <span class='ocrx_word' id='word_1_124' title='bbox 1671 1367 1954 1436; x_wconf 80' lang='lat' dir='ltr'><strong>ingressum</strong></span> 
     </span>
    </p>
   </div>
   <div class='ocr_carea' id='block_1_16' title="bbox 340 1455 1950 1532">
    <p class='ocr_par' dir='ltr' id='par_1_16' title="bbox 340 1455 1950 1532">
     <span class='ocr_line' id='line_1_16' title="bbox 340 1455 1950 1532; baseline 0.002 -22"><span class='ocrx_word' id='word_1_125' title='bbox 340 1455 400 1510; x_wconf 88' lang='lat' dir='ltr'><strong>in</strong></span> <span class='ocrx_word' id='word_1_126' title='bbox 423 1473 479 1511; x_wconf 89' lang='lat' dir='ltr'><strong>os</strong></span> <span class='ocrx_word' id='word_1_127' title='bbox 507 1473 674 1512; x_wconf 86' lang='lat' dir='ltr'><strong>meum</strong></span> <span class='ocrx_word' id='word_1_128' title='bbox 697 1457 919 1530; x_wconf 76' lang='lat' dir='ltr'><strong>(Eucti.</strong></span> <span class='ocrx_word' id='word_1_129' title='bbox 955 1473 1028 1527; x_wconf 84' lang='lat' dir='ltr'><strong>Iv,</strong></span> <span class='ocrx_word' id='word_1_130' title='bbox 1063 1456 1174 1531; x_wconf 76' lang='grc' dir='ltr'><strong>ιι).</strong></span> <span class='ocrx_word' id='word_1_131' title='bbox 1208 1459 1535 1515; x_wconf 74' lang='lat' dir='ltr'><strong>Interfectus</strong></span> <span class='ocrx_word' id='word_1_132' title='bbox 1563 1469 1645 1513; x_wconf 86' lang='lat' dir='ltr'><strong>est</strong></span> <span class='ocrx_word' id='word_1_133' title='bbox 1675 1475 1810 1532; x_wconf 87' lang='lat' dir='ltr'><strong>ergo</strong></span> <span class='ocrx_word' id='word_1_134' title='bbox 1833 1461 1950 1526; x_wconf 86' lang='lat' dir='ltr'><strong>leo,</strong></span> 
     </span>
    </p>
   </div>
   <div class='ocr_carea' id='block_1_17' title="bbox 342 1550 1955 1622">
    <p class='ocr_par' dir='ltr' id='par_1_17' title="bbox 342 1550 1955 1622">
     <span class='ocr_line' id='line_1_17' title="bbox 342 1550 1955 1622; baseline 0.002 -17"><span class='ocrx_word' id='word_1_135' title='bbox 342 1558 404 1605; x_wconf 90' lang='lat' dir='ltr'><strong>et</strong></span> <span class='ocrx_word' id='word_1_136' title='bbox 431 1550 582 1605; x_wconf 82' lang='lat' dir='ltr'><strong>falsis</strong></span> <span class='ocrx_word' id='word_1_137' title='bbox 602 1551 952 1622; x_wconf 78' lang='lat' dir='ltr'><strong>dogmatibus</strong></span> <span class='ocrx_word' id='word_1_138' title='bbox 979 1551 1274 1607; x_wconf 81' lang='lat' dir='ltr'><strong>confutatis</strong></span> <span class='ocrx_word' id='word_1_139' title='bbox 1299 1593 1312 1618; x_wconf 90' lang='lat'><strong>,</strong></span> <span class='ocrx_word' id='word_1_140' title='bbox 1331 1552 1400 1608; x_wconf 87' lang='lat' dir='ltr'><strong>de</strong></span> <span class='ocrx_word' id='word_1_141' title='bbox 1421 1553 1748 1610; x_wconf 89' lang='lat' dir='ltr'><strong>comedente</strong></span> <span class='ocrx_word' id='word_1_142' title='bbox 1778 1555 1955 1609; x_wconf 85' lang='lat' dir='ltr'><strong>exivit</strong></span> 
     </span>
    </p>
   </div>
   <div class='ocr_carea' id='block_1_18' title="bbox 342 1643 1864 1719">
    <p class='ocr_par' dir='ltr' id='par_1_18' title="bbox 342 1643 1864 1719">
     <span class='ocr_line' id='line_1_18' title="bbox 342 1643 1864 1719; baseline 0.002 -21"><span class='ocrx_word' id='word_1_143' title='bbox 342 1657 494 1704; x_wconf 86' lang='lat' dir='ltr'><strong>esca.</strong></span> <span class='ocrx_word' id='word_1_144' title='bbox 527 1653 584 1700; x_wconf 87' lang='lat' dir='ltr'><strong>et</strong></span> <span class='ocrx_word' id='word_1_145' title='bbox 608 1643 678 1700; x_wconf 86' lang='lat' dir='ltr'><strong>de</strong></span> <span class='ocrx_word' id='word_1_146' title='bbox 707 1644 832 1698; x_wconf 86' lang='lat' dir='ltr'><strong>forti</strong></span> <span class='ocrx_word' id='word_1_147' title='bbox 865 1659 1147 1715; x_wconf 87' lang='lat' dir='ltr'><strong>egressum</strong></span> <span class='ocrx_word' id='word_1_148' title='bbox 1175 1655 1262 1701; x_wconf 88' lang='lat' dir='ltr'><strong>est</strong></span> <span class='ocrx_word' id='word_1_149' title='bbox 1285 1646 1444 1702; x_wconf 88' lang='lat' dir='ltr'><strong>dulce</strong></span> <span class='ocrx_word' id='word_1_150' title='bbox 1471 1647 1489 1718; x_wconf 89' lang='lat'>(</span> <span class='ocrx_word' id='word_1_151' title='bbox 1516 1645 1695 1702; x_wconf 83' lang='lat' dir='ltr'><strong>Judic.</strong></span> <span class='ocrx_word' id='word_1_152' title='bbox 1727 1648 1864 1719; x_wconf 78' lang='lat' dir='ltr'><strong>xiv).</strong></span> 
     </span>
    </p>
   </div>
   <div class='ocr_carea' id='block_1_19' title="bbox 2067 423 3666 496">
    <p class='ocr_par' dir='ltr' id='par_1_19' title="bbox 2067 423 3666 496">
     <span class='ocr_line' id='line_1_19' title="bbox 2067 423 3666 496; baseline -0.002 -19"><span class='ocrx_word' id='word_1_153' title='bbox 2067 425 2264 490; x_wconf 75' lang='lat' dir='ltr'><strong>ruime,</strong></span> <span class='ocrx_word' id='word_1_154' title='bbox 2297 434 2346 478; x_wconf 91' lang='lat' dir='ltr'><strong>et</strong></span> <span class='ocrx_word' id='word_1_155' title='bbox 2367 441 2470 478; x_wconf 84' lang='lat' dir='ltr'><strong>non</strong></span> <span class='ocrx_word' id='word_1_156' title='bbox 2498 424 2592 476; x_wconf 85' lang='lat' dir='ltr'><strong>erit</strong></span> <span class='ocrx_word' id='word_1_157' title='bbox 2617 423 2736 492; x_wconf 83' lang='lat' dir='ltr'><strong>ﬁnis</strong></span> <span class='ocrx_word' id='word_1_158' title='bbox 2765 425 3002 496; x_wconf 77' lang='lat' dir='ltr'><strong>gentibus</strong></span> <span class='ocrx_word' id='word_1_159' title='bbox 3024 427 3157 496; x_wconf 76' lang='lat' dir='ltr'><strong>ejus,</strong></span> <span class='ocrx_word' id='word_1_160' title='bbox 3189 431 3234 478; x_wconf 89' lang='lat' dir='ltr'><strong>et</strong></span> <span class='ocrx_word' id='word_1_161' title='bbox 3267 423 3666 494; x_wconf 80' lang='lat' dir='ltr'><strong>inﬁrntabuntur</strong></span> 
     </span>
    </p>
   </div>
   <div class='ocr_carea' id='block_1_20' title="bbox 2065 517 3664 594">
    <p class='ocr_par' dir='ltr' id='par_1_20' title="bbox 2065 517 3664 594">
     <span class='ocr_line' id='line_1_20' title="bbox 2065 517 3664 594; baseline -0.002 -20"><span class='ocrx_word' id='word_1_162' title='bbox 2065 520 2120 574; x_wconf 88' lang='lat' dir='ltr'><strong>in</strong></span> <span class='ocrx_word' id='word_1_163' title='bbox 2151 520 2452 593; x_wconf 80' lang='lat' dir='ltr'><strong>corporibus</strong></span> <span class='ocrx_word' id='word_1_164' title='bbox 2474 537 2648 575; x_wconf 86' lang='lat' dir='ltr'><strong>eorum</strong></span> <span class='ocrx_word' id='word_1_165' title='bbox 2672 537 2704 574; x_wconf 95' lang='lat' dir='ltr'><strong>a</strong></span> <span class='ocrx_word' id='word_1_166' title='bbox 2723 521 3053 576; x_wconf 82' lang='lat' dir='ltr'><strong>multitudine</strong></span> <span class='ocrx_word' id='word_1_167' title='bbox 3081 521 3460 594; x_wconf 79' lang='lat' dir='ltr'><strong>fornicationis.</strong></span> <span class='ocrx_word' id='word_1_168' title='bbox 3491 517 3664 572; x_wconf 79' lang='lat' dir='ltr'><strong>Mere-</strong></span> 
     </span>
    </p>
   </div>
   <div class='ocr_carea' id='block_1_21' title="bbox 2067 609 3664 686">
    <p class='ocr_par' dir='ltr' id='par_1_21' title="bbox 2067 609 3664 686">
     <span class='ocr_line' id='line_1_21' title="bbox 2067 609 3664 686; baseline -0.001 -20"><span class='ocrx_word' id='word_1_169' title='bbox 2067 615 2172 668; x_wconf 76' lang='lat' dir='ltr'><strong>trix</strong></span> <span class='ocrx_word' id='word_1_170' title='bbox 2198 615 2430 686; x_wconf 85' lang='lat' dir='ltr'><strong>speciosa</strong></span> <span class='ocrx_word' id='word_1_171' title='bbox 2458 624 2506 669; x_wconf 89' lang='lat' dir='ltr'><strong>et</strong></span> <span class='ocrx_word' id='word_1_172' title='bbox 2534 623 2683 686; x_wconf 83' lang='lat' dir='ltr'><strong>grata</strong></span> <span class='ocrx_word' id='word_1_173' title='bbox 2707 655 2722 679; x_wconf 90' lang='lat'><strong>,</strong></span> <span class='ocrx_word' id='word_1_174' title='bbox 2751 613 2862 668; x_wconf 82' lang='lat' dir='ltr'><strong>dua:</strong></span> <span class='ocrx_word' id='word_1_175' title='bbox 2891 613 3267 683; x_wconf 77' lang='lat' dir='ltr'><strong>maleficiorum</strong></span> <span class='ocrx_word' id='word_1_176' title='bbox 3288 655 3304 679; x_wconf 92' lang='lat'><strong>,</strong></span> <span class='ocrx_word' id='word_1_177' title='bbox 3349 628 3466 683; x_wconf 75' lang='lat' dir='ltr'><strong>qua:</strong></span> <span class='ocrx_word' id='word_1_178' title='bbox 3494 609 3664 666; x_wconf 86' lang='lat' dir='ltr'><strong>vendit</strong></span> 
     </span>
    </p>
   </div>
   <div class='ocr_carea' id='block_1_22' title="bbox 2065 705 3664 777">
    <p class='ocr_par' dir='ltr' id='par_1_22' title="bbox 2065 705 3664 777">
     <span class='ocr_line' id='line_1_22' title="bbox 2065 705 3664 777; baseline 0.001 -23"><span class='ocrx_word' id='word_1_179' title='bbox 2065 713 2238 777; x_wconf 70' lang='lat' dir='ltr'><strong>gentes</strong></span> <span class='ocrx_word' id='word_1_180' title='bbox 2266 707 2320 760; x_wconf 89' lang='lat' dir='ltr'><strong>in</strong></span> <span class='ocrx_word' id='word_1_181' title='bbox 2348 707 2693 776; x_wconf 73' lang='lat' dir='ltr'><strong>fornicatione</strong></span> <span class='ocrx_word' id='word_1_182' title='bbox 2717 723 2816 760; x_wconf 86' lang='lat' dir='ltr'><strong>sua</strong></span> <span class='ocrx_word' id='word_1_183' title='bbox 2836 749 2849 770; x_wconf 90' lang='lat'><strong>,</strong></span> <span class='ocrx_word' id='word_1_184' title='bbox 2885 718 2933 760; x_wconf 91' lang='lat' dir='ltr'><strong>et.</strong></span> <span class='ocrx_word' id='word_1_185' title='bbox 2964 707 3125 762; x_wconf 82' lang='lat' dir='ltr'><strong>tribus</strong></span> <span class='ocrx_word' id='word_1_186' title='bbox 3159 707 3214 762; x_wconf 88' lang='lat' dir='ltr'><strong>in</strong></span> <span class='ocrx_word' id='word_1_187' title='bbox 3242 705 3511 776; x_wconf 79' lang='lat' dir='ltr'><strong>maleficiis</strong></span> <span class='ocrx_word' id='word_1_188' title='bbox 3536 706 3664 758; x_wconf 85' lang='lat' dir='ltr'><strong>suis.</strong></span> 
     </span>
    </p>
   </div>
   <div class='ocr_carea' id='block_1_23' title="bbox 2065 796 3670 870">
    <p class='ocr_par' dir='ltr' id='par_1_23' title="bbox 2065 796 3670 870">
     <span class='ocr_line' id='line_1_23' title="bbox 2065 796 3670 870; baseline -0.003 -16"><span class='ocrx_word' id='word_1_189' title='bbox 2065 797 2171 854; x_wconf 86' lang='lat' dir='ltr'><strong>Ubi</strong></span> <span class='ocrx_word' id='word_1_190' title='bbox 2205 815 2306 856; x_wconf 88' lang='lat' dir='ltr'><strong>nos</strong></span> <span class='ocrx_word' id='word_1_191' title='bbox 2335 803 2637 869; x_wconf 83' lang='lat' dir='ltr'><strong>posuimus.</strong></span> <span class='ocrx_word' id='word_1_192' title='bbox 2663 800 2975 853; x_wconf 87' lang='lat' dir='ltr'><strong>laceratione</strong></span> <span class='ocrx_word' id='word_1_193' title='bbox 3005 800 3160 870; x_wconf 82' lang='lat' dir='ltr'><strong>plena</strong></span> <span class='ocrx_word' id='word_1_194' title='bbox 3183 841 3196 865; x_wconf 92' lang='lat'><strong>,</strong></span> <span class='ocrx_word' id='word_1_195' title='bbox 3230 802 3280 853; x_wconf 90' lang='lat' dir='ltr'><strong>in</strong></span> <span class='ocrx_word' id='word_1_196' title='bbox 3316 799 3548 853; x_wconf 67' lang='lat' dir='ltr'><strong>llebrato</strong></span> <span class='ocrx_word' id='word_1_197' title='bbox 3574 796 3670 850; x_wconf 83' lang='lat' dir='ltr'><strong>ha-</strong></span> 
     </span>
    </p>
   </div>
   <div class='ocr_carea' id='block_1_24' title="bbox 2063 874 3668 980">
    <p class='ocr_par' dir='ltr' id='par_1_24' title="bbox 2063 874 3668 980">
     <span class='ocr_line' id='line_1_24' title="bbox 2063 874 3668 980; baseline 0.002 -36"><span class='ocrx_word' id='word_1_198' title='bbox 2063 890 2226 946; x_wconf 85' lang='lat' dir='ltr'><strong>betur</strong></span> <span class='ocrx_word' id='word_1_199' title='bbox 2247 907 2454 948; x_wconf 76' lang='lat' dir='ltr'><strong>ruenec</strong></span> <span class='ocrx_word' id='word_1_200' title='bbox 2476 907 2656 948; x_wconf 74' lang='grc' dir='ltr'><strong>ιιΑιΕΑ</strong></span> <span class='ocrx_word' id='word_1_201' title='bbox 2688 874 2874 964; x_wconf 52' lang='grc'><strong>(7⁸⁸723</strong></span> <span class='ocrx_word' id='word_1_202' title='bbox 2909 893 3074 980; x_wconf 50' lang='lat' dir='ltr'><strong>VB),</strong></span> <span class='ocrx_word' id='word_1_203' title='bbox 3109 893 3251 962; x_wconf 90' lang='lat' dir='ltr'><strong>quod</strong></span> <span class='ocrx_word' id='word_1_204' title='bbox 3279 895 3668 961; x_wconf 83' lang='lat' dir='ltr'><strong>interpretatus</strong></span> 
     </span>
    </p>
   </div>
   <div class='ocr_carea' id='block_1_25' title="bbox 2063 985 3662 1063">
    <p class='ocr_par' dir='ltr' id='par_1_25' title="bbox 2063 985 3662 1063">
     <span class='ocr_line' id='line_1_25' title="bbox 2063 985 3662 1063; baseline 0 -25"><span class='ocrx_word' id='word_1_205' title='bbox 2063 993 2143 1038; x_wconf 90' lang='lat' dir='ltr'><strong>est</strong></span> <span class='ocrx_word' id='word_1_206' title='bbox 2177 986 2394 1055; x_wconf 77' lang='lat' dir='ltr'><strong>Aquila.</strong></span> <span class='ocrx_word' id='word_1_207' title='bbox 2422 987 2803 1058; x_wconf 76' lang='grc' dir='ltr'><strong>ἐξαυχενισμοῦ</strong></span> <span class='ocrx_word' id='word_1_208' title='bbox 2832 986 3027 1063; x_wconf 82' lang='grc' dir='ltr'><strong>πλήρης</strong></span> <span class='ocrx_word' id='word_1_209' title='bbox 3048 1025 3064 1050; x_wconf 88' lang='grc'><strong><em>,</em></strong></span> <span class='ocrx_word' id='word_1_210' title='bbox 3095 985 3144 1040; x_wconf 89' lang='lat' dir='ltr'><strong>id</strong></span> <span class='ocrx_word' id='word_1_211' title='bbox 3174 993 3279 1052; x_wconf 89' lang='lat' dir='ltr'><strong>est,</strong></span> <span class='ocrx_word' id='word_1_212' title='bbox 3317 985 3343 1024; x_wconf 71' lang='grc' dir='ltr'><strong>ι’</strong></span> <span class='ocrx_word' id='word_1_213' title='bbox 3369 986 3662 1040; x_wconf 73' lang='lat' dir='ltr'><strong>excervica-</strong></span> 
     </span>
    </p>
   </div>
   <div class='ocr_carea' id='block_1_26' title="bbox 2062 1078 3664 1152">
    <p class='ocr_par' dir='ltr' id='par_1_26' title="bbox 2062 1078 3664 1152">
     <span class='ocr_line' id='line_1_26' title="bbox 2062 1078 3664 1152; baseline 0.002 -21"><span class='ocrx_word' id='word_1_214' title='bbox 2062 1078 2202 1132; x_wconf 85' lang='lat' dir='ltr'><strong>tione</strong></span> <span class='ocrx_word' id='word_1_215' title='bbox 2251 1079 2414 1151; x_wconf 71' lang='lat'><strong>533</strong></span> <span class='ocrx_word' id='word_1_216' title='bbox 2462 1081 2616 1150; x_wconf 87' lang='lat' dir='ltr'><strong>plena</strong></span> <span class='ocrx_word' id='word_1_217' title='bbox 2667 1095 2686 1133; x_wconf 91' lang='lat'><strong><em>:</em></strong></span> <span class='ocrx_word' id='word_1_218' title='bbox 2733 1078 3092 1151; x_wconf 79' lang='lat' dir='ltr'><strong>Symmachus</strong></span> <span class='ocrx_word' id='word_1_219' title='bbox 3143 1087 3326 1132; x_wconf 85' lang='lat' dir='ltr'><strong>autem</strong></span> <span class='ocrx_word' id='word_1_220' title='bbox 3376 1081 3664 1152; x_wconf 80' lang='grc' dir='ltr'><strong>ἀποτομίας</strong></span> 
     </span>
    </p>
   </div>
   <div class='ocr_carea' id='block_1_27' title="bbox 2060 1171 3664 1247">
    <p class='ocr_par' dir='ltr' id='par_1_27' title="bbox 2060 1171 3664 1247">
     <span class='ocr_line' id='line_1_27' title="bbox 2060 1171 3664 1247; baseline -0.001 -21"><span class='ocrx_word' id='word_1_221' title='bbox 2060 1171 2282 1247; x_wconf 74' lang='grc' dir='ltr'><strong>πλήρης,</strong></span> <span class='ocrx_word' id='word_1_222' title='bbox 2309 1171 2451 1243; x_wconf 88' lang='lat' dir='ltr'><strong>quod</strong></span> <span class='ocrx_word' id='word_1_223' title='bbox 2482 1187 2771 1242; x_wconf 81' lang='lat' dir='ltr'><strong>possumus</strong></span> <span class='ocrx_word' id='word_1_224' title='bbox 2800 1172 3007 1240; x_wconf 88' lang='lat' dir='ltr'><strong>dicere,</strong></span> <span class='ocrx_word' id='word_1_225' title='bbox 3040 1172 3372 1242; x_wconf 84' lang='lat' dir='ltr'><strong>crudelitate,</strong></span> <span class='ocrx_word' id='word_1_226' title='bbox 3403 1173 3488 1226; x_wconf 84' lang='lat' dir='ltr'><strong>vel</strong></span> <span class='ocrx_word' id='word_1_227' title='bbox 3519 1187 3664 1225; x_wconf 81' lang='lat' dir='ltr'><strong>seve-</strong></span> 
     </span>
    </p>
   </div>
   <div class='ocr_carea' id='block_1_28' title="bbox 2058 1263 3659 1336">
    <p class='ocr_par' dir='ltr' id='par_1_28' title="bbox 2058 1263 3659 1336">
     <span class='ocr_line' id='line_1_28' title="bbox 2058 1263 3659 1336; baseline 0.002 -20"><span class='ocrx_word' id='word_1_228' title='bbox 2058 1263 2214 1316; x_wconf 81' lang='lat' dir='ltr'><strong>ritate</strong></span> <span class='ocrx_word' id='word_1_229' title='bbox 2239 1264 2415 1333; x_wconf 84' lang='lat' dir='ltr'><strong>plena.</strong></span> <span class='ocrx_word' id='word_1_230' title='bbox 2461 1263 2516 1320; x_wconf 85' lang='lat' dir='ltr'><strong>lo</strong></span> <span class='ocrx_word' id='word_1_231' title='bbox 2551 1263 2723 1319; x_wconf 90' lang='lat' dir='ltr'><strong>altera</strong></span> <span class='ocrx_word' id='word_1_232' title='bbox 2769 1264 2888 1335; x_wconf 86' lang='lat' dir='ltr'><strong>ejus</strong></span> <span class='ocrx_word' id='word_1_233' title='bbox 2916 1263 3158 1319; x_wconf 85' lang='lat' dir='ltr'><strong>editione</strong></span> <span class='ocrx_word' id='word_1_234' title='bbox 3185 1264 3362 1334; x_wconf 84' lang='lat' dir='ltr'><strong>reperi</strong></span> <span class='ocrx_word' id='word_1_235' title='bbox 3389 1305 3404 1331; x_wconf 91' lang='lat'><strong>,</strong></span> <span class='ocrx_word' id='word_1_236' title='bbox 3449 1265 3659 1336; x_wconf 75' lang='grc' dir='ltr'><strong>μελοκο-</strong></span> 
     </span>
    </p>
   </div>
   <div class='ocr_carea' id='block_1_29' title="bbox 2057 1353 3663 1430">
    <p class='ocr_par' dir='ltr' id='par_1_29' title="bbox 2057 1353 3663 1430">
     <span class='ocr_line' id='line_1_29' title="bbox 2057 1353 3663 1430; baseline -0.003 -20"><span class='ocrx_word' id='word_1_237' title='bbox 2057 1355 2182 1415; x_wconf 80' lang='grc' dir='ltr'><strong>πίας</strong></span> <span class='ocrx_word' id='word_1_238' title='bbox 2208 1355 2428 1430; x_wconf 73' lang='grc' dir='ltr'><strong>πλήρης,</strong></span> <span class='ocrx_word' id='word_1_239' title='bbox 2470 1355 2521 1410; x_wconf 83' lang='lat' dir='ltr'><strong>itl</strong></span> <span class='ocrx_word' id='word_1_240' title='bbox 2549 1366 2654 1421; x_wconf 70' lang='lat' dir='ltr'><strong>cst,</strong></span> <span class='ocrx_word' id='word_1_241' title='bbox 2687 1354 2994 1409; x_wconf 70' lang='lat' dir='ltr'><strong>sectionibus</strong></span> <span class='ocrx_word' id='word_1_242' title='bbox 3019 1354 3258 1408; x_wconf 86' lang='lat' dir='ltr'><strong>carnium</strong></span> <span class='ocrx_word' id='word_1_243' title='bbox 3285 1362 3331 1406; x_wconf 86' lang='lat' dir='ltr'><strong>et</strong></span> <span class='ocrx_word' id='word_1_244' title='bbox 3363 1353 3546 1424; x_wconf 87' lang='lat' dir='ltr'><strong>frustis</strong></span> <span class='ocrx_word' id='word_1_245' title='bbox 3573 1371 3663 1421; x_wconf 85' lang='lat' dir='ltr'><strong>per</strong></span> 
     </span>
    </p>
   </div>
   <div class='ocr_carea' id='block_1_30' title="bbox 2055 1445 3667 1520">
    <p class='ocr_par' dir='ltr' id='par_1_30' title="bbox 2055 1445 3667 1520">
     <span class='ocr_line' id='line_1_30' title="bbox 2055 1445 3667 1520; baseline -0.002 -20"><span class='ocrx_word' id='word_1_246' title='bbox 2055 1449 2284 1503; x_wconf 86' lang='lat' dir='ltr'><strong>membra</strong></span> <span class='ocrx_word' id='word_1_247' title='bbox 2301 1450 2570 1504; x_wconf 80' lang='lat' dir='ltr'><strong>conscissis</strong></span> <span class='ocrx_word' id='word_1_248' title='bbox 2595 1465 2614 1504; x_wconf 81' lang='lat'><strong>.°</strong></span> <span class='ocrx_word' id='word_1_249' title='bbox 2637 1450 2873 1520; x_wconf 88' lang='lat' dir='ltr'><strong>denique</strong></span> <span class='ocrx_word' id='word_1_250' title='bbox 2901 1451 3086 1504; x_wconf 86' lang='lat' dir='ltr'><strong>statim</strong></span> <span class='ocrx_word' id='word_1_251' title='bbox 3113 1446 3369 1518; x_wconf 84' lang='lat' dir='ltr'><strong>subjecit,</strong></span> <span class='ocrx_word' id='word_1_252' title='bbox 3402 1446 3486 1500; x_wconf 83' lang='lat' dir='ltr'><strong>ubi</strong></span> <span class='ocrx_word' id='word_1_253' title='bbox 3519 1445 3667 1499; x_wconf 86' lang='lat' dir='ltr'><strong>inde-</strong></span> 
     </span>
    </p>
   </div>
   <div class='ocr_carea' id='block_1_31' title="bbox 2055 1539 3659 1630">
    <p class='ocr_par' dir='ltr' id='par_1_31' title="bbox 2055 1539 3659 1630">
     <span class='ocr_line' id='line_1_31' title="bbox 2055 1539 3659 1630; baseline -0.002 -33"><span class='ocrx_word' id='word_1_254' title='bbox 2055 1544 2230 1602; x_wconf 83' lang='lat' dir='ltr'><strong>sinens</strong></span> <span class='ocrx_word' id='word_1_255' title='bbox 2263 1545 2441 1615; x_wconf 79' lang='lat' dir='ltr'><strong>prazda</strong></span> <span class='ocrx_word' id='word_1_256' title='bbox 2469 1557 2559 1597; x_wconf 62' lang='lat' dir='ltr'><strong>est.</strong></span> <span class='ocrx_word' id='word_1_257' title='bbox 2596 1543 2766 1600; x_wconf 88' lang='lat' dir='ltr'><strong>Porro</strong></span> <span class='ocrx_word' id='word_1_258' title='bbox 2800 1543 3059 1599; x_wconf 75' lang='lat' dir='ltr'><strong>Hebraeus</strong></span> <span class='ocrx_word' id='word_1_259' title='bbox 3103 1556 3310 1597; x_wconf 76' lang='lat' dir='ltr'><strong>ritunec</strong></span> <span class='ocrx_word' id='word_1_260' title='bbox 3341 1539 3505 1630; x_wconf 66' lang='grc' dir='ltr'><strong>(Ρ-Ξ)</strong></span> <span class='ocrx_word' id='word_1_261' title='bbox 3554 1555 3659 1594; x_wconf 88' lang='lat' dir='ltr'><strong>non</strong></span> 
     </span>
    </p>
   </div>
   <div class='ocr_carea' id='block_1_32' title="bbox 2054 1633 3658 1706">
    <p class='ocr_par' dir='ltr' id='par_1_32' title="bbox 2054 1633 3658 1706">
     <span class='ocr_line' id='line_1_32' title="bbox 2054 1633 3658 1706; baseline -0.002 -16"><span class='ocrx_word' id='word_1_262' title='bbox 2054 1638 2512 1692; x_wconf 77' lang='lat' dir='ltr'><strong>cxceruicationent</strong></span> <span class='ocrx_word' id='word_1_263' title='bbox 2537 1679 2550 1701; x_wconf 88' lang='lat'><strong>,</strong></span> <span class='ocrx_word' id='word_1_264' title='bbox 2587 1652 2683 1706; x_wconf 91' lang='lat' dir='ltr'><strong>pro</strong></span> <span class='ocrx_word' id='word_1_265' title='bbox 2723 1653 2822 1702; x_wconf 77' lang='lat' dir='ltr'><strong>qua</strong></span> <span class='ocrx_word' id='word_1_266' title='bbox 2854 1637 2908 1690; x_wconf 90' lang='lat' dir='ltr'><strong>in</strong></span> <span class='ocrx_word' id='word_1_267' title='bbox 2933 1637 3142 1706; x_wconf 70' lang='lat' dir='ltr'><strong>Aquila:</strong></span> <span class='ocrx_word' id='word_1_268' title='bbox 3174 1636 3420 1691; x_wconf 90' lang='lat' dir='ltr'><strong>editione</strong></span> <span class='ocrx_word' id='word_1_269' title='bbox 3445 1633 3658 1704; x_wconf 89' lang='lat' dir='ltr'><strong>reperi-</strong></span> 
     </span>
    </p>
   </div>
   <div class='ocr_carea' id='block_1_33' title="bbox 418 1729 1956 1809">
    <p class='ocr_par' dir='ltr' id='par_1_33' title="bbox 418 1735 1948 1809">
     <span class='ocr_line' id='line_1_33' title="bbox 418 1735 1948 1809; baseline 0.003 -19"><span class='ocrx_word' id='word_1_270' title='bbox 418 1737 600 1809; x_wconf 75' lang='lat' dir='ltr'><strong>(Vers.</strong></span> <span class='ocrx_word' id='word_1_271' title='bbox 637 1736 762 1809; x_wconf 79' lang='lat' dir='ltr'><strong>i3.)</strong></span> <span class='ocrx_word' id='word_1_272' title='bbox 791 1735 929 1792; x_wconf 80' lang='lat' dir='ltr'><strong>Ecce</strong></span> <span class='ocrx_word' id='word_1_273' title='bbox 955 1755 1048 1808; x_wconf 85' lang='lat' dir='ltr'><strong>ego</strong></span> <span class='ocrx_word' id='word_1_274' title='bbox 1080 1738 1150 1791; x_wconf 91' lang='lat' dir='ltr'><strong>ad</strong></span> <span class='ocrx_word' id='word_1_275' title='bbox 1178 1750 1258 1804; x_wconf 90' lang='lat' dir='ltr'><strong>te,</strong></span> <span class='ocrx_word' id='word_1_276' title='bbox 1299 1740 1424 1793; x_wconf 81' lang='lat' dir='ltr'><strong>dicit</strong></span> <span class='ocrx_word' id='word_1_277' title='bbox 1461 1739 1716 1794; x_wconf 87' lang='lat' dir='ltr'><strong>Dominus</strong></span> <span class='ocrx_word' id='word_1_278' title='bbox 1755 1742 1948 1796; x_wconf 70' lang='lat' dir='ltr'><strong>exerci-</strong></span> 
     </span>
    </p>
   </div>
   <div class='ocr_carea' id='block_1_34' title="bbox 2043 1729 3659 1809">
    <p class='ocr_par' dir='ltr' id='par_1_34' title="bbox 2054 1729 3659 1804">
     <span class='ocr_line' id='line_1_34' title="bbox 2054 1729 3659 1804; baseline -0.002 -20"><span class='ocrx_word' id='word_1_279' title='bbox 2054 1745 2196 1795; x_wconf 83' lang='lat' dir='ltr'><strong>mus,</strong></span> <span class='ocrx_word' id='word_1_280' title='bbox 2221 1731 2596 1804; x_wconf 78' lang='grc' dir='ltr'><strong>ἐξαυχενισμόν</strong></span> <span class='ocrx_word' id='word_1_281' title='bbox 2659 1731 2787 1785; x_wconf 46' lang='lat' dir='ltr'><strong>Mss.</strong></span> <span class='ocrx_word' id='word_1_282' title='bbox 2819 1732 3117 1802; x_wconf 78' lang='grc' dir='ltr'><strong>αὐκενισμὸν</strong></span> <span class='ocrx_word' id='word_1_283' title='bbox 3143 1729 3181 1801; x_wconf 89' lang='grc'><strong>],</strong></span> <span class='ocrx_word' id='word_1_284' title='bbox 3213 1731 3305 1784; x_wconf 82' lang='lat' dir='ltr'><strong>sed</strong></span> <span class='ocrx_word' id='word_1_285' title='bbox 3331 1729 3659 1802; x_wconf 80' lang='lat' dir='ltr'><strong>gubernacu-</strong></span> 
     </span>
    </p>
   </div>
   <div class='ocr_carea' id='block_1_35' title="bbox 339 1831 1949 1904">
    <p class='ocr_par' dir='ltr' id='par_1_35' title="bbox 339 1831 1949 1904">
     <span class='ocr_line' id='line_1_35' title="bbox 339 1831 1949 1904; baseline 0.003 -20"><span class='ocrx_word' id='word_1_286' title='bbox 339 1839 490 1885; x_wconf 82' lang='lat' dir='ltr'><strong>tuum</strong></span> <span class='ocrx_word' id='word_1_287' title='bbox 506 1847 524 1884; x_wconf 91' lang='lat'><strong><em>:</em></strong></span> <span class='ocrx_word' id='word_1_288' title='bbox 543 1841 589 1884; x_wconf 87' lang='lat' dir='ltr'><strong>et</strong></span> <span class='ocrx_word' id='word_1_289' title='bbox 617 1831 928 1886; x_wconf 76' lang='lat' dir='ltr'><strong>succendunt</strong></span> <span class='ocrx_word' id='word_1_290' title='bbox 950 1833 1193 1902; x_wconf 83' lang='lat' dir='ltr'><strong>usquead</strong></span> <span class='ocrx_word' id='word_1_291' title='bbox 1217 1834 1419 1903; x_wconf 82' lang='lat' dir='ltr'><strong>fumum</strong></span> <span class='ocrx_word' id='word_1_292' title='bbox 1445 1833 1764 1904; x_wconf 61' lang='lat' dir='ltr'><strong>quadrigas“</strong></span> <span class='ocrx_word' id='word_1_293' title='bbox 1788 1842 1904 1888; x_wconf 87' lang='lat' dir='ltr'><strong>tuas</strong></span> <span class='ocrx_word' id='word_1_294' title='bbox 1929 1851 1949 1889; x_wconf 82' lang='lat'><strong>.°</strong></span> 
     </span>
    </p>
   </div>
   <div class='ocr_carea' id='block_1_36' title="bbox 339 1922 1947 1998">
    <p class='ocr_par' dir='ltr' id='par_1_36' title="bbox 339 1922 1947 1998">
     <span class='ocr_line' id='line_1_36' title="bbox 339 1922 1947 1998; baseline 0.003 -22"><span class='ocrx_word' id='word_1_295' title='bbox 339 1932 389 1977; x_wconf 89' lang='lat' dir='ltr'><strong>et</strong></span> <span class='ocrx_word' id='word_1_296' title='bbox 425 1923 626 1977; x_wconf 79' lang='lat' dir='ltr'><strong>catulos</strong></span> <span class='ocrx_word' id='word_1_297' title='bbox 655 1922 844 1994; x_wconf 64' lang='lat' dir='ltr'><strong>(Vulg.</strong></span> <span class='ocrx_word' id='word_1_298' title='bbox 883 1923 1182 1996; x_wconf 86' lang='lat' dir='ltr'><strong>leunculos]</strong></span> <span class='ocrx_word' id='word_1_299' title='bbox 1215 1935 1327 1980; x_wconf 89' lang='lat' dir='ltr'><strong>tuos</strong></span> <span class='ocrx_word' id='word_1_300' title='bbox 1364 1926 1590 1980; x_wconf 88' lang='lat' dir='ltr'><strong>comedet</strong></span> <span class='ocrx_word' id='word_1_301' title='bbox 1634 1926 1947 1998; x_wconf 87' lang='lat' dir='ltr'><strong>gladius:et</strong></span> 
     </span>
    </p>
   </div>
   <div class='ocr_carea' id='block_1_37' title="bbox 337 2015 1950 2088">
    <p class='ocr_par' dir='ltr' id='par_1_37' title="bbox 337 2015 1950 2088">
     <span class='ocr_line' id='line_1_37' title="bbox 337 2015 1950 2088; baseline 0.004 -19"><span class='ocrx_word' id='word_1_302' title='bbox 337 2015 688 2070; x_wconf 68' lang='lat' dir='ltr'><strong>exterminabo</strong></span> <span class='ocrx_word' id='word_1_303' title='bbox 721 2016 788 2070; x_wconf 81' lang='lat' dir='ltr'><strong>de</strong></span> <span class='ocrx_word' id='word_1_304' title='bbox 824 2025 960 2070; x_wconf 86' lang='lat' dir='ltr'><strong>terra</strong></span> <span class='ocrx_word' id='word_1_305' title='bbox 1003 2016 1232 2088; x_wconf 82' lang='lat' dir='ltr'><strong>prtedam</strong></span> <span class='ocrx_word' id='word_1_306' title='bbox 1259 2029 1404 2072; x_wconf 83' lang='lat' dir='ltr'><strong>luant</strong></span> <span class='ocrx_word' id='word_1_307' title='bbox 1429 2034 1450 2072; x_wconf 88' lang='lat'><strong><em>:</em></strong></span> <span class='ocrx_word' id='word_1_308' title='bbox 1475 2028 1522 2070; x_wconf 88' lang='lat' dir='ltr'><strong>et</strong></span> <span class='ocrx_word' id='word_1_309' title='bbox 1566 2034 1669 2072; x_wconf 81' lang='lat' dir='ltr'><strong>non</strong></span> <span class='ocrx_word' id='word_1_310' title='bbox 1709 2020 1950 2075; x_wconf 80' lang='lat' dir='ltr'><strong>audietur</strong></span> 
     </span>
    </p>
   </div>
   <div class='ocr_carea' id='block_1_38' title="bbox 337 2107 1944 2186">
    <p class='ocr_par' dir='ltr' id='par_1_38' title="bbox 337 2107 1944 2186">
     <span class='ocr_line' id='line_1_38' title="bbox 337 2107 1944 2186; baseline 0.004 -25"><span class='ocrx_word' id='word_1_311' title='bbox 337 2107 480 2161; x_wconf 88' lang='lat' dir='ltr'><strong>ultra</strong></span> <span class='ocrx_word' id='word_1_312' title='bbox 523 2124 622 2162; x_wconf 71' lang='lat' dir='ltr'><strong>vos:</strong></span> <span class='ocrx_word' id='word_1_313' title='bbox 653 2109 951 2164; x_wconf 83' lang='lat' dir='ltr'><strong>nuntiorum</strong></span> <span class='ocrx_word' id='word_1_314' title='bbox 991 2117 1219 2165; x_wconf 83' lang='lat' dir='ltr'><strong>tuorum.</strong></span> <span class='ocrx_word' id='word_1_315' title='bbox 1249 2109 1392 2165; x_wconf 82' lang='lat' dir='ltr'><strong>LXX</strong></span> <span class='ocrx_word' id='word_1_316' title='bbox 1423 2126 1439 2165; x_wconf 88' lang='lat'><strong>:</strong></span> <span class='ocrx_word' id='word_1_317' title='bbox 1471 2109 1608 2166; x_wconf 87' lang='lat' dir='ltr'><strong>Ecce</strong></span> <span class='ocrx_word' id='word_1_318' title='bbox 1646 2129 1740 2186; x_wconf 85' lang='lat' dir='ltr'><strong>ego</strong></span> <span class='ocrx_word' id='word_1_319' title='bbox 1769 2114 1836 2166; x_wconf 88' lang='lat' dir='ltr'><strong>ad</strong></span> <span class='ocrx_word' id='word_1_320' title='bbox 1863 2124 1944 2182; x_wconf 88' lang='lat' dir='ltr'><strong>te,</strong></span> 
     </span>
    </p>
   </div>
   <div class='ocr_carea' id='block_1_39' title="bbox 337 2200 1944 2278">
    <p class='ocr_par' dir='ltr' id='par_1_39' title="bbox 337 2200 1944 2278">
     <span class='ocr_line' id='line_1_39' title="bbox 337 2200 1944 2278; baseline 0.004 -23"><span class='ocrx_word' id='word_1_321' title='bbox 337 2201 464 2256; x_wconf 84' lang='lat' dir='ltr'><strong>dicit</strong></span> <span class='ocrx_word' id='word_1_322' title='bbox 486 2200 740 2257; x_wconf 82' lang='lat' dir='ltr'><strong>Dominus</strong></span> <span class='ocrx_word' id='word_1_323' title='bbox 752 2205 1075 2274; x_wconf 85' lang='lat' dir='ltr'><strong>omnipotens</strong></span> <span class='ocrx_word' id='word_1_324' title='bbox 1093 2220 1112 2259; x_wconf 91' lang='lat'><strong><em>:</em></strong></span> <span class='ocrx_word' id='word_1_325' title='bbox 1135 2215 1184 2259; x_wconf 84' lang='lat' dir='ltr'><strong>et</strong></span> <span class='ocrx_word' id='word_1_326' title='bbox 1210 2205 1516 2260; x_wconf 85' lang='lat' dir='ltr'><strong>succendunt</strong></span> <span class='ocrx_word' id='word_1_327' title='bbox 1539 2208 1592 2259; x_wconf 86' lang='lat' dir='ltr'><strong>in</strong></span> <span class='ocrx_word' id='word_1_328' title='bbox 1617 2206 1778 2278; x_wconf 70' lang='lat'><strong>562</strong></span> <span class='ocrx_word' id='word_1_329' title='bbox 1801 2208 1944 2277; x_wconf 86' lang='lat' dir='ltr'><strong>fumo</strong></span> 
     </span>
    </p>
   </div>
   <div class='ocr_carea' id='block_1_40' title="bbox 337 2291 1945 2368">
    <p class='ocr_par' dir='ltr' id='par_1_40' title="bbox 337 2291 1945 2368">
     <span class='ocr_line' id='line_1_40' title="bbox 337 2291 1945 2368; baseline 0.004 -22"><span class='ocrx_word' id='word_1_330' title='bbox 337 2291 725 2350; x_wconf 82' lang='lat' dir='ltr'><strong>multitudinem</strong></span> <span class='ocrx_word' id='word_1_331' title='bbox 756 2303 918 2359; x_wconf 87' lang='lat' dir='ltr'><strong>tuam,</strong></span> <span class='ocrx_word' id='word_1_332' title='bbox 947 2307 1000 2351; x_wconf 87' lang='lat' dir='ltr'><strong>et</strong></span> <span class='ocrx_word' id='word_1_333' title='bbox 1029 2297 1202 2351; x_wconf 86' lang='lat' dir='ltr'><strong>leones</strong></span> <span class='ocrx_word' id='word_1_334' title='bbox 1232 2306 1346 2352; x_wconf 82' lang='lat' dir='ltr'><strong>tuos</strong></span> <span class='ocrx_word' id='word_1_335' title='bbox 1375 2296 1607 2352; x_wconf 84' lang='lat' dir='ltr'><strong>comedet</strong></span> <span class='ocrx_word' id='word_1_336' title='bbox 1634 2299 1840 2368; x_wconf 83' lang='lat' dir='ltr'><strong>gladius</strong></span> <span class='ocrx_word' id='word_1_337' title='bbox 1858 2341 1870 2362; x_wconf 90' lang='lat'><strong>,</strong></span> <span class='ocrx_word' id='word_1_338' title='bbox 1897 2309 1945 2353; x_wconf 89' lang='lat' dir='ltr'><strong>et</strong></span> 
     </span>
    </p>
   </div>
   <div class='ocr_carea' id='block_1_41' title="bbox 337 2387 1944 2461">
    <p class='ocr_par' dir='ltr' id='par_1_41' title="bbox 337 2387 1944 2461">
     <span class='ocr_line' id='line_1_41' title="bbox 337 2387 1944 2461; baseline 0.006 -22"><span class='ocrx_word' id='word_1_339' title='bbox 337 2387 576 2458; x_wconf 77' lang='lat' dir='ltr'><strong>auferam</strong></span> <span class='ocrx_word' id='word_1_340' title='bbox 605 2389 668 2442; x_wconf 84' lang='lat' dir='ltr'><strong>de</strong></span> <span class='ocrx_word' id='word_1_341' title='bbox 692 2400 831 2444; x_wconf 83' lang='lat' dir='ltr'><strong>terra</strong></span> <span class='ocrx_word' id='word_1_342' title='bbox 852 2389 1082 2461; x_wconf 65' lang='lat' dir='ltr'><strong>pristiam</strong></span> <span class='ocrx_word' id='word_1_343' title='bbox 1105 2401 1248 2444; x_wconf 80' lang='lat' dir='ltr'><strong>tuam</strong></span> <span class='ocrx_word' id='word_1_344' title='bbox 1265 2432 1278 2456; x_wconf 91' lang='lat'><strong>,</strong></span> <span class='ocrx_word' id='word_1_345' title='bbox 1313 2401 1361 2446; x_wconf 88' lang='lat' dir='ltr'><strong>et</strong></span> <span class='ocrx_word' id='word_1_346' title='bbox 1388 2408 1490 2446; x_wconf 86' lang='lat' dir='ltr'><strong>non</strong></span> <span class='ocrx_word' id='word_1_347' title='bbox 1511 2393 1787 2446; x_wconf 84' lang='lat' dir='ltr'><strong>audientur</strong></span> <span class='ocrx_word' id='word_1_348' title='bbox 1807 2391 1944 2448; x_wconf 87' lang='lat' dir='ltr'><strong>ultra</strong></span> 
     </span>
    </p>
   </div>
   <div class='ocr_carea' id='block_1_42' title="bbox 338 2480 1942 2554">
    <p class='ocr_par' dir='ltr' id='par_1_42' title="bbox 338 2480 1942 2554">
     <span class='ocr_line' id='line_1_42' title="bbox 338 2480 1942 2554; baseline 0.004 -19"><span class='ocrx_word' id='word_1_349' title='bbox 338 2496 496 2552; x_wconf 81' lang='lat' dir='ltr'><strong>opera</strong></span> <span class='ocrx_word' id='word_1_350' title='bbox 534 2491 644 2536; x_wconf 84' lang='lat' dir='ltr'><strong>tua.</strong></span> <span class='ocrx_word' id='word_1_351' title='bbox 677 2480 723 2537; x_wconf 90' lang='grc' dir='ltr'><strong>Ο</strong></span> <span class='ocrx_word' id='word_1_352' title='bbox 749 2482 945 2538; x_wconf 85' lang='lat' dir='ltr'><strong>Ninive</strong></span> <span class='ocrx_word' id='word_1_353' title='bbox 969 2523 984 2547; x_wconf 85' lang='lat'><strong>,</strong></span> <span class='ocrx_word' id='word_1_354' title='bbox 1021 2483 1282 2539; x_wconf 86' lang='lat' dir='ltr'><strong>universa</strong></span> <span class='ocrx_word' id='word_1_355' title='bbox 1329 2499 1452 2554; x_wconf 75' lang='lat' dir='ltr'><strong>qua:</strong></span> <span class='ocrx_word' id='word_1_356' title='bbox 1483 2483 1626 2540; x_wconf 86' lang='lat' dir='ltr'><strong>dicta</strong></span> <span class='ocrx_word' id='word_1_357' title='bbox 1662 2495 1821 2551; x_wconf 87' lang='lat' dir='ltr'><strong>sunt,</strong></span> <span class='ocrx_word' id='word_1_358' title='bbox 1857 2500 1942 2541; x_wconf 88' lang='lat' dir='ltr'><strong>tne</strong></span> 
     </span>
    </p>
   </div>
   <div class='ocr_carea' id='block_1_43' title="bbox 273 2575 1942 2649">
    <p class='ocr_par' dir='ltr' id='par_1_43' title="bbox 273 2575 1942 2649">
     <span class='ocr_line' id='line_1_43' title="bbox 273 2575 1942 2649; baseline 0.004 -22"><span class='ocrx_word' id='word_1_359' title='bbox 273 2619 284 2627; x_wconf 94' lang='lat'><strong>.</strong></span> <span class='ocrx_word' id='word_1_360' title='bbox 336 2585 584 2644; x_wconf 85' lang='lat' dir='ltr'><strong>auctore,</strong></span> <span class='ocrx_word' id='word_1_361' title='bbox 616 2576 860 2646; x_wconf 87' lang='lat' dir='ltr'><strong>patieris.</strong></span> <span class='ocrx_word' id='word_1_362' title='bbox 893 2575 1012 2647; x_wconf 84' lang='lat' dir='ltr'><strong>Ego</strong></span> <span class='ocrx_word' id='word_1_363' title='bbox 1038 2577 1301 2633; x_wconf 82' lang='lat' dir='ltr'><strong>Dominus</strong></span> <span class='ocrx_word' id='word_1_364' title='bbox 1323 2579 1650 2634; x_wconf 77' lang='lat' dir='ltr'><strong>succendunt</strong></span> <span class='ocrx_word' id='word_1_365' title='bbox 1681 2593 1850 2649; x_wconf 87' lang='lat' dir='ltr'><strong>usque</strong></span> <span class='ocrx_word' id='word_1_366' title='bbox 1873 2579 1942 2634; x_wconf 90' lang='lat' dir='ltr'><strong>ad</strong></span> 
     </span>
    </p>
   </div>
   <div class='ocr_carea' id='block_1_44' title="bbox 338 2664 1940 2738">
    <p class='ocr_par' dir='ltr' id='par_1_44' title="bbox 338 2664 1940 2738">
     <span class='ocr_line' id='line_1_44' title="bbox 338 2664 1940 2738; baseline 0.004 -18"><span class='ocrx_word' id='word_1_367' title='bbox 338 2664 546 2721; x_wconf 83' lang='lat' dir='ltr'><strong>fumum</strong></span> <span class='ocrx_word' id='word_1_368' title='bbox 589 2679 645 2723; x_wconf 88' lang='lat' dir='ltr'><strong>et</strong></span> <span class='ocrx_word' id='word_1_369' title='bbox 689 2669 1168 2738; x_wconf 87' lang='lat' dir='ltr'><strong>consumptionem</strong></span> <span class='ocrx_word' id='word_1_370' title='bbox 1219 2685 1414 2726; x_wconf 89' lang='lat' dir='ltr'><strong>currus</strong></span> <span class='ocrx_word' id='word_1_371' title='bbox 1446 2679 1602 2736; x_wconf 88' lang='lat' dir='ltr'><strong>tuos,</strong></span> <span class='ocrx_word' id='word_1_372' title='bbox 1636 2681 1693 2725; x_wconf 91' lang='lat' dir='ltr'><strong>et</strong></span> <span class='ocrx_word' id='word_1_373' title='bbox 1732 2672 1940 2728; x_wconf 87' lang='lat' dir='ltr'><strong>nobiles</strong></span> 
     </span>
    </p>
   </div>
   <div class='ocr_carea' id='block_1_45' title="bbox 337 2763 1936 2835">
    <p class='ocr_par' dir='ltr' id='par_1_45' title="bbox 337 2763 1936 2835">
     <span class='ocr_line' id='line_1_45' title="bbox 337 2763 1936 2835; baseline 0.003 -21"><span class='ocrx_word' id='word_1_374' title='bbox 337 2777 586 2830; x_wconf 86' lang='lat' dir='ltr'><strong>quosque</strong></span> <span class='ocrx_word' id='word_1_375' title='bbox 626 2772 790 2832; x_wconf 89' lang='lat' dir='ltr'><strong>atque</strong></span> <span class='ocrx_word' id='word_1_376' title='bbox 828 2763 1152 2834; x_wconf 78' lang='lat' dir='ltr'><strong>subregulos</strong></span> <span class='ocrx_word' id='word_1_377' title='bbox 1192 2764 1372 2835; x_wconf 89' lang='lat' dir='ltr'><strong>gladio</strong></span> <span class='ocrx_word' id='word_1_378' title='bbox 1422 2765 1618 2820; x_wconf 85' lang='lat' dir='ltr'><strong>faciam</strong></span> <span class='ocrx_word' id='word_1_379' title='bbox 1667 2766 1936 2822; x_wconf 79' lang='lat' dir='ltr'><strong>devorari.</strong></span> 
     </span>
    </p>
   </div>
   <div class='ocr_carea' id='block_1_46' title="bbox 336 2851 1936 2928">
    <p class='ocr_par' dir='ltr' id='par_1_46' title="bbox 336 2851 1936 2928">
     <span class='ocr_line' id='line_1_46' title="bbox 336 2851 1936 2928; baseline 0.003 -20"><span class='ocrx_word' id='word_1_380' title='bbox 336 2851 692 2923; x_wconf 79' lang='lat' dir='ltr'><strong>Nequaquam</strong></span> <span class='ocrx_word' id='word_1_381' title='bbox 718 2861 892 2910; x_wconf 85' lang='lat' dir='ltr'><strong>terras</strong></span> <span class='ocrx_word' id='word_1_382' title='bbox 920 2856 1058 2910; x_wconf 86' lang='lat' dir='ltr'><strong>ultra</strong></span> <span class='ocrx_word' id='word_1_383' title='bbox 1081 2857 1346 2920; x_wconf 82' lang='lat' dir='ltr'><strong>vastabis,</strong></span> <span class='ocrx_word' id='word_1_384' title='bbox 1374 2871 1476 2910; x_wconf 91' lang='lat' dir='ltr'><strong>nec</strong></span> <span class='ocrx_word' id='word_1_385' title='bbox 1500 2857 1703 2912; x_wconf 89' lang='lat' dir='ltr'><strong>tributa</strong></span> <span class='ocrx_word' id='word_1_386' title='bbox 1732 2856 1936 2928; x_wconf 85' lang='lat' dir='ltr'><strong>exiges,</strong></span> 
     </span>
    </p>
   </div>
   <div class='ocr_carea' id='block_1_47' title="bbox 337 2946 1939 3018">
    <p class='ocr_par' dir='ltr' id='par_1_47' title="bbox 337 2946 1939 3018">
     <span class='ocr_line' id='line_1_47' title="bbox 337 2946 1939 3018; baseline 0.004 -18"><span class='ocrx_word' id='word_1_387' title='bbox 337 2960 441 3001; x_wconf 89' lang='lat' dir='ltr'><strong>nec</strong></span> <span class='ocrx_word' id='word_1_388' title='bbox 467 2946 758 3001; x_wconf 88' lang='lat' dir='ltr'><strong>audientur</strong></span> <span class='ocrx_word' id='word_1_389' title='bbox 787 2962 882 3018; x_wconf 89' lang='lat' dir='ltr'><strong>per</strong></span> <span class='ocrx_word' id='word_1_390' title='bbox 903 2948 1210 3018; x_wconf 85' lang='lat' dir='ltr'><strong>provincias</strong></span> <span class='ocrx_word' id='word_1_391' title='bbox 1234 2959 1352 3004; x_wconf 84' lang='lat' dir='ltr'><strong>tuas</strong></span> <span class='ocrx_word' id='word_1_392' title='bbox 1379 2949 1649 3004; x_wconf 87' lang='lat' dir='ltr'><strong>emissarii</strong></span> <span class='ocrx_word' id='word_1_393' title='bbox 1671 2948 1746 3003; x_wconf 90' lang='lat' dir='ltr'><strong>toi</strong></span> <span class='ocrx_word' id='word_1_394' title='bbox 1777 2968 1790 3003; x_wconf 88' lang='lat'><strong>:</strong></span> <span class='ocrx_word' id='word_1_395' title='bbox 1817 2951 1939 3006; x_wconf 83' lang='lat' dir='ltr'><strong>sive</strong></span> 
     </span>
    </p>
   </div>
   <div class='ocr_carea' id='block_1_48' title="bbox 337 3041 1938 3114">
    <p class='ocr_par' dir='ltr' id='par_1_48' title="bbox 337 3041 1938 3114">
     <span class='ocr_line' id='line_1_48' title="bbox 337 3041 1938 3114; baseline 0.004 -20"><span class='ocrx_word' id='word_1_396' title='bbox 337 3053 444 3094; x_wconf 88' lang='lat' dir='ltr'><strong>non</strong></span> <span class='ocrx_word' id='word_1_397' title='bbox 473 3041 691 3094; x_wconf 80' lang='lat' dir='ltr'><strong>audiam</strong></span> <span class='ocrx_word' id='word_1_398' title='bbox 724 3042 950 3111; x_wconf 78' lang='lat' dir='ltr'><strong>angelos</strong></span> <span class='ocrx_word' id='word_1_399' title='bbox 976 3087 990 3110; x_wconf 91' lang='lat'><strong>,</strong></span> <span class='ocrx_word' id='word_1_400' title='bbox 1023 3042 1114 3111; x_wconf 88' lang='lat' dir='ltr'><strong>qui</strong></span> <span class='ocrx_word' id='word_1_401' title='bbox 1153 3042 1417 3110; x_wconf 80' lang='lat' dir='ltr'><strong>praesides</strong></span> <span class='ocrx_word' id='word_1_402' title='bbox 1458 3043 1533 3098; x_wconf 92' lang='lat' dir='ltr'><strong>tui</strong></span> <span class='ocrx_word' id='word_1_403' title='bbox 1569 3052 1731 3111; x_wconf 90' lang='lat' dir='ltr'><strong>sunt,</strong></span> <span class='ocrx_word' id='word_1_404' title='bbox 1757 3059 1856 3114; x_wconf 83' lang='lat' dir='ltr'><strong>pro</strong></span> <span class='ocrx_word' id='word_1_405' title='bbox 1889 3054 1938 3100; x_wconf 85' lang='lat' dir='ltr'><strong>te</strong></span> 
     </span>
    </p>
   </div>
   <div class='ocr_carea' id='block_1_49' title="bbox 2052 1824 3659 1900">
    <p class='ocr_par' dir='ltr' id='par_1_49' title="bbox 2052 1824 3659 1900">
     <span class='ocr_line' id='line_1_49' title="bbox 2052 1824 3659 1900; baseline -0.002 -22"><span class='ocrx_word' id='word_1_406' title='bbox 2052 1824 2182 1886; x_wconf 82' lang='lat' dir='ltr'><strong>tum,</strong></span> <span class='ocrx_word' id='word_1_407' title='bbox 2220 1825 2268 1877; x_wconf 87' lang='lat' dir='ltr'><strong>id</strong></span> <span class='ocrx_word' id='word_1_408' title='bbox 2297 1833 2402 1885; x_wconf 86' lang='lat' dir='ltr'><strong>est,</strong></span> <span class='ocrx_word' id='word_1_409' title='bbox 2435 1825 2773 1900; x_wconf 77' lang='grc' dir='ltr'><strong>κυϐερνισμόν</strong></span> <span class='ocrx_word' id='word_1_410' title='bbox 2801 1824 3190 1894; x_wconf 82' lang='lat' dir='ltr'><strong>interpretatus</strong></span> <span class='ocrx_word' id='word_1_411' title='bbox 3233 1832 3316 1877; x_wconf 91' lang='lat' dir='ltr'><strong>est</strong></span> <span class='ocrx_word' id='word_1_412' title='bbox 3349 1840 3364 1876; x_wconf 87' lang='lat'><strong>:</strong></span> <span class='ocrx_word' id='word_1_413' title='bbox 3391 1832 3445 1875; x_wconf 90' lang='lat' dir='ltr'><strong>ut</strong></span> <span class='ocrx_word' id='word_1_414' title='bbox 3475 1832 3659 1877; x_wconf 89' lang='lat' dir='ltr'><strong>osten-</strong></span> 
     </span>
    </p>
   </div>
   <div class='ocr_carea' id='block_1_50' title="bbox 2049 1914 3658 1986">
    <p class='ocr_par' dir='ltr' id='par_1_50' title="bbox 2049 1914 3658 1986">
     <span class='ocr_line' id='line_1_50' title="bbox 2049 1914 3658 1986; baseline -0.003 -14"><span class='ocrx_word' id='word_1_415' title='bbox 2049 1917 2204 1972; x_wconf 89' lang='lat' dir='ltr'><strong>deret</strong></span> <span class='ocrx_word' id='word_1_416' title='bbox 2258 1928 2312 1973; x_wconf 90' lang='lat' dir='ltr'><strong>et</strong></span> <span class='ocrx_word' id='word_1_417' title='bbox 2355 1917 2544 1972; x_wconf 84' lang='lat' dir='ltr'><strong>urbem</strong></span> <span class='ocrx_word' id='word_1_418' title='bbox 2596 1917 2784 1971; x_wconf 59' lang='lat' dir='ltr'><strong>fuisse.</strong></span> <span class='ocrx_word' id='word_1_419' title='bbox 2819 1917 3054 1986; x_wconf 83' lang='lat' dir='ltr'><strong>regalem</strong></span> <span class='ocrx_word' id='word_1_420' title='bbox 3085 1960 3098 1983; x_wconf 94' lang='lat'><strong>,</strong></span> <span class='ocrx_word' id='word_1_421' title='bbox 3133 1923 3190 1971; x_wconf 88' lang='lat' dir='ltr'><strong>et</strong></span> <span class='ocrx_word' id='word_1_422' title='bbox 3228 1915 3375 1969; x_wconf 81' lang='lat' dir='ltr'><strong>velut</strong></span> <span class='ocrx_word' id='word_1_423' title='bbox 3428 1916 3479 1969; x_wconf 94' lang='lat' dir='ltr'><strong>in</strong></span> <span class='ocrx_word' id='word_1_424' title='bbox 3537 1914 3658 1968; x_wconf 56' lang='lat' dir='ltr'><strong>uati</strong></span> 
     </span>
    </p>
   </div>
   <div class='ocr_carea' id='block_1_51' title="bbox 2049 2003 3659 2080">
    <p class='ocr_par' dir='ltr' id='par_1_51' title="bbox 2049 2003 3659 2080">
     <span class='ocr_line' id='line_1_51' title="bbox 2049 2003 3659 2080; baseline -0.001 -16"><span class='ocrx_word' id='word_1_425' title='bbox 2049 2018 2368 2064; x_wconf 85' lang='lat' dir='ltr'><strong>cttnctarum</strong></span> <span class='ocrx_word' id='word_1_426' title='bbox 2399 2009 2642 2080; x_wconf 84' lang='lat' dir='ltr'><strong>gentium</strong></span> <span class='ocrx_word' id='word_1_427' title='bbox 2681 2009 2922 2064; x_wconf 80' lang='lat' dir='ltr'><strong>tonuisse</strong></span> <span class='ocrx_word' id='word_1_428' title='bbox 2945 2007 3408 2080; x_wconf 71' lang='lat' dir='ltr'><strong>gubernaculum.</strong></span> <span class='ocrx_word' id='word_1_429' title='bbox 3445 2003 3659 2063; x_wconf 88' lang='lat' dir='ltr'><strong>Descri-</strong></span> 
     </span>
    </p>
   </div>
   <div class='ocr_carea' id='block_1_52' title="bbox 2047 2103 3655 2177">
    <p class='ocr_par' dir='ltr' id='par_1_52' title="bbox 2047 2103 3655 2177">
     <span class='ocr_line' id='line_1_52' title="bbox 2047 2103 3655 2177; baseline -0.002 -15"><span class='ocrx_word' id='word_1_430' title='bbox 2047 2105 2194 2162; x_wconf 86' lang='lat' dir='ltr'><strong>bitur</strong></span> <span class='ocrx_word' id='word_1_431' title='bbox 2227 2117 2407 2161; x_wconf 87' lang='lat' dir='ltr'><strong>autem</strong></span> <span class='ocrx_word' id='word_1_432' title='bbox 2440 2106 2684 2177; x_wconf 89' lang='lat' dir='ltr'><strong>potentia</strong></span> <span class='ocrx_word' id='word_1_433' title='bbox 2711 2106 2850 2174; x_wconf 87' lang='lat' dir='ltr'><strong>ejus,</strong></span> <span class='ocrx_word' id='word_1_434' title='bbox 2877 2105 2929 2160; x_wconf 91' lang='lat' dir='ltr'><strong>id</strong></span> <span class='ocrx_word' id='word_1_435' title='bbox 2974 2113 3079 2168; x_wconf 88' lang='lat' dir='ltr'><strong>est,</strong></span> <span class='ocrx_word' id='word_1_436' title='bbox 3115 2103 3328 2170; x_wconf 87' lang='lat' dir='ltr'><strong>Ninive,</strong></span> <span class='ocrx_word' id='word_1_437' title='bbox 3363 2111 3418 2159; x_wconf 91' lang='lat' dir='ltr'><strong>et</strong></span> <span class='ocrx_word' id='word_1_438' title='bbox 3445 2103 3548 2160; x_wconf 90' lang='lat' dir='ltr'><strong>sub</strong></span> <span class='ocrx_word' id='word_1_439' title='bbox 3579 2104 3655 2158; x_wconf 91' lang='lat' dir='ltr'><strong>la-</strong></span> 
     </span>
    </p>
   </div>
   <div class='ocr_carea' id='block_1_53' title="bbox 2049 2200 3654 2270">
    <p class='ocr_par' dir='ltr' id='par_1_53' title="bbox 2049 2200 3654 2270">
     <span class='ocr_line' id='line_1_53' title="bbox 2049 2200 3654 2270; baseline 0 -16"><span class='ocrx_word' id='word_1_440' title='bbox 2049 2204 2384 2256; x_wconf 82' lang='lat' dir='ltr'><strong>mentatione</strong></span> <span class='ocrx_word' id='word_1_441' title='bbox 2407 2201 2754 2256; x_wconf 85' lang='lat' dir='ltr'><strong>crudelitatis</strong></span> <span class='ocrx_word' id='word_1_442' title='bbox 2779 2200 3047 2270; x_wconf 82' lang='lat' dir='ltr'><strong>arguitur.</strong></span> <span class='ocrx_word' id='word_1_443' title='bbox 3069 2200 3184 2267; x_wconf 69' lang='grc' dir='ltr'><strong>νω,</strong></span> <span class='ocrx_word' id='word_1_444' title='bbox 3203 2201 3400 2255; x_wconf 84' lang='lat' dir='ltr'><strong>civitas</strong></span> <span class='ocrx_word' id='word_1_445' title='bbox 3430 2203 3654 2269; x_wconf 85' lang='lat' dir='ltr'><strong>sangui-</strong></span> 
     </span>
    </p>
   </div>
   <div class='ocr_carea' id='block_1_54' title="bbox 2048 2293 3654 2367">
    <p class='ocr_par' dir='ltr' id='par_1_54' title="bbox 2048 2293 3654 2367">
     <span class='ocr_line' id='line_1_54' title="bbox 2048 2293 3654 2367; baseline -0.002 -16"><span class='ocrx_word' id='word_1_446' title='bbox 2048 2312 2200 2359; x_wconf 89' lang='lat' dir='ltr'><strong>num,</strong></span> <span class='ocrx_word' id='word_1_447' title='bbox 2236 2297 2288 2351; x_wconf 92' lang='lat' dir='ltr'><strong>in</strong></span> <span class='ocrx_word' id='word_1_448' title='bbox 2331 2311 2437 2367; x_wconf 91' lang='lat' dir='ltr'><strong>qua</strong></span> <span class='ocrx_word' id='word_1_449' title='bbox 2490 2297 2633 2352; x_wconf 75' lang='lat' dir='ltr'><strong>nulla</strong></span> <span class='ocrx_word' id='word_1_450' title='bbox 2682 2297 2914 2362; x_wconf 87' lang='lat' dir='ltr'><strong>veritas,</strong></span> <span class='ocrx_word' id='word_1_451' title='bbox 2951 2295 3044 2350; x_wconf 88' lang='lat' dir='ltr'><strong>sed</strong></span> <span class='ocrx_word' id='word_1_452' title='bbox 3093 2311 3252 2350; x_wconf 87' lang='lat' dir='ltr'><strong>omne</strong></span> <span class='ocrx_word' id='word_1_453' title='bbox 3287 2293 3654 2363; x_wconf 88' lang='lat' dir='ltr'><strong>mendacium,</strong></span> 
     </span>
    </p>
   </div>
   <div class='ocr_carea' id='block_1_55' title="bbox 2046 2387 3659 2460">
    <p class='ocr_par' dir='ltr' id='par_1_55' title="bbox 2046 2387 3659 2460">
     <span class='ocr_line' id='line_1_55' title="bbox 2046 2387 3659 2460; baseline 0.001 -18"><span class='ocrx_word' id='word_1_454' title='bbox 2046 2388 2206 2460; x_wconf 90' lang='lat' dir='ltr'><strong>plena</strong></span> <span class='ocrx_word' id='word_1_455' title='bbox 2239 2392 2426 2459; x_wconf 85' lang='lat' dir='ltr'><strong>rapina</strong></span> <span class='ocrx_word' id='word_1_456' title='bbox 2452 2429 2468 2456; x_wconf 93' lang='lat'><strong>,</strong></span> <span class='ocrx_word' id='word_1_457' title='bbox 2498 2401 2548 2444; x_wconf 89' lang='lat' dir='ltr'><strong>et</strong></span> <span class='ocrx_word' id='word_1_458' title='bbox 2578 2389 2916 2445; x_wconf 84' lang='lat' dir='ltr'><strong>laceratione</strong></span> <span class='ocrx_word' id='word_1_459' title='bbox 2949 2389 3277 2458; x_wconf 66' lang='lat' dir='ltr'><strong>prmdarum.</strong></span> <span class='ocrx_word' id='word_1_460' title='bbox 3313 2389 3427 2444; x_wconf 84' lang='lat' dir='ltr'><strong>Vox</strong></span> <span class='ocrx_word' id='word_1_461' title='bbox 3457 2387 3659 2460; x_wconf 85' lang='lat' dir='ltr'><strong>ﬂagelli</strong></span> 
     </span>
    </p>
   </div>
   <div class='ocr_carea' id='block_1_56' title="bbox 2047 2479 3656 2551">
    <p class='ocr_par' dir='ltr' id='par_1_56' title="bbox 2047 2479 3656 2551">
     <span class='ocr_line' id='line_1_56' title="bbox 2047 2479 3656 2551; baseline -0.001 -15"><span class='ocrx_word' id='word_1_462' title='bbox 2047 2480 2288 2538; x_wconf 87' lang='lat' dir='ltr'><strong>crudelis</strong></span> <span class='ocrx_word' id='word_1_463' title='bbox 2321 2495 2539 2551; x_wconf 90' lang='lat' dir='ltr'><strong>semper</strong></span> <span class='ocrx_word' id='word_1_464' title='bbox 2567 2489 2620 2536; x_wconf 91' lang='lat' dir='ltr'><strong>et</strong></span> <span class='ocrx_word' id='word_1_465' title='bbox 2653 2481 2926 2536; x_wconf 64' lang='lat' dir='ltr'><strong>saevientis</strong></span> <span class='ocrx_word' id='word_1_466' title='bbox 2948 2479 3186 2550; x_wconf 88' lang='lat' dir='ltr'><strong>imperii,</strong></span> <span class='ocrx_word' id='word_1_467' title='bbox 3213 2490 3390 2534; x_wconf 83' lang='lat' dir='ltr'><strong>etvox</strong></span> <span class='ocrx_word' id='word_1_468' title='bbox 3422 2481 3656 2551; x_wconf 85' lang='lat' dir='ltr'><strong>impetus</strong></span> 
     </span>
    </p>
   </div>
   <div class='ocr_carea' id='block_1_57' title="bbox 2046 2575 3656 2647">
    <p class='ocr_par' dir='ltr' id='par_1_57' title="bbox 2046 2575 3656 2647">
     <span class='ocr_line' id='line_1_57' title="bbox 2046 2575 3656 2647; baseline 0 -18"><span class='ocrx_word' id='word_1_469' title='bbox 2046 2584 2202 2636; x_wconf 68' lang='lat' dir='ltr'><strong>rotae.</strong></span> <span class='ocrx_word' id='word_1_470' title='bbox 2237 2575 2439 2632; x_wconf 86' lang='lat' dir='ltr'><strong>Vocem</strong></span> <span class='ocrx_word' id='word_1_471' title='bbox 2473 2591 2574 2645; x_wconf 90' lang='lat' dir='ltr'><strong>pro</strong></span> <span class='ocrx_word' id='word_1_472' title='bbox 2605 2575 2786 2631; x_wconf 90' lang='lat' dir='ltr'><strong>sonitu</strong></span> <span class='ocrx_word' id='word_1_473' title='bbox 2814 2575 3151 2647; x_wconf 87' lang='lat' dir='ltr'><strong>accipiamus</strong></span> <span class='ocrx_word' id='word_1_474' title='bbox 3179 2593 3191 2629; x_wconf 91' lang='lat'><strong>:</strong></span> <span class='ocrx_word' id='word_1_475' title='bbox 3222 2585 3398 2631; x_wconf 90' lang='lat' dir='ltr'><strong>rotam</strong></span> <span class='ocrx_word' id='word_1_476' title='bbox 3442 2575 3656 2631; x_wconf 76' lang='lat' dir='ltr'><strong>ferven-</strong></span> 
     </span>
    </p>
   </div>
   <div class='ocr_carea' id='block_1_58' title="bbox 2047 2666 3654 2738">
    <p class='ocr_par' dir='ltr' id='par_1_58' title="bbox 2047 2666 3654 2738">
     <span class='ocr_line' id='line_1_58' title="bbox 2047 2666 3654 2738; baseline 0 -16"><span class='ocrx_word' id='word_1_477' title='bbox 2047 2677 2178 2735; x_wconf 89' lang='lat' dir='ltr'><strong>tem,</strong></span> <span class='ocrx_word' id='word_1_478' title='bbox 2211 2684 2308 2738; x_wconf 90' lang='lat' dir='ltr'><strong>per</strong></span> <span class='ocrx_word' id='word_1_479' title='bbox 2335 2669 2557 2722; x_wconf 88' lang='lat' dir='ltr'><strong>diversa</strong></span> <span class='ocrx_word' id='word_1_480' title='bbox 2607 2668 2939 2734; x_wconf 88' lang='lat' dir='ltr'><strong>discursum,</strong></span> <span class='ocrx_word' id='word_1_481' title='bbox 2974 2677 3026 2720; x_wconf 84' lang='lat' dir='ltr'><strong>et</strong></span> <span class='ocrx_word' id='word_1_482' title='bbox 3059 2666 3187 2738; x_wconf 88' lang='lat' dir='ltr'><strong>equi</strong></span> <span class='ocrx_word' id='word_1_483' title='bbox 3230 2667 3510 2722; x_wconf 83' lang='lat' dir='ltr'><strong>frementis</strong></span> <span class='ocrx_word' id='word_1_484' title='bbox 3535 2710 3550 2734; x_wconf 94' lang='lat'><strong>,</strong></span> <span class='ocrx_word' id='word_1_485' title='bbox 3601 2677 3654 2723; x_wconf 86' lang='lat' dir='ltr'><strong>et</strong></span> 
     </span>
    </p>
   </div>
   <div class='ocr_carea' id='block_1_59' title="bbox 2043 2761 3650 2834">
    <p class='ocr_par' dir='ltr' id='par_1_59' title="bbox 2043 2761 3650 2834">
     <span class='ocr_line' id='line_1_59' title="bbox 2043 2761 3650 2834; baseline -0.001 -16"><span class='ocrx_word' id='word_1_486' title='bbox 2043 2763 2321 2834; x_wconf 76' lang='lat' dir='ltr'><strong>quadrigtc</strong></span> <span class='ocrx_word' id='word_1_487' title='bbox 2349 2762 2634 2828; x_wconf 74' lang='lat' dir='ltr'><strong>ferventis,</strong></span> <span class='ocrx_word' id='word_1_488' title='bbox 2659 2761 2981 2816; x_wconf 88' lang='lat' dir='ltr'><strong>subauditur</strong></span> <span class='ocrx_word' id='word_1_489' title='bbox 3005 2763 3054 2816; x_wconf 93' lang='lat' dir='ltr'><strong>in</strong></span> <span class='ocrx_word' id='word_1_490' title='bbox 3079 2761 3357 2829; x_wconf 85' lang='lat' dir='ltr'><strong>omnibus,</strong></span> <span class='ocrx_word' id='word_1_491' title='bbox 3377 2777 3500 2816; x_wconf 84' lang='lat' dir='ltr'><strong>vox.</strong></span> <span class='ocrx_word' id='word_1_492' title='bbox 3517 2761 3650 2816; x_wconf 89' lang='lat' dir='ltr'><strong>Tam</strong></span> 
     </span>
    </p>
   </div>
   <div class='ocr_carea' id='block_1_60' title="bbox 2042 2853 3649 2925">
    <p class='ocr_par' dir='ltr' id='par_1_60' title="bbox 2042 2853 3649 2925">
     <span class='ocr_line' id='line_1_60' title="bbox 2042 2853 3649 2925; baseline 0.001 -17"><span class='ocrx_word' id='word_1_493' title='bbox 2042 2854 2270 2924; x_wconf 81' lang='lat' dir='ltr'><strong>pulchra</strong></span> <span class='ocrx_word' id='word_1_494' title='bbox 2295 2864 2476 2911; x_wconf 89' lang='lat' dir='ltr'><strong>autem</strong></span> <span class='ocrx_word' id='word_1_495' title='bbox 2501 2855 2656 2925; x_wconf 76' lang='lat' dir='ltr'><strong>juxta</strong></span> <span class='ocrx_word' id='word_1_496' title='bbox 2686 2855 3015 2909; x_wconf 88' lang='lat' dir='ltr'><strong>llcbraicum</strong></span> <span class='ocrx_word' id='word_1_497' title='bbox 3040 2863 3093 2908; x_wconf 85' lang='lat' dir='ltr'><strong>et</strong></span> <span class='ocrx_word' id='word_1_498' title='bbox 3119 2853 3345 2924; x_wconf 71' lang='lat' dir='ltr'><strong>pictura:</strong></span> <span class='ocrx_word' id='word_1_499' title='bbox 3367 2855 3560 2910; x_wconf 90' lang='lat' dir='ltr'><strong>similis</strong></span> <span class='ocrx_word' id='word_1_500' title='bbox 3584 2855 3649 2909; x_wconf 89' lang='lat' dir='ltr'><strong>ad</strong></span> 
     </span>
    </p>
   </div>
   <div class='ocr_carea' id='block_1_61' title="bbox 2043 2948 3653 3020">
    <p class='ocr_par' dir='ltr' id='par_1_61' title="bbox 2043 2948 3653 3020">
     <span class='ocr_line' id='line_1_61' title="bbox 2043 2948 3653 3020; baseline -0.002 -18"><span class='ocrx_word' id='word_1_501' title='bbox 2043 2949 2290 3020; x_wconf 81' lang='lat' dir='ltr'><strong>praelium</strong></span> <span class='ocrx_word' id='word_1_502' title='bbox 2316 2965 2375 3006; x_wconf 88' lang='lat' dir='ltr'><strong>se</strong></span> <span class='ocrx_word' id='word_1_503' title='bbox 2405 2950 2763 3020; x_wconf 65' lang='lat' dir='ltr'><strong>praeparantis</strong></span> <span class='ocrx_word' id='word_1_504' title='bbox 2790 2949 3063 3004; x_wconf 86' lang='lat' dir='ltr'><strong>exercitus</strong></span> <span class='ocrx_word' id='word_1_505' title='bbox 3111 2948 3412 3018; x_wconf 79' lang='lat' dir='ltr'><strong>descriptio</strong></span> <span class='ocrx_word' id='word_1_506' title='bbox 3441 2956 3526 3001; x_wconf 89' lang='lat' dir='ltr'><strong>est</strong></span> <span class='ocrx_word' id='word_1_507' title='bbox 3546 2988 3560 3011; x_wconf 93' lang='lat'><strong>,</strong></span> <span class='ocrx_word' id='word_1_508' title='bbox 3595 2954 3653 3001; x_wconf 94' lang='lat' dir='ltr'><strong>ut</strong></span> 
     </span>
    </p>
   </div>
   <div class='ocr_carea' id='block_1_62' title="bbox 2043 3039 3655 3111">
    <p class='ocr_par' dir='ltr' id='par_1_62' title="bbox 2043 3039 3655 3111">
     <span class='ocr_line' id='line_1_62' title="bbox 2043 3039 3655 3111; baseline -0.002 -14"><span class='ocrx_word' id='word_1_509' title='bbox 2043 3040 2223 3097; x_wconf 88' lang='lat' dir='ltr'><strong>onmis</strong></span> <span class='ocrx_word' id='word_1_510' title='bbox 2275 3055 2434 3096; x_wconf 85' lang='lat' dir='ltr'><strong>meus</strong></span> <span class='ocrx_word' id='word_1_511' title='bbox 2477 3055 2659 3096; x_wconf 89' lang='lat' dir='ltr'><strong>sermo</strong></span> <span class='ocrx_word' id='word_1_512' title='bbox 2710 3041 2780 3094; x_wconf 91' lang='lat' dir='ltr'><strong>sit</strong></span> <span class='ocrx_word' id='word_1_513' title='bbox 2836 3041 3015 3096; x_wconf 75' lang='lat' dir='ltr'><strong>vilior.</strong></span> <span class='ocrx_word' id='word_1_514' title='bbox 3061 3040 3196 3096; x_wconf 84' lang='lat' dir='ltr'><strong>Nam</strong></span> <span class='ocrx_word' id='word_1_515' title='bbox 3248 3039 3393 3111; x_wconf 89' lang='lat' dir='ltr'><strong>quod</strong></span> <span class='ocrx_word' id='word_1_516' title='bbox 3441 3041 3552 3093; x_wconf 88' lang='lat' dir='ltr'><strong>ait:</strong></span> <span class='ocrx_word' id='word_1_517' title='bbox 3585 3039 3655 3094; x_wconf 86' lang='lat' dir='ltr'><strong>Et</strong></span> 
     </span>
    </p>
   </div>
   <div class='ocr_carea' id='block_1_63' title="bbox 337 3123 3650 3207">
    <p class='ocr_par' dir='ltr' id='par_1_63' title="bbox 337 3123 3650 3207">
     <span class='ocr_line' id='line_1_63' title="bbox 337 3123 3650 3207; baseline 0.001 -22"><span class='ocrx_word' id='word_1_518' title='bbox 337 3129 593 3201; x_wconf 77' lang='lat' dir='ltr'><strong>deinceps</strong></span> <span class='ocrx_word' id='word_1_519' title='bbox 621 3133 1000 3202; x_wconf 81' lang='lat' dir='ltr'><strong>deprecantes.</strong></span> <span class='ocrx_word' id='word_1_520' title='bbox 1033 3134 1142 3190; x_wconf 88' lang='lat' dir='ltr'><strong>Sed</strong></span> <span class='ocrx_word' id='word_1_521' title='bbox 1187 3144 1242 3190; x_wconf 90' lang='lat' dir='ltr'><strong>et</strong></span> <span class='ocrx_word' id='word_1_522' title='bbox 1267 3135 1336 3189; x_wconf 86' lang='lat' dir='ltr'><strong>ad</strong></span> <span class='ocrx_word' id='word_1_523' title='bbox 1383 3135 1646 3190; x_wconf 91' lang='lat' dir='ltr'><strong>mundum</strong></span> <span class='ocrx_word' id='word_1_524' title='bbox 1679 3135 1798 3191; x_wconf 61' lang='lat' dir='ltr'><strong>haec</strong></span> <span class='ocrx_word' id='word_1_525' title='bbox 1821 3137 1936 3207; x_wconf 88' lang='lat' dir='ltr'><strong>ipsa</strong></span> <span class='ocrx_word' id='word_1_526' title='bbox 1963 3123 2009 3187; x_wconf 87' lang='lat' dir='ltr'><strong><em>C</em></strong></span> <span class='ocrx_word' id='word_1_527' title='bbox 2040 3135 2213 3204; x_wconf 76' lang='lat' dir='ltr'><strong>grauis</strong></span> <span class='ocrx_word' id='word_1_528' title='bbox 2240 3135 2431 3200; x_wconf 65' lang='lat' dir='ltr'><strong>ruina,</strong></span> <span class='ocrx_word' id='word_1_529' title='bbox 2461 3150 2552 3189; x_wconf 88' lang='lat' dir='ltr'><strong>nec</strong></span> <span class='ocrx_word' id='word_1_530' title='bbox 2576 3144 2650 3189; x_wconf 82' lang='lat' dir='ltr'><strong>est</strong></span> <span class='ocrx_word' id='word_1_531' title='bbox 2677 3135 2798 3204; x_wconf 85' lang='lat' dir='ltr'><strong>ﬁnis</strong></span> <span class='ocrx_word' id='word_1_532' title='bbox 2825 3136 3139 3189; x_wconf 79' lang='lat' dir='ltr'><strong>cadat-erum</strong></span> <span class='ocrx_word' id='word_1_533' title='bbox 3166 3176 3179 3198; x_wconf 95' lang='lat'><strong>,</strong></span> <span class='ocrx_word' id='word_1_534' title='bbox 3225 3134 3292 3190; x_wconf 92' lang='lat' dir='ltr'><strong>de</strong></span> <span class='ocrx_word' id='word_1_535' title='bbox 3318 3133 3650 3189; x_wconf 84' lang='lat' dir='ltr'><strong>adversariis</strong></span> 
     </span>
    </p>
   </div>
   <div class='ocr_carea' id='block_1_64' title="bbox 337 3223 1940 3301">
    <p class='ocr_par' dir='ltr' id='par_1_64' title="bbox 337 3223 1940 3301">
     <span class='ocr_line' id='line_1_64' title="bbox 337 3223 1940 3301; baseline 0.006 -23"><span class='ocrx_word' id='word_1_536' title='bbox 337 3223 595 3280; x_wconf 89' lang='lat' dir='ltr'><strong>dicuntur</strong></span> <span class='ocrx_word' id='word_1_537' title='bbox 619 3266 634 3292; x_wconf 89' lang='lat'><strong>,</strong></span> <span class='ocrx_word' id='word_1_538' title='bbox 690 3227 746 3283; x_wconf 90' lang='lat' dir='ltr'><strong>in</strong></span> <span class='ocrx_word' id='word_1_539' title='bbox 791 3244 900 3296; x_wconf 89' lang='lat' dir='ltr'><strong>quo</strong></span> <span class='ocrx_word' id='word_1_540' title='bbox 928 3240 1012 3284; x_wconf 89' lang='lat' dir='ltr'><strong>est</strong></span> <span class='ocrx_word' id='word_1_541' title='bbox 1049 3229 1344 3285; x_wconf 87' lang='lat' dir='ltr'><strong>multitudo</strong></span> <span class='ocrx_word' id='word_1_542' title='bbox 1391 3246 1513 3301; x_wconf 71' lang='lat' dir='ltr'><strong>qua:</strong></span> <span class='ocrx_word' id='word_1_543' title='bbox 1554 3247 1652 3301; x_wconf 89' lang='lat' dir='ltr'><strong>per</strong></span> <span class='ocrx_word' id='word_1_544' title='bbox 1691 3232 1856 3286; x_wconf 85' lang='lat' dir='ltr'><strong>latam</strong></span> <span class='ocrx_word' id='word_1_545' title='bbox 1886 3242 1940 3288; x_wconf 85' lang='lat' dir='ltr'><strong>et</strong></span> 
     </span>
    </p>
   </div>
   <div class='ocr_carea' id='block_1_65' title="bbox 335 3319 1938 3396">
    <p class='ocr_par' dir='ltr' id='par_1_65' title="bbox 335 3319 1938 3396">
     <span class='ocr_line' id='line_1_65' title="bbox 335 3319 1938 3396; baseline 0.004 -23"><span class='ocrx_word' id='word_1_546' title='bbox 335 3319 631 3387; x_wconf 81' lang='lat' dir='ltr'><strong>Spatiosam</strong></span> <span class='ocrx_word' id='word_1_547' title='bbox 665 3322 804 3376; x_wconf 74' lang='lat' dir='ltr'><strong>tiam</strong></span> <span class='ocrx_word' id='word_1_548' title='bbox 841 3324 1013 3394; x_wconf 87' lang='lat' dir='ltr'><strong>pergit</strong></span> <span class='ocrx_word' id='word_1_549' title='bbox 1044 3324 1111 3377; x_wconf 89' lang='lat' dir='ltr'><strong>ad</strong></span> <span class='ocrx_word' id='word_1_550' title='bbox 1137 3334 1369 3378; x_wconf 69' lang='lat' dir='ltr'><strong>[uertem</strong></span> <span class='ocrx_word' id='word_1_551' title='bbox 1403 3323 1637 3396; x_wconf 82' lang='lat' dir='ltr'><strong>(Matth.</strong></span> <span class='ocrx_word' id='word_1_552' title='bbox 1672 3324 1750 3395; x_wconf 85' lang='lat'><strong>7).</strong></span> <span class='ocrx_word' id='word_1_553' title='bbox 1776 3341 1938 3396; x_wconf 86' lang='lat' dir='ltr'><strong>quam</strong></span> 
     </span>
    </p>
   </div>
   <div class='ocr_carea' id='block_1_66' title="bbox 335 3412 1939 3485">
    <p class='ocr_par' dir='ltr' id='par_1_66' title="bbox 335 3412 1939 3485">
     <span class='ocr_line' id='line_1_66' title="bbox 335 3412 1939 3485; baseline 0.004 -19"><span class='ocrx_word' id='word_1_554' title='bbox 335 3412 700 3468; x_wconf 83' lang='lat' dir='ltr'><strong>ctnuminatur</strong></span> <span class='ocrx_word' id='word_1_555' title='bbox 741 3415 999 3471; x_wconf 76' lang='lat' dir='ltr'><strong>Dominus</strong></span> <span class='ocrx_word' id='word_1_556' title='bbox 1034 3419 1161 3485; x_wconf 90' lang='lat' dir='ltr'><strong>igne</strong></span> <span class='ocrx_word' id='word_1_557' title='bbox 1209 3431 1570 3483; x_wconf 74' lang='lat' dir='ltr'><strong>succensum,</strong></span> <span class='ocrx_word' id='word_1_558' title='bbox 1627 3417 1778 3472; x_wconf 87' lang='lat' dir='ltr'><strong>fumo</strong></span> <span class='ocrx_word' id='word_1_559' title='bbox 1827 3431 1939 3472; x_wconf 68' lang='lat' dir='ltr'><strong>Suae</strong></span> 
     </span>
    </p>
   </div>
   <div class='ocr_carea' id='block_1_67' title="bbox 337 3507 1935 3581">
    <p class='ocr_par' dir='ltr' id='par_1_67' title="bbox 337 3507 1935 3581">
     <span class='ocr_line' id='line_1_67' title="bbox 337 3507 1935 3581; baseline 0.004 -21"><span class='ocrx_word' id='word_1_560' title='bbox 337 3507 557 3562; x_wconf 82' lang='lat' dir='ltr'><strong>malitia:</strong></span> <span class='ocrx_word' id='word_1_561' title='bbox 580 3507 831 3564; x_wconf 68' lang='lat' dir='ltr'><strong>suffocari</strong></span> <span class='ocrx_word' id='word_1_562' title='bbox 861 3527 926 3564; x_wconf 86' lang='lat' dir='ltr'><strong>ex</strong></span> <span class='ocrx_word' id='word_1_563' title='bbox 950 3510 1190 3564; x_wconf 84' lang='lat' dir='ltr'><strong>vanitate</strong></span> <span class='ocrx_word' id='word_1_564' title='bbox 1220 3511 1237 3581; x_wconf 91' lang='lat'><strong>(</strong></span> <span class='ocrx_word' id='word_1_565' title='bbox 1269 3509 1357 3564; x_wconf 78' lang='lat' dir='ltr'><strong>Al.</strong></span> <span class='ocrx_word' id='word_1_566' title='bbox 1391 3509 1669 3581; x_wconf 85' lang='lat' dir='ltr'><strong>bonitate)</strong></span> <span class='ocrx_word' id='word_1_567' title='bbox 1700 3509 1820 3580; x_wconf 78' lang='lat' dir='ltr'><strong>ejus</strong></span> <span class='ocrx_word' id='word_1_568' title='bbox 1851 3513 1935 3566; x_wconf 90' lang='lat' dir='ltr'><strong>ni—</strong></span> 
     </span>
    </p>
   </div>
   <div class='ocr_carea' id='block_1_68' title="bbox 337 3599 1937 3673">
    <p class='ocr_par' dir='ltr' id='par_1_68' title="bbox 337 3599 1937 3673">
     <span class='ocr_line' id='line_1_68' title="bbox 337 3599 1937 3673; baseline 0.004 -20"><span class='ocrx_word' id='word_1_569' title='bbox 337 3600 464 3654; x_wconf 89' lang='lat' dir='ltr'><strong>mia.</strong></span> <span class='ocrx_word' id='word_1_570' title='bbox 501 3599 712 3655; x_wconf 88' lang='lat' dir='ltr'><strong>Leones</strong></span> <span class='ocrx_word' id='word_1_571' title='bbox 741 3618 958 3673; x_wconf 88' lang='lat' dir='ltr'><strong>quoque</strong></span> <span class='ocrx_word' id='word_1_572' title='bbox 985 3603 1238 3660; x_wconf 89' lang='lat' dir='ltr'><strong>comedet</strong></span> <span class='ocrx_word' id='word_1_573' title='bbox 1265 3605 1506 3673; x_wconf 76' lang='lat' dir='ltr'><strong>gladius,</strong></span> <span class='ocrx_word' id='word_1_574' title='bbox 1535 3605 1726 3660; x_wconf 88' lang='lat' dir='ltr'><strong>vivens</strong></span> <span class='ocrx_word' id='word_1_575' title='bbox 1753 3619 1937 3661; x_wconf 88' lang='lat' dir='ltr'><strong>sermo</strong></span> 
     </span>
    </p>
   </div>
   <div class='ocr_carea' id='block_1_69' title="bbox 334 3692 1935 3765">
    <p class='ocr_par' dir='ltr' id='par_1_69' title="bbox 334 3692 1935 3765">
     <span class='ocr_line' id='line_1_69' title="bbox 334 3692 1935 3765; baseline 0.004 -18"><span class='ocrx_word' id='word_1_576' title='bbox 334 3692 429 3748; x_wconf 90' lang='lat' dir='ltr'><strong>Dei</strong></span> <span class='ocrx_word' id='word_1_577' title='bbox 457 3703 515 3748; x_wconf 91' lang='lat' dir='ltr'><strong>et</strong></span> <span class='ocrx_word' id='word_1_578' title='bbox 555 3703 786 3760; x_wconf 87' lang='lat' dir='ltr'><strong>acutus,</strong></span> <span class='ocrx_word' id='word_1_579' title='bbox 813 3706 868 3751; x_wconf 91' lang='lat' dir='ltr'><strong>et</strong></span> <span class='ocrx_word' id='word_1_580' title='bbox 887 3711 955 3752; x_wconf 88' lang='lat' dir='ltr'><strong>ex</strong></span> <span class='ocrx_word' id='word_1_581' title='bbox 979 3698 1129 3751; x_wconf 86' lang='lat' dir='ltr'><strong>omni</strong></span> <span class='ocrx_word' id='word_1_582' title='bbox 1163 3705 1314 3765; x_wconf 81' lang='lat' dir='ltr'><strong>parte</strong></span> <span class='ocrx_word' id='word_1_583' title='bbox 1353 3698 1608 3753; x_wconf 89' lang='lat' dir='ltr'><strong>elimatus</strong></span> <span class='ocrx_word' id='word_1_584' title='bbox 1640 3718 1654 3758; x_wconf 91' lang='lat'><strong>:</strong></span> <span class='ocrx_word' id='word_1_585' title='bbox 1690 3716 1788 3755; x_wconf 88' lang='lat' dir='ltr'><strong>nec</strong></span> <span class='ocrx_word' id='word_1_586' title='bbox 1828 3715 1935 3755; x_wconf 89' lang='lat' dir='ltr'><strong>non</strong></span> 
     </span>
    </p>
   </div>
   <div class='ocr_carea' id='block_1_70' title="bbox 333 3786 1936 3861">
    <p class='ocr_par' dir='ltr' id='par_1_70' title="bbox 333 3786 1936 3861">
     <span class='ocr_line' id='line_1_70' title="bbox 333 3786 1936 3861; baseline 0.006 -22"><span class='ocrx_word' id='word_1_587' title='bbox 333 3786 629 3856; x_wconf 81' lang='lat' dir='ltr'><strong>pollicetur</strong></span> <span class='ocrx_word' id='word_1_588' title='bbox 655 3787 877 3843; x_wconf 86' lang='lat' dir='ltr'><strong>auferre</strong></span> <span class='ocrx_word' id='word_1_589' title='bbox 905 3803 966 3844; x_wconf 87' lang='lat' dir='ltr'><strong>se</strong></span> <span class='ocrx_word' id='word_1_590' title='bbox 986 3789 1054 3844; x_wconf 90' lang='lat' dir='ltr'><strong>de</strong></span> <span class='ocrx_word' id='word_1_591' title='bbox 1084 3799 1230 3844; x_wconf 91' lang='lat' dir='ltr'><strong>terra</strong></span> <span class='ocrx_word' id='word_1_592' title='bbox 1263 3790 1498 3860; x_wconf 70' lang='lat' dir='ltr'><strong>praedam</strong></span> <span class='ocrx_word' id='word_1_593' title='bbox 1530 3790 1669 3861; x_wconf 89' lang='lat' dir='ltr'><strong>ejus,</strong></span> <span class='ocrx_word' id='word_1_594' title='bbox 1695 3801 1752 3846; x_wconf 92' lang='lat' dir='ltr'><strong>ut</strong></span> <span class='ocrx_word' id='word_1_595' title='bbox 1775 3807 1936 3848; x_wconf 90' lang='lat' dir='ltr'><strong>nemo</strong></span> 
     </span>
    </p>
   </div>
   <div class='ocr_carea' id='block_1_71' title="bbox 335 3879 1936 3955">
    <p class='ocr_par' dir='ltr' id='par_1_71' title="bbox 335 3879 1936 3955">
     <span class='ocr_line' id='line_1_71' title="bbox 335 3879 1936 3955; baseline 0.004 -19"><span class='ocrx_word' id='word_1_596' title='bbox 335 3879 537 3936; x_wconf 82' lang='lat' dir='ltr'><strong>exinde</strong></span> <span class='ocrx_word' id='word_1_597' title='bbox 562 3881 809 3950; x_wconf 85' lang='lat' dir='ltr'><strong>capiatur</strong></span> <span class='ocrx_word' id='word_1_598' title='bbox 856 3884 906 3936; x_wconf 91' lang='lat' dir='ltr'><strong>in</strong></span> <span class='ocrx_word' id='word_1_599' title='bbox 959 3883 1154 3939; x_wconf 86' lang='lat' dir='ltr'><strong>Ninive</strong></span> <span class='ocrx_word' id='word_1_600' title='bbox 1184 3925 1199 3951; x_wconf 95' lang='lat'><strong>,</strong></span> <span class='ocrx_word' id='word_1_601' title='bbox 1230 3896 1283 3940; x_wconf 92' lang='lat' dir='ltr'><strong>et</strong></span> <span class='ocrx_word' id='word_1_602' title='bbox 1316 3887 1468 3955; x_wconf 90' lang='lat' dir='ltr'><strong>quasi</strong></span> <span class='ocrx_word' id='word_1_603' title='bbox 1519 3887 1762 3941; x_wconf 88' lang='lat' dir='ltr'><strong>clemens</strong></span> <span class='ocrx_word' id='word_1_604' title='bbox 1795 3888 1936 3943; x_wconf 92' lang='lat' dir='ltr'><strong>tollit</strong></span> 
     </span>
    </p>
   </div>
   <div class='ocr_carea' id='block_1_72' title="bbox 335 3971 1934 4044">
    <p class='ocr_par' dir='ltr' id='par_1_72' title="bbox 335 3971 1934 4044">
     <span class='ocr_line' id='line_1_72' title="bbox 335 3971 1934 4044; baseline 0.005 -18"><span class='ocrx_word' id='word_1_605' title='bbox 335 3971 476 4026; x_wconf 88' lang='lat' dir='ltr'><strong>mala</strong></span> <span class='ocrx_word' id='word_1_606' title='bbox 503 3986 672 4042; x_wconf 86' lang='lat' dir='ltr'><strong>opera</strong></span> <span class='ocrx_word' id='word_1_607' title='bbox 702 3981 758 4028; x_wconf 90' lang='lat' dir='ltr'><strong>et</strong></span> <span class='ocrx_word' id='word_1_608' title='bbox 781 3975 1100 4044; x_wconf 90' lang='lat' dir='ltr'><strong>comprimit</strong></span> <span class='ocrx_word' id='word_1_609' title='bbox 1121 3990 1204 4044; x_wconf 90' lang='lat' dir='ltr'><strong>ea,</strong></span> <span class='ocrx_word' id='word_1_610' title='bbox 1224 3991 1291 4032; x_wconf 87' lang='lat' dir='ltr'><strong>ne</strong></span> <span class='ocrx_word' id='word_1_611' title='bbox 1310 3992 1411 4032; x_wconf 82' lang='lat' dir='ltr'><strong>vox</strong></span> <span class='ocrx_word' id='word_1_612' title='bbox 1435 3989 1488 4032; x_wconf 90' lang='lat' dir='ltr'><strong>et</strong></span> <span class='ocrx_word' id='word_1_613' title='bbox 1515 3977 1728 4034; x_wconf 77' lang='lat' dir='ltr'><strong>Sonitus</strong></span> <span class='ocrx_word' id='word_1_614' title='bbox 1745 3994 1934 4035; x_wconf 90' lang='lat' dir='ltr'><strong>eorum</strong></span> 
     </span>
    </p>
   </div>
   <div class='ocr_carea' id='block_1_73' title="bbox 336 4065 1934 4135">
    <p class='ocr_par' dir='ltr' id='par_1_73' title="bbox 336 4065 1934 4135">
     <span class='ocr_line' id='line_1_73' title="bbox 336 4065 1934 4135; baseline 0.004 -15"><span class='ocrx_word' id='word_1_615' title='bbox 336 4065 475 4120; x_wconf 88' lang='lat' dir='ltr'><strong>ultra</strong></span> <span class='ocrx_word' id='word_1_616' title='bbox 508 4067 682 4135; x_wconf 85' lang='lat' dir='ltr'><strong>possit</strong></span> <span class='ocrx_word' id='word_1_617' title='bbox 712 4069 908 4124; x_wconf 88' lang='lat' dir='ltr'><strong>audiri.</strong></span> <span class='ocrx_word' id='word_1_618' title='bbox 947 4069 1102 4126; x_wconf 83' lang='lat' dir='ltr'><strong>Unde</strong></span> <span class='ocrx_word' id='word_1_619' title='bbox 1129 4070 1202 4124; x_wconf 85' lang='lat' dir='ltr'><strong>ait</strong></span> <span class='ocrx_word' id='word_1_620' title='bbox 1234 4088 1246 4125; x_wconf 90' lang='lat'>:</span> <span class='ocrx_word' id='word_1_621' title='bbox 1271 4069 1341 4124; x_wconf 85' lang='lat' dir='ltr'><strong>Et</strong></span> <span class='ocrx_word' id='word_1_622' title='bbox 1369 4087 1472 4126; x_wconf 88' lang='lat' dir='ltr'><strong>non</strong></span> <span class='ocrx_word' id='word_1_623' title='bbox 1501 4072 1778 4128; x_wconf 77' lang='lat' dir='ltr'><strong>audieutsr</strong></span> <span class='ocrx_word' id='word_1_624' title='bbox 1799 4073 1934 4127; x_wconf 87' lang='lat' dir='ltr'><strong>ultra</strong></span> 
     </span>
    </p>
   </div>
   <div class='ocr_carea' id='block_1_74' title="bbox 335 4170 636 4231">
    <p class='ocr_par' dir='ltr' id='par_1_74' title="bbox 335 4170 636 4231">
     <span class='ocr_line' id='line_1_74' title="bbox 335 4170 636 4231; baseline 0.003 -16"><span class='ocrx_word' id='word_1_625' title='bbox 335 4174 494 4231; x_wconf 82' lang='lat' dir='ltr'><strong>opera</strong></span> <span class='ocrx_word' id='word_1_626' title='bbox 523 4170 636 4216; x_wconf 87' lang='lat' dir='ltr'><strong>tua.</strong></span> 
     </span>
    </p>
   </div>
   <div class='ocr_carea' id='block_1_75' title="bbox 403 4250 1930 4332">
    <p class='ocr_par' dir='ltr' id='par_1_75' title="bbox 403 4250 1930 4332">
     <span class='ocr_line' id='line_1_75' title="bbox 403 4250 1930 4332; baseline 0.005 -25"><span class='ocrx_word' id='word_1_627' title='bbox 403 4251 423 4324; x_wconf 89' lang='lat'><strong>(</strong></span> <span class='ocrx_word' id='word_1_628' title='bbox 446 4250 579 4324; x_wconf 82' lang='lat' dir='ltr'><strong>Cap.</strong></span> <span class='ocrx_word' id='word_1_629' title='bbox 604 4253 930 4312; x_wconf 84' lang='lat' dir='ltr'><strong>lll.--Vers.</strong></span> <span class='ocrx_word' id='word_1_630' title='bbox 955 4257 982 4314; x_wconf 79' lang='grc'><strong>1</strong></span> <span class='ocrx_word' id='word_1_631' title='bbox 1011 4260 1207 4330; x_wconf 90' lang='lat' dir='ltr'><strong>seqq.)</strong></span> <span class='ocrx_word' id='word_1_632' title='bbox 1240 4257 1354 4324; x_wconf 73' lang='grc' dir='ltr'><strong>ινω,</strong></span> <span class='ocrx_word' id='word_1_633' title='bbox 1381 4261 1560 4316; x_wconf 79' lang='lat' dir='ltr'><strong>ciuitas</strong></span> <span class='ocrx_word' id='word_1_634' title='bbox 1579 4262 1896 4332; x_wconf 82' lang='lat' dir='ltr'><strong>sanguiuum</strong></span> <span class='ocrx_word' id='word_1_635' title='bbox 1914 4301 1930 4328; x_wconf 94' lang='lat'><strong>,</strong></span> 
     </span>
    </p>
   </div>
   <div class='ocr_carea' id='block_1_76' title="bbox 333 4347 1927 4428">
    <p class='ocr_par' dir='ltr' id='par_1_76' title="bbox 333 4347 1927 4428">
     <span class='ocr_line' id='line_1_76' title="bbox 333 4347 1927 4428; baseline 0.006 -28"><span class='ocrx_word' id='word_1_636' title='bbox 333 4347 572 4402; x_wconf 76' lang='lat' dir='ltr'><strong>universa</strong></span> <span class='ocrx_word' id='word_1_637' title='bbox 598 4350 860 4406; x_wconf 87' lang='lat' dir='ltr'><strong>mendacii</strong></span> <span class='ocrx_word' id='word_1_638' title='bbox 889 4352 1017 4423; x_wconf 82' lang='grc' dir='ltr'><strong>[ΑΙ.</strong></span> <span class='ocrx_word' id='word_1_639' title='bbox 1049 4353 1295 4426; x_wconf 63' lang='lat' dir='ltr'><strong>mendax]</strong></span> <span class='ocrx_word' id='word_1_640' title='bbox 1325 4353 1700 4411; x_wconf 84' lang='lat' dir='ltr'><strong>dilaceratione</strong></span> <span class='ocrx_word' id='word_1_641' title='bbox 1727 4356 1880 4428; x_wconf 87' lang='lat' dir='ltr'><strong>plena</strong></span> <span class='ocrx_word' id='word_1_642' title='bbox 1909 4373 1927 4409; x_wconf 89' lang='lat'><strong><em>:</em></strong></span> 
     </span>
    </p>
   </div>
   <div class='ocr_carea' id='block_1_77' title="bbox 335 4444 1928 4522">
    <p class='ocr_par' dir='ltr' id='par_1_77' title="bbox 335 4444 1928 4522">
     <span class='ocr_line' id='line_1_77' title="bbox 335 4444 1928 4522; baseline 0.006 -27"><span class='ocrx_word' id='word_1_643' title='bbox 335 4458 435 4497; x_wconf 87' lang='lat' dir='ltr'><strong>non</strong></span> <span class='ocrx_word' id='word_1_644' title='bbox 461 4444 659 4498; x_wconf 84' lang='lat' dir='ltr'><strong>recedet</strong></span> <span class='ocrx_word' id='word_1_645' title='bbox 683 4461 716 4498; x_wconf 88' lang='lat' dir='ltr'><strong>a</strong></span> <span class='ocrx_word' id='word_1_646' title='bbox 757 4457 806 4500; x_wconf 88' lang='lat' dir='ltr'><strong>te</strong></span> <span class='ocrx_word' id='word_1_647' title='bbox 836 4449 1023 4516; x_wconf 85' lang='lat' dir='ltr'><strong>rapina</strong></span> <span class='ocrx_word' id='word_1_648' title='bbox 1055 4463 1074 4502; x_wconf 88' lang='lat'><strong><em>:</em></strong></span> <span class='ocrx_word' id='word_1_649' title='bbox 1099 4464 1200 4502; x_wconf 67' lang='lat' dir='ltr'><strong>vos:</strong></span> <span class='ocrx_word' id='word_1_650' title='bbox 1225 4449 1456 4520; x_wconf 81' lang='lat' dir='ltr'><strong>flagelli,</strong></span> <span class='ocrx_word' id='word_1_651' title='bbox 1495 4460 1546 4504; x_wconf 88' lang='lat' dir='ltr'><strong>et</strong></span> <span class='ocrx_word' id='word_1_652' title='bbox 1586 4467 1684 4504; x_wconf 73' lang='lat' dir='ltr'><strong>rom</strong></span> <span class='ocrx_word' id='word_1_653' title='bbox 1711 4452 1928 4522; x_wconf 76' lang='lat' dir='ltr'><strong>impetus</strong></span> 
     </span>
    </p>
   </div>
   <div class='ocr_carea' id='block_1_78' title="bbox 333 4538 1930 4613">
    <p class='ocr_par' dir='ltr' id='par_1_78' title="bbox 333 4538 1930 4613">
     <span class='ocr_line' id='line_1_78' title="bbox 333 4538 1930 4613; baseline 0.004 -24"><span class='ocrx_word' id='word_1_654' title='bbox 333 4545 477 4599; x_wconf 69' lang='lat' dir='ltr'><strong>rotae.</strong></span> <span class='ocrx_word' id='word_1_655' title='bbox 507 4545 553 4589; x_wconf 90' lang='lat' dir='ltr'><strong>et</strong></span> <span class='ocrx_word' id='word_1_656' title='bbox 581 4538 696 4608; x_wconf 85' lang='lat' dir='ltr'><strong>equi</strong></span> <span class='ocrx_word' id='word_1_657' title='bbox 723 4538 1071 4608; x_wconf 88' lang='lat' dir='ltr'><strong>frementis,et</strong></span> <span class='ocrx_word' id='word_1_658' title='bbox 1094 4542 1364 4612; x_wconf 78' lang='lat' dir='ltr'><strong>quadrigw</strong></span> <span class='ocrx_word' id='word_1_659' title='bbox 1384 4543 1644 4612; x_wconf 77' lang='lat' dir='ltr'><strong>ferventis,</strong></span> <span class='ocrx_word' id='word_1_660' title='bbox 1675 4553 1721 4596; x_wconf 91' lang='lat' dir='ltr'><strong>et</strong></span> <span class='ocrx_word' id='word_1_661' title='bbox 1746 4542 1930 4613; x_wconf 86' lang='lat' dir='ltr'><strong>equitis</strong></span> 
     </span>
    </p>
   </div>
   <div class='ocr_carea' id='block_1_79' title="bbox 333 4629 1930 4706">
    <p class='ocr_par' dir='ltr' id='par_1_79' title="bbox 333 4629 1930 4706">
     <span class='ocr_line' id='line_1_79' title="bbox 333 4629 1930 4706; baseline 0.004 -24"><span class='ocrx_word' id='word_1_662' title='bbox 333 4629 677 4696; x_wconf 87' lang='lat' dir='ltr'><strong>ascendentis,</strong></span> <span class='ocrx_word' id='word_1_663' title='bbox 703 4641 752 4684; x_wconf 89' lang='lat' dir='ltr'><strong>et</strong></span> <span class='ocrx_word' id='word_1_664' title='bbox 783 4633 1019 4686; x_wconf 84' lang='lat' dir='ltr'><strong>micantis</strong></span> <span class='ocrx_word' id='word_1_665' title='bbox 1047 4633 1232 4703; x_wconf 86' lang='lat' dir='ltr'><strong>gladii,</strong></span> <span class='ocrx_word' id='word_1_666' title='bbox 1267 4643 1314 4688; x_wconf 92' lang='lat' dir='ltr'><strong>et</strong></span> <span class='ocrx_word' id='word_1_667' title='bbox 1335 4634 1648 4706; x_wconf 85' lang='lat' dir='ltr'><strong>fulgurantis</strong></span> <span class='ocrx_word' id='word_1_668' title='bbox 1670 4633 1852 4699; x_wconf 76' lang='lat' dir='ltr'><strong>hasne,</strong></span> <span class='ocrx_word' id='word_1_669' title='bbox 1882 4643 1930 4688; x_wconf 88' lang='lat' dir='ltr'><strong>et</strong></span> 
     </span>
    </p>
   </div>
   <div class='ocr_carea' id='block_1_80' title="bbox 333 4721 1928 4799">
    <p class='ocr_par' dir='ltr' id='par_1_80' title="bbox 333 4721 1928 4799">
     <span class='ocr_line' id='line_1_80' title="bbox 333 4721 1928 4799; baseline 0.004 -25"><span class='ocrx_word' id='word_1_670' title='bbox 333 4721 682 4778; x_wconf 87' lang='lat' dir='ltr'><strong>multitudinis</strong></span> <span class='ocrx_word' id='word_1_671' title='bbox 703 4725 1004 4795; x_wconf 65' lang='lat' dir='ltr'><strong>interfectae,</strong></span> <span class='ocrx_word' id='word_1_672' title='bbox 1029 4736 1073 4780; x_wconf 90' lang='lat' dir='ltr'><strong>et</strong></span> <span class='ocrx_word' id='word_1_673' title='bbox 1093 4729 1262 4799; x_wconf 74' lang='lat' dir='ltr'><strong>gravis</strong></span> <span class='ocrx_word' id='word_1_674' title='bbox 1285 4729 1466 4793; x_wconf 62' lang='lat' dir='ltr'><strong>ruinae,</strong></span> <span class='ocrx_word' id='word_1_675' title='bbox 1488 4744 1582 4782; x_wconf 86' lang='lat' dir='ltr'><strong>nec</strong></span> <span class='ocrx_word' id='word_1_676' title='bbox 1600 4737 1672 4782; x_wconf 90' lang='lat' dir='ltr'><strong>est</strong></span> <span class='ocrx_word' id='word_1_677' title='bbox 1695 4727 1813 4796; x_wconf 78' lang='lat' dir='ltr'><strong>ﬁnis</strong></span> <span class='ocrx_word' id='word_1_678' title='bbox 1841 4745 1928 4781; x_wconf 85' lang='lat' dir='ltr'><strong>ca-</strong></span> 
     </span>
    </p>
   </div>
   <div class='ocr_carea' id='block_1_81' title="bbox 335 4814 1928 4890">
    <p class='ocr_par' dir='ltr' id='par_1_81' title="bbox 335 4814 1928 4890">
     <span class='ocr_line' id='line_1_81' title="bbox 335 4814 1928 4890; baseline 0.004 -23"><span class='ocrx_word' id='word_1_679' title='bbox 335 4814 574 4869; x_wconf 78' lang='lat' dir='ltr'><strong>daverum</strong></span> <span class='ocrx_word' id='word_1_680' title='bbox 608 4831 628 4870; x_wconf 90' lang='lat'><strong><em>:</em></strong></span> <span class='ocrx_word' id='word_1_681' title='bbox 653 4827 698 4870; x_wconf 90' lang='lat' dir='ltr'><strong>et</strong></span> <span class='ocrx_word' id='word_1_682' title='bbox 720 4826 962 4872; x_wconf 87' lang='lat' dir='ltr'><strong>corruent</strong></span> <span class='ocrx_word' id='word_1_683' title='bbox 986 4818 1042 4872; x_wconf 88' lang='lat' dir='ltr'><strong>in</strong></span> <span class='ocrx_word' id='word_1_684' title='bbox 1067 4821 1371 4888; x_wconf 77' lang='lat' dir='ltr'><strong>corporibus</strong></span> <span class='ocrx_word' id='word_1_685' title='bbox 1397 4820 1527 4886; x_wconf 86' lang='lat' dir='ltr'><strong>suis,</strong></span> <span class='ocrx_word' id='word_1_686' title='bbox 1555 4829 1766 4890; x_wconf 82' lang='lat' dir='ltr'><strong>propter</strong></span> <span class='ocrx_word' id='word_1_687' title='bbox 1793 4822 1928 4874; x_wconf 84' lang='lat' dir='ltr'><strong>mul-</strong></span> 
     </span>
    </p>
   </div>
   <div class='ocr_carea' id='block_1_82' title="bbox 333 4907 1926 4987">
    <p class='ocr_par' dir='ltr' id='par_1_82' title="bbox 333 4907 1926 4987">
     <span class='ocr_line' id='line_1_82' title="bbox 333 4907 1926 4987; baseline 0.007 -28"><span class='ocrx_word' id='word_1_688' title='bbox 333 4907 602 4963; x_wconf 85' lang='lat' dir='ltr'><strong>titudinem</strong></span> <span class='ocrx_word' id='word_1_689' title='bbox 628 4909 1032 4982; x_wconf 82' lang='lat' dir='ltr'><strong>fornicationum</strong></span> <span class='ocrx_word' id='word_1_690' title='bbox 1060 4914 1341 4968; x_wconf 87' lang='lat' dir='ltr'><strong>meretricis</strong></span> <span class='ocrx_word' id='word_1_691' title='bbox 1372 4915 1616 4983; x_wconf 78' lang='lat' dir='ltr'><strong>speciostc</strong></span> <span class='ocrx_word' id='word_1_692' title='bbox 1647 4925 1690 4969; x_wconf 87' lang='lat' dir='ltr'><strong>et</strong></span> <span class='ocrx_word' id='word_1_693' title='bbox 1727 4926 1926 4987; x_wconf 64' lang='lat' dir='ltr'><strong>gratae,</strong></span> 
     </span>
    </p>
   </div>
   <div class='ocr_carea' id='block_1_83' title="bbox 333 5002 1924 5078">
    <p class='ocr_par' dir='ltr' id='par_1_83' title="bbox 333 5002 1924 5078">
     <span class='ocr_line' id='line_1_83' title="bbox 333 5002 1924 5078; baseline 0.006 -24"><span class='ocrx_word' id='word_1_694' title='bbox 333 5009 379 5054; x_wconf 90' lang='lat' dir='ltr'><strong>et</strong></span> <span class='ocrx_word' id='word_1_695' title='bbox 399 5002 630 5058; x_wconf 78' lang='lat' dir='ltr'><strong>habentis</strong></span> <span class='ocrx_word' id='word_1_696' title='bbox 652 5003 930 5074; x_wconf 81' lang='lat' dir='ltr'><strong>maleﬁcia,</strong></span> <span class='ocrx_word' id='word_1_697' title='bbox 959 5022 1074 5074; x_wconf 71' lang='lat' dir='ltr'><strong>qua:</strong></span> <span class='ocrx_word' id='word_1_698' title='bbox 1097 5007 1322 5062; x_wconf 67' lang='lat' dir='ltr'><strong>verididit</strong></span> <span class='ocrx_word' id='word_1_699' title='bbox 1347 5019 1518 5078; x_wconf 82' lang='lat' dir='ltr'><strong>gentes</strong></span> <span class='ocrx_word' id='word_1_700' title='bbox 1541 5009 1596 5062; x_wconf 84' lang='lat' dir='ltr'><strong>in</strong></span> <span class='ocrx_word' id='word_1_701' title='bbox 1625 5009 1924 5078; x_wconf 86' lang='lat' dir='ltr'><strong>fornicatio-</strong></span> 
     </span>
    </p>
   </div>
   <div class='ocr_carea' id='block_1_84' title="bbox 332 5095 1927 5170">
    <p class='ocr_par' dir='ltr' id='par_1_84' title="bbox 332 5095 1927 5170">
     <span class='ocr_line' id='line_1_84' title="bbox 332 5095 1927 5170; baseline 0.006 -22"><span class='ocrx_word' id='word_1_702' title='bbox 332 5095 477 5151; x_wconf 83' lang='lat' dir='ltr'><strong>nibus</strong></span> <span class='ocrx_word' id='word_1_703' title='bbox 499 5099 630 5165; x_wconf 85' lang='lat' dir='ltr'><strong>suis,</strong></span> <span class='ocrx_word' id='word_1_704' title='bbox 661 5108 706 5153; x_wconf 85' lang='lat' dir='ltr'><strong>et</strong></span> <span class='ocrx_word' id='word_1_705' title='bbox 737 5100 970 5170; x_wconf 88' lang='lat' dir='ltr'><strong>familias</strong></span> <span class='ocrx_word' id='word_1_706' title='bbox 995 5101 1048 5154; x_wconf 85' lang='lat' dir='ltr'><strong>in.</strong></span> <span class='ocrx_word' id='word_1_707' title='bbox 1079 5101 1349 5168; x_wconf 79' lang='lat' dir='ltr'><strong>maleﬁciis</strong></span> <span class='ocrx_word' id='word_1_708' title='bbox 1376 5103 1501 5156; x_wconf 82' lang='lat' dir='ltr'><strong>suis.</strong></span> <span class='ocrx_word' id='word_1_709' title='bbox 1533 5101 1679 5156; x_wconf 68' lang='lat' dir='ltr'><strong>LXX</strong></span> <span class='ocrx_word' id='word_1_710' title='bbox 1713 5121 1726 5155; x_wconf 86' lang='lat'><strong>:</strong></span> <span class='ocrx_word' id='word_1_711' title='bbox 1761 5101 1806 5157; x_wconf 89' lang='lat'><em>0</em></span> <span class='ocrx_word' id='word_1_712' title='bbox 1851 5106 1927 5157; x_wconf 63' lang='grc' dir='ltr'><strong>σε-</strong></span> 
     </span>
    </p>
   </div>
   <div class='ocr_carea' id='block_1_85' title="bbox 331 5187 1924 5266">
    <p class='ocr_par' dir='ltr' id='par_1_85' title="bbox 331 5187 1924 5266">
     <span class='ocr_line' id='line_1_85' title="bbox 331 5187 1924 5266; baseline 0.004 -24"><span class='ocrx_word' id='word_1_713' title='bbox 331 5187 460 5243; x_wconf 75' lang='lat' dir='ltr'><strong>vitas</strong></span> <span class='ocrx_word' id='word_1_714' title='bbox 480 5192 794 5265; x_wconf 76' lang='lat' dir='ltr'><strong>sanguinunt</strong></span> <span class='ocrx_word' id='word_1_715' title='bbox 814 5234 827 5259; x_wconf 92' lang='lat'><strong>,</strong></span> <span class='ocrx_word' id='word_1_716' title='bbox 857 5203 962 5248; x_wconf 89' lang='lat' dir='ltr'><strong>tota</strong></span> <span class='ocrx_word' id='word_1_717' title='bbox 993 5193 1238 5257; x_wconf 72' lang='lat' dir='ltr'><strong>mendax,</strong></span> <span class='ocrx_word' id='word_1_718' title='bbox 1273 5195 1546 5266; x_wconf 85' lang='lat' dir='ltr'><strong>iniquitate</strong></span> <span class='ocrx_word' id='word_1_719' title='bbox 1583 5195 1736 5263; x_wconf 84' lang='lat' dir='ltr'><strong>plena</strong></span> <span class='ocrx_word' id='word_1_720' title='bbox 1761 5237 1776 5262; x_wconf 90' lang='lat'><strong>,</strong></span> <span class='ocrx_word' id='word_1_721' title='bbox 1823 5211 1924 5250; x_wconf 87' lang='lat' dir='ltr'><strong>non</strong></span> 
     </span>
    </p>
   </div>
   <div class='ocr_carea' id='block_1_86' title="bbox 332 5287 1925 5358">
    <p class='ocr_par' dir='ltr' id='par_1_86' title="bbox 332 5287 1925 5358">
     <span class='ocr_line' id='line_1_86' title="bbox 332 5287 1925 5358; baseline 0.005 -23"><span class='ocrx_word' id='word_1_722' title='bbox 332 5287 729 5339; x_wconf 86' lang='lat' dir='ltr'><strong>contrectabitur</strong></span> <span class='ocrx_word' id='word_1_723' title='bbox 750 5288 952 5341; x_wconf 86' lang='lat' dir='ltr'><strong>venatio</strong></span> <span class='ocrx_word' id='word_1_724' title='bbox 975 5303 993 5341; x_wconf 89' lang='lat'><strong><em>:</em></strong></span> <span class='ocrx_word' id='word_1_725' title='bbox 1015 5303 1113 5342; x_wconf 77' lang='lat' dir='ltr'><strong>vox</strong></span> <span class='ocrx_word' id='word_1_726' title='bbox 1131 5288 1482 5358; x_wconf 80' lang='lat' dir='ltr'><strong>ﬂagellorum,</strong></span> <span class='ocrx_word' id='word_1_727' title='bbox 1505 5299 1550 5342; x_wconf 92' lang='lat' dir='ltr'><strong>et</strong></span> <span class='ocrx_word' id='word_1_728' title='bbox 1577 5305 1674 5342; x_wconf 69' lang='lat' dir='ltr'><strong>vos:</strong></span> <span class='ocrx_word' id='word_1_729' title='bbox 1698 5305 1925 5343; x_wconf 86' lang='lat' dir='ltr'><strong>commo-</strong></span> 
     </span>
    </p>
   </div>
   <div class='ocr_carea' id='block_1_87' title="bbox 333 5376 1926 5453">
    <p class='ocr_par' dir='ltr' id='par_1_87' title="bbox 333 5376 1926 5453">
     <span class='ocr_line' id='line_1_87' title="bbox 333 5376 1926 5453; baseline 0.005 -25"><span class='ocrx_word' id='word_1_730' title='bbox 333 5376 482 5431; x_wconf 78' lang='lat' dir='ltr'><strong>tionis</strong></span> <span class='ocrx_word' id='word_1_731' title='bbox 515 5389 747 5432; x_wconf 76' lang='lat' dir='ltr'><strong>rotarum</strong></span> <span class='ocrx_word' id='word_1_732' title='bbox 773 5421 788 5446; x_wconf 91' lang='lat'><strong>,</strong></span> <span class='ocrx_word' id='word_1_733' title='bbox 823 5391 870 5435; x_wconf 89' lang='lat' dir='ltr'><strong>et</strong></span> <span class='ocrx_word' id='word_1_734' title='bbox 890 5381 1004 5453; x_wconf 86' lang='lat' dir='ltr'><strong>equi</strong></span> <span class='ocrx_word' id='word_1_735' title='bbox 1031 5382 1378 5452; x_wconf 82' lang='lat' dir='ltr'><strong>persequentis</strong></span> <span class='ocrx_word' id='word_1_736' title='bbox 1403 5423 1418 5447; x_wconf 92' lang='lat'><strong>,</strong></span> <span class='ocrx_word' id='word_1_737' title='bbox 1443 5390 1492 5435; x_wconf 90' lang='lat' dir='ltr'><strong>et</strong></span> <span class='ocrx_word' id='word_1_738' title='bbox 1521 5398 1706 5436; x_wconf 82' lang='lat' dir='ltr'><strong>currus</strong></span> <span class='ocrx_word' id='word_1_739' title='bbox 1731 5383 1926 5453; x_wconf 84' lang='lat' dir='ltr'><strong>fer-ren-</strong></span> 
     </span>
    </p>
   </div>
   <div class='ocr_carea' id='block_1_88' title="bbox 332 5467 1927 5549">
    <p class='ocr_par' dir='ltr' id='par_1_88' title="bbox 332 5467 1927 5549">
     <span class='ocr_line' id='line_1_88' title="bbox 332 5467 1927 5549; baseline 0.006 -28"><span class='ocrx_word' id='word_1_740' title='bbox 332 5467 416 5535; x_wconf 81' lang='lat' dir='ltr'><strong>tis,</strong></span> <span class='ocrx_word' id='word_1_741' title='bbox 445 5471 627 5541; x_wconf 83' lang='lat' dir='ltr'><strong>equitis</strong></span> <span class='ocrx_word' id='word_1_742' title='bbox 658 5473 999 5544; x_wconf 86' lang='lat' dir='ltr'><strong>ascendentis,</strong></span> <span class='ocrx_word' id='word_1_743' title='bbox 1033 5483 1080 5528; x_wconf 91' lang='lat' dir='ltr'><strong>et</strong></span> <span class='ocrx_word' id='word_1_744' title='bbox 1100 5473 1417 5546; x_wconf 85' lang='lat' dir='ltr'><strong>splendentis</strong></span> <span class='ocrx_word' id='word_1_745' title='bbox 1442 5475 1624 5548; x_wconf 84' lang='lat' dir='ltr'><strong>gladii,</strong></span> <span class='ocrx_word' id='word_1_746' title='bbox 1657 5484 1704 5529; x_wconf 85' lang='lat' dir='ltr'><strong>et</strong></span> <span class='ocrx_word' id='word_1_747' title='bbox 1726 5476 1927 5549; x_wconf 87' lang='lat' dir='ltr'><strong>fulgen-</strong></span> 
     </span>
    </p>
   </div>
   <div class='ocr_carea' id='block_1_89' title="bbox 399 5603 1924 5677">
    <p class='ocr_par' dir='ltr' id='par_1_89' title="bbox 399 5603 1924 5677">
     <span class='ocr_line' id='line_1_89' title="bbox 399 5603 1924 5677; baseline 0.003 -19"><span class='ocrx_word' id='word_1_748' title='bbox 399 5603 539 5677; x_wconf 60' lang='grc' dir='ltr'><strong>εξειι</strong></span> <span class='ocrx_word' id='word_1_749' title='bbox 581 5605 806 5677; x_wconf 64' lang='lat' dir='ltr'><strong>Reginae</strong></span> <span class='ocrx_word' id='word_1_750' title='bbox 857 5607 980 5661; x_wconf 86' lang='lat' dir='ltr'><strong>cod.</strong></span> <span class='ocrx_word' id='word_1_751' title='bbox 1037 5608 1390 5663; x_wconf 85' lang='lat' dir='ltr'><strong>rescribimus</strong></span> <span class='ocrx_word' id='word_1_752' title='bbox 1440 5617 1556 5662; x_wconf 84' lang='lat' dir='ltr'><strong>tuas</strong></span> <span class='ocrx_word' id='word_1_753' title='bbox 1592 5648 1606 5675; x_wconf 95' lang='lat'><strong>,</strong></span> <span class='ocrx_word' id='word_1_754' title='bbox 1659 5609 1799 5673; x_wconf 82' lang='lat' dir='ltr'><strong>quod</strong></span> <span class='ocrx_word' id='word_1_755' title='bbox 1859 5625 1924 5663; x_wconf 80' lang='lat' dir='ltr'><strong>ex</strong></span> 
     </span>
    </p>
   </div>
   <div class='ocr_carea' id='block_1_90' title="bbox 329 5674 1926 5746">
    <p class='ocr_par' dir='ltr' id='par_1_90' title="bbox 329 5674 1926 5746">
     <span class='ocr_line' id='line_1_90' title="bbox 329 5674 1926 5746; baseline 0.003 -16"><span class='ocrx_word' id='word_1_756' title='bbox 329 5674 558 5746; x_wconf 82' lang='lat' dir='ltr'><strong>Vulgata</strong></span> <span class='ocrx_word' id='word_1_757' title='bbox 606 5674 896 5733; x_wconf 82' lang='lat' dir='ltr'><strong>dumtaxat</strong></span> <span class='ocrx_word' id='word_1_758' title='bbox 945 5678 1191 5735; x_wconf 84' lang='lat' dir='ltr'><strong>editione</strong></span> <span class='ocrx_word' id='word_1_759' title='bbox 1237 5690 1292 5736; x_wconf 58' lang='lat' dir='ltr'><strong>et.</strong></span> <span class='ocrx_word' id='word_1_760' title='bbox 1347 5674 1623 5736; x_wconf 81' lang='lat' dir='ltr'><strong>Hebraico</strong></span> <span class='ocrx_word' id='word_1_761' title='bbox 1653 5679 1926 5735; x_wconf 74' lang='lat' dir='ltr'><strong>Victorius</strong></span> 
     </span>
    </p>
   </div>
   <div class='ocr_carea' id='block_1_91' title="bbox 329 5750 1926 5824">
    <p class='ocr_par' dir='ltr' id='par_1_91' title="bbox 329 5750 1926 5824">
     <span class='ocr_line' id='line_1_91' title="bbox 329 5750 1926 5824; baseline 0.003 -20"><span class='ocrx_word' id='word_1_762' title='bbox 329 5759 674 5818; x_wconf 84' lang='lat' dir='ltr'><strong>reposuerat,</strong></span> <span class='ocrx_word' id='word_1_763' title='bbox 705 5750 801 5820; x_wconf 90' lang='lat' dir='ltr'><strong>qui</strong></span> <span class='ocrx_word' id='word_1_764' title='bbox 829 5757 886 5806; x_wconf 88' lang='lat' dir='ltr'><strong>et</strong></span> <span class='ocrx_word' id='word_1_765' title='bbox 917 5765 1013 5820; x_wconf 87' lang='lat' dir='ltr'><strong>pro</strong></span> <span class='ocrx_word' id='word_1_766' title='bbox 1034 5753 1235 5807; x_wconf 84' lang='lat' dir='ltr'><strong>catulos</strong></span> <span class='ocrx_word' id='word_1_767' title='bbox 1267 5752 1400 5824; x_wconf 86' lang='lat' dir='ltr'><strong>legit</strong></span> <span class='ocrx_word' id='word_1_768' title='bbox 1422 5753 1574 5808; x_wconf 88' lang='lat' dir='ltr'><strong>nullo</strong></span> <span class='ocrx_word' id='word_1_769' title='bbox 1596 5751 1926 5824; x_wconf 74' lang='lat' dir='ltr'><strong>suﬂ‘ragante</strong></span> 
     </span>
    </p>
   </div>
   <div class='ocr_carea' id='block_1_92' title="bbox 2042 3223 3654 3298">
    <p class='ocr_par' dir='ltr' id='par_1_92' title="bbox 2042 3223 3654 3298">
     <span class='ocr_line' id='line_1_92' title="bbox 2042 3223 3654 3298; baseline 0 -16"><span class='ocrx_word' id='word_1_770' title='bbox 2042 3226 2417 3298; x_wconf 87' lang='lat' dir='ltr'><strong>intelligamus</strong></span> <span class='ocrx_word' id='word_1_771' title='bbox 2439 3229 2530 3297; x_wconf 91' lang='lat' dir='ltr'><strong>qui</strong></span> <span class='ocrx_word' id='word_1_772' title='bbox 2578 3223 2646 3282; x_wconf 89' lang='lat' dir='ltr'><strong>ab</strong></span> <span class='ocrx_word' id='word_1_773' title='bbox 2687 3231 2770 3282; x_wconf 88' lang='lat' dir='ltr'><strong>eis</strong></span> <span class='ocrx_word' id='word_1_774' title='bbox 2815 3236 2942 3282; x_wconf 89' lang='lat' dir='ltr'><strong>sunt</strong></span> <span class='ocrx_word' id='word_1_775' title='bbox 2973 3226 3270 3282; x_wconf 88' lang='lat' dir='ltr'><strong>interfecti.</strong></span> <span class='ocrx_word' id='word_1_776' title='bbox 3309 3227 3372 3282; x_wconf 88' lang='lat' dir='ltr'><strong>Et</strong></span> <span class='ocrx_word' id='word_1_777' title='bbox 3397 3238 3654 3282; x_wconf 85' lang='lat' dir='ltr'><strong>corruent</strong></span> 
     </span>
    </p>
   </div>
   <div class='ocr_carea' id='block_1_93' title="bbox 2042 3320 3652 3391">
    <p class='ocr_par' dir='ltr' id='par_1_93' title="bbox 2042 3320 3652 3391">
     <span class='ocr_line' id='line_1_93' title="bbox 2042 3320 3652 3391; baseline 0.001 -17"><span class='ocrx_word' id='word_1_778' title='bbox 2042 3320 2094 3376; x_wconf 92' lang='lat' dir='ltr'><strong>in</strong></span> <span class='ocrx_word' id='word_1_779' title='bbox 2149 3321 2475 3389; x_wconf 89' lang='lat' dir='ltr'><strong>corporibus</strong></span> <span class='ocrx_word' id='word_1_780' title='bbox 2503 3321 2641 3386; x_wconf 88' lang='lat' dir='ltr'><strong>suis,</strong></span> <span class='ocrx_word' id='word_1_781' title='bbox 2679 3322 2764 3376; x_wconf 90' lang='lat' dir='ltr'><strong>vel</strong></span> <span class='ocrx_word' id='word_1_782' title='bbox 2823 3321 3020 3376; x_wconf 81' lang='lat' dir='ltr'><strong>cadent</strong></span> <span class='ocrx_word' id='word_1_783' title='bbox 3067 3336 3097 3375; x_wconf 91' lang='lat' dir='ltr'><strong>a</strong></span> <span class='ocrx_word' id='word_1_784' title='bbox 3151 3337 3246 3376; x_wconf 83' lang='lat' dir='ltr'><strong>sua</strong></span> <span class='ocrx_word' id='word_1_785' title='bbox 3283 3321 3652 3391; x_wconf 76' lang='lat' dir='ltr'><strong>nzultitudine,</strong></span> 
     </span>
    </p>
   </div>
   <div class='ocr_carea' id='block_1_94' title="bbox 2037 3411 3652 3484">
    <p class='ocr_par' dir='ltr' id='par_1_94' title="bbox 2037 3411 3652 3484">
     <span class='ocr_line' id='line_1_94' title="bbox 2037 3411 3652 3484; baseline -0.001 -14"><span class='ocrx_word' id='word_1_786' title='bbox 2037 3413 2170 3470; x_wconf 90' lang='lat' dir='ltr'><strong>dum</strong></span> <span class='ocrx_word' id='word_1_787' title='bbox 2204 3430 2232 3468; x_wconf 89' lang='lat' dir='ltr'><strong>a</strong></span> <span class='ocrx_word' id='word_1_788' title='bbox 2263 3428 2323 3470; x_wconf 90' lang='lat' dir='ltr'><strong>se</strong></span> <span class='ocrx_word' id='word_1_789' title='bbox 2355 3414 2586 3468; x_wconf 88' lang='lat' dir='ltr'><strong>invicem</strong></span> <span class='ocrx_word' id='word_1_790' title='bbox 2619 3415 3001 3484; x_wconf 79' lang='lat' dir='ltr'><strong>ctmstipantur</strong></span> <span class='ocrx_word' id='word_1_791' title='bbox 3038 3432 3051 3468; x_wconf 92' lang='lat'><strong>:</strong></span> <span class='ocrx_word' id='word_1_792' title='bbox 3086 3417 3170 3468; x_wconf 86' lang='lat' dir='ltr'><strong>vel</strong></span> <span class='ocrx_word' id='word_1_793' title='bbox 3198 3415 3251 3470; x_wconf 93' lang='lat' dir='ltr'><strong>in</strong></span> <span class='ocrx_word' id='word_1_794' title='bbox 3291 3411 3652 3470; x_wconf 88' lang='lat' dir='ltr'><strong>cadaveribus</strong></span> 
     </span>
    </p>
   </div>
   <div class='ocr_carea' id='block_1_95' title="bbox 2038 3509 3644 3577">
    <p class='ocr_par' dir='ltr' id='par_1_95' title="bbox 2038 3509 3644 3577">
     <span class='ocr_line' id='line_1_95' title="bbox 2038 3509 3644 3577; baseline 0.001 -13"><span class='ocrx_word' id='word_1_795' title='bbox 2038 3517 2300 3565; x_wconf 90' lang='lat' dir='ltr'><strong>corruent</strong></span> <span class='ocrx_word' id='word_1_796' title='bbox 2329 3509 2741 3565; x_wconf 89' lang='lat' dir='ltr'><strong>interfectorum</strong></span> <span class='ocrx_word' id='word_1_797' title='bbox 2795 3526 2807 3564; x_wconf 93' lang='lat'><strong>:</strong></span> <span class='ocrx_word' id='word_1_798' title='bbox 2860 3511 3027 3566; x_wconf 77' lang='grc' dir='ltr'><strong>αὐτῶν</strong></span> <span class='ocrx_word' id='word_1_799' title='bbox 3056 3511 3201 3565; x_wconf 86' lang='lat' dir='ltr'><strong>enim</strong></span> <span class='ocrx_word' id='word_1_800' title='bbox 3231 3521 3286 3566; x_wconf 89' lang='lat' dir='ltr'><strong>et</strong></span> <span class='ocrx_word' id='word_1_801' title='bbox 3311 3511 3444 3577; x_wconf 85' lang='lat' dir='ltr'><strong>suis,</strong></span> <span class='ocrx_word' id='word_1_802' title='bbox 3473 3521 3524 3565; x_wconf 91' lang='lat' dir='ltr'><strong>et</strong></span> <span class='ocrx_word' id='word_1_803' title='bbox 3555 3528 3644 3565; x_wconf 86' lang='lat' dir='ltr'><strong>eo-</strong></span> 
     </span>
    </p>
   </div>
   <div class='ocr_carea' id='block_1_96' title="bbox 2036 3601 3642 3672">
    <p class='ocr_par' dir='ltr' id='par_1_96' title="bbox 2036 3601 3642 3672">
     <span class='ocr_line' id='line_1_96' title="bbox 2036 3601 3642 3672; baseline 0.003 -18"><span class='ocrx_word' id='word_1_804' title='bbox 2036 3617 2177 3670; x_wconf 90' lang='lat' dir='ltr'><strong>rum,</strong></span> <span class='ocrx_word' id='word_1_805' title='bbox 2206 3609 2493 3672; x_wconf 81' lang='lat' dir='ltr'><strong>utrumquc</strong></span> <span class='ocrx_word' id='word_1_806' title='bbox 2517 3601 2808 3672; x_wconf 76' lang='lat' dir='ltr'><strong>signiﬁcat.</strong></span> <span class='ocrx_word' id='word_1_807' title='bbox 2841 3602 3070 3672; x_wconf 85' lang='lat' dir='ltr'><strong>Propter</strong></span> <span class='ocrx_word' id='word_1_808' title='bbox 3093 3602 3522 3671; x_wconf 87' lang='lat' dir='ltr'><strong>multitudinem,</strong></span> <span class='ocrx_word' id='word_1_809' title='bbox 3556 3603 3642 3660; x_wconf 90' lang='lat' dir='ltr'><strong>in-</strong></span> 
     </span>
    </p>
   </div>
   <div class='ocr_carea' id='block_1_97' title="bbox 2037 3694 3645 3769">
    <p class='ocr_par' dir='ltr' id='par_1_97' title="bbox 2037 3694 3645 3769">
     <span class='ocr_line' id='line_1_97' title="bbox 2037 3694 3645 3769; baseline 0.003 -20"><span class='ocrx_word' id='word_1_810' title='bbox 2037 3695 2194 3764; x_wconf 88' lang='lat' dir='ltr'><strong>quit,</strong></span> <span class='ocrx_word' id='word_1_811' title='bbox 2239 3694 2660 3751; x_wconf 86' lang='lat' dir='ltr'><strong>fornicationum</strong></span> <span class='ocrx_word' id='word_1_812' title='bbox 2716 3696 3022 3752; x_wconf 88' lang='lat' dir='ltr'><strong>meretricis</strong></span> <span class='ocrx_word' id='word_1_813' title='bbox 3064 3699 3231 3769; x_wconf 88' lang='lat' dir='ltr'><strong>:quia</strong></span> <span class='ocrx_word' id='word_1_814' title='bbox 3283 3714 3405 3754; x_wconf 89' lang='lat' dir='ltr'><strong>cum</strong></span> <span class='ocrx_word' id='word_1_815' title='bbox 3459 3699 3645 3754; x_wconf 92' lang='lat' dir='ltr'><strong>multis</strong></span> 
     </span>
    </p>
   </div>
   <div class='ocr_carea' id='block_1_98' title="bbox 2035 3785 3645 3864">
    <p class='ocr_par' dir='ltr' id='par_1_98' title="bbox 2035 3785 3645 3864">
     <span class='ocr_line' id='line_1_98' title="bbox 2035 3785 3645 3864; baseline 0.006 -24"><span class='ocrx_word' id='word_1_816' title='bbox 2035 3787 2290 3858; x_wconf 88' lang='lat' dir='ltr'><strong>gentibus</strong></span> <span class='ocrx_word' id='word_1_817' title='bbox 2317 3785 2588 3842; x_wconf 90' lang='lat' dir='ltr'><strong>fornicata</strong></span> <span class='ocrx_word' id='word_1_818' title='bbox 2614 3798 2716 3850; x_wconf 88' lang='lat' dir='ltr'><strong>est,</strong></span> <span class='ocrx_word' id='word_1_819' title='bbox 2749 3800 2801 3844; x_wconf 93' lang='lat' dir='ltr'><strong>et</strong></span> <span class='ocrx_word' id='word_1_820' title='bbox 2836 3791 3000 3844; x_wconf 86' lang='lat' dir='ltr'><strong>totius</strong></span> <span class='ocrx_word' id='word_1_821' title='bbox 3031 3791 3182 3846; x_wconf 87' lang='lat' dir='ltr'><strong>orbis</strong></span> <span class='ocrx_word' id='word_1_822' title='bbox 3209 3807 3370 3864; x_wconf 89' lang='lat' dir='ltr'><strong>quem</strong></span> <span class='ocrx_word' id='word_1_823' title='bbox 3393 3791 3645 3861; x_wconf 87' lang='lat' dir='ltr'><strong>subjece-</strong></span> 
     </span>
    </p>
   </div>
   <div class='ocr_carea' id='block_1_99' title="bbox 2037 3865 3645 3956">
    <p class='ocr_par' dir='ltr' id='par_1_99' title="bbox 2037 3865 3645 3956">
     <span class='ocr_line' id='line_1_99' title="bbox 2037 3865 3645 3956; baseline 0.002 -20"><span class='ocrx_word' id='word_1_824' title='bbox 2037 3890 2123 3936; x_wconf 87' lang='lat' dir='ltr'><strong>rat</strong></span> <span class='ocrx_word' id='word_1_825' title='bbox 2142 3879 2248 3936; x_wconf 89' lang='lat' dir='ltr'><strong>sibi</strong></span> <span class='ocrx_word' id='word_1_826' title='bbox 2272 3881 2487 3937; x_wconf 89' lang='lat' dir='ltr'><strong>colebat</strong></span> <span class='ocrx_word' id='word_1_827' title='bbox 2513 3881 2678 3936; x_wconf 89' lang='lat' dir='ltr'><strong>idola.</strong></span> <span class='ocrx_word' id='word_1_828' title='bbox 2708 3881 2986 3952; x_wconf 72' lang='lat' dir='ltr'><strong>Speciosae</strong></span> <span class='ocrx_word' id='word_1_829' title='bbox 3009 3891 3063 3938; x_wconf 90' lang='lat' dir='ltr'><strong>ct</strong></span> <span class='ocrx_word' id='word_1_830' title='bbox 3091 3865 3282 3956; x_wconf 65' lang='lat' dir='ltr'><strong>gratae,</strong></span> <span class='ocrx_word' id='word_1_831' title='bbox 3309 3892 3366 3939; x_wconf 89' lang='lat' dir='ltr'><strong>et</strong></span> <span class='ocrx_word' id='word_1_832' title='bbox 3392 3884 3645 3941; x_wconf 73' lang='lat' dir='ltr'><strong>habentis</strong></span> 
     </span>
    </p>
   </div>
   <div class='ocr_carea' id='block_1_100' title="bbox 2037 3973 3641 4048">
    <p class='ocr_par' dir='ltr' id='par_1_100' title="bbox 2037 3973 3641 4048">
     <span class='ocr_line' id='line_1_100' title="bbox 2037 3973 3641 4048; baseline 0.003 -20"><span class='ocrx_word' id='word_1_833' title='bbox 2037 3973 2332 4040; x_wconf 85' lang='lat' dir='ltr'><strong>maleﬁcia,</strong></span> <span class='ocrx_word' id='word_1_834' title='bbox 2361 3989 2547 4045; x_wconf 83' lang='lat' dir='ltr'><strong>magos</strong></span> <span class='ocrx_word' id='word_1_835' title='bbox 2578 3975 2851 4046; x_wconf 80' lang='lat' dir='ltr'><strong>significat</strong></span> <span class='ocrx_word' id='word_1_836' title='bbox 2885 3993 2898 4029; x_wconf 90' lang='lat'><strong>:</strong></span> <span class='ocrx_word' id='word_1_837' title='bbox 2929 3991 3048 4046; x_wconf 68' lang='lat' dir='ltr'><strong>qua:</strong></span> <span class='ocrx_word' id='word_1_838' title='bbox 3081 3975 3324 4032; x_wconf 88' lang='lat' dir='ltr'><strong>vendidit</strong></span> <span class='ocrx_word' id='word_1_839' title='bbox 3366 3987 3559 4048; x_wconf 85' lang='lat' dir='ltr'><strong>gentes</strong></span> <span class='ocrx_word' id='word_1_840' title='bbox 3591 3980 3641 4033; x_wconf 82' lang='lat' dir='ltr'><strong>in</strong></span> 
     </span>
    </p>
   </div>
   <div class='ocr_carea' id='block_1_101' title="bbox 2034 4068 3640 4140">
    <p class='ocr_par' dir='ltr' id='par_1_101' title="bbox 2034 4068 3640 4140">
     <span class='ocr_line' id='line_1_101' title="bbox 2034 4068 3640 4140; baseline 0.003 -16"><span class='ocrx_word' id='word_1_841' title='bbox 2034 4068 2494 4126; x_wconf 86' lang='lat' dir='ltr'><strong>fornicationibus</strong></span> <span class='ocrx_word' id='word_1_842' title='bbox 2521 4073 2717 4137; x_wconf 89' lang='lat' dir='ltr'><strong>suis,ct</strong></span> <span class='ocrx_word' id='word_1_843' title='bbox 2745 4070 2981 4127; x_wconf 84' lang='lat' dir='ltr'><strong>familias</strong></span> <span class='ocrx_word' id='word_1_844' title='bbox 3005 4071 3059 4126; x_wconf 93' lang='lat' dir='ltr'><strong>in</strong></span> <span class='ocrx_word' id='word_1_845' title='bbox 3090 4071 3374 4128; x_wconf 85' lang='lat' dir='ltr'><strong>maleﬁciis</strong></span> <span class='ocrx_word' id='word_1_846' title='bbox 3421 4073 3555 4140; x_wconf 89' lang='lat' dir='ltr'><strong>suis,</strong></span> <span class='ocrx_word' id='word_1_847' title='bbox 3587 4073 3640 4129; x_wconf 93' lang='lat' dir='ltr'><strong>id</strong></span> 
     </span>
    </p>
   </div>
   <div class='ocr_carea' id='block_1_102' title="bbox 2034 4163 3642 4236">
    <p class='ocr_par' dir='ltr' id='par_1_102' title="bbox 2034 4163 3642 4236">
     <span class='ocr_line' id='line_1_102' title="bbox 2034 4163 3642 4236; baseline 0.001 -16"><span class='ocrx_word' id='word_1_848' title='bbox 2034 4171 2122 4220; x_wconf 89' lang='lat' dir='ltr'><strong>est</strong></span> <span class='ocrx_word' id='word_1_849' title='bbox 2146 4205 2161 4229; x_wconf 89' lang='lat'><strong>,</strong></span> <span class='ocrx_word' id='word_1_850' title='bbox 2191 4178 2312 4234; x_wconf 70' lang='lat' dir='ltr'><strong>qua:</strong></span> <span class='ocrx_word' id='word_1_851' title='bbox 2341 4163 2398 4220; x_wconf 89' lang='lat' dir='ltr'><strong>in</strong></span> <span class='ocrx_word' id='word_1_852' title='bbox 2420 4173 2643 4219; x_wconf 89' lang='lat' dir='ltr'><strong>cunctas</strong></span> <span class='ocrx_word' id='word_1_853' title='bbox 2685 4174 2882 4236; x_wconf 85' lang='lat' dir='ltr'><strong>gentes</strong></span> <span class='ocrx_word' id='word_1_854' title='bbox 2910 4163 3098 4220; x_wconf 86' lang='lat' dir='ltr'><strong>habuit</strong></span> <span class='ocrx_word' id='word_1_855' title='bbox 3129 4175 3477 4236; x_wconf 88' lang='lat' dir='ltr'><strong>potestatem.</strong></span> <span class='ocrx_word' id='word_1_856' title='bbox 3512 4165 3642 4222; x_wconf 82' lang='lat' dir='ltr'><strong>llaec</strong></span> 
     </span>
    </p>
   </div>
   <div class='ocr_carea' id='block_1_103' title="bbox 2034 4253 3642 4330">
    <p class='ocr_par' dir='ltr' id='par_1_103' title="bbox 2034 4253 3642 4330">
     <span class='ocr_line' id='line_1_103' title="bbox 2034 4253 3642 4330; baseline 0.003 -17"><span class='ocrx_word' id='word_1_857' title='bbox 2034 4256 2102 4313; x_wconf 89' lang='lat' dir='ltr'><strong>de</strong></span> <span class='ocrx_word' id='word_1_858' title='bbox 2125 4257 2321 4313; x_wconf 80' lang='lat' dir='ltr'><strong>Ninive</strong></span> <span class='ocrx_word' id='word_1_859' title='bbox 2342 4258 2634 4313; x_wconf 90' lang='lat' dir='ltr'><strong>suntdicta</strong></span> <span class='ocrx_word' id='word_1_860' title='bbox 2664 4259 3010 4330; x_wconf 87' lang='lat' dir='ltr'><strong>simpliciter.</strong></span> <span class='ocrx_word' id='word_1_861' title='bbox 3040 4253 3310 4316; x_wconf 65' lang='lat' dir='ltr'><strong>Caeterum</strong></span> <span class='ocrx_word' id='word_1_862' title='bbox 3333 4260 3378 4317; x_wconf 90' lang='lat' dir='ltr'><strong>si</strong></span> <span class='ocrx_word' id='word_1_863' title='bbox 3404 4261 3642 4318; x_wconf 87' lang='lat' dir='ltr'><strong>rationa-</strong></span> 
     </span>
    </p>
   </div>
   <div class='ocr_carea' id='block_1_104' title="bbox 2032 4351 3641 4423">
    <p class='ocr_par' dir='ltr' id='par_1_104' title="bbox 2032 4351 3641 4423">
     <span class='ocr_line' id='line_1_104' title="bbox 2032 4351 3641 4423; baseline 0.004 -15"><span class='ocrx_word' id='word_1_864' title='bbox 2032 4351 2216 4408; x_wconf 87' lang='lat' dir='ltr'><strong>biliter</strong></span> <span class='ocrx_word' id='word_1_865' title='bbox 2249 4363 2473 4423; x_wconf 90' lang='lat' dir='ltr'><strong>propter</strong></span> <span class='ocrx_word' id='word_1_866' title='bbox 2505 4353 2926 4421; x_wconf 85' lang='lat' dir='ltr'><strong>pulchritudinis</strong></span> <span class='ocrx_word' id='word_1_867' title='bbox 2959 4370 3157 4411; x_wconf 89' lang='lat' dir='ltr'><strong>nomen</strong></span> <span class='ocrx_word' id='word_1_868' title='bbox 3188 4357 3446 4411; x_wconf 92' lang='lat' dir='ltr'><strong>mundum</strong></span> <span class='ocrx_word' id='word_1_869' title='bbox 3476 4355 3641 4416; x_wconf 83' lang='lat' dir='ltr'><strong>intel-</strong></span> 
     </span>
    </p>
   </div>
   <div class='ocr_carea' id='block_1_105' title="bbox 2035 4441 3634 4518">
    <p class='ocr_par' dir='ltr' id='par_1_105' title="bbox 2035 4441 3634 4518">
     <span class='ocr_line' id='line_1_105' title="bbox 2035 4441 3634 4518; baseline 0.005 -21"><span class='ocrx_word' id='word_1_870' title='bbox 2035 4441 2268 4498; x_wconf 83' lang='lat' dir='ltr'><strong>leximns</strong></span> <span class='ocrx_word' id='word_1_871' title='bbox 2297 4443 2407 4514; x_wconf 83' lang='lat' dir='ltr'><strong>(At.</strong></span> <span class='ocrx_word' id='word_1_872' title='bbox 2447 4443 2902 4516; x_wconf 74' lang='lat' dir='ltr'><strong>intellexerimus)</strong></span> <span class='ocrx_word' id='word_1_873' title='bbox 2925 4443 3354 4510; x_wconf 84' lang='lat' dir='ltr'><strong>Niniven,recte</strong></span> <span class='ocrx_word' id='word_1_874' title='bbox 3378 4449 3634 4518; x_wconf 90' lang='lat' dir='ltr'><strong>mundus,</strong></span> 
     </span>
    </p>
   </div>
   <div class='ocr_carea' id='block_1_106' title="bbox 1960 4517 3638 4614">
    <p class='ocr_par' dir='ltr' id='par_1_106' title="bbox 1960 4517 3638 4614">
     <span class='ocr_line' id='line_1_106' title="bbox 1960 4517 3638 4614; baseline 0.005 -24"><span class='ocrx_word' id='word_1_875' title='bbox 1960 4517 2011 4577; x_wconf 78' lang='grc' dir='ltr'><strong>Ι)</strong></span> <span class='ocrx_word' id='word_1_876' title='bbox 2034 4537 2126 4607; x_wconf 89' lang='lat' dir='ltr'><strong>qni</strong></span> <span class='ocrx_word' id='word_1_877' title='bbox 2149 4538 2202 4591; x_wconf 91' lang='lat' dir='ltr'><strong>in</strong></span> <span class='ocrx_word' id='word_1_878' title='bbox 2235 4537 2380 4592; x_wconf 91' lang='lat' dir='ltr'><strong>malo</strong></span> <span class='ocrx_word' id='word_1_879' title='bbox 2411 4537 2622 4608; x_wconf 91' lang='lat' dir='ltr'><strong>positus</strong></span> <span class='ocrx_word' id='word_1_880' title='bbox 2649 4546 2754 4604; x_wconf 91' lang='lat' dir='ltr'><strong>est,</strong></span> <span class='ocrx_word' id='word_1_881' title='bbox 2789 4549 3010 4608; x_wconf 88' lang='lat' dir='ltr'><strong>pr0pter</strong></span> <span class='ocrx_word' id='word_1_882' title='bbox 3036 4539 3438 4597; x_wconf 77' lang='lat' dir='ltr'><strong>multitudinem</strong></span> <span class='ocrx_word' id='word_1_883' title='bbox 3470 4544 3638 4614; x_wconf 87' lang='lat' dir='ltr'><strong>sagit-</strong></span> 
     </span>
    </p>
   </div>
   <div class='ocr_carea' id='block_1_107' title="bbox 2038 4629 3632 4706">
    <p class='ocr_par' dir='ltr' id='par_1_107' title="bbox 2038 4629 3632 4706">
     <span class='ocr_line' id='line_1_107' title="bbox 2038 4629 3632 4706; baseline 0.006 -23"><span class='ocrx_word' id='word_1_884' title='bbox 2038 4629 2318 4695; x_wconf 88' lang='lat' dir='ltr'><strong>tariorum,</strong></span> <span class='ocrx_word' id='word_1_885' title='bbox 2347 4636 2404 4683; x_wconf 89' lang='lat' dir='ltr'><strong>et</strong></span> <span class='ocrx_word' id='word_1_886' title='bbox 2431 4639 2620 4684; x_wconf 91' lang='lat' dir='ltr'><strong>eorum</strong></span> <span class='ocrx_word' id='word_1_887' title='bbox 2647 4631 2736 4701; x_wconf 91' lang='lat' dir='ltr'><strong>qui</strong></span> <span class='ocrx_word' id='word_1_888' title='bbox 2765 4631 2916 4685; x_wconf 91' lang='lat' dir='ltr'><strong>velut</strong></span> <span class='ocrx_word' id='word_1_889' title='bbox 2941 4631 3138 4703; x_wconf 88' lang='lat' dir='ltr'><strong>gladiis</strong></span> <span class='ocrx_word' id='word_1_890' title='bbox 3161 4630 3410 4688; x_wconf 85' lang='lat' dir='ltr'><strong>homines</strong></span> <span class='ocrx_word' id='word_1_891' title='bbox 3435 4633 3632 4706; x_wconf 85' lang='lat' dir='ltr'><strong>linguis</strong></span> 
     </span>
    </p>
   </div>
   <div class='ocr_carea' id='block_1_108' title="bbox 2036 4713 3632 4795">
    <p class='ocr_par' dir='ltr' id='par_1_108' title="bbox 2036 4713 3632 4795">
     <span class='ocr_line' id='line_1_108' title="bbox 2036 4713 3632 4795; baseline 0.007 -22"><span class='ocrx_word' id='word_1_892' title='bbox 2036 4713 2201 4792; x_wconf 56' lang='lat'><strong>565.</strong></span> <span class='ocrx_word' id='word_1_893' title='bbox 2229 4721 2342 4777; x_wconf 91' lang='lat' dir='ltr'><strong>suis</strong></span> <span class='ocrx_word' id='word_1_894' title='bbox 2373 4719 2734 4789; x_wconf 86' lang='lat' dir='ltr'><strong>interﬁciunt,</strong></span> <span class='ocrx_word' id='word_1_895' title='bbox 2765 4720 2960 4778; x_wconf 73' lang='lat' dir='ltr'><strong>civitas</strong></span> <span class='ocrx_word' id='word_1_896' title='bbox 2997 4725 3321 4795; x_wconf 86' lang='lat' dir='ltr'><strong>sanguinum</strong></span> <span class='ocrx_word' id='word_1_897' title='bbox 3352 4725 3494 4782; x_wconf 88' lang='lat' dir='ltr'><strong>dicta</strong></span> <span class='ocrx_word' id='word_1_898' title='bbox 3525 4738 3632 4784; x_wconf 89' lang='lat' dir='ltr'><strong>est.</strong></span> 
     </span>
    </p>
   </div>
   <div class='ocr_carea' id='block_1_109' title="bbox 2039 4814 3637 4892">
    <p class='ocr_par' dir='ltr' id='par_1_109' title="bbox 2039 4814 3637 4892">
     <span class='ocr_line' id='line_1_109' title="bbox 2039 4814 3637 4892; baseline 0.004 -22"><span class='ocrx_word' id='word_1_899' title='bbox 2039 4814 2194 4871; x_wconf 85' lang='lat' dir='ltr'><strong>Unde</strong></span> <span class='ocrx_word' id='word_1_900' title='bbox 2219 4824 2274 4870; x_wconf 89' lang='lat' dir='ltr'><strong>et</strong></span> <span class='ocrx_word' id='word_1_901' title='bbox 2299 4824 2704 4884; x_wconf 86' lang='lat' dir='ltr'><strong>consequenter</strong></span> <span class='ocrx_word' id='word_1_902' title='bbox 2727 4827 2836 4872; x_wconf 89' lang='lat' dir='ltr'><strong>tota</strong></span> <span class='ocrx_word' id='word_1_903' title='bbox 2870 4817 3125 4884; x_wconf 79' lang='lat' dir='ltr'><strong>mendax,</strong></span> <span class='ocrx_word' id='word_1_904' title='bbox 3149 4820 3293 4891; x_wconf 87' lang='lat' dir='ltr'><strong>quod</strong></span> <span class='ocrx_word' id='word_1_905' title='bbox 3317 4821 3384 4877; x_wconf 89' lang='lat' dir='ltr'><strong>ad</strong></span> <span class='ocrx_word' id='word_1_906' title='bbox 3415 4837 3637 4892; x_wconf 84' lang='lat' dir='ltr'><strong>perver-</strong></span> 
     </span>
    </p>
   </div>
   <div class='ocr_carea' id='block_1_110' title="bbox 2034 4907 3636 4979">
    <p class='ocr_par' dir='ltr' id='par_1_110' title="bbox 2034 4907 3636 4979">
     <span class='ocr_line' id='line_1_110' title="bbox 2034 4907 3636 4979; baseline 0.005 -15"><span class='ocrx_word' id='word_1_907' title='bbox 2034 4908 2254 4964; x_wconf 87' lang='lat' dir='ltr'><strong>sitatem</strong></span> <span class='ocrx_word' id='word_1_908' title='bbox 2279 4907 2652 4964; x_wconf 89' lang='lat' dir='ltr'><strong>doctrinarum</strong></span> <span class='ocrx_word' id='word_1_909' title='bbox 2685 4909 2939 4979; x_wconf 88' lang='lat' dir='ltr'><strong>refertur,</strong></span> <span class='ocrx_word' id='word_1_910' title='bbox 2969 4927 3074 4967; x_wconf 91' lang='lat' dir='ltr'><strong>non</strong></span> <span class='ocrx_word' id='word_1_911' title='bbox 3107 4913 3342 4970; x_wconf 84' lang='lat' dir='ltr'><strong>habente</strong></span> <span class='ocrx_word' id='word_1_912' title='bbox 3379 4927 3636 4972; x_wconf 82' lang='lat' dir='ltr'><strong>sermone</strong></span> 
     </span>
    </p>
   </div>
   <div class='ocr_carea' id='block_1_111' title="bbox 2034 5001 3633 5080">
    <p class='ocr_par' dir='ltr' id='par_1_111' title="bbox 2034 5001 3633 5080">
     <span class='ocr_line' id='line_1_111' title="bbox 2034 5001 3633 5080; baseline 0.006 -24"><span class='ocrx_word' id='word_1_913' title='bbox 2034 5002 2151 5070; x_wconf 88' lang='lat' dir='ltr'><strong>Dei,</strong></span> <span class='ocrx_word' id='word_1_914' title='bbox 2182 5001 2272 5058; x_wconf 89' lang='lat' dir='ltr'><strong>ubi</strong></span> <span class='ocrx_word' id='word_1_915' title='bbox 2300 5011 2462 5072; x_wconf 91' lang='lat' dir='ltr'><strong>caput</strong></span> <span class='ocrx_word' id='word_1_916' title='bbox 2488 5003 2540 5058; x_wconf 92' lang='lat' dir='ltr'><strong>in</strong></span> <span class='ocrx_word' id='word_1_917' title='bbox 2569 5017 2631 5060; x_wconf 90' lang='lat' dir='ltr'><strong>ea</strong></span> <span class='ocrx_word' id='word_1_918' title='bbox 2663 5003 2916 5074; x_wconf 88' lang='lat' dir='ltr'><strong>reclinet,</strong></span> <span class='ocrx_word' id='word_1_919' title='bbox 2943 5021 3068 5063; x_wconf 89' lang='lat' dir='ltr'><strong>cum</strong></span> <span class='ocrx_word' id='word_1_920' title='bbox 3093 5019 3348 5078; x_wconf 85' lang='lat' dir='ltr'><strong>perversa</strong></span> <span class='ocrx_word' id='word_1_921' title='bbox 3379 5007 3633 5080; x_wconf 86' lang='lat' dir='ltr'><strong>dogmata</strong></span> 
     </span>
    </p>
   </div>
   <div class='ocr_carea' id='block_1_112' title="bbox 2031 5094 3634 5172">
    <p class='ocr_par' dir='ltr' id='par_1_112' title="bbox 2031 5094 3634 5172">
     <span class='ocr_line' id='line_1_112' title="bbox 2031 5094 3634 5172; baseline 0.006 -22"><span class='ocrx_word' id='word_1_922' title='bbox 2031 5105 2225 5151; x_wconf 87' lang='lat' dir='ltr'><strong>cuncta</strong></span> <span class='ocrx_word' id='word_1_923' title='bbox 2273 5094 2616 5166; x_wconf 83' lang='lat' dir='ltr'><strong>possideant.</strong></span> <span class='ocrx_word' id='word_1_924' title='bbox 2669 5096 2787 5153; x_wconf 86' lang='lat' dir='ltr'><strong>Non</strong></span> <span class='ocrx_word' id='word_1_925' title='bbox 2819 5108 2904 5155; x_wconf 90' lang='lat' dir='ltr'><strong>est</strong></span> <span class='ocrx_word' id='word_1_926' title='bbox 2953 5101 3044 5170; x_wconf 91' lang='lat' dir='ltr'><strong>qui</strong></span> <span class='ocrx_word' id='word_1_927' title='bbox 3097 5099 3365 5172; x_wconf 85' lang='lat' dir='ltr'><strong>intelligat</strong></span> <span class='ocrx_word' id='word_1_928' title='bbox 3403 5112 3498 5157; x_wconf 88' lang='lat' dir='ltr'><strong>aut</strong></span> <span class='ocrx_word' id='word_1_929' title='bbox 3548 5119 3634 5159; x_wconf 79' lang='lat' dir='ltr'><strong>re—</strong></span> 
     </span>
    </p>
   </div>
   <div class='ocr_carea' id='block_1_113' title="bbox 2033 5189 3630 5260">
    <p class='ocr_par' dir='ltr' id='par_1_113' title="bbox 2033 5189 3630 5260">
     <span class='ocr_line' id='line_1_113' title="bbox 2033 5189 3630 5260; baseline 0.008 -19"><span class='ocrx_word' id='word_1_930' title='bbox 2033 5189 2212 5260; x_wconf 87' lang='lat' dir='ltr'><strong>quirat</strong></span> <span class='ocrx_word' id='word_1_931' title='bbox 2238 5189 2406 5245; x_wconf 89' lang='lat' dir='ltr'><strong>Deum</strong></span> <span class='ocrx_word' id='word_1_932' title='bbox 2443 5207 2456 5243; x_wconf 94' lang='lat'><strong>:</strong></span> <span class='ocrx_word' id='word_1_933' title='bbox 2499 5203 2690 5245; x_wconf 89' lang='lat' dir='ltr'><strong>omnes</strong></span> <span class='ocrx_word' id='word_1_934' title='bbox 2720 5191 3172 5260; x_wconf 87' lang='lat' dir='ltr'><strong>declinaverunt,</strong></span> <span class='ocrx_word' id='word_1_935' title='bbox 3203 5194 3368 5250; x_wconf 83' lang='lat' dir='ltr'><strong>simul</strong></span> <span class='ocrx_word' id='word_1_936' title='bbox 3411 5197 3630 5254; x_wconf 80' lang='lat' dir='ltr'><strong>inutiles</strong></span> 
     </span>
    </p>
   </div>
   <div class='ocr_carea' id='block_1_114' title="bbox 2034 5281 3630 5362">
    <p class='ocr_par' dir='ltr' id='par_1_114' title="bbox 2034 5281 3630 5362">
     <span class='ocr_line' id='line_1_114' title="bbox 2034 5281 3630 5362; baseline 0.004 -23"><span class='ocrx_word' id='word_1_937' title='bbox 2034 5281 2160 5339; x_wconf 78' lang='lat' dir='ltr'><strong>facti</strong></span> <span class='ocrx_word' id='word_1_938' title='bbox 2187 5293 2314 5340; x_wconf 90' lang='lat' dir='ltr'><strong>sunt</strong></span> <span class='ocrx_word' id='word_1_939' title='bbox 2347 5301 2360 5340; x_wconf 93' lang='lat'>:</span> <span class='ocrx_word' id='word_1_940' title='bbox 2396 5299 2500 5340; x_wconf 91' lang='lat' dir='ltr'><strong>non</strong></span> <span class='ocrx_word' id='word_1_941' title='bbox 2526 5295 2609 5341; x_wconf 89' lang='lat' dir='ltr'><strong>est</strong></span> <span class='ocrx_word' id='word_1_942' title='bbox 2638 5287 2730 5353; x_wconf 86' lang='lat' dir='ltr'><strong>qui</strong></span> <span class='ocrx_word' id='word_1_943' title='bbox 2761 5286 2923 5341; x_wconf 86' lang='lat' dir='ltr'><strong>faciat</strong></span> <span class='ocrx_word' id='word_1_944' title='bbox 2955 5287 3178 5356; x_wconf 91' lang='lat' dir='ltr'><strong>bonum,</strong></span> <span class='ocrx_word' id='word_1_945' title='bbox 3211 5303 3318 5343; x_wconf 91' lang='lat' dir='ltr'><strong>non</strong></span> <span class='ocrx_word' id='word_1_946' title='bbox 3350 5297 3433 5344; x_wconf 91' lang='lat' dir='ltr'><strong>est</strong></span> <span class='ocrx_word' id='word_1_947' title='bbox 3462 5305 3630 5362; x_wconf 88' lang='lat' dir='ltr'><strong>usque</strong></span> 
     </span>
    </p>
   </div>
   <div class='ocr_carea' id='block_1_115' title="bbox 2034 5378 3630 5454">
    <p class='ocr_par' dir='ltr' id='par_1_115' title="bbox 2034 5378 3630 5454">
     <span class='ocr_line' id='line_1_115' title="bbox 2034 5378 3630 5454; baseline 0.003 -18"><span class='ocrx_word' id='word_1_948' title='bbox 2034 5381 2101 5437; x_wconf 86' lang='lat' dir='ltr'><strong>ad</strong></span> <span class='ocrx_word' id='word_1_949' title='bbox 2130 5397 2294 5436; x_wconf 85' lang='lat' dir='ltr'><strong>unum</strong></span> <span class='ocrx_word' id='word_1_950' title='bbox 2324 5378 2494 5452; x_wconf 87' lang='lat' dir='ltr'><strong>(Psal.</strong></span> <span class='ocrx_word' id='word_1_951' title='bbox 2534 5395 2653 5448; x_wconf 86' lang='lat' dir='ltr'><strong>xm,</strong></span> <span class='ocrx_word' id='word_1_952' title='bbox 2681 5381 2736 5448; x_wconf 68' lang='lat'><strong>‘2,</strong></span> <span class='ocrx_word' id='word_1_953' title='bbox 2770 5383 2845 5449; x_wconf 74' lang='grc'><strong>5).</strong></span> <span class='ocrx_word' id='word_1_954' title='bbox 2877 5381 3010 5448; x_wconf 82' lang='lat' dir='ltr'><strong>Quae</strong></span> <span class='ocrx_word' id='word_1_955' title='bbox 3043 5397 3370 5454; x_wconf 85' lang='lat' dir='ltr'><strong>quamquam</strong></span> <span class='ocrx_word' id='word_1_956' title='bbox 3399 5391 3456 5440; x_wconf 88' lang='lat' dir='ltr'><strong>et</strong></span> <span class='ocrx_word' id='word_1_957' title='bbox 3485 5399 3630 5440; x_wconf 88' lang='lat' dir='ltr'><strong>nunc</strong></span> 
     </span>
    </p>
   </div>
   <div class='ocr_carea' id='block_1_116' title="bbox 2031 5474 3633 5549">
    <p class='ocr_par' dir='ltr' id='par_1_116' title="bbox 2031 5474 3633 5549">
     <span class='ocr_line' id='line_1_116' title="bbox 2031 5474 3633 5549; baseline 0.002 -17"><span class='ocrx_word' id='word_1_958' title='bbox 2031 5491 2098 5532; x_wconf 84' lang='lat' dir='ltr'><strong>ex</strong></span> <span class='ocrx_word' id='word_1_959' title='bbox 2137 5483 2295 5545; x_wconf 86' lang='lat' dir='ltr'><strong>parte</strong></span> <span class='ocrx_word' id='word_1_960' title='bbox 2346 5474 2510 5540; x_wconf 80' lang='lat' dir='ltr'><strong>fiant,</strong></span> <span class='ocrx_word' id='word_1_961' title='bbox 2542 5484 2566 5514; x_wconf 77' lang='grc' dir='ltr'><strong>ο</strong></span> <span class='ocrx_word' id='word_1_962' title='bbox 2604 5482 2788 5530; x_wconf 87' lang='lat' dir='ltr'><strong>tamen</strong></span> <span class='ocrx_word' id='word_1_963' title='bbox 2843 5475 2898 5529; x_wconf 94' lang='lat' dir='ltr'><strong>in</strong></span> <span class='ocrx_word' id='word_1_964' title='bbox 2943 5476 3421 5534; x_wconf 86' lang='lat' dir='ltr'><strong>consummatione</strong></span> <span class='ocrx_word' id='word_1_965' title='bbox 3461 5479 3633 5549; x_wconf 81' lang='lat' dir='ltr'><strong>magis</strong></span> 
     </span>
    </p>
   </div>
   <div class='ocr_carea' id='block_1_117' title="bbox 2035 5604 3440 5681">
    <p class='ocr_par' dir='ltr' id='par_1_117' title="bbox 2035 5604 3440 5681">
     <span class='ocr_line' id='line_1_117' title="bbox 2035 5604 3440 5681; baseline 0.002 -18"><span class='ocrx_word' id='word_1_966' title='bbox 2035 5623 2140 5664; x_wconf 88' lang='lat' dir='ltr'><strong>ms.</strong></span> <span class='ocrx_word' id='word_1_967' title='bbox 2170 5604 2461 5681; x_wconf 67' lang='lat' dir='ltr'><strong>lenticulas.</strong></span> <span class='ocrx_word' id='word_1_968' title='bbox 2497 5605 2747 5681; x_wconf 73' lang='lat' dir='ltr'><strong>Martian.</strong></span> <span class='ocrx_word' id='word_1_969' title='bbox 2777 5610 2893 5681; x_wconf 81' lang='lat' dir='ltr'><strong>ejus</strong></span> <span class='ocrx_word' id='word_1_970' title='bbox 2921 5608 3147 5665; x_wconf 88' lang='lat' dir='ltr'><strong>retinuit</strong></span> <span class='ocrx_word' id='word_1_971' title='bbox 3177 5623 3275 5680; x_wconf 87' lang='lat' dir='ltr'><strong>pro</strong></span> <span class='ocrx_word' id='word_1_972' title='bbox 3305 5619 3440 5666; x_wconf 80' lang='lat' dir='ltr'><strong>tuas.</strong></span> 
     </span>
    </p>
   </div>
   <div class='ocr_carea' id='block_1_118' title="bbox 2106 5679 2914 5749">
    <p class='ocr_par' dir='ltr' id='par_1_118' title="bbox 2106 5679 2914 5749">
     <span class='ocr_line' id='line_1_118' title="bbox 2106 5679 2914 5749; baseline 0 -14"><span class='ocrx_word' id='word_1_973' title='bbox 2106 5681 2132 5720; x_wconf 69' lang='grc' dir='ltr'>δ</span> <span class='ocrx_word' id='word_1_974' title='bbox 2174 5679 2364 5749; x_wconf 79' lang='lat' dir='ltr'><strong>Regia.</strong></span> <span class='ocrx_word' id='word_1_975' title='bbox 2392 5691 2522 5744; x_wconf 88' lang='lat' dir='ltr'><strong>ms.,</strong></span> <span class='ocrx_word' id='word_1_976' title='bbox 2552 5679 2914 5736; x_wconf 72' lang='lat' dir='ltr'><strong>ceruicalibus.</strong></span> 
     </span>
    </p>
   </div>
   <div class='ocr_carea' id='block_1_119' title="bbox 2111 5749 3622 5826">
    <p class='ocr_par' dir='ltr' id='par_1_119' title="bbox 2111 5749 3622 5826">
     <span class='ocr_line' id='line_1_119' title="bbox 2111 5749 3622 5826; baseline 0.003 -18"><span class='ocrx_word' id='word_1_977' title='bbox 2111 5762 2132 5791; x_wconf 74' lang='grc' dir='ltr'><strong>ο</strong></span> <span class='ocrx_word' id='word_1_978' title='bbox 2175 5750 2310 5808; x_wconf 84' lang='lat' dir='ltr'><strong>Cod.</strong></span> <span class='ocrx_word' id='word_1_979' title='bbox 2345 5749 2564 5820; x_wconf 68' lang='lat' dir='ltr'><strong>Regina;</strong></span> <span class='ocrx_word' id='word_1_980' title='bbox 2589 5793 2604 5822; x_wconf 94' lang='lat'><strong>,</strong></span> <span class='ocrx_word' id='word_1_981' title='bbox 2659 5759 2833 5809; x_wconf 72' lang='lat' dir='ltr'><strong>tamen</strong></span> <span class='ocrx_word' id='word_1_982' title='bbox 2875 5753 3043 5826; x_wconf 81' lang='lat' dir='ltr'><strong>magis</strong></span> <span class='ocrx_word' id='word_1_983' title='bbox 3106 5754 3162 5809; x_wconf 87' lang='lat' dir='ltr'><strong>in</strong></span> <span class='ocrx_word' id='word_1_984' title='bbox 3220 5755 3622 5812; x_wconf 79' lang='lat' dir='ltr'><strong>commutatione</strong></span> 
     </span>
    </p>
   </div>
  </div>
