4078 6342
508 277 649 335 1255

507 394 852 464 complentur
894 412 907 448 :

506 488 719 543 frixerit
748 491 988 543 cbaritas
1012 490 1307 543 multorum
1333 487 1548 559 (Matth.
1579 491 1762 560 xxiv.)
1792 491 1987 558 Quanti
2019 507 2110 547 ca-

504 582 728 653 piuntur
758 598 784 635 a
816 581 1055 638 Nentrod
1100 585 1317 654 gigante
1346 624 1359 647 ,
1393 592 1446 637 et
1477 598 1736 640 venatore
1762 586 2068 640 saevissimo
2096 628 2110 653 ,

505 675 630 746 quia
666 675 954 731 adversum
1000 676 1172 731 Deum
1221 676 1579 746 superbiens,
1616 678 1804 747 plures
1853 679 1925 734 de
1974 679 2109 733 saltu

505 771 623 841 ejus
650 772 760 825 suis
794 770 1001 841 pedicis
1026 772 1269 826 innexuit
1298 788 1313 828 :
1347 772 1501 841 cujus
1532 786 1640 826 non
1672 774 2054 828 attrectabitur
2081 792 2109 828 a

506 864 690 919 multis
724 865 904 934 prteda
930 906 945 932 ,
987 864 1110 920 sive
1141 865 1381 921 venatio.
1414 865 1611 920 Multos
1654 867 1798 921 enim
1832 866 1995 921 habet
2020 882 2109 921 sa-

504 958 732 1023 tellites,
764 967 819 1012 et
845 974 1029 1015 secum
1062 960 1269 1029 pariter
1290 969 1586 1016 venatores
1617 1006 1629 1029 ,
1664 962 1755 1031 qui
1787 961 1841 1015 in
1869 963 1987 1031 ejus
2012 976 2111 1021 ve-_

506 1050 730 1106 natione
777 1052 1065 1121 ltetantur,
1094 1062 1149 1107 et
1193 1054 1531 1121 captivorum
1563 1063 1586 1089 ει
1617 1068 1771 1109 more
1819 1054 1869 1108 ei
1906 1062 2106 1108 astant.

506 1145 614 1203 Sed
670 1156 723 1202 et
754 1162 859 1202 vox
909 1147 1252 1217 ﬂagellorum
1306 1148 1528 1203 auditur
1580 1149 1634 1202 in
1688 1148 1890 1204 mundo
1920 1190 1936 1215 ,
1986 1149 2111 1218 quia

505 1239 693 1295 multae
736 1249 867 1295 sunt
894 1239 1273 1296 tribulationes
1300 1241 1573 1311 justornm
1612 1239 1804 1312 (Psal.
1847 1257 2019 1295 xxxttt
2048 1241 2067 1312 )
2094 1283 2109 1305 ,

509 1331 705 1403 quibus
736 1332 826 1401 qui
859 1332 1229 1403 ﬂagellantur,
1262 1334 1564 1398 clamitant,
1595 1342 1649 1388 et
1675 1333 1879 1388 doloris
1900 1335 2111 1406 magni-

512 1426 753 1483 tudinem
785 1428 953 1483 ﬂebili
1005 1445 1138 1485 voce
1189 1437 1510 1486 testantur:
1548 1430 1767 1501 quando
1819 1432 1962 1486 alius
2002 1432 2112 1485 dm-

511 1537 695 1586 mone,
727 1523 872 1577 alius
904 1524 1013 1589 ira,
1045 1539 1166 1593 quat
1196 1523 1365 1578 furori
1408 1524 1603 1580 similis
1636 1535 1720 1580 est
1744 1567 1758 1591 ,
1796 1526 1937 1580 alius
1985 1527 2111 1581 libi-

508 1614 661 1683 dine,
695 1614 845 1683 odio,
873 1615 1099 1683 invidia,
1130 1617 1390 1685 superbia
1419 1618 1811 1687 corripiuntur,
1837 1619 2111 1691 ﬂagellum

506 1709 561 1764 in
594 1709 675 1766 eis
700 1708 911 1778 Assyrii
941 1710 1088 1780 regis
1126 1719 1305 1766 sonat.
1328 1710 1435 1767 Sed
1468 1720 1522 1767 et
1551 1712 1603 1766 in
1632 1713 1882 1782 corporis
1913 1712 2069 1767 malis
2096 1753 2111 1777 ,

1766 282 1826 340 S.
1868 282 2144 342 EUSEBII
2186 287 2564 352 HIERONYMI

948 393 1202 465 quando,
1244 391 1603 462 multiplicata
1660 395 1981 465 iniquitate,
2017 413 2107 453 re-
2136 404 2189 463 Α
2218 403 2351 460 lidat
2399 406 2526 479 [ΑΙ.
2562 404 2814 481 illudat].
2871 405 2967 461 Est
3020 417 3234 475 quoque
3262 403 3316 459 in
3368 404 3575 462 Ninive
3610 415 3666 462 et
3711 424 3800 464 vox

3678 295 3800 355 1256

2215 502 2494 571 quadrigae
2523 502 2804 566 ferventis,
2836 501 3028 572 quales
3080 510 3213 569 puto
3263 498 3526 555 habuisse
3579 498 3803 556 Pharao-

2213 608 2357 659 nem,
2392 610 2512 665 quze
2561 612 2591 650 a
2626 595 2858 650 Domino
2908 594 3209 650 submersa:
3265 603 3388 646 sunt
3422 590 3643 658 (Exod.
3684 593 3802 664 xw).

2212 689 2293 742 Ad
2353 690 2491 745 hanc
2539 691 2862 761 quadrigam
2892 700 3130 761 quatuor
3172 688 3483 757 junguntur
3513 686 3664 755 equi,
3687 702 3807 757 qua-

2212 790 2337 835 tuor
2363 783 2577 839 scilicet
2603 784 3074 855 perturbationes,
3104 782 3172 838 de
3190 781 3386 853 quibus
3412 789 3474 836 et
3509 779 3807 850 philosophi

2212 873 2507 943 disputant,
2563 886 2619 931 et
2674 877 2822 933 Maro
2880 892 2985 932 non
3045 884 3210 945 tacet,
3266 874 3464 931 dicens
3514 871 3809 943 (Virg.,n

2214 968 2456 1041 neid.)
2489 988 2501 1025 :

2337 1100 2399 1151 Hi
2425 1105 2646 1167 cupiunt,
2666 1110 3012 1168 metuuntquc,
3038 1104 3226 1167 dolent,
3253 1105 3669 1169 gaudentque....

2217 1234 2310 1289 llis
2338 1235 2493 1305 equis
2521 1247 2576 1290 et
2606 1236 2705 1292 hac
2731 1236 2993 1308 quadriga
3039 1236 3236 1292 Ninive
3280 1248 3480 1293 cuncta
3522 1239 3809 1305 perturbat.

2214 1325 2319 1380 Sed
2339 1336 2392 1381 et
2412 1328 2609 1394 equitis
2641 1328 2988 1383 ascendentis
3012 1344 3115 1383 vox
3137 1330 3187 1381 in
3202 1343 3266 1383 ea
3292 1340 3579 1399 personat,
3596 1332 3685 1398 qui
3712 1344 3814 1388 arte

2215 1419 2445 1488 quadam
2460 1432 2661 1493 etgyro
2688 1432 3024 1493 praeparatus
3053 1421 3120 1475 ad
3138 1422 3363 1487 bellum,
3383 1438 3495 1478 non
3517 1425 3816 1496 absquepe-

2215 1514 2391 1570 riculo
2418 1527 2609 1571 eontra
2640 1533 2699 1573 se
2743 1520 3034 1589 pugnantis
3065 1516 3288 1574 incedit.
3333 1518 3517 1575 Habet
3548 1518 3638 1574 hic
3661 1536 3813 1590 eques

2215 1608 2485 1663 sermonis
2497 1610 2756 1679 gladium,
2782 1622 3072 1665 exacutum
3088 1620 3209 1667 cote
3230 1613 3563 1679 dialecticae,
3583 1616 3818 1673 etrlteto-

2220 1702 2350 1757 rica;
2400 1702 2533 1758 artis
2584 1704 2704 1759 oleo
2755 1705 3047 1776 levigatum
3092 1722 3107 1759 :
3160 1706 3323 1762 habet
3353 1722 3506 1765 arma
3540 1708 3810 1778 fulgentia,

508 1803 779 1874 ﬂagellum
804 1805 1009 1859 diaboli
1041 1804 1423 1876 intelligimus,
1452 1807 1520 1860 de
1545 1823 1653 1877 quo
1682 1808 1748 1862 ad
1793 1807 1995 1877 justum
2029 1806 2113 1861 di-
2143 1799 2189 1862 Β
2222 1798 2637 1869 transﬁgurante
2685 1814 2744 1855 Se
2798 1799 2998 1856 Salalla
3048 1801 3102 1856 in
3135 1802 3389 1872 angelum
3420 1802 3569 1857 lucis
3604 1802 3678 1875 (ll
3704 1804 3814 1858 Cor.

508 1899 676 1952 citur:
704 1898 768 1951 Et
788 1896 1062 1969 ﬂagellum
1088 1915 1188 1952 non
1208 1900 1648 1971 appmpinquabit
1672 1900 2002 1954 tabernaculo
2030 1910 2116 1953 tuo

507 1992 526 2062 (
553 1991 645 2045 Ps.
676 1982 863 2062 xc,'10)
890 2007 906 2047 :
945 1990 971 2029 δ
998 1991 1217 2062 quando
1241 1992 1541 2048 viderimus
1572 1995 1714 2047 hunc
1749 1993 1943 2047 morbo
1969 1995 2119 2064 regio

510 2087 913 2155 computruisse
935 2128 950 2151 ,
984 2095 1039 2142 et
1066 2102 1358 2155 superesse
1388 2087 1638 2142 cadaVeri
1672 2103 1770 2141 suo
1798 2106 1812 2140 :
1843 2087 2009 2142 alium
2037 2086 2122 2142 in-

513 2178 711 2233 tcrcuti
749 2194 911 2248 aqua,
941 2187 999 2234 et
1035 2181 1260 2234 tumenti
1294 2190 1479 2235 natare
1508 2194 1740 2251 corpore
1761 2222 1776 2247 ,
1818 2180 2119 2235 crescenti-

510 2274 722 2343 busque
749 2274 1006 2327 membris
1038 2314 1053 2339 ,
1084 2274 1311 2328 formam
1346 2273 1566 2344 pristini
1620 2274 1857 2329 hominis
1896 2274 2121 2330 decres-

508 2380 658 2432 cere,
688 2366 833 2438 quod
878 2383 1053 2437 nuper
1083 2370 1138 2423 in
1176 2380 1196 2407 ε
1230 2380 1449 2425 excetra
1476 2368 1711 2424 vidimus
1741 2387 1754 2424 :
1784 2369 1931 2425 illum
1956 2386 2120 2433 puru-

512 2464 705 2519 lentias
760 2463 1022 2535 quasdam
1056 2506 1071 2531 ,
1142 2472 1197 2518 et
1248 2464 1518 2520 vulnerati
1584 2464 1777 2519 damna
1850 2465 2121 2535 pulmonis

509 2571 736 2627 egerere
767 2573 782 2612 :
813 2558 975 2612 istum
1007 2556 1235 2613 humore
1260 2559 1312 2613 in
1349 2558 1558 2628 lapides
1578 2554 1606 2595 ἀ
1629 2559 1921 2623 desiccato,
1948 2560 2121 2615 urine

510 2649 939 2705 amaritudinem
972 2692 987 2717 ,
1033 2659 1089 2706 et
1130 2652 1329 2707 vesica:
1383 2661 1654 2708 tormenta
1707 2652 1914 2708 sentire
1943 2694 1958 2717 ,
2014 2669 2124 2709 non

510 2744 826 2799 dubitemus
854 2744 1038 2801 dicere
1060 2785 1075 2811 ,
1104 2760 1293 2801 vocem
1332 2744 1669 2816 ﬂagellorum
1716 2760 1836 2801 esse
1863 2745 2057 2802 Ninive
2105 2763 2120 2804 :

513 2834 646 2891 licet
692 2838 938 2892 nonnulli
985 2837 1106 2893 hazc
1150 2838 1235 2893 vel
1281 2855 1350 2895 ex
1400 2850 1661 2911 corrupto
1712 2856 1879 2907 aere,
1924 2841 2012 2896 vel
2057 2854 2125 2896 ex

508 2944 759 2985 escarum
807 2940 863 2987 et
913 2947 1205 3002 corporum
1260 2931 1578 2988 diversitate
1636 2934 1890 2989 accidere
1939 2933 2122 3004 suspi-

508 3034 726 3078 centur.
780 3023 889 3079 Nos
959 3025 1055 3095 qui
1117 3026 1349 3096 legimus
1404 3037 1459 3082 et
1529 3026 1737 3082 febrem
1802 3028 2122 3098 increpitam

509 3113 690 3186 (Luc.
729 3116 867 3189 tv),
918 3126 974 3172 et
1012 3118 1295 3175 mulierem
1337 3135 1459 3190 quae
1511 3135 1607 3189 per
1658 3123 1845 3175 decem
1897 3132 1952 3175 et
2000 3129 2125 3175 octo

2226 1893 2325 1963 ιιι),
2352 1909 2472 1963 qua:
2516 1908 2665 1948 arma
2696 1896 3023 1964 apostolica:
3047 1906 3338 1952 armaturas
3368 1898 3650 1953 contraria
3680 1910 3815 1955 sunt.

2226 1984 2334 2041 Nec
2363 1986 2558 2041 mirttm
2588 1988 2631 2042 si
2667 1988 2721 2043 in
2750 1988 2941 2044 Ninive
2972 1991 3381 2047 vulneratorum
3415 1993 3717 2048 multitudo
3736 1995 3816 2061 sit,

2225 2093 2349 2133 cum
2392 2077 2683 2133 multitudo
2715 2082 2785 2135 sit
2808 2083 3151 2153 sagittarum.
3189 2084 3257 2138 Et
3283 2085 3567 2156 quomodo
3598 2098 3815 2156 quatuor

2225 2171 2421 2242 quibus
2448 2188 2752 2243 pugnamus
2784 2184 2838 2229 et
2867 2176 3123 2246 tegimur,
3171 2189 3299 2231 sunt
3338 2188 3496 2234 scuta
3542 2182 3811 2252 virtutum,

2227 2268 2536 2339 prudentia,
2564 2270 2796 2339 justitia,
2824 2273 3207 2342 temperantia,
3233 2272 3501 2330 fortitudo
3529 2292 3544 2330 :
3572 2278 3644 2329 ita
3672 2290 3815 2330 econa

2226 2362 2394 2416 trario
2420 2372 2652 2431 quatuor
2674 2365 2804 2418 vitia
2828 2374 2975 2430 sunt,
3001 2364 3255 2431 stultitia,
3289 2366 3581 2437 iniquitas,
3616 2368 3815 2423 luxuria

2227 2454 2483 2521 formido,
2518 2455 2714 2525 quibus
2737 2458 2805 2513 ab
2833 2458 2991 2515 hoste
3023 2461 3378 2530 percutimur.
3420 2462 3670 2530 Quorum
3719 2465 3815 2519 sin-

2225 2548 2346 2619 gula
2379 2549 2715 2619 pullulantes
2746 2550 2946 2606 habent
2974 2553 3025 2606 in
3054 2568 3136 2617 se,
3167 2569 3230 2608 ac
3255 2554 3595 2624 multiplices
3622 2558 3816 2625 species

2227 2644 2574 2712 sagittarum,
2602 2644 2798 2715 quibus
2820 2645 3127 2703 inferuntur
3155 2649 3404 2714 vulnera,
3430 2666 3559 2720 qua:
3594 2651 3695 2705 nisi
3719 2659 3815 2705 sta-

2229 2736 2323 2789 titn
2356 2737 2631 2793 medicina
2676 2742 2975 2805 curaverit,
3010 2742 3068 2795 fit
3098 2741 3280 2813 gravis
3320 2744 3506 2813 ruina,
3542 2753 3702 2815 atque
3728 2744 3817 2799 uti-

2228 2846 2354 2887 nam
2389 2834 2521 2887 tanti
2554 2844 2743 2889 essent
2773 2836 2825 2889 in
2874 2834 3091 2902 Nittive,
3138 2837 3330 2893 leviter
3359 2838 3628 2894 cadentes
3656 2849 3707 2894 et
3746 2838 3814 2894 le-

2229 2926 2365 2980 viter
2386 2926 2675 2993 vulnerati,
2700 2929 2888 2997 quanti
2921 2939 3049 2984 sunt
3078 2945 3175 2999 pro
3221 2930 3391 2985 ruina:
3439 2931 3705 3001 pondere,
3733 2947 3814 2986 us-

2227 3034 2334 3090 que
2362 3020 2426 3073 ad
2471 3020 2680 3075 inferna
2708 3020 2970 3077 demersi.
2997 3021 3110 3079 Nec
3142 3033 3225 3079 est
3252 3025 3374 3077 linis
3417 3025 3678 3094 gentibus
3707 3022 3806 3097 [ΑΙ.

2227 3113 2540 3187 gemitibus]
2573 3114 2734 3186 ejus:
2770 3118 2979 3171 malitia
3023 3117 3334 3187 ejusftnem
3389 3134 3503 3173 non
3542 3119 3738 3176 habet:
3764 3129 3809 3174 et

505 3223 681 3264 annos
732 3226 763 3264 a
808 3208 1033 3267 diabolo
1085 3211 1259 3267 fuerat
1308 3213 1474 3283 ligata
1529 3213 1549 3283 (
1594 3212 1762 3282 Ibid.,
1814 3230 1910 3268 xm
1948 3213 1967 3283 )
2014 3214 2119 3268 Do-
2150 3205 2195 3267 C
2230 3222 2445 3281 quantae
2472 3212 2688 3280 species
2716 3221 3091 3281 peccatorum,
3122 3220 3204 3267 tot
3232 3220 3428 3282 gentes
3449 3224 3582 3268 sunt
3611 3211 3803 3281 Ninive,

508 3302 656 3356 mino
710 3304 1061 3371 medicante,
1115 3317 1399 3373 curatam,
1450 3306 1686 3361 sciamus
1744 3306 1864 3361 haec
1932 3306 2116 3362 omnia

506 3393 665 3466 565
700 3394 915 3466 ﬂagella
949 3410 1076 3451 esse
1121 3396 1339 3453 Ninive.
1390 3396 1548 3454 Unde
1588 3400 1874 3467 sequitur:
1911 3396 1980 3452 Et
2013 3414 2114 3454 vox

506 3490 877 3543 commotionis
903 3493 1336 3558 rotarum;dum
1397 3492 1503 3547 huc
1554 3504 1718 3563 atque
1770 3493 1898 3548 illuc
1946 3508 2118 3563 genus

514 3593 767 3653 raptatur
799 3584 1122 3653 humanum,
1157 3596 1214 3642 et
1240 3587 1467 3642 incertis
1498 3603 1596 3658 per
1647 3600 1845 3644 cuncta
1895 3590 2111 3645 discur-

506 3677 678 3743 sibus,
715 3688 738 3715 °
776 3677 863 3732 ubi
898 3679 1224 3747 periculum,
1279 3680 1368 3735 tibi
1426 3681 1573 3735 salus
1617 3680 1709 3747 sit,
1746 3681 2065 3750 ignoramus
2099 3701 2113 3738 :

509 3769 577 3826 de
608 3786 711 3841 qua
747 3781 864 3825 rcta
896 3780 952 3825 et
982 3770 1036 3826 in
1067 3772 1335 3843 principio
1384 3771 1690 3828 Ezechielis
1732 3773 1992 3844 scriptum
2028 3783 2115 3829 est

502 3862 722 3935 (Ezech.
754 3863 795 3934 ι)
825 3879 840 3917 :
870 3862 926 3918 in
960 3865 1171 3934 psalmo
1199 3867 1605 3934 septuagesimo
1628 3877 1785 3920 sexto
1839 3866 2105 3935 legimus:

520 3955 632 4012 Vox
658 3957 878 4010 tonitrui
900 3958 977 4010 tui
1007 3960 1059 4010 in
1089 3968 1207 4012 rota
1236 3957 1419 4028 (Psal.
1455 3975 1636 4025 Lxxvt,
1676 3960 1787 4031 19).
1814 3960 1990 4016 liabet
2018 3978 2109 4015 att-

500 4058 615 4105 tem
644 4049 840 4104 Ninive
868 4057 923 4103 et
951 4064 1148 4119 equum
1176 4063 1627 4120 persequentem,
1661 4053 1816 4121 cujus
1843 4053 2107 4119 hinnitus,

500 4156 555 4201 et
578 4144 787 4215 ungula
820 4151 1023 4198 terram
1049 4143 1287 4212 fodiens,
1305 4156 1361 4201 et
1391 4157 1580 4215 pectus
1602 4155 1862 4212 testuans,
1885 4162 2101 4216 semper

499 4236 640 4293 bella
666 4233 966 4303 desiderat,
1006 4236 1265 4307 loquente
1298 4237 1533 4292 Domino
1564 4247 1752 4293 contra
1794 4238 2094 4293 diabolum.

501 4330 579 4387 De
610 4330 762 4402 longe
791 4328 1043 4384 odoratur
1071 4332 1259 4385 bellum
1285 4348 1304 4387 :
1334 4349 1449 4386 cum
1475 4334 1611 4387 saltu
1646 4342 1692 4386 et
1737 4333 1964 4386 clamore
1994 4351 2098 4388 non

496 4426 661 4497 parcit
689 4422 1009 4495 fugientibus
1034 4439 1052 4477 :
1076 4441 1166 4479 nec
1188 4425 1313 4479 sinit
1341 4426 1482 4479 abire
1509 4435 1653 4497 terga
1680 4434 1930 4479 vertentes
1952 4445 1969 4492 ;
1998 4428 2094 4481 scd

498 4522 850 4588 persequitur
877 4528 938 4573 ut
972 4524 1305 4589 prosternat,
1356 4516 1671 4584 interficiat,
1717 4519 2002 4573 cuneulcet
2035 4519 2098 4571 il-

2222 3318 2343 3371 quae
2372 3303 2794 3358 iulirmabuntur
2824 3304 2876 3360 in
2906 3304 3232 3374 corporibus
3262 3306 3381 3360 suis
3411 3320 3441 3359 a
3473 3306 3807 3360 multitudine

2223 3395 2385 3467 566
2413 3397 2811 3453 loruicationis.
2857 3397 3011 3465 Quod
3048 3398 3175 3453 licet
3204 3398 3379 3469 possit
3404 3409 3456 3453 et
3512 3398 3582 3453 de
3618 3399 3695 3453 eis
3728 3412 3807 3451 ac-

2220 3489 2350 3558 cipi,
2380 3490 2471 3558 qui
2506 3499 2731 3559 propter
2764 3505 2854 3544 res
2881 3505 3147 3545 venereas
3201 3490 3366 3546 etiam
3399 3506 3637 3562 corpore
3680 3489 3806 3545 debi-

2220 3581 2359 3637 litati
2384 3592 2531 3645 sunt,
2562 3594 2760 3637 etcum
2788 3582 3095 3653 perditione
3123 3584 3319 3639 animm
3351 3600 3581 3640 carnem
3608 3599 3803 3656 quoque

2219 3674 2477 3745 frangunt
2507 3678 2594 3730 cui
2627 3676 2908 3730 serviunt:
2942 3687 3122 3731 tamen
3149 3688 3341 3748 gentes
3370 3676 3514 3745 istze,
3540 3678 3609 3735 de
3626 3678 3800 3749 quibus

2214 3767 2475 3835 diximus,
2506 3784 2611 3823 non
2644 3767 2870 3833 eadunt,
2899 3769 3052 3839 juxta
3090 3769 3439 3837 Hehraicum,
3477 3772 3584 3827 nisi
3620 3772 3672 3826 itt
3695 3786 3799 3826 cor-

2213 3863 2436 3930 poribus
2458 3864 2595 3929 suis,
2629 3872 2683 3917 et
2709 3878 2817 3917 non
2849 3863 3136 3918 oﬂ‘enduut
3184 3864 3283 3931 (ut
3313 3867 3701 3933 interpretatus
3728 3870 3797 3919 est

2212 3955 2612 4027 Symmachus)
2645 3957 2749 4010 nisi
2803 3957 2852 4010 in
2886 3957 3249 4011 cadaveribus
3279 3968 3643 4024 mortuorum,
3693 3971 3797 4027 qua:

2197 4048 2596 4112 ,fnrnicatiouis
2627 4050 3079 4119 multiplicatione
3133 4058 3408 4119 prostrata
3446 4060 3598 4107 sunt.
3625 4050 3677 4104 ltt
3709 4051 3796 4103 hoc

2210 4147 2333 4199 loco
2363 4143 2504 4199 LXX
2554 4145 2907 4214 interpretes,
2963 4159 3087 4197 cum
3128 4143 3431 4198 secundum
3483 4144 3791 4198 Hebraicum

2213 4240 2579 4306 posuctritutts,
2614 4248 2826 4306 propter
2856 4236 3245 4289 multitudinem
3273 4236 3675 4305 fornicatiouum
3703 4250 3791 4287 me—

2207 4329 2431 4395 retricis,
2462 4329 2615 4397 quasi
2645 4327 2790 4381 aliud
2820 4329 3109 4382 voluerunt
3130 4341 3255 4383 esse
3278 4328 3627 4398 principium,
3651 4325 3790 4382 utdi-

2207 4433 2430 4479 cercnt:
2467 4421 2589 4478 Prw
2630 4423 2965 4477 multitudine
2992 4423 3389 4493 fornicationis;
3431 4431 3490 4478 et
3530 4423 3787 4489 hucusque

2208 4518 2354 4571 linita
2402 4518 2698 4580 sententia,
2726 4527 2919 4586 postea
2943 4516 3279 4586 inciperent,
3295 4517 3539 4570 meretrix.
3578 4515 3786 4589 speciosa

497 4655 682 4709 mundi
720 4656 1061 4725 complentur,
1109 4663 1164 4709 et
1210 4655 1372 4721 paqu
1428 4664 1549 4722 post
1596 4654 1799 4721 absque
1849 4656 2082 4725 negandi
2117 4659 2161 4716 ι)
2192 4654 2472 4709 codicibus
2508 4652 2732 4707 Mariani
2759 4653 3058 4708 credimus.
3103 4653 3257 4709 Unde
3285 4654 3425 4709 scire
3456 4654 3616 4709 nobis
3651 4654 3779 4715 licet,

494 4728 759 4797 particula
808 4742 929 4781 cum
982 4725 1145 4781 editis
1184 4725 1619 4789 vetustioribus,
1674 4730 1826 4798 cujus
1896 4738 2095 4781 attrec-.

496 4798 708 4853 tabitur.

567 4881 591 4908 υ
634 4869 996 4925 Restituimus
1026 4868 1093 4924 ad
1116 4867 1271 4938 Regii
1303 4869 1509 4924 codicis
1539 4868 1701 4924 ﬁdem
1722 4910 1735 4933 ,
1769 4870 2095 4937 captivorum

495 4958 638 4997 more
666 4944 715 4997 ei
758 4953 951 4997 astant.
990 4946 1161 4995 Antea
1192 4939 1388 5006 minus,
1414 4953 1472 4995 ut
1503 4944 1740 5005 videtur,
1768 4952 1915 4996 recte
1947 4943 2095 5012 lege-

495 5014 656 5087 batur
679 5055 694 5078 ,
726 5016 1048 5087 captivorum
1076 5023 1238 5087 morte
1266 5031 1317 5067 se
1332 5015 1560 5087 jactans.

565 5084 593 5124 Ῑ)
634 5083 916 5141 ΙιΙειιιίιιε.
946 5088 990 5139 si
1018 5083 1233 5156 quando
1257 5083 1476 5137 vidimus
1506 5085 1662 5146 hunc,
1697 5094 1806 5138 etc.

570 5169 590 5195 ο
634 5158 737 5213 Pro
764 5158 1003 5223 Excetra,
1023 5155 1159 5210 editi
1187 5156 1371 5227 legunt
1399 5159 1450 5208 in
1478 5157 1573 5208 hac
1602 5165 1739 5209 terra
1762 5173 1780 5221 ;
1814 5155 1905 5211 sed
1931 5156 2090 5211 Eras-

495 5246 619 5285 mus
654 5230 850 5300 legi~se
881 5230 1101 5284 videtur
1144 5231 1195 5281 in
1218 5244 1351 5281 mss.
1376 5228 1657 5300 codicibus
1691 5243 1887 5282 nomen
1924 5228 2090 5300 Exce-

492 5310 608 5366 tra;
636 5318 670 5373 q
694 5298 764 5356 tiu
790 5302 846 5356 in
878 5305 1122 5373 margine
1142 5300 1565 5373 ttotavit,‘nuper
1592 5299 1644 5352 in
1675 5300 1913 5353 exaedra.
1942 5298 2089 5354 Con-

492 5384 602 5429 stat
650 5370 831 5444 itaque
866 5370 1017 5444 juxta
1051 5372 1212 5426 ﬁdem
1244 5370 1485 5425 omnium
1514 5373 1907 5444 exemplarium
1954 5389 2087 5425 mss.

493 5443 782 5515 legendum
832 5454 1077 5502 excetra.
1139 5445 1280 5513 quod
1341 5444 1564 5513 hydram
1623 5443 1892 5512 significat
1948 5444 2087 5513 apud

491 5515 762 5572 Plautum.
811 5517 980 5571 Porro
1016 5516 1377 5587 lliermtymns
1405 5515 1623 5587 abusus
1646 5525 1729 5569 est
1758 5531 1955 5587 saeptus
1987 5520 2088 5569 hoc

492 5589 762 5644 voeabnlo
789 5591 1047 5644 adversus
1082 5585 1334 5641 Rufinum
1355 5628 1369 5651 ,
1397 5596 1453 5641 tit
1485 5585 1804 5656 praefatione
1840 5588 1891 5640 ιιι
1923 5585 2089 5642 libros

494 5659 948 5730 Paralipomenon
997 5673 1065 5715 ex
1100 5660 1327 5713 Hebraeo
1370 5658 1420 5712 in
1464 5658 1713 5730 liatinttm
1752 5674 2086 5726 conversos;

495 5732 813 5799 prmfatione
838 5732 1370 5787 Commentariorum
1398 5730 1448 5785 in
1475 5729 1816 5786 Ezechielem
1845 5775 1858 5797 ,
1886 5742 1942 5786 et
1962 5747 2088 5800 pro-

491 5803 658 5859 tentio
695 5802 792 5857 lib.
821 5819 857 5859 ιι
888 5807 1104 5862 Comm.
1137 5802 1190 5859 in
1222 5800 1443 5857 Abacuc
1467 5843 1482 5871 ,
1533 5817 1633 5859 nec
1678 5819 1783 5859 non
1816 5804 1953 5858 intra
1981 5845 1996 5871 ,
2042 5806 2087 5859 si

2200 4727 2449 4781 Ruliuum
2481 4727 2761 4797 bydrOpisi
2786 4727 2902 4780 sive
2934 4741 3069 4793 aqua
3096 4726 3351 4781 intercuti
3400 4727 3689 4796 aliquando
3717 4725 3781 4778 la-

2199 4800 2464 4859 borasse,
2516 4798 2659 4864 quod
2716 4810 2843 4850 ante
2896 4797 3036 4851 hanc
3098 4812 3338 4851 ltttSll'atn
3399 4799 3777 4852 restitutionem

2198 4884 2386 4923 omnes
2425 4868 2772 4932 ignorabant.
2816 4868 2930 4923 Huc
2957 4884 3175 4939 quoque
3218 4869 3366 4923 refer
3404 4872 3575 4923 verba
3608 4868 3779 4923 Hieru-

2199 4941 2344 5011 nytni
2389 4939 2620 4994 dicentis
2668 4939 2972 4995 Grunniqu
3031 4941 3087 4995 in
3133 4958 3232 4995 suo
3282 4956 3413 5012 pure
3454 4943 3776 4995 moriturum.

2198 5013 2371 5065 ΜΑιιτ.
2408 5012 2657 5078 —Quod
2707 5013 2954 5065 Martian.
3003 5025 3268 5081 annutat,
3322 5020 3451 5067 ante
3496 5030 3557 5067 se
3606 5025 3775 5066 Olllllt.‘5

2197 5085 2498 5152 ignorasse,
2527 5082 2806 5150 Rulintttu,
2832 5088 2918 5153 qui
2953 5090 3053 5138 sub
3085 5095 3320 5140 excetra:
3354 5086 3573 5140 nomine
3603 5081 3774 5138 irride-

2198 5164 2315 5220 tur,
2342 5154 2661 5226 hydroptsi,
2692 5159 2807 5209 sive
2848 5172 2984 5223 aqua
3016 5157 3270 5211 intercuti
3312 5156 3606 5224 aliquando
3646 5156 3773 5226 labo-

2198 5224 2564 5293 rasse,'nemo
2594 5244 2697 5280 non
2723 5228 3004 5296 jactantite
3033 5241 3274 5290 accuset,
3301 5230 3390 5298 qui
3420 5231 3618 5282 nedum
3645 5224 3773 5298 labi):

2198 5313 2348 5353 rasse
2390 5299 2540 5351 illum
2586 5294 2906 5367 aliquando,
2954 5300 3048 5355 sed
3096 5310 3151 5355 et
3199 5294 3473 5354 mortuum
3514 5315 3580 5355 eo
3619 5294 3774 5352 morbi

2194 5387 2393 5441 gem-re
2416 5388 2479 5425 ex
2510 5372 2748 5441 antiquis
2778 5372 3128 5426 monimentis
3159 5370 3437 5427 didicerit.

2266 5442 2293 5479 ιι
2310 5442 2517 5519 lflotum
2542 5439 2661 5497 erat
2684 5443 2938 5519 Altliqllis
2960 5446 3150 5519 calculi
3175 5454 3528 5509 tormentum,
3555 5454 3613 5498 ut
3636 5439 3771 5519 testis

2197 5525 2280 5569 est
2308 5516 2689 5587 Hieronymus.
2717 5514 2954 5570 Proinde
2984 5515 3119 5572 falsa
3152 5519 3338 5587 opinio
3364 5531 3553 5571 eorum
3588 5514 3767 5587 estqui

2195 5594 2520 5656 putaverunt
2552 5586 2918 5641 huncdalculi
2944 5586 3197 5643 morbum
3223 5592 3467 5658 ignotum
3491 5586 3760 5649 veteribus,

2193 5662 2399 5729 lepram
2444 5673 2583 5714 vero
2623 5659 2988 5714 existimatum
3039 5659 3231 5716 fuisse.
3282 5660 3463 5715 ΜΑιιτ.
3489 5689 3560 5704 -—
3590 5658 3759 5728 Regia.

2193 5746 2326 5795 1118.,
2360 5731 2415 5784 in
2446 5729 2648 5801 lapides
2674 5731 2927 5800 defaecato.

2269 5812 2291 5838 ε
2326 5802 2520 5871 Voces,
2556 5802 2640 5856 ubi
2668 5804 2969 5875 periculum,
2996 5804 3207 5875 ignorat
3237 5804 3457 5876 Reginae
3483 5803 3668 5861 codex.
