4078 6342
279 279 420 339 125⁷7

1130 280 1781 339 COMMENTARIORUM
1821 281 1884 338 IN
1925 281 2117 337 NAUM
2161 280 2383 336 LIBER.
2425 280 2578 340 CAP.
2621 283 2712 338 Ill.

3431 287 3568 344 1258

278 401 327 447 et
351 399 522 464 grata,
556 390 666 445 dua:
695 391 1091 460 maleﬁciorum.
1125 395 1232 449 Pro
1257 396 1395 452 duce
1451 397 1866 465 maleﬁciorum,
1899 402 1946 460 Α
1979 394 2273 462 reliquisti,
2304 409 2358 448 ut
2383 410 2488 448 non
2523 397 2696 450 Solum
2734 412 2838 451 non
2868 395 3096 466 faceres,
3127 399 3221 454 sed
3256 415 3354 453 nec
3385 400 3572 468 digna-

279 483 470 552 Aquila
519 492 574 538 et
617 482 977 554 Symmachus
1028 489 1440 549 transtulerunt.
1486 488 1678 542 habens
1710 487 1872 541 male-

279 574 422 645 ﬁcia.
469 574 578 630 Nec
612 575 898 632 mirabitur
921 577 1153 634 Niniveu
1188 589 1215 617 ⁸
1245 590 1553 635 scortorum
1591 581 1703 649 jam
1752 598 1871 637 esse

279 666 672 740 gratissimam,
723 668 816 740 qui
865 678 1068 725 tantam
1137 671 1417 726 hominum
1466 673 1872 728 multitudinem

281 774 406 816 cum
448 777 512 816 ea
539 761 732 816 viderit
762 761 1038 826 fornicari,
1068 772 1124 818 et
1147 764 1432 820 maleﬁciis
1458 763 1631 830 illius,
1654 779 1707 820 et
1755 767 1878 837 qni-

283 851 510 910 busdam
549 853 1013 910 incantationibus
1034 855 1100 910 ad
1127 871 1370 911 amorem
1398 857 1515 928 ejus
1546 873 1686 928 pene
1713 875 1879 914 cunc-

285 953 370 1002 tos
403 945 568 1001 trahi.
624 946 754 1002 Haec
799 946 1047 1003 vendidit
1100 958 1292 1019 gentes
1341 949 1396 1004 in
1428 949 1880 1006 fornicationibus

285 1040 426 1111 suis,
458 1055 580 1110 quae
611 1039 810 1096 tollunt
832 1039 1074 1096 membra
1115 1041 1341 1108 Christi,
1371 1053 1426 1096 et
1455 1041 1659 1099 faciunt
1702 1059 1878 1099 mem-

284 1134 380 1190 bra
436 1135 779 1200 meretricis;
821 1145 868 1190 et
906 1135 1072 1190 tribus
1133 1137 1188 1191 in
1235 1135 1508 1207 maleﬁciis
1554 1139 1683 1192 suis.
1728 1137 1884 1192 Facit

287 1227 432 1282 enim
465 1242 652 1282 amare
691 1242 754 1283 ea
786 1226 910 1300 [AL
944 1227 1080 1299 eas],
1114 1245 1233 1298 qua:
1266 1229 1449 1285 odisse
1477 1228 1802 1294 debuerant,
1829 1239 1885 1284 et

289 1319 548 1377 detestari
580 1337 702 1390 qua:
729 1335 913 1376 amare
938 1321 1231 1391 debebunt,
1265 1331 1322 1376 ut
1340 1337 1463 1378 cum
1493 1329 1732 1391 deet‘ptni
1769 1321 1886 1378 fue-

291 1416 422 1478 rint,
468 1414 620 1484 juxm
654 1414 786 1468 illud
839 1415 981 1484 qitod
1021 1416 1284 1483 scriptum
1325 1425 1410 1470 est
1457 1432 1472 1469 :
1533 1414 1884 1481 Corrumpunt

291 1521 460 1560 mores
490 1504 652 1560 bonos
677 1506 1125 1576 confabulationes
1152 1507 1390 1572 pessima:
1419 1505 1470 1576 (I
1495 1504 1613 1561 Cor.
1647 1523 1737 1570 xv,
1769 1506 1883 1576 35),

295 1598 459 1655 etiam
487 1599 626 1653 alios
662 1597 908 1653 maleﬁca
941 1609 1058 1656 arte
1089 1600 1462 1670 supplantent.
1498 1599 1629 1672 Legi
1667 1603 1717 1655 in
1743 1601 1892 1657 Scri-

296 1691 475 1763 pturis
509 1688 712 1744 sanctis
753 1691 804 1744 in
839 1691 1032 1746 bonam
1079 1707 1295 1763 quoque
1349 1705 1558 1764 partem
1614 1691 1890 1746 maleﬁcos

1974 488 2113 542 reris
2153 486 2367 556 quidem
2399 487 2582 542 videre
2611 491 2752 558 quod
2795 491 3085 559 jusscram.
3140 491 3244 547 Vel
3296 503 3443 548 certe
3491 495 3571 548 fa-

1975 579 2112 635 ciam
2141 588 2194 636 te
2222 581 2407 635 videre
2430 593 2483 636 et
2513 583 2816 652 intelligere
2839 599 3054 640 errores
3085 594 3226 649 tuos,
3249 603 3388 658 quos
3418 597 3566 653 ante,

1975 685 2096 725 cum
2121 687 2264 726 eatea
2297 673 2516 728 terreris
2547 681 2602 728 et
2641 691 2905 746 praeceps,
2932 679 3140 734 rebaris
3169 694 3290 734 eSse
3316 681 3570 736 virtutes.

1979 763 2108 819 Post
2137 765 2252 820 bare
2279 766 2442 821 etiam
2469 769 2724 836 gentibus
2749 785 2883 838 quas
2911 772 3203 827 vendidisti
3251 775 3302 828 in
3337 774 3576 830 fornica-

1980 857 2130 913 ti0ne
2162 868 2273 923 tua,
2296 863 2580 916 05tendam
2614 863 2916 918 nuditatem
2948 875 3115 933 tuam,
3151 877 3208 920 ut
3241 883 3580 940 nequaquam

1984 949 2060 1004 tui
2082 966 2268 1008 amore
2289 955 2598 1022 capiantur,
2625 955 2720 1009 sed
2754 956 3001 1012 videntes
3029 959 3307 1014 sordidum
3355 970 3408 1016 et
3430 973 3588 1032 turpe

1985 1059 2180 1114 corpus
2210 1047 2558 1114 iutrin~ecus,
2617 1052 2774 1116 cujus
2808 1053 3040 1118 primum
3075 1058 3366 1120 superﬁcie
3413 1058 3587 1113 duce-

1985 1137 2205 1201 bantur,
2258 1147 2435 1194 tecum
2476 1140 2729 1197 desinant
2772 1143 3050 1199 fornicari.
3111 1145 3313 1215 Regnis
3369 1164 3589 1216 quoque

1985 1245 2105 1299 qua:
2138 1231 2338 1300 majora
2383 1241 2512 1286 sunt
2561 1249 2722 1302 quam
2765 1244 2978 1304 gentes,
3039 1238 3324 1291 ostendam
3361 1240 3591 1308 ignomi-

1989 1325 2133 1377 niam
2168 1336 2336 1386 tuam,
2379 1341 2539 1395 quam
2576 1335 2636 1380 ut
2677 1325 2932 1395 haberes,
2968 1330 3083 1398 ipsa
3114 1330 3310 1384 fecisti.
3349 1331 3412 1384 Et
3466 1349 3586 1399 βιο-

1983 1413 2171 1484 jiciam
2212 1431 2377 1484 super
2419 1428 2471 1472 te
2498 1417 2970 1473 abominationem
3021 1422 3319 1476 secundum
3358 1425 3594 1478 immun-

1990 1504 2155 1560 ditias
2183 1515 2326 1572 tuas,
2375 1517 2432 1560 ut
2462 1509 2737 1577 quomodo
2769 1510 3050 1565 immunda
3082 1509 3163 1579 es,
3196 1515 3274 1566 sic
3309 1515 3592 1570 immunda

1991 1597 2264 1663 videaris;
2299 1613 2397 1653 nec
2427 1599 2670 1670 decipias
2700 1603 2988 1672 plurimos,
3018 1607 3108 1674 qui
3137 1607 3232 1660 tibi
3259 1616 3386 1662 ante
3415 1615 3598 1664 eonte-

1993 1704 2200 1758 rentes,
2233 1709 2398 1747 unum
2438 1703 2614 1749 tecum
2647 1710 2846 1767 corpus
2872 1697 3269 1754 efﬁciebantur.
3299 1700 3358 1754 Et
3404 1716 3596 1770 ponam

295 1788 464 1856 accipi
492 1805 504 1841 :
539 1782 604 1838 Et
633 1785 858 1856 maleﬁci
889 1788 1201 1842 incantantis
1237 1787 1492 1859 sapienter
1522 1785 1695 1855 (Psal.
1731 1785 1884 1856 Lvu).
1922 1793 1963 1852 Β
1994 1796 2045 1841 te
2066 1788 2116 1839 in
2139 1787 2474 1856 exemplum,
2495 1797 2556 1842 ut
2577 1788 2880 1844 similitudo
2905 1791 3193 1846 formidata
3217 1793 3381 1865 568
3403 1811 3595 1865 pretim,

298 1879 407 1936 Sed
438 1882 503 1936 ad
543 1882 646 1938 hoc
688 1882 928 1938 incautat
961 1881 1083 1936 talis
1123 1881 1427 1947 maleﬁcus,
1481 1890 1541 1936 ut
1584 1881 1892 1938 meretricis

300 1971 496 2029 Ninive
533 1989 720 2030 amore
773 1974 1058 2030 devinctos
1096 1973 1164 2029 ad
1211 1975 1408 2030 mentis
1451 1976 1738 2030 sanitatem
1802 1990 1890 2030 re.

303 2066 504 2120 trahat.

375 2158 576 2234 (Vers.
610 2159 664 2221 5.
704 2157 787 2230 6.)
813 2157 950 2214 Ecce
985 2175 1080 2231 ego
1099 2159 1170 2213 ad
1199 2171 1266 2225 te,
1312 2160 1437 2214 dicit
1465 2158 1720 2215 Dominus
1748 2175 1898 2216 exer-

305 2251 524 2318 cituum,
556 2260 603 2305 et
631 2251 862 2305 revelabo
887 2253 1130 2320 pudenda
1182 2263 1272 2306 tua
1318 2254 1371 2306 in
1405 2253 1590 2323 [aciem
1629 2262 1790 2320 tuam,
1851 2263 1896 2308 et

306 2342 581 2397 ostendam
610 2343 665 2396 in
706 2342 941 2415 gentibus
969 2343 1252 2398 nuditatem
1279 2355 1444 2410 tuam,
1471 2355 1518 2400 et
1545 2346 1717 2418 regnis
1747 2349 1898 2418 igno-

306 2435 522 2488 miniam
552 2445 696 2489 tuam
719 2451 735 2488 :
758 2447 805 2490 et
837 2436 1112 2508 projiciam
1138 2453 1295 2508 super
1324 2447 1372 2492 te
1392 2438 1828 2502 abominationes,
1855 2446 1902 2492 et

309 2531 635 2585 contumeliis
689 2541 737 2584 te
775 2532 1027 2603 afﬁciam,
1060 2543 1108 2587 et
1149 2549 1340 2602 ponam
1380 2544 1428 2587 te
1479 2534 1532 2587 in
1588 2535 1898 2604 exemplum.

311 2622 495 2680 LXX:
537 2622 676 2680 Ecce
700 2643 792 2698 ego
821 2627 890 2681 ad
923 2636 992 2694 te,
1013 2629 1139 2682 dicit
1191 2628 1444 2682 Dominus
1479 2628 1825 2698 omnipotens,
1856 2635 1903 2681 et

310 2718 690 2785 discooperiam
744 2723 1039 2795 posteriora
1078 2731 1171 2778 tua
1214 2740 1372 2794 super
1421 2725 1605 2795 faciem
1655 2737 1823 2784 tuam.
1857 2733 1906 2778 et

312 2812 579 2866 ostendam
628 2815 864 2885 gentibus
895 2817 1250 2886 confusionem
1282 2829 1446 2881 tuam,
1485 2828 1536 2873 et
1560 2821 1728 2891 regnis
1757 2819 1905 2889 igno-

311 2903 525 2958 minium
555 2915 721 2972 tuam,
776 2919 822 2963 et
851 2909 1130 2983 projiciam
1181 2927 1339 2978 super
1382 2920 1430 2965 te
1470 2910 1907 2964 abominationem

315 2997 597 3050 secundum
625 2999 983 3055 immunditias
1011 3012 1147 3068 tuas,
1172 3013 1218 3056 et
1241 3019 1433 3074 ponam
1455 3009 1503 3055 te
1520 3003 1572 3054 in
1596 3003 1904 3073 exemplum.

313 3085 447 3154 Quia
489 3089 809 3157 vendidisti,
843 3107 878 3148 0
906 3092 1120 3163 Ninive,
1151 3109 1340 3164 gentes
1372 3095 1424 3149 in
1457 3093 1912 3150 forniCatiouibns

1996 1877 2410 1934 similitudinem
2450 1879 2734 1945 prohibeat
2758 1882 3107 1952 delinquendi
3140 1884 3216 1952 (ll
3245 1885 3367 1939 Cur.
3402 1885 3478 1959 v).

2067 1971 2248 2044 (Vers.
2297 1973 2377 2042 7.)
2411 1972 2476 2026 Et
2508 1975 2626 2043 erit,
2678 1977 2844 2030 omnis
2876 1979 2961 2047 qui
3009 1978 3190 2031 viderit
3220 1988 3288 2042 le,
3334 1982 3526 2036 resiliet
3560 2001 3593 2037 a

1999 2076 2068 2135 te,
2097 2078 2147 2123 et
2175 2069 2308 2124 dicet
2333 2084 2352 2121 :
2389 2067 2606 2123 Vastata
2634 2081 2706 2124 est
2740 2071 2977 2138 Niniue;
3008 2073 3121 2141 quis
3149 2076 3479 2128 cominovebit
3511 2095 3601 2131 su-

2001 2177 2092 2228 per
2143 2172 2192 2213 te
2222 2162 2422 2232 caput?
2481 2160 2632 2216 Unde
2674 2168 2905 2234 qu'wrant
2958 2165 3336 2219 consolatorem
3389 2167 3604 2224 tibi?ln

2000 2250 2232 2307 Hebrteo
2261 2270 2365 2307 non
2410 2253 2643 2307 habetur
2667 2265 2842 2326 caput,
2873 2255 2967 2309 sed
2999 2271 3098 2311 nos
3141 2258 3515 2328 opposuimus,
3549 2270 3608 2314 ut

2001 2360 2195 2401 sensus
2245 2346 2584 2402 manifestior
2638 2348 2813 2402 ﬁeret.
2849 2351 3089 2420 Denique
3134 2352 3493 2422 Symmachus
3529 2357 3604 2410 ita

2002 2436 2398 2506 interpretatus
2427 2451 2510 2495 est
2539 2457 2553 2492 :
2604 2439 2670 2493 Et
2700 2443 2868 2496 omnis
2891 2444 2980 2513 qui
3015 2445 3200 2498 viderit
3235 2457 3301 2508 te,
3333 2449 3537 2503 recedet
3577 2466 3610 2501 a

2005 2537 2072 2595 te,
2099 2540 2145 2584 et
2167 2531 2301 2584 dicet
2328 2548 2345 2584 :
2377 2533 2633 2602 dissipata
2658 2542 2734 2587 est
2771 2533 2975 2602 Ninit'e,
3005 2539 3118 2605 quis
3152 2538 3343 2611 lugebit
3368 2557 3484 2596 cum
3514 2546 3615 2598 ea?

2006 2623 2179 2680 Porro
2211 2625 2565 2696 Septuaginta
2593 2644 2606 2680 :
2639 2627 2704 2680 Et
2734 2630 2850 2697 erit,
2879 2631 3044 2684 omnis
3072 2634 3162 2703 qui
3203 2633 3386 2688 uiderit
3415 2645 3483 2698 te,
3518 2637 3612 2690 de-

2007 2719 2216 2774 scendet
2241 2737 2272 2773 a
2302 2731 2350 2774 te
2367 2729 2412 2774 et
2434 2720 2566 2774 dicet
2590 2737 2610 2774 :
2629 2720 2822 2775 Misera
2848 2721 3058 2786 Ninice,
3087 2723 3114 2761 ι’
3140 2726 3253 2794 quis
3269 2738 3434 2796 gemet
3463 2731 3614 2783 eam?

2013 2812 2165 2868 Unde
2201 2831 2436 2886 quierant
2483 2815 2888 2868 consolationem
2937 2815 3018 2869 illi
3055 2822 3108 2881 -Ξ-
3160 2829 3426 2886 aptantem
3456 2822 3610 2873 chor-

2009 2907 2152 2960 dam.
2188 2910 2207 2975 ζ
2237 2907 2335 2974 Qui
2372 2907 2560 2961 ruinas
2616 2907 2812 2962 viderit
2860 2907 3080 2976 Ninive,
3118 2917 3175 2962 et
3203 2911 3436 2978 positam
3487 2928 3609 2966 eam

2012 3000 2268 3054 omnibus
2296 2998 2349 3051 in
2376 2999 2711 3065 exemplum,
2747 3009 3075 3062 exiiavescet
3099 3010 3261 3068 atque
3302 3002 3611 3069 mirabitur,

2013 3099 2067 3144 et
2096 3089 2244 3143 dicet
2268 3104 2281 3141 :
2312 3086 2586 3158 Dissipata
2613 3098 2684 3142 est
2714 3086 2928 3157 Ninive,
2962 3090 3076 3160 quis
3105 3093 3439 3145 coniniorebit
3465 3110 3620 3161 super

316 3180 444 3249 tuis,
476 3194 528 3237 et
557 3181 790 3239 familias
816 3186 868 3240 in
901 3186 1185 3242 maleﬁciis
1213 3187 1341 3254 tuis,
1367 3198 1421 3242 et
1449 3188 1606 3257 quasi
1637 3186 1911 3256 publicum
1943 3183 1990 3248 C
2021 3190 2069 3234 te
2097 3181 2301 3251 caput?
2341 3178 2446 3233 hoc
2476 3189 2582 3243 est,
2639 3179 2762 3248 quis
2791 3179 2991 3234 dolebit
3027 3195 3194 3250 super
3230 3192 3303 3246 te,
3351 3183 3470 3251 quis
3504 3193 3626 3237 Inus

318 3273 679 3340 prostibulum
734 3275 892 3348 567
924 3276 1134 3333 eunetis
1182 3276 1497 3333 divaricasti
1553 3277 1720 3347 pedes
1751 3287 1912 3338 tuos:

327 3379 614 3440 prepterea
645 3384 744 3440 ego
765 3384 881 3438 ipse
907 3369 973 3423 ad
1004 3380 1054 3424 te
1083 3370 1297 3424 veniam
1327 3369 1775 3438 subvertendam,
1806 3384 1916 3425 non

323 3464 536 3519 mittam
583 3461 860 3534 angelum,
893 3479 999 3517 non
1030 3465 1253 3519 credam
1283 3463 1404 3518 aliis
1448 3463 1708 3532 judicium
1741 3472 1913 3517 tuum.

321 3556 730 3623 DisciiOperiam
764 3555 1010 3625 pudenda
1041 3566 1131 3610 tua
1155 3557 1207 3610 in
1242 3555 1378 3611 [acie
1402 3564 1516 3621 tua,
1547 3566 1738 3626 utquaa
1766 3556 1916 3624 prius

322 3663 433 3705 non
466 3649 714 3715 videbas,
745 3658 1042 3704 antetuum
1077 3665 1351 3720 ponantur
1380 3659 1682 3719 aSpectum.
1716 3656 1917 3706 osten—

322 3743 448 3797 dam
471 3743 724 3814 gentibus
747 3744 1048 3798 nuditatem
1081 3754 1248 3814 tuam,
1282 3755 1335 3797 et
1362 3743 1544 3814 regnis
1570 3743 1915 3814 ignominiam

326 3846 498 3902 tuam,
526 3846 584 3890 ut
609 3837 698 3906 qui
730 3846 909 3892 tecum
933 3837 1184 3892 forniciiti
1209 3848 1360 3902 sunt,
1395 3838 1494 3906 ipsi
1519 3847 1570 3892 te
1589 3836 1916 3907 despiciant,

326 3927 614 3993 irrideant,
655 3938 710 3983 et
745 3929 1099 3984 contumeliis
1142 3938 1195 3985 te
1234 3929 1474 3984 alliciant
1523 3946 1538 3982 :
1593 3937 1651 3983 et
1696 3929 1807 3982 eris
1865 3928 1920 3981 in

326 4019 643 4088 exemplum
670 4020 941 4076 universis
973 4031 1025 4076 te
1067 4021 1401 4077 videntibus.
1438 4021 1564 4076 llasc
1592 4028 1774 4075 autem
1807 4037 1924 4075 om-

328 4113 419 4170 nia
451 4113 554 4169 sub
605 4114 926 4186 metaphora
989 4116 1233 4173 mulieris
1280 4123 1577 4172 narrantur
1632 4115 1918 4180 adulterae,

332 4221 616 4278 quae,cum
645 4207 811 4265 fuerit
835 4209 1199 4280 deprehensa,
1232 4210 1548 4282 producitur
1569 4208 1625 4264 in
1657 4208 1922 4273 medium,

330 4309 388 4356 et
418 4308 548 4356 ante
589 4302 780 4358 oculos
817 4305 1060 4359 omnium
1093 4305 1472 4375 depompatur.
1519 4301 1673 4371 Quod
1703 4301 1924 4373 quidem

333 4407 431 4464 per
454 4394 871 4451 translationem
903 4398 1065 4452 etiam
1094 4412 1262 4466 super
1281 4394 1586 4454 Jerusalem
1612 4395 1930 4465 plenissime

335 4488 390 4542 in
416 4489 707 4544 Ezechiele
729 4489 1066 4560 prophetalis
1095 4505 1278 4548 sermo
1304 4489 1584 4545 describit.
1620 4488 1811 4544 Verius
1845 4499 1926 4542 ta-

2024 3275 2218 3344 poterit
2251 3288 2376 3328 esse
2405 3273 2766 3328 consolator?
2795 3290 2918 3342 qua:
2938 3274 3196 3343 quamdiu
3223 3285 3422 3344 potens
3451 3275 3620 3341 fuisti,

2019 3367 2175 3437 quasi
2201 3367 2438 3422 crudelis
2468 3366 2712 3434 domina,
2747 3382 2854 3422 non
2905 3367 3258 3424 iniserebaris
3306 3370 3456 3424 senis
3502 3369 3620 3442 [ΑΙ.

2020 3473 2211 3515 senum
2243 3468 2296 3513 et
2321 3456 2597 3530 parvulos]
2624 3477 2636 3511 :
2668 3475 2768 3514 nec
2794 3460 3075 3529 parvulum
3107 3462 3443 3530 respiciebas
3472 3478 3486 3514 :
3522 3478 3623 3517 nec

2020 3556 2336 3625 praeparasti
2374 3555 2552 3610 luctus
2592 3557 2667 3609 tui
2701 3558 2936 3624 socium,
2985 3573 3105 3626 quae
3139 3560 3361 3613 uoluisti
3389 3575 3620 3615 cnnSor-

2023 3657 2130 3702 tem
2168 3648 2377 3702 habere
2407 3647 2693 3717 regnandi.
2735 3648 2838 3714 Qui
2864 3659 3043 3704 autem
3076 3649 3189 3704 ha-c
3225 3663 3435 3704 tertena
3490 3667 3627 3706 con-

2025 3745 2239 3806 temnit,
2268 3754 2321 3798 et
2350 3744 2609 3798 veneﬁca:
2640 3741 2768 3815 [ΑΙ.
2801 3743 3066 3816 veneﬁca]
3115 3743 3306 3799 Nmive
3357 3745 3625 3800 maleﬁcia

2023 3835 2361 3906 despexerit,
2388 3849 2488 3890 nec
2517 3835 2646 3888 l'alsa
2694 3833 3102 3902 pulchiitudine
3127 3835 3247 3905 ejus
3279 3836 3440 3890 tuerit
3491 3839 3628 3890 irre-

2025 3929 2174 3993 titus,
2205 3943 2328 3982 cutn
2356 3942 2571 3995 omnem
2601 3925 2751 3979 illius
2793 3926 3182 3995 turpitudinem
3229 3924 3355 3998 [Αι.
3387 3926 3621 3993 pulchri-

2024 4019 2291 4093 tudinem]
2326 4019 2656 4075 intrinsecus
2679 4018 2895 4084 viderit,
2929 4029 2984 4075 et
3012 4023 3241 4089 coeperit
3271 4021 3454 4076 odisse
3482 4021 3627 4091 quod

2026 4117 2207 4170 caueri
2238 4115 2488 4185 diligunt,
2519 4112 2750 4184 relugiet
2778 4123 2830 4168 et
2865 4113 3072 4168 resiliet
3101 4118 3170 4167 ab
3201 4129 3292 4179 ea,
3321 4117 3435 4168 sive
3459 4154 3476 4181 ,
3510 4123 3567 4169 ut
3593 4131 3626 4171 a

2027 4205 2380 4278 Septuaginta
2408 4203 2630 4273 dicitur,
2679 4205 2978 4259 descendet.
3023 4204 3292 4274 Quamdiu
3325 4207 3472 4261 enim
3519 4220 3629 4262 ter-

2029 4316 2160 4356 rena
2214 4300 2565 4366 bonorainus,
2608 4307 2664 4353 et
2712 4309 2968 4367 putamus
3007 4314 3129 4353 esse
3177 4299 3455 4364 sublimia,
3485 4301 3634 4356 velut

2033 4395 2085 4449 in
2113 4396 2386 4465 quondam
2420 4391 2690 4461 superbia:
2737 4391 2982 4445 culmine
3038 4405 3248 4457 sumus,
3281 4401 3337 4445 et
3367 4393 3634 4449 miramur

2033 4484 2492 4556 pulchritudinem
2507 4481 2724 4537 Ninive.
2743 4485 2876 4536 Cum
2891 4490 3073 4537 autem
3102 4482 3634 4542 consideraverimus

337 4596 460 4635 men
491 4591 544 4636 et
567 4580 754 4636 utilius
786 4583 1040 4638 dicuntur
1085 4582 1151 4637 ad
1201 4581 1482 4647 mundum,
1537 4580 1603 4664 ad
1648 4595 1812 4651 quem
1840 4593 1928 4635 se-
1954 4581 2008 4642 D
2034 4590 2282 4637 naturam
2309 4580 2447 4649 ejus,
2480 4585 2537 4633 et
2563 4577 2745 4632 omnia
2779 4578 3088 4647 corporalia
3133 4578 3298 4648 bona,
3334 4581 3488 4648 quasi
3535 4585 3636 4638 hu-

337 4672 570 4727 candum
603 4675 810 4743 pariter
834 4683 888 4730 et
917 4673 1218 4730 curandum
1255 4689 1416 4729 verus
1437 4665 1682 4729 medicus
1726 4669 1878 4727 venit
1906 4686 1939 4727 e

339 4767 507 4822 cwlo.
555 4765 691 4820 Ecce
736 4784 829 4840 ego
869 4768 939 4822 ad
978 4779 1046 4836 te,
1095 4769 1221 4822 dicit
1263 4767 1520 4822 Dominus
1565 4767 1890 4836 omnipotens
1917 4781 1937 4820 :

341 4861 466 4928 quia
519 4862 868 4932 omnipotens
925 4877 1072 4928 sum,
1124 4878 1343 4932 possum
1390 4853 1672 4918 universos
1744 4874 1938 4914 sanare

343 4951 568 5007 morbos
595 4969 608 5006 :
641 4963 699 5008 et
739 4954 883 5024 quod
911 4964 994 5009 est
1031 4954 1155 5010 aliis
1187 4955 1548 5026 impossibile,
1598 4954 1729 5009 Inibi
1760 4957 1939 5026 possi—

347 5042 455 5099 bile
498 5055 604 5102 est.
655 5045 930 5102 Revelabo
985 5047 1287 5118 posteriora
1339 5057 1428 5103 tua
1473 5048 1526 5104 in
1554 5048 1690 5104 facie
1739 5057 1850 5113 tua,
1882 5047 1937 5102 id

344 5143 450 5200 est,
483 5137 714 5192 virtutes
739 5153 912 5202 meas,
959 5149 1235 5209 prmcepta
1273 5151 1435 5211 atque
1481 5155 1786 5205 sermones,
1818 5155 1938 5211 quae

351 5229 630 5299 projecisti
666 5241 786 5300 post
824 5242 1035 5302 tergum
1083 5240 1233 5287 tuum
1278 5251 1290 5286 :
1333 5235 1463 5289 licet
1514 5249 1621 5288 non
1655 5235 1943 5300 merearis,

346 5321 542 5376 faciam
605 5332 659 5380 te
698 5324 904 5381 videre.
956 5327 1068 5397 Ego
1104 5328 1247 5382 enim
1305 5325 1692 5382 mandaveram
1741 5326 1836 5382 tibi
1877 5325 1947 5382 de

345 5416 696 5472 sermonibus
729 5419 886 5484 meis,
927 5427 988 5474 ut
1027 5433 1247 5490 semper
1271 5429 1399 5475 ante
1425 5421 1614 5474 oculos
1663 5429 1783 5474 tuos
1831 5435 1948 5473 mo-

349 5521 634 5577 verentur,
663 5512 810 5582 Iigati
843 5522 1028 5569 essent
1059 5522 1226 5585 atque
1257 5513 1578 5584 penderent.
1636 5513 1716 5567 Tu
1744 5524 1948 5580 autem,

351 5611 672 5670 contempto
710 5603 949 5671 jubentis
1000 5603 1256 5676 imperio,
1301 5617 1422 5675 post
1466 5613 1556 5660 tua
1587 5618 1683 5660 eos
1711 5606 1946 5677 vestigia

430 5724 454 5752 ³
484 5717 630 5773 ldem
663 5733 789 5785 ms.,
821 5718 1042 5775 Niniven
1065 5731 1295 5776 scortum
1312 5738 1419 5776 esse
1441 5720 1809 5785 gratissimum.

429 5786 455 5826 ι’
487 5789 586 5844 Ms.
615 5789 858 5862 Regium,
881 5793 1000 5859 quis
1020 5804 1182 5864 gemet
1213 5795 1299 5848 te?
1332 5786 1486 5850 Unde
1509 5808 1744 5864 quierant
1771 5807 1956 5848 conso-

805 5888 1080 5952 ΡΑτιιοι.
1121 5889 1325 5954 XXV.

2039 4675 2185 4728 milia
2215 4671 2646 4741 deSpexerimus,
2693 4668 3048 4740 subjicieutes
3077 4687 3178 4726 nos
3211 4677 3467 4741 potentiae
3517 4690 3636 4729 nia-

2042 4781 2144 4822 nus
2198 4766 2316 4832 Dei,
2369 4774 2498 4819 tunc
2529 4763 2913 4818 miserebiniur
2943 4763 3196 4819 Ninititis
3233 4763 3351 4837 [AL
3379 4766 3595 4839 Ninive]
3625 4785 3638 4820 :

2039 4871 2093 4916 et
2120 4861 2303 4914 omnia
2355 4869 2576 4913 terrena
2612 4857 2751 4912 bona
2785 4857 2945 4928 digna
2981 4858 3198 4927 planctu
3247 4859 3640 4928 judieabimus,

2039 4953 2396 5021 dicemusque
2421 4967 2436 5005 :
2463 4950 2656 5006 Misera
2686 4949 2900 5014 Ninive,
2926 4953 3115 5022 quanti
3162 4953 3269 5007 tuis
3311 4953 3524 5022 laqueis
3570 4955 3644 5009 ir-

2046 5046 2192 5102 retiti
2241 5055 2386 5107 sunt,
2421 5054 2654 5114 quantos
2709 5044 2960 5114 alligatos
3002 5045 3235 5100 vinculis
3293 5046 3401 5101 tuis
3448 5050 3640 5104 tenes!

2044 5138 2187 5210 quis,
2207 5147 2382 5208 putas.
2402 5137 2614 5192 resiliet
2633 5151 2662 5190 a
2691 5145 2741 5192 te
2761 5149 2814 5191 et
2834 5137 3133 5192 descendet
3155 5137 3222 5192 de
3247 5141 3500 5210 superbia
3527 5152 3640 5210 tua,

2046 5242 2101 5288 et
2132 5243 2184 5288 te
2215 5231 2471 5286 miseram
2493 5230 2806 5302 judicabit?
2834 5231 2990 5299 Quod
3018 5243 3198 5286 autem
3242 5233 3338 5300 ait,
3366 5235 3502 5305 quis,
3536 5251 3646 5291 non

2049 5337 2156 5383 tam
2182 5342 2279 5396 pro
2309 5325 2542 5388 difﬁcili,
2573 5339 2733 5394 quam
2767 5340 2864 5393 pro
2895 5339 3021 5378 raro
3067 5324 3333 5379 debemus
3363 5329 3643 5396 accipere,

2049 5429 2108 5475 ut
2141 5434 2284 5488 saepe
2316 5418 2589 5472 diximus:
2627 5416 2777 5484 Quis,
2805 5425 2980 5486 putas,
3016 5415 3187 5484 ﬁdelis
3209 5424 3260 5470 et
3286 5417 3516 5489 prudens
3544 5417 3656 5474 dis-

2051 5520 2298 5586 pensator
2323 5508 2543 5580 (Matth.
2574 5523 2721 5577 xxxv,
2756 5507 3032 5578 45)?Et:
3069 5508 3200 5576 Quis
3228 5510 3458 5579 sapiens,
3491 5521 3540 5565 et
3567 5512 3653 5566 in—

2055 5603 2247 5676 lelliget
2276 5603 2387 5658 lucc
2423 5602 2587 5673 (Osee
2640 5614 2751 5666 inv,
2784 5598 2936 5670 10)?
2965 5599 3071 5657 Et:
3128 5600 3259 5667 Quis
3309 5605 3550 5660 ascendet
3600 5607 3655 5661 in

2051 5718 2294 5775 lationem
2322 5716 2450 5771 tibi?

3103 5880 3183 5945 ιο
