4084 6340
472 294 618 353 1259

1737 287 1801 344 S.
1844 284 2113 346 EUSEBH
2149 284 2531 345 BIERONYMI

3640 285 3775 345 1260

472 415 697 464 montem
751 404 963 461 Domini
1022 401 1207 477 (Psal.
1253 413 1404 466 xxnt,
1430 399 1537 471 5)?
1569 399 1705 468 Quis
1732 415 1863 472 ergo
1889 408 2073 472 gemet
2099 409 2144 463 Α
2178 411 2358 472 preles
2387 398 2817 457 transtulerunt:
2848 397 3119 471 Numquid
3143 400 3325 459 melior
3368 416 3423 457 es
3462 401 3527 457 ab
3566 401 3726 459 Anton
3749 406 3779 458 r

471 518 637 573 super
665 497 1058 565 Ninive‘lOuis
1090 494 1295 567 poterit
1326 493 1591 560 inveniri,
1636 496 1728 563 qui
1759 493 2073 550 hoctaber-

477 597 673 653 naculo
705 599 1072 663 przrgravatus
1098 604 1223 646 cum
1275 586 1443 643 Paulo
1484 586 1632 643 dicat
1678 603 1694 641 :
1741 584 1903 642 Miser
1950 600 2070 659 ego,

472 688 588 758 quis
618 703 697 740 me
718 685 881 757 569
906 682 1141 739 liberabit
1160 682 1223 737 de
1244 696 1461 749 corpore
1483 680 1665 737 mortis
1689 682 1846 753 hujus
1867 680 1889 753 (
1912 679 2068 736 Rom.

472 795 570 847 vn,
596 778 735 849 14)?
778 779 1035 834 Videmus
1066 776 1307 848 quotidie
1336 776 1382 830 si
1405 775 1493 830 cui
1516 773 1695 830 vicina
1728 788 2073 831 morsaveneo

472 872 567 937 rit,
596 881 650 927 et
679 870 1015 926 intellexerit
1071 883 1131 925 se
1185 866 1271 923 vel
1326 867 1497 934 febre,
1555 867 1641 922 vel
1681 866 1932 933 vulnere,
1985 864 2072 922 vel

473 965 721 1037 quolibet
735 978 944 1036 genere
971 962 1306 1029 morborum,
1331 961 1402 1018 de
1432 960 1538 1017 hoc
1563 959 1767 1016 mundo
1797 958 2068 1028 subtrahi,

476 1070 697 1124 pavere.
728 1054 1026 1125 trepidare,
1060 1062 1115 1111 et
1141 1061 1257 1109 toto
1286 1066 1521 1124 corpore
1554 1060 1971 1109 tremescentem
2014 1050 2070 1106 in

470 1145 667 1203 Ninive
698 1148 910 1202 luerere
931 1145 1332 1217 complexibus,
1348 1152 1405 1199 et
1421 1159 1451 1199 a
1472 1144 1738 1215 speciosa:
1762 1142 2071 1199 meretricis

469 1254 706 1306 corpore
742 1239 833 1293 vix
884 1237 1067 1294 avelli.
1122 1236 1278 1306 Quod
1328 1245 1509 1291 autem
1563 1233 1811 1306 sequitur
1853 1250 1867 1288 :
1920 1232 2072 1289 Unde

468 1348 699 1402 quaeram
716 1330 1145 1399 consolationem,
1177 1331 1261 1386 vel
1292 1326 1670 1383 consolatorem
1712 1328 1826 1394 tibi,
1862 1327 1950 1398 qui
1976 1342 2072 1399 ap-

470 1434 539 1479 tet
572 1424 869 1478 chordam?
898 1423 1077 1479 adhuc
1102 1438 1169 1479 ex
1194 1437 1427 1494 persona
1457 1422 1578 1492 ejus
1608 1421 1829 1488 dicitur,
1860 1421 1951 1493 qui
1977 1435 2068 1477 re-

469 1516 617 1574 siliet
643 1517 729 1574 vel
757 1516 1054 1573 descendet
1072 1514 1182 1589 [AL
1206 1513 1475 1587 discedet]
1503 1529 1535 1569 a
1564 1513 1779 1582 Ninive,
1802 1522 1857 1570 et
1884 1514 2026 1569 dicet
2050 1529 2066 1568 :

470 1609 668 1666 Misera
699 1608 911 1679 Ninive,
945 1611 1057 1679 quis
1085 1618 1251 1683 gemet
1276 1609 1438 1664 eam?
1488 1608 1558 1664 de
1610 1608 1834 1665 confusa
1881 1607 2068 1663 surculi

469 1705 631 1778 hujus
676 1705 1099 1761 conversatione
1140 1703 1259 1780 [AL
1313 1702 1710 1775 conversione]
1754 1701 2064 1772 disputans,

2178 493 2439 551 Hebraeus
2465 494 2555 563 qui
2584 494 2749 550 metu
2781 493 3076 564 Scripturis
3100 494 3357 561 erudivit,
3384 494 3457 550 ita
3483 495 3588 566 legi
3622 511 3782 565 posse

2175 586 2440 643 asseruit:
2469 584 2742 657 Numquid
2768 585 2949 642 melior
2967 601 3023 643 es
3047 601 3205 658 quam
3237 584 3346 651 No,
3369 586 3579 643 Aman?
3602 600 3656 642 et
3680 598 3779 654 sit,

2176 677 2441 735 llebraice
2466 693 2536 735 no
2561 679 2667 735 dici
2698 676 3109 735 Alexandriam:
3140 692 3283 736 suun
3311 689 3517 743 autem,
3544 677 3786 734 multitu-

2175 771 2367 837 dinem,
2392 772 2508 827 sive
2536 769 2778 841 populos,
2809 781 3008 829 etesse
3033 771 3278 829 ordinem
3302 771 3555 828 lectioais
3577 787 3592 825 :
3617 770 3787 826 Num-

2173 864 2303 935 quid
2331 864 2527 921 melior
2556 878 2620 922 es
2645 864 2715 920 ab
2734 862 3071 923 Alexandria
3106 864 3393 933 populosa,
3415 864 3531 919 sive
3559 863 3788 934 populo-

2174 972 2321 1026 rum,
2369 972 2491 1027 quae
2523 956 2729 1015 habitat
2762 958 2814 1015 iu
2861 955 3204 1023 fluminibus,
3252 972 3391 1027 aqua
3444 956 3499 1012 in
3545 956 3788 1012 circuitu

2174 1049 2332 1122 ejus?
2357 1048 2474 1106 Non
2522 1049 2668 1121 quod
2710 1064 2778 1107 eo
2805 1057 3056 1120 tempore
3103 1049 3434 1107 Alexandria
3465 1060 3781 1113 vocaretur.

2175 1141 2382 1212 quippe
2410 1156 2530 1212 qua:
2558 1142 2717 1213 longo
2742 1151 2865 1212 post
2890 1149 3141 1213 tempore
3159 1142 3229 1199 ab
3243 1142 3568 1202 Alexandro
3586 1143 3790 1213 Magno

2175 1234 2471 1291 Macedone
2498 1250 2694 1293 nomen
2724 1236 2969 1306 accepit;
2997 1235 3095 1292 Sed
3123 1234 3250 1306 quia
3292 1235 3395 1291 sub
3423 1236 3647 1292 nomine
3674 1236 3792 1306 pri—

2173 1341 2285 1393 mo,
2312 1326 2364 1383 id
2386 1335 2491 1393 est,
2524 1327 2634 1394 No.
2669 1343 2885 1399 semper
2908 1328 3134 1401 Αἰαγωί
3166 1329 3490 1401 metropolis
3515 1328 3699 1397 fuerit,
3733 1339 3793 1387 et

2173 1418 2644 1475 abundantissima
2694 1420 2928 1489 populis.
2983 1421 3228 1491 Denique
3268 1432 3324 1479 et
3349 1421 3441 1492 qui
3481 1436 3574 1479 res
3601 1433 3792 1493 gestas

2173 1510 2467 1569 Alexandri
2484 1512 2761 1569 memoriae
2785 1511 3145 1580 tradiderunt,
3163 1513 3465 1584 principem
3487 1529 3606 1569 eam
3622 1513 3793 1570 fuisse

2171 1603 2398 1678 Ευριί
2428 1616 2732 1664 autumant.
2764 1607 2871 1667 Sed
2901 1616 2958 1667 et
2982 1609 3245 1680 propheta
3272 1609 3563 1679 Jeremiss,
3594 1613 3793 1677 Aman,

2172 1701 2287 1758 sive
2317 1699 2424 1767 No,
2458 1702 2854 1770 Alexandriam,
2887 1702 3201 1774 intelligens
3227 1704 3284 1759 in
3327 1704 3541 1761 visione
3590 1714 3793 1761 contra

463 1799 518 1853 in
574 1812 683 1870 quo
726 1797 865 1853 nihil
912 1796 1170 1867 cuiquam
1216 1806 1398 1865 potest
1436 1796 1659 1866 placere
1701 1804 2066 1866 perpetuum:
2104 1798 2151 1861 Β
2177 1792 2492 1865 ΛΕεγριυω,
2530 1794 2596 1851 ad
2616 1809 2779 1865 quam
2805 1794 2976 1852 dicit:
3015 1794 3197 1853 Vitula
3221 1796 3451 1866 formosa
3496 1796 3794 1869 zEgyptus,

464 1889 562 1945 sed
610 1887 756 1961 quod
804 1887 1003 1959 placuit
1059 1887 1332 1958 displicet,
1386 1895 1442 1943 et
1488 1886 1631 1958 quod
1687 1885 2073 1954 displicuerat,

464 1995 683 2037 rursum
741 1980 940 2050 placet.
992 1977 1125 2046 Quis
1179 1977 1361 2049 itaque
1400 1977 1606 2048 poterit
1663 1975 1789 2031 talis
1842 1975 2075 2033 inveniri

463 2074 820 2131 consolatur?
850 2082 903 2129 et
928 2072 1014 2145 (ut
1043 2071 1119 2129 ita
1149 2070 1350 2142 dicam)
1395 2071 1633 2142 scriptor
1659 2070 1865 2142 lyricus
1904 2079 1959 2126 et
1996 2071 2074 2126 ci-

462 2166 746 2224 tharoedus
798 2167 889 2238 qui
937 2166 1110 2238 possit
1158 2165 1503 2222 dissonantes
1544 2163 1783 2220 chordas
1835 2162 1956 2234 ejus
2007 2163 2061 2218 in

465 2275 626 2316 unam
658 2259 999 2316 harmoniam
1046 2256 1398 2325 contrahere,
1423 2264 1480 2312 et
1506 2256 1746 2312 vocalem
1783 2255 1840 2311 in
1878 2254 2071 2313 laudes

467 2354 561 2409 Dei
594 2352 817 2427 efficere,
842 2351 1202 2410 concentum?
1233 2350 1344 2406 Hoc
1375 2348 1520 2420 quod
1553 2351 1936 2420 exposuimus,
1981 2347 2072 2417 qui

462 2455 601 2520 aptet
631 2430 905 2513 cliordam,
937 2444 1024 2501 vel
1054 2452 1321 2513 aptantem
1346 2442 1622 2509 chordam,
1668 2450 1724 2497 et
1770 2439 1963 2496 Graece
1990 2437 2073 2494 di-

464 2540 630 2603 citur,
665 2537 900 2612 ἁρμόσαι
932 2533 1155 2613 χορδήν,
1191 2549 1290 2589 nec
1319 2534 1373 2589 in
1404 2532 1693 2597 Hebraico,
1729 2545 1835 2586 nec
1871 2532 1923 2587 in
1959 2545 2069 2585 cte-

467 2632 601 2687 teris
629 2630 942 2686 invenimus
992 2626 1430 2695 translatoribus,
1463 2624 1557 2683 sed
1586 2638 1683 2695 pro
1737 2638 1807 2681 eo
1830 2623 2061 2680 alterius

464 2725 738 2784 Sermonis
782 2723 1067 2779 exordium
1108 2738 1121 2775 :
1182 2719 1453 2792 Numquid
1497 2719 1676 2775 melior
1712 2733 1765 2773 es
1808 2717 1869 2773 ab
1901 2717 2069 2771 Aman

464 2834 580 2889 quae
625 2817 827 2872 habitat
859 2820 911 2873 in
934 2814 1278 2888 fluminibus?
1305 2813 1460 2871 Unde
1487 2811 1703 2867 videtur
1731 2810 1865 2868 milii
1896 2811 2069 2884 magis

465 2931 589 2971 cum
626 2913 1024 2985 posterioribus
1051 2909 1444 2981 copulandum.

535 3006 736 3081 (Vers.
792 3008 825 3061 8
871 3004 1064 3077 seqq.)
1118 3002 1390 3074 Numquid
1437 3002 1620 3057 melior
1675 3017 1727 3055 es
1788 3000 1851 3056 ab
1900 3001 2067 3057 Anton

461 3101 661 3175 [Vulg
698 3099 1019 3155 Alexandria
1047 3095 1437 3172 populorum],
1481 3111 1596 3168 qute
1619 3094 1820 3150 habitat
1867 3095 1920 3148 in
1965 3095 2067 3165 flu—

2175 1885 2479 1943 stimulator
2506 1887 2571 1943 ab
2613 1886 2868 1958 Aquilone
2897 1889 3061 1947 veniet
3087 1889 3135 1946 ci
3162 1886 3398 1960 (larem.
3450 1904 3598 1955 xnvt,
3636 1889 3709 1946 30
3734 1889 3795 1959 ),

2178 1978 2294 2034 lucc
2319 1994 2539 2049 quoque
2567 1978 2912 2037 manifestius
2938 1980 3090 2038 sddit
3119 1998 3133 2035 :
3164 1979 3398 2052 Confusa
3433 1990 3509 2038 est
3540 1982 3654 2050 filia
3683 1981 3798 2035 Λί-

2176 2072 2305 2144 gyti,
2340 2071 2535 2125 tradita
2559 2081 2633 2126 est
2659 2073 2713 2127 in
2758 2089 2916 2127 manu
2951 2073 3131 2145 populi
3160 2072 3456 2143 Aquilonis,
3497 2074 3571 2127 ait
3600 2072 3793 2128 Domi-

2175 2180 2273 2219 nus
2325 2164 2579 2221 virtutum
2624 2162 2766 2223 Deus
2799 2163 2987 2223 Israel.
3039 2164 3179 2225 Ecce
3223 2182 3317 2239 ego
3366 2166 3584 2222 t'isitabo
3629 2183 3798 2237 super

2175 2272 2319 2314 suos
2366 2272 2547 2313 uaso
2586 2257 2771 2329 (nui:
2808 2265 2943 2344 una
2972 2258 3023 2328 ).
3068 2257 3121 2315 id
3165 2267 3270 2325 est,
3314 2274 3470 2330 super
3503 2260 3796 2315 tumultum

2174 2349 2304 2422 [ΔΙ.
2358 2349 2659 2422 tumulum]
2700 2350 2768 2407 de
2835 2351 3153 2408 Alexandria
3196 2349 3406 2422 (Μήτι.⁹
3447 2352 3519 2407 2ι
3566 2354 3793 2424 seqq.):

2172 2455 2316 2498 suos
2338 2442 2512 2509 enim,
2531 2452 2594 2503 ut
2616 2443 2887 2511 diximus,
2913 2446 3132 2518 populos
3159 2462 3179 2502 :
3205 2461 3314 2503 una
3336 2446 3794 2517 propositionem

2172 2532 2236 2589 de
2254 2533 2523 2607 signiﬁcat
2549 2552 2565 2589 :
2593 2551 2661 2592 no
2686 2544 2871 2596 autem
2903 2537 3295 2597 Alexandriam.
3335 2538 3399 2595 Et
3427 2539 3668 2605 visitabo,
3702 2541 3795 2596 in-

2169 2625 2308 2696 quit,
2355 2640 2509 2698 super
2542 2625 2892 2695 Pharaonem,
2926 2641 2972 2688 et
3017 2647 3174 2704 super
3216 2630 3510 2707 Afgpptum
3546 2643 3594 2688 et
3626 2650 3795 2705 super

2169 2719 2295 2773 deos
2324 2724 2457 2787 ejus,
2492 2716 2518 2755 ἀ
2547 2730 2595 2778 et
2625 2738 2782 2794 super
2810 2739 2954 2796 reges
2982 2724 3121 2794 ejus.
3165 2734 3215 2781 et
3242 2742 3403 2797 suptr
3428 2723 3789 2792 Pharaonem,

2169 2822 2216 2866 et
2245 2827 2402 2887 super
2429 2828 2517 2870 eos
2544 2815 2635 2886 qui
2660 2815 2716 2871 in
2742 2832 2805 2871 eo
2834 2826 3068 2889 sperant,
3098 2825 3144 2873 et
3166 2816 3304 2875 dabo
3333 2818 3388 2874 its
3414 2834 3599 2873 manus
3640 2835 3794 2888 qum-

2169 2906 2397 2961 rentium
2433 2907 2638 2963 animos
2677 2924 2878 2976 eorum,
2909 2910 3041 2966 etin
3079 2926 3258 2967 manu
3290 2909 3791 2967 Nabuchodonosor

2167 2999 2303 3071 regis
2322 2995 2628 3073 Babylonis,
2657 3010 2707 3061 et
2732 3003 2788 3059 in
2806 3017 2970 3059 mnu
2988 3019 3253 3061 seruorum
3272 3007 3411 3077 ejus.
3439 3004 3649 3061 Dicitur
3677 3006 3791 3059 ita-

2167 3104 2272 3163 que
2302 3090 2373 3147 ad
2400 3089 2630 3151 Ninireu
2662 3110 2676 3145 :
2710 3092 2984 3166 Numquid
3016 3096 3335 3164 pepulosior
3357 3112 3439 3162 es,
3470 3107 3563 3151 aut
3589 3107 3792 3165 peten-

461 3196 733 3249 ntinibus?
782 3210 917 3265 aqua
958 3195 1015 3247 in
1059 3193 1281 3246 circuitu
1320 3194 1451 3265 ejus,
1485 3194 1637 3263 cujus
1663 3189 1859 3245 divitia:
1904 3205 2064 3255 more,
2089 3175 2139 3245 C
2172 3184 2278 3243 tier
2325 3185 2703 3243 Alexandria?
2752 3187 2818 3246 Et
2846 3187 3180 3247 describitur
3225 3190 3366 3247 situs
3410 3190 3785 3256 Alexandria},

457 3304 606 3360 aqua
636 3289 773 3343 muri
800 3291 937 3360 ejus,
966 3284 1249 3356 Etltiopia
1278 3283 1531 3356 fortitudo
1554 3287 1669 3357 ejus
1698 3293 1748 3337 et
1776 3281 2069 3354 At’gyptm,

458 3391 505 3437 et
535 3399 635 3436 non
657 3394 730 3437 est
751 3381 870 3451 ﬁnis
895 3397 913 3447 ;
941 3380 1122 3452 Africa
1152 3388 1198 3432 et
1219 3378 1405 3450 Libyes
1424 3379 1637 3449 fuerunt
1662 3377 1717 3430 in
1743 3376 2069 3431 auailiotuo.

459 3473 567 3530 Sed
590 3482 637 3528 et
657 3474 769 3546 ipsa
790 3473 846 3527 in
865 3471 1324 3544 transmigratione
1340 3480 1365 3506 ιι
1379 3469 1585 3523 ducitur
1607 3468 1663 3522 in
1676 3468 2029 3540 captivitatem
2048 3483 2070 3534 ,'

458 3567 662 3637 parvuli
685 3567 798 3637 ejus
827 3564 1085 3620 elidentur
1116 3562 1133 3633 [
1162 3562 1315 3633 Vulg.
1346 3560 1458 3615 elisi
1488 3569 1606 3615 sunt
1628 3558 1648 3633 ]
1673 3560 1725 3613 in
1756 3561 1924 3628 capite
1954 3575 2067 3613 om.

2174 3293 2298 3348 qua:
2324 3294 2491 3350 super
2536 3278 2713 3337 Nilum
2756 3290 2814 3339 et
2860 3297 3028 3350 super
3056 3298 3211 3341 mare
3254 3285 3432 3359 posita
3481 3283 3609 3340 hinc
3651 3285 3787 3342 inde

2168 3370 2329 3441 aquis
2354 3380 2408 3426 ct
2434 3371 2754 3431 fluminibus
2782 3376 3078 3433 sinuatur.
3109 3376 3258 3447 Aqua
3294 3378 3347 3431 in
3378 3378 3601 3434 circuitu
3637 3380 3781 3449 ejus,

2171 3464 2320 3536 cujus
2344 3463 2541 3521 divitia:
2568 3481 2746 3520 mare:
2773 3482 2924 3536 aquae
2965 3468 3100 3525 muri
3130 3469 3283 3539 ejus.“
3322 3468 3453 3528 hinc
3480 3470 3627 3527 enim
3659 3472 3785 3527 rivo

2168 3553 2303 3623 Nili,
2333 3554 2458 3611 inde
2488 3555 2612 3612 lacu
2655 3557 2977 3627 Mareotico,
3003 3576 3071 3615 ex
3099 3559 3206 3617 alis
3236 3573 3400 3630 parte
3427 3563 3570 3619 nari
3597 3562 3781 3633 cingi-

456 3662 601 3716 niutn
638 3661 860 3727 viarum,
914 3669 960 3713 et
1010 3672 1167 3728 super
1218 3655 1439 3727 inclytae
1467 3656 1582 3727 ejus
1624 3662 1813 3708 sortem
1865 3653 2067 3709 mittent
2171 3657 2280 3703 tur.
2312 3648 2470 3716 Quod
2498 3661 2683 3707 autem
2732 3651 2891 3725 571
2941 3652 3225 3722 Ᾱῐςιιιίοθίίι
3269 3663 3331 3713 et
3370 3654 3669 3727 Egyptus,
3716 3666 3785 3713 et

459 3755 475 3828 [
503 3755 662 3826 Vulg.
698 3756 947 3809 miserunt
971 3750 1023 3824 ],
1055 3762 1102 3805 et
1128 3767 1306 3805 omnes
1334 3749 1611 3818 optimates
1633 3750 1747 3821 ejus
1785 3747 2069 3821 afﬁgentur
2168 3739 2353 3796 Africa
2390 3756 2487 3812 pro
2525 3757 2634 3813 quo
2662 3742 2719 3799 in
2772 3746 3003 3801 Hebraeo
3047 3745 3271 3814 punitur
3302 3761 3440 3803 unus
3468 3747 3491 3819 (
3515 3755 3627 3815 we
3650 3747 3695 3818 ),
3720 3759 3784 3805 et.

453 3844 472 3917 [
497 3845 658 3915 Vulg.
702 3843 1025 3910 confixerunt
1050 3839 1069 3912 ]
1098 3838 1446 3911 compedibus.
1481 3836 1548 3892 Et
1585 3846 1641 3893 tu
1668 3853 1795 3908 ergo
1839 3838 2067 3893 inebria-
2168 3832 2363 3906 Libyes
2394 3834 2447 3891 in
2478 3837 2733 3905 pra'sidio
2758 3836 2875 3906 ejus
2900 3838 3031 3905 sint,
3060 3838 3179 3908 ipse
3204 3839 3345 3897 situs
3371 3840 3780 3907 provinciarum

455 3937 614 4004 beris,
645 3944 691 3991 et
720 3935 822 3989 eris
843 3934 1087 4005 despecta
1111 3948 1130 3986 :
1154 3942 1201 3987 et
1230 3940 1286 3986 tu
1310 3945 1511 4002 quwres
1542 3930 1799 3987 auxilium
1827 3940 1972 3985 tuum
1998 3933 2063 3987 ab
2164 3935 2219 3984 et
2250 3927 2398 3983 urbis
2443 3927 2711 3985 Ostendit.
2740 3929 2807 3987 Et
2836 3928 2955 3991 haec
2982 3929 3149 4000 igitur
3191 3946 3354 4001 quam
3384 3946 3565 3997 meus,
3596 3932 3783 4003 inquit

451 4029 687 4093 inimico,
720 4042 893 4081 omnes
918 4025 1230 4078 munitiones
1262 4033 1365 4077 tua:
1390 4022 1519 4076 sicut
1548 4021 1677 4091 ficus
1722 4037 1840 4075 cum
1866 4024 2062 4095 gressis
2160 4018 2451 4088 propheta,
2498 4033 2681 4079 seruio
2718 4018 3004 4091 describit,
3035 4023 3292 4093 capietur
3320 4038 3351 4085 ιι
3378 4039 3512 4095 nego
3540 4024 3778 4097 Babylo.

449 4120 584 4182 suis,
635 4118 681 4171 si
726 4131 989 4171 concussa:
1038 4117 1255 4186 fuerint,
1288 4115 1475 4169 cadent
1518 4115 1572 4167 in
1619 4129 1675 4168 os
1723 4114 2057 4172 comedentis.
2162 4112 2278 4180 nio,
2327 4122 2383 4169 et
2430 4112 2574 4168 idem
2630 4123 2758 4172 tuus
2786 4124 2955 4186 atque
3008 4116 3154 4171 illius
3202 4126 3447 4177 vastator
3470 4118 3607 4175 erit.
3638 4118 3778 4185 Quae

454 4210 642 4269 LXX:
688 4211 823 4283 Apta
858 4208 1132 4276 chordam,
1170 4224 1293 4277 pars
1322 4208 1565 4277 Ammon,
1603 4224 1719 4273 qua:
1765 4208 1965 4262 habitas
2002 4210 2060 4265 iss
2160 4204 2436 4277 Iosephus
2464 4223 2681 4278 quoque
2711 4208 2953 4267 Judaica:
2981 4211 3222 4281 scriptor
3242 4211 3495 4271 historia:
3522 4212 3577 4271 ist
3610 4212 3777 4273 libris

454 4304 777 4375 fluminibus,
828 4317 977 4373 aquae
1022 4302 1076 4355 in
1117 4300 1337 4355 circuitu
1380 4300 1515 4370 ejus,
1562 4302 1713 4374 cujus
1743 4302 2056 4369 principium
2157 4298 2273 4353 suis
2298 4297 2491 4355 refert.
2542 4296 2762 4355 Parvuli
2796 4304 2915 4373 ejus
2942 4302 3238 4361 alliduntur
3284 4304 3340 4363 in
3362 4305 3608 4377 compitis
3635 4306 3654 4377 (
3681 4309 3770 4363 Al.

454 4412 597 4452 mare
627 4405 725 4462 est,
765 4404 812 4450 et
843 4412 977 4466 aqua
1007 4394 1139 4448 muri
1165 4394 1295 4467 ejus.
1329 4391 1609 4466 rEthiopia
1647 4393 1899 4464 fortitudo
1941 4396 2055 4469 ejus
2156 4391 2561 4465 compedibus),
2586 4393 2799 4453 nobiles
2819 4396 2939 4465 ejus
2962 4395 3444 4457 dividentursorte
3472 4401 3770 4467 victorum,

449 4500 498 4545 et
528 4488 815 4562 .Egyptus,
842 4499 891 4541 et
920 4505 1023 4543 non
1051 4496 1124 4542 est
1166 4487 1287 4558 ﬁnis
1318 4488 1455 4558 fuga:
1497 4496 1619 4541 tum.
1648 4485 1674 4523 δ
1703 4484 1843 4541 Pltut
1881 4497 1926 4542 et
1962 4485 2054 4541 Lt-
2159 4494 2215 4538 et
2235 4484 2607 4555 potentissimi
2637 4486 2914 4557 quondam
2946 4486 3223 4559 principes
3244 4489 3456 4559 captiui
3498 4490 3774 4551 ducentur

452 4581 574 4653 byes
604 4582 727 4653 facti
770 4590 887 4634 sunt
917 4580 1259 4635 auxiliatores
1287 4579 1455 4645 illius,
1490 4589 1536 4634 et
1561 4579 1680 4646 ipsa
1713 4580 1769 4634 in
1809 4581 2054 4634 transmi-
2084 4565 2139 4627 D
2165 4576 2217 4630 in
2248 4576 2479 4633 catenis.
2507 4577 2644 4633 Cum
2672 4593 2801 4649 ergo
2832 4578 2948 4634 haec
2976 4594 3203 4649 passura
3234 4580 3305 4637 sit
3335 4581 3685 4649 Alexandria,
3717 4600 3750 4641 θ

456 4672 744 4743 grationem
784 4670 877 4723 ibit
926 4671 1152 4740 captiva.
1195 4680 1242 4724 et
1284 4670 1530 4740 parvulos
1576 4669 1718 4725 illius
1758 4670 1975 4724 allident
2007 4670 2059 4725 in
2160 4674 2239 4736 tu,
2272 4682 2305 4725 ο
2336 4666 2552 4741 Ninive,
2582 4671 2650 4726 de
2674 4670 2865 4729 eodem
2894 4671 3056 4731 bibes
3076 4674 3274 4739 calice,
3296 4685 3351 4730 et
3374 4674 3769 4745 inebriaberis,

455 4765 713 4836 principio
730 4764 930 4817 viarum
958 4763 1089 4833 ejus,
1115 4761 1275 4833 570
1288 4772 1333 4813 et
1355 4776 1510 4832 super
1538 4763 1709 4816 omnia
1731 4762 1925 4833 inclyta
1946 4766 2061 4836 ejus
2160 4768 2217 4814 et
2244 4761 2530 4833 consopita
2570 4761 2764 4831 jacens
2790 4761 3136 4834 despicieris,
3165 4776 3224 4825 et
3262 4765 3318 4825 iu
3342 4774 3549 4824 lautam
3577 4773 3770 4829 rem

452 4859 651 4912 mittent
682 4864 891 4919 sortem,
919 4862 965 4907 et
993 4853 1213 4906 unit'ersi
1235 4853 1506 4919 optimates
1546 4855 1659 4917 ejus
1704 4851 2060 4927 alligabuntur
2159 4848 2569 4917 necessitatem,
2618 4862 2675 4905 ut
2706 4867 2735 4906 a
2762 4853 3098 4926 Babyloniis,
3130 4856 3245 4913 sive
3278 4868 3476 4913 contra
3522 4857 3766 4928 Babylo-

448 4947 820 5021 compedibus:
849 4954 895 5000 et
923 4957 975 4998 tu
1003 4943 1355 5010 inebriaberis,
1396 4959 1443 4997 et
1469 4945 1570 5000 eris
1612 4944 1873 5016 despecta,
1927 4956 1974 5001 et
2002 4955 2061 5001 tu
2162 4946 2305 5010 nios,
2336 4945 2405 5002 ab
2428 4945 2665 5002 inimicis
2696 4949 2800 5004 tuis
2831 4950 3087 5005 auxilium
3119 4966 3302 5023 roges.
3340 4953 3538 5015 Omnia
3570 4953 3764 5013 firma-

446 5060 642 5117 quwres
667 5042 737 5096 ibi
766 5050 819 5095 ut
849 5050 949 5094 stes
980 5037 1042 5091 ab
1069 5037 1294 5092 inimicis
1328 5048 1348 5076 ο
1382 5039 1514 5105 tuis;
1547 5054 1719 5093 omnes
1746 5040 2056 5097 munitiones
2161 5048 2344 5096 menta
2384 5048 2471 5093 tua
2502 5048 2556 5097 et
2601 5041 2746 5097 tnuri
2780 5051 2804 5078 θ
2834 5044 2890 5097 in
2921 5044 3155 5101 sublime
3197 5045 3464 5116 porrecti,
3496 5058 3549 5105 et
3577 5049 3766 5106 altitu-

445 5145 547 5191 tuaz
575 5143 628 5188 ut
656 5135 809 5204 ﬁcus,
842 5149 959 5203 qute
985 5145 1189 5203 grossos
1216 5128 1426 5194 habent,
1459 5129 1502 5182 si
1542 5142 1809 5185 commota:
1836 5133 2054 5203 fuerint,
2158 5132 2319 5189 dines
2352 5132 2600 5199 turrium,
2658 5146 2791 5203 quas
2833 5151 2973 5193 nunc
3021 5138 3473 5209 inexpugnabiles
3500 5153 3678 5212 putas,
3707 5155 3765 5202 et

443 5228 625 5282 cadent
659 5227 712 5279 in
744 5242 798 5280 os
824 5223 1162 5278 comedentis.
1209 5222 1312 5277 Pro
1343 5236 1409 5277 eo
1435 5222 1577 5291 quod
1616 5225 1666 5281 in
1696 5223 2051 5296 Septuaginta
2158 5226 2258 5281 viri
2292 5224 2463 5281 fortes
2500 5225 2904 5297 bellatoresque
2934 5229 3038 5296 tui,
3074 5231 3510 5301 primititislicis
3536 5251 3765 5304 compa-

442 5321 660 5393 legitur,
693 5318 828 5390 Apta
846 5318 1115 5381 chordam,
1145 5331 1264 5385 pars
1292 5315 1509 5367 Ammon
1535 5331 1553 5380 ;
1582 5326 1636 5370 et
1662 5315 1848 5371 caeteri
1881 5318 2051 5374 inter-

2172 5316 2445 5384 'abutttur,
2473 5332 2593 5386 quae
2621 5316 2668 5371 si
2696 5332 2978 5375 concussu:
3023 5320 3224 5377 fuerint
3248 5323 3355 5383 levi
3384 5335 3559 5394 tacut,
3609 5330 3662 5384 in
3694 5343 3762 5387 os

517 5448 543 5478 ⁸
582 5438 732 5495 Idem
754 5449 887 5502 ως»,
931 5434 987 5487 itt
1010 5430 1478 5501 transmigratio.“
1512 5433 1718 5501 fruetur
1745 5431 1801 5485 in
1830 5432 2046 5503 captiui.

2172 5433 2275 5508 lassi
2288 5434 2667 5508 esemplnria,
2696 5449 2804 5491 us.
2834 5434 3056 5508 Reginae
3081 5440 3309 5506 respuit.

447 5520 662 5585 tat_cm._
704 5579 733 5585 _
954 5575 979 5585 _
1091 5574 1131 5585 η
1176 5572 1206 5585 Α
1492 5571 1505 5585 ⁸
1575 5572 1588 5584 _
1648 5581 1657 5585 _
1738 5580 1749 5585 _
2220 5504 2511 5585 dVariam,
2547 5514 2593 5559 et
2637 5522 2791 5578 super
2828 5504 2969 5581 regis
2999 5510 3132 5579 ejus,
3164 5504 3332 5581 penes
3371 5512 3624 5573 Martian.
3658 5517 3763 5575 de-

514 5581 543 5621 ι’
585 5582 665 5637 Ad
688 5579 940 5635 G‘ratcum
954 5575 1071 5631 fere
1091 5572 1264 5628 Vatic.
1294 5571 1620 5640 exemplaris
1645 5580 1876 5637 textum,
1906 5590 2041 5640 νηη-
2145 5584 2294 5632 sunt.

446 5656 698 5728 mrm
729 5649 872 5703 Ηια
891 5646 1319 5728 ⁸..οιηίικρξμιεεεὶι
1345 5643 1567 5713 Reginae
1597 5659 1729 5712 ms.,
1758 5654 1812 5699 et
1851 5643 2038 5714 Lﬁyes
2181 5656 2240 5728 ,ᾗ
2283 5648 2406 5728 tiles.
2443 5645 2682 5728 Reginae,
2716 5657 2763 5701 et
2784 5649 2938 5715 muri,
2967 5667 3097 5719 quos
3118 5652 3167 5707 in
3200 5654 3421 5711 sublime
3443 5660 3755 5727 porrexisti,

449 5727 552 5776 acti
576 5730 695 5777 sunt
724 5719 1073 5774 consolatores
1098 5717 1266 5771 illius.
2136 5718 2461 5784 altitudines,
2489 5726 2596 5779 etc.

517 5803 537 5831 ε
584 5790 839 5847 Voculam
864 5788 989 5855 tuis,
1012 5801 1172 5858 quam
1195 5801 1369 5857 neque
1384 5787 1439 5842 in
1456 5784 1647 5844 Greco
1667 5796 1864 5844 norunt
1884 5803 2033 5859 qua:-
