4078 6342
367 274 500 335 1261

1221 278 1875 348 COMMENTARIORUM
1913 286 1985 346 ΙΝ
2021 286 2213 347 ΝΑΗΜ
2255 289 2479 350 LIBER.
2521 291 2675 352 CAP.
2719 294 2808 353 Ill.

3518 304 3656 361 £269.

362 388 561 445 cadent
588 387 922 447 devorantis.
952 392 1084 449 Nam
1108 394 1251 464 quod
1274 397 1417 467 apud
1438 396 1791 467 Septuaginta
1822 400 1953 472 legi-
1982 401 2029 463 Α,
2058 400 2278 455 Ammtm
2303 419 2320 456 :
2348 402 2549 461 deinde
2577 404 2851 473 Ammona,
2882 421 3002 479 quae
3033 422 3175 465 nunc
3216 418 3448 467 vocatur
3478 409 3666 469 Phila-

366 493 452 536 tnr
478 500 489 534 :
525 482 683 551 Apta,
712 483 827 539 sive
854 501 1101 557 compone
1128 488 1399 553 chordam,
1429 488 1605 546 adhuc
1635 490 1701 544 ad
1732 491 1960 548 Niniven

361 571 587 629 dicitur.
613 574 680 628 Et
702 583 784 630 est
809 590 1039 632 sensus:
1070 579 1438 635 lnordinatum
1469 590 1524 636 et
1546 581 1961 653 incompositum

362 673 537 732 tuum,
568 677 622 720 et
654 667 707 720 in
751 666 968 722 diversa
996 667 1333 739 discrepans,
1379 671 1431 725 in
1455 672 1789 727 chordarum
1817 673 1965 727 simi-

361 758 655 813 litudiuem
676 769 822 829 apta,
852 759 1046 817 Ninive
1070 803 1084 827 ,
1117 764 1244 832 quia
1272 763 1409 818 nihil
1442 766 1537 818 tibi
1569 765 1810 834 proderit
1834 782 1963 837 spe-

363 852 473 906 cies
494 860 551 907 et
580 851 897 922 magnitudo
922 861 1034 921 tua,
1065 871 1189 923 quae
1232 857 1507 927 praecipua
1538 856 1741 915 habere
1767 869 1820 916 te
1846 875 1966 917 cre-

361 941 471 1008 dis,
503 942 607 997 nisi
637 952 690 998 te
713 948 988 1015 aptaveris
1013 946 1081 1001 ad
1109 947 1439 1003 canendum.
1488 950 1788 1007 Considera
1819 952 1964 1008 enim

364 1033 493 1106 [ΑΙ.
524 1037 700 1109 ergo]
745 1056 964 1096 onmem
996 1050 1207 1112 partem
1237 1043 1409 1098 sortis
1437 1043 1676 1098 filiorum
1709 1046 1963 1113 Ammon,

362 1138 415 1181 et
448 1144 804 1199 quaecumque
831 1133 1167 1187 testimantur
1190 1134 1471 1203 possidere
1500 1136 1663 1202 bona,
1692 1141 1967 1207 quomodo

362 1235 461 1275 eos
490 1236 597 1276 nou
622 1220 995 1291 defenderint,
1029 1240 1099 1281 ne
1124 1224 1269 1280 irent
1298 1226 1353 1280 in
1381 1227 1779 1296 captivitatem.
1813 1241 1868 1283 et
1898 1245 1966 1286 ne

365 1315 572 1382 parvuli
622 1330 819 1372 eorum
842 1319 1204 1375 alliderentur
1232 1320 1283 1373 in
1318 1321 1445 1374 viis.
1473 1320 1617 1386 Quid
1655 1323 1702 1376 ei
1747 1322 1963 1387 profue-

363 1416 495 1462 runt
537 1406 791 1477 ﬂumina,
832 1410 987 1479 juxta
1034 1426 1155 1480 quae
1197 1412 1375 1481 posita
1413 1421 1499 1467 est
1532 1414 1658 1468 urbs
1688 1413 1967 1470 Ammoni

362 1497 527 1569 Quid,
547 1502 796 1571 exceptis
818 1502 1165 1570 ﬂutninihus,
1181 1511 1325 1559 tanta
1345 1514 1631 1575 puteorum
1651 1517 1705 1562 et
1735 1506 1966 1562 fontium

366 1594 681 1662 multitudo,
713 1595 981 1667 incipiens
1012 1612 1045 1652 a
1088 1597 1225 1652 mari
1269 1598 1508 1665 Mortuo,
1541 1609 1592 1655 et
1627 1601 1836 1655 vallans
1884 1616 1969 1655 re-

363 1687 581 1757 gionem
622 1688 783 1756 ejus?
814 1688 950 1756 Quid
999 1690 1046 1744 ei
1080 1691 1365 1760 praebuere
1411 1693 1649 1761 ρι’ωείὧί
1691 1692 1965 1764 Ᾱῑιὴίορὶθ

2067 490 2300 564 delphin,
2331 510 2438 549 non
2484 504 2563 551 est
2612 498 2716 553 sita
2750 510 2917 570 super
2945 500 3189 568 flumina,
3226 516 3324 559 nec
3353 519 3487 574 opes
3519 505 3665 562 illius

2066 585 2134 641 de
2175 587 2309 641 mari
2346 598 2748 661 congregantur
2782 610 2793 646 :
2844 594 3045 665 quippe
3090 608 3213 667 qttre
3264 594 3669 656 mediterranea

2064 676 2155 744 sit,
2187 690 2287 734 nec
2316 693 2470 750 aqua:
2498 686 2621 736 ›ιιηι
2653 684 2796 738 muri
2827 684 2967 753 ejus,
3004 700 3103 742 nec
3131 687 3296 744 habet
3330 688 3666 761 Ethiopian:

2064 781 2120 827 et
2149 771 2438 845 Egyptutn
2470 786 2525 831 et
2571 776 2804 832 Africam
2853 791 2905 833 et
2953 778 3153 853 Libyes
3180 781 3496 852 tmderatos,
3543 801 3665 841 cum

2066 862 2185 919 hate
2212 868 2395 921 omnia
2425 876 2479 922 et
2503 866 2659 937 juxta
2703 870 3026 940 potentiam,
3075 882 3129 929 et
3156 872 3308 945 juxta
3340 880 3669 950 exemplum,

2065 965 2120 1009 et
2145 955 2300 1024 juxta
2335 958 2760 1029 descriptionem
2790 962 2890 1017 loci
2922 972 2977 1018 et
3006 966 3263 1037 regionis,
3294 976 3347 1025 et
3371 972 3665 1028 amicarum

2065 1050 2330 1117 gentium,
2361 1050 2534 1121 magis
2554 1051 2903 1110 Alexandriae
2934 1060 3234 1128 coaptanda
3267 1061 3372 1117 sint
3403 1072 3491 1120 :et
3515 1082 3668 1120 num-

2067 1154 2232 1212 quam
2263 1142 2644 1212 potentissima
2673 1145 2865 1203 civitas
2910 1144 3109 1207 Ninive
3153 1153 3353 1209 minari
3400 1154 3676 1214 Philadel-

2070 1235 2212 1305 phire
2232 1246 2568 1306 comparata,
2588 1239 2802 1295 audiret
2828 1256 2857 1296 a
2884 1244 3174 1313 propheta:
3198 1242 3469 1318 Numquid
3487 1251 3672 1306 meIiOr

2066 1342 2118 1380 es
2143 1328 2169 1379 ?
2194 1326 2291 1381 Cui
2322 1338 2500 1383 autem
2532 1328 2768 1385 dicitur:
2806 1328 3081 1404 Numquid
3110 1336 3294 1390 melior
3320 1348 3393 1403 e‘s,
3427 1340 3672 1395 ostendi-

2068 1427 2158 1474 tur
2184 1423 2363 1477 minOr
2384 1436 2509 1478 esse
2529 1435 2594 1479 ea
2618 1425 2705 1478 cui
2728 1436 3095 1496 comparatur,
3121 1437 3176 1483 et
3198 1442 3307 1483 non
3329 1424 3529 1487 debere
3557 1449 3676 1488 c:=m

2071 1513 2293 1584 indigne
2315 1515 2456 1569 ferre
2481 1515 2524 1569 si
2548 1525 2702 1583 capta
2726 1514 2818 1585 sit,
2849 1532 2972 1573 cum
3005 1519 3177 1591 major
3206 1531 3261 1577 et
3280 1518 3486 1579 ﬁrmior
3511 1534 3563 1580 et
3588 1541 3678 1595 po-

2071 1608 2275 1661 tentior
2331 1615 2440 1661 tam
2486 1617 2679 1663 natura
2733 1610 2881 1680 loci,
2924 1624 3084 1680 quam
3127 1612 3261 1669 viris
3307 1612 3558 1687 fortibus,
3609 1620 3677 1674 ab

2068 1700 2265 1755 eodem
2306 1702 2375 1754 sit
2430 1701 2587 1757 hoste
2646 1716 2922 1772 superata.
2977 1704 3110 1773 Quia
3159 1720 3289 1765 vero
3335 1705 3569 1767 Niniven
3624 1722 3679 1768 et

363 1790 420 1835 et
448 1780 736 1853 Egyptus,
769 1783 1045 1851 quondam
1075 1785 1320 1841 ttederuti
1351 1786 1513 1855 ejus?
1537 1786 1823 1855 Quomodo
1843 1804 1974 1859 ergo
2005 1794 2052 1856 Β
2079 1793 2238 1867 573
2262 1795 2527 1850 mundum
2554 1797 2716 1853 istum
2740 1798 3078 1870 interpretati
3107 1817 3316 1870 sumus,
3353 1806 3667 1875 praecipitur

364 1872 513 1928 illam
542 1888 653 1928 non
676 1873 821 1943 juvit
849 1876 1117 1931 auxilium
1159 1879 1439 1933 sociorum
1460 1896 1479 1932 :
1507 1879 1586 1933 sic
1614 1894 1719 1936 nec
1765 1890 1907 1949 tuus,
1941 1896 1974 1937 o

363 1964 579 2029 Ninive,
614 1964 852 2035 fugiendi
879 1966 1002 2025 finis
1033 1971 1163 2034 erit,
1190 1970 1283 2024 sed
1317 1970 1426 2025 huc
1454 1981 1622 2041 atque
1648 1972 1772 2027 illuc
1802 1981 1974 2027 vasta-

366 2058 532 2113 beris.
564 2058 721 2125 Quod
770 2061 962 2127 loquar
991 2061 1061 2116 de
1097 2061 1471 2133 ίΕιιιὶίῳὶδυε,
1515 2072 1575 2119 et
1602 2065 1675 2121 de
1700 2065 1976 2137 Egyptiis

366 2153 531 2226 573
567 2153 663 2223 qui
715 2154 977 2221 prmities
1019 2156 1234 2210 fuerunt
1275 2156 1515 2212 tiliorum
1560 2159 1818 2228 Ammon,
1851 2174 1975 2216 cum

366 2248 533 2300 etiam
563 2246 767 2318 Libyes
792 2246 842 2301 ei
875 2246 1076 2303 iuerint
1107 2248 1406 2305 fmderati?
1444 2252 1505 2304 Et
1540 2250 1655 2305 haec
1689 2253 1851 2323 igitur
1876 2253 1979 2308 du-

365 2350 519 2396 cetur
549 2341 603 2395 in
644 2342 1046 2411 Captivitatem,
1100 2355 1150 2399 et
1187 2344 1565 2416 parvuliejus,
1610 2348 1736 2418 quia
1769 2348 1977 2419 ingredi

367 2452 477 2492 non
520 2437 805 2504 valebunt,
854 2437 1258 2495 interﬁcientur
1299 2442 1350 2496 in
1383 2442 1489 2495 viis
1520 2452 1649 2498 ante
1692 2452 1977 2512 parentum

366 2544 465 2585 ora
496 2532 778 2601 prostrati,
812 2541 866 2588 et
892 2547 1084 2588 manes
1113 2549 1253 2603 opes
1287 2534 1407 2604 ejus
1436 2534 1575 2589 torte
1605 2551 1635 2590 a
1681 2537 1978 2593 victoribus

368 2624 697 2680 dividentur.
749 2626 858 2682 Nec
902 2628 1196 2698 quisquam
1246 2629 1319 2685 de
1365 2629 1704 2699 principibus
1753 2631 1975 2699 evadet,

369 2719 505 2788 quia
543 2720 686 2776 ferro
727 2731 782 2776 et
809 2721 1169 2789 compedibus
1200 2722 1529 2778 vincientur.
1581 2723 1647 2777 Et
1676 2732 1732 2778 tu
1766 2739 1916 2794 ergo,
1948 2739 1981 2777 ο

364 2809 587 2875 Ninive,
611 2812 999 2877 inebriaberis,
1029 2823 1084 2869 et
1114 2813 1285 2868 dives.
1298 2815 1573 2886 quondam
1608 2830 1672 2871 ac
1703 2818 1978 2884 speciosa,

366 2922 495 2977 quae
521 2917 703 2963 tantos
746 2918 1024 2965 amatura
1051 2910 1312 2976 habebas,
1346 2911 1667 2982 despieieris
1713 2914 1781 2967 ab
1807 2914 1981 2968 omni-

365 2999 491 3066 bus,
520 3011 579 3057 et
597 3002 831 3059 inimicis
862 3005 1344 3073 persequentibus,
1381 3020 1593 3076 quatres
1627 3006 1895 3076 requiem,
1927 3013 1982 3061 et

365 3108 473 3147 non
498 3093 763 3151 invenies.
793 3097 997 3152 Omnes
1013 3097 1307 3152 bellatores
1331 3097 1403 3151 tui
1433 3109 1486 3151 et
1513 3099 1765 3153 universa
1783 3097 1981 3153 auxilia

2076 1888 2123 1941 ei
2151 1897 2208 1940 ut
2236 1896 2387 1955 aptet
2416 1898 2471 1944 et
2500 1900 2794 1960 componat
2813 1890 3046 1948 chordas
3068 1904 3217 1960 suas,
3248 1904 3301 1952 et
3334 1912 3393 1952 se
3419 1897 3489 1951 ad
3517 1896 3671 1969 lugu-

2076 1980 2171 2036 bre
2201 1996 2423 2037 carmen
2467 1990 2664 2050 paret:
2706 1996 2833 2055 pars
2883 1986 3024 2042 enim
3073 1987 3309 2047 ﬁliorum
3346 1988 3524 2046 Anton
3556 2009 3677 2065 quae

2078 2073 2249 2128 inuito
2282 2073 2473 2129 melior
2499 2073 2676 2130 fuerat
2698 2091 2859 2147 quam
2884 2074 3098 2148 Ninive,
3122 2086 3176 2137 et
3207 2076 3546 2139 habitaverat
3584 2099 3676 2139 su-

2080 2180 2181 2235 per
2199 2165 2449 2233 tlumina,
2493 2167 2621 2237 quia
2663 2168 2714 2223 in
2743 2182 2933 2225 errore
2961 2168 3301 2241 deprehensa
3333 2183 3417 2231 est
3441 2218 3454 2237 .
3490 2189 3682 2246 poenas

2078 2268 2197 2312 eam
2225 2258 2308 2311 sui
2340 2256 2563 2314 sceleris
2588 2259 2935 2330 pependisse.
2970 2261 3047 2317 Ae
3077 2264 3483 2336 primum‘juxta
3511 2264 3682 2324 histo-

2078 2350 2211 2403 riam
2238 2348 2588 2404 Alexnndr'ue
2619 2351 2930 2417 dicendum,
2967 2354 3110 2423 quod
3152 2355 3369 2411 Ammon
3406 2358 3677 2430 interpre-

2079 2450 2264 2497 tentur
2289 2442 2494 2511 populi,
2536 2451 2590 2497 et
2633 2443 2705 2498 sit
2735 2454 2930 2499 sensus
2971 2445 3122 2514 juxta
3169 2446 3317 2517 leges
3360 2447 3681 2519 allegoriae:

2080 2535 2379 2592 Considera
2416 2534 2644 2607 populos
2679 2536 2937 2595 Ecclesia
2963 2554 3084 2609 quae
3123 2537 3329 2596 habitat
3373 2557 3540 2613 super
3566 2558 3682 2600 amo

2082 2644 2178 2686 nes
2211 2642 2233 2671 ο
2281 2632 2707 2702 prophetat-nm,
2758 2642 2816 2688 et
2866 2631 3030 2688 habet
3068 2632 3325 2691 duetores
3356 2634 3407 2690 i‘u
3449 2636 3687 2693 circuitu

2082 2740 2203 2791 suo,
2255 2740 2483 2794 quorum
2532 2722 2600 2783 de
2628 2734 2817 2783 ventre
2848 2734 3070 2783 manant
3093 2724 3342 2796 ﬂumina,
3386 2729 3539 2800 cujus
3578 2731 3685 2785 ini-

2084 2820 2213 2875 tium
2242 2828 2325 2875 est
2360 2834 2528 2875 mare.
2577 2820 2621 2875 A
2651 2819 2895 2876 lectione
2918 2820 3121 2892 quippe
3163 2820 3341 2893 Legis,
3398 2838 3518 2894 qum
3566 2825 3687 2880 sine

2083 2910 2233 2982 ligno
2254 2910 2455 2967 Christi
2482 2926 2661 2967 amara
2696 2918 2803 2979 est,
2829 2913 2882 2967 in
2905 2912 3264 2970 similitudine
3292 2912 3319 2952 ά
3348 2914 3577 2971 Merrhm
3615 2918 3684 2973 ad

2082 3002 2200 3073 ejus
2245 3005 2567 3075 mysterium
2603 3006 2942 3074 pervenitur,
2995 3020 3113 3076 quae
3150 3007 3317 3063 habet
3344 3006 3681 3079 Ethiopiam

2085 3096 2138 3151 in
2183 3094 2543 3153 fortitudine:
2585 3092 2864 3167 Ethiopia
2898 3098 3099 3167 quippe
3148 3099 3442 3168 praeveniet
3491 3110 3685 3157 manus

367 3187 566 3257 praedae
611 3187 860 3245 hostibus
886 3199 1071 3261 erunt,
1102 3199 1157 3246 et
1183 3190 1301 3245 sine
1330 3190 1443 3245 ullo
1468 3191 1657 3246 labore
1697 3191 1979 3262 capientur
2006 3186 2052 3255 C
2085 3189 2200 3257 ejus
2228 3190 2336 3245 Deo
2361 3188 2481 3260 (Ps.
2508 3188 2679 3260 vau)
2726 3208 2739 3243 :
2788 3199 2841 3245 et
2885 3189 3183 3261 Egyptum
3215 3191 3267 3243 in
3297 3202 3457 3261 quam
3494 3190 3682 3247 Domi-

367 3278 425 3333 in
453 3278 864 3337 similitudinem
888 3296 1217 3352 grumorum
1234 3282 1390 3351 ficus,
1416 3296 1539 3353 quae
1560 3297 1839 3338 concussae
1867 3298 1973 3338 non

366 3370 423 3426 in
454 3379 683 3439 terram,
714 3388 784 3429 ne
807 3373 1003 3429 saltem
1035 3390 1233 3445 parvus
1259 3374 1417 3431 labor
1449 3376 1523 3430 sit
1551 3375 1931 3445 colligendum
1962 3417 1978 3443 ,

366 3464 461 3519 sed
505 3466 699 3520 statim
735 3466 787 3521 in
826 3481 887 3522 os
917 3468 1232 3525 devorantis
1259 3469 1477 3525 cadent.
1531 3470 1656 3525 Haec
1695 3469 1838 3527 dicta
1869 3473 1977 3526 sint

366 3568 805 3635 ﬂuparppaartxég
830 3560 987 3631 juxta
1014 3562 1372 3633 Septuaginta
1404 3564 1764 3633 interpretes:
1804 3563 1977 3619 semel

366 3654 511 3709 enim
558 3656 897 3724 propositum
933 3658 1092 3712 nobis
1136 3666 1241 3723 est,
1283 3667 1336 3713 et
1369 3657 1651 3728 Vulgatam
1682 3657 1976 3713 editionem

367 3744 547 3815 sequi,
586 3761 653 3800 ne
695 3746 937 3817 aliquam
968 3757 995 3784 ⁸
1022 3759 1260 3804 excetra:
1288 3758 1346 3804 et
1392 3750 1773 3819 Sardanapalo
1798 3764 1982 3821 repre-

367 3839 642 3896 hendendi
676 3842 1021 3898 occasionem
1053 3844 1354 3913 prmbuisse
1379 3846 1680 3900 videamur.
1707 3845 1977 3901 Cmterum

367 3947 472 3987 non
503 3934 639 3988 satis
668 3932 805 3988 mihi
827 3934 1046 3990 videtur
1072 3950 1375 4007 congruere
1401 3939 1709 4009 exemplum
1740 3943 1981 3994 eversio-

368 4024 457 4078 nis
476 4024 814 4082 Ninivecum
842 4027 972 4084 [iliis
996 4028 1157 4095 Loth,
1183 4031 1275 4103 qui
1294 4040 1557 4087 vocantur
1582 4035 1824 4091 Ammon.
1856 4032 1975 4088 Pri-

366 4134 527 4177 mum;
547 4120 703 4176 enim.
725 4119 755 4159 δ
784 4120 1005 4178 Amnon
1035 4123 1237 4179 dicitur
1283 4125 1301 4195 (
1327 4122 1525 4181 Genu.
1566 4142 1653 4181 xtx
1680 4125 1698 4198 )
1728 4170 1739 4190 ,
1771 4135 1829 4183 et
1863 4140 1970 4182 non

442 4330 477 4358 α*
501 4320 774 4374 Marianos
788 4319 1059 4378 Victorius
1077 4322 1247 4389 addit,
1266 4324 1656 4391 exemplarium
1680 4323 1967 4378 Brixiano-

368 4406 615 4466 mmppe
640 4392 923 4457 subnixus,
942 4410 1003 4446 ne
1025 4403 1243 4449 excetrae
1263 4394 1691 4466 “Sardanapalo
1716 4395 1967 4461 aliquam,

368 4475 475 4516 etc.
504 4463 711 4518 Nomen
747 4476 923 4517 tamen
956 4476 1174 4519 excetra:
1201 4466 1252 4519 in
1297 4469 1501 4520 nostris
1529 4463 1805 4521 cudieibus
1834 4480 1965 4520 mss.

368 4550 707 4604 nequaquam
739 4536 985 4607 reperire
1017 4537 1183 4603 potui.
1219 4537 1324 4592 Sed
1357 4538 1699 4607 perspicuum
1733 4546 1834 4600 est,
1873 4554 1970 4589 no-

368 4608 518 4661 mine
567 4614 784 4660 excetra
822 4606 941 4659 sive
988 4606 1168 4678 hydra:
1207 4620 1259 4661 et
1294 4606 1668 4678 Sdrdtmapuli,
1720 4608 1966 4661 Rufinum

368 4678 570 4747 smpius
597 4678 664 4730 ab
696 4678 1022 4747 Hieronymo
1048 4688 1314 4732 notatum.
1336 4680 1509 4734 Mater.
1537 4708 1609 4720 —
1630 4679 1823 4733 Iisdem
1858 4680 1970 4745 pla-

368 4765 436 4803 ne
486 4748 695 4819 verbis,
748 4748 943 4811 quibus
995 4748 1251 4803 Rtttinum
1304 4763 1495 4804 notare
1539 4753 1699 4819 vulgo
1752 4750 1967 4811 dicitur,

364 4819 557 4875 set-ibit
583 4817 721 4871 infra
746 4820 969 4888 prologo
998 4822 1223 4875 secundi
1258 4821 1378 4875 libri
1412 4824 1463 4876 in
1495 4817 1716 4876 Abac'uc
1745 4840 1755 4874 :
1791 4822 1971 4875 Sibilet

367 4892 529 4963 igitur
555 4899 757 4963 excetra
780 4899 871 4963 ,_et
902 4890 1297 4963 Sardanapa'w
1337 4894 1569 4960 insultet,
1604 4894 1809 4962 turpior
1834 4892 1971 4947 vitiis

367 4960 769 5034 ([uamrnomine.
805 4960 914 5034 Nec
942 4971 1119 5015 tamen
1152 4960 1366 5017 oecurit
1414 4966 1574 5018 ILCIIU
1607 4982 1671 5017 ex
1695 4960 1957 5034 Hierony-

368 5036 439 5088 mi
472 5032 825 5097 adversariis,
855 5033 958 5086 nisi
984 5035 1025 5087 si
1060 5034 1282 5089 Ruﬁnus
1313 5035 1403 5090 ille
1433 5045 1538 5101 est,
1566 5038 1653 5104 qui
1685 5032 1971 5105 turpitudi-

369 5120 491 5174 nem
518 5111 739 5157 separet
778 5106 1017 5159 nomine.
1055 5106 1270 5160 interim
1304 5121 1493 5161 vocem
1524 5116 1753 5170 excetra,
1800 5122 1961 5174 quam

368 5172 708 5246 MJHiaIiIBIIS
739 5175 971 5243 respuit,
1012 5189 1327 5233 nostrorum
1362 5172 1848 5246 Brixianorumque
1872 5192 1964 5245 pe-

370 5262 469 5301 nes
499 5245 792 5300 Vimorium
826 5246 1072 5303 codicum
1098 5264 1202 5316 ope
1234 5251 1586 5305 restituimus.
1611 5247 1888 5303 Persuasit
1912 5256 1967 5302 et

370 5318 550 5371 simile
582 5318 726 5389 quod
750 5316 911 5372 modo
935 5319 1295 5384 laudavimus,
1329 5322 1723 5385 testimonium,
1754 5322 1966 5389 aliaque

408 5387 769 5461 ropemodum
791 5393 1098 5453 innumera,
1125 5392 1320 5461 quibus
1361 5402 1568 5447 excetra
1611 5390 1841 5446 Ruﬁnus
1871 5387 1968 5445 abs

408 5405 761 5459 ropemouum
794 5405 941 5444 mutu

368 5405 701 5530 Hieronymo
723 5459 941 5515 dicitur.

443 5534 469 5568 ι’
508 5529 693 5585 Cudex
721 5530 941 5602 Regina:
966 5551 978 5586 :
1017 5531 1251 5588 Primum
1274 5535 1410 5590 enim
1441 5538 1659 5589 Ammon
1686 5534 1900 5596 dicitur,
1925 5542 1973 5587 et

370 5619 472 5656 non
502 5602 721 5655 Ammon
746 5618 761 5655 :
787 5603 973 5657 deinde
995 5606 1233 5669 Ammon,
1259 5622 1395 5674 quae,
1429 5617 1539 5661 etc.
1563 5605 1815 5659 Martian.
1845 5620 1976 5659 eon-

370 5674 657 5748 sulrndum
697 5676 1239 5748 titubetStephauum
1271 5678 1345 5733 de
1380 5677 1617 5733 Urbibus
1650 5676 1717 5731 ad
1743 5677 1971 5748 'Apuaw‘t.

449 5748 472 5776 °
516 5744 607 5817 Sic
654 5745 719 5798 od
771 5745 917 5813 Regii
972 5744 1092 5802 (-Od'.
1148 5748 1306 5804 tidem
1340 5749 1703 5815 correximus,
1740 5744 1975 5817 proquo

374 5816 718 5873 Mattiauteus
743 5818 999 5872 mendose
1019 5820 1237 5874 retinuit
1258 5838 1437 5874 omnes
1455 5819 1751 5891 pmphetns.
1779 5821 1975 5873 Emen-

1996 4645 2049 4705 D

2078 3296 2181 3336 nus
2206 3281 2353 3336 venit
2385 3283 2441 3335 in
2470 3280 2615 3336 mtbe
2636 3281 2781 3336 levi:
2811 3289 2866 3336 et
2893 3280 3095 3353 Libyes
3110 3282 3203 3353 qui
3225 3292 3348 3339 ante
3365 3280 3685 3342 habitabant

2081 3372 2131 3427 iu
2165 3374 2467 3439 arentibus,
2497 3384 2549 3429 et
2579 3382 2775 3445 postea
2801 3372 2931 3430 facti
2967 3388 3093 3429 sunt
3134 3376 3184 3429 in
3216 3374 3419 3431 auxilio
3449 3378 3583 3447 ejus.
3616 3378 3685 3434 Et

2084 3465 2199 3521 haec
2226 3480 2354 3537 ergo
2383 3466 2429 3520 si
2461 3481 2565 3521 non
2598 3482 2659 3521 se
2685 3466 2998 3530 attenderit,
3030 3478 3080 3521 et
3105 3466 3253 3522 omni
3278 3468 3558 3539 dih‘gentia
3590 3486 3685 3527 cu-

2081 3561 2333 3617 stodierit
2366 3577 2461 3616 cor
2491 3576 2666 3628 suum,
2702 3562 2910 3633 captiva
2942 3562 3195 3631 ducetur,
3223 3574 3279 3620 et
3300 3565 3517 3635 planget
3544 3566 3686 3624 ﬁlios

2083 3672 2237 3714 suos.
2285 3656 2503 3710 Parvuli
2546 3670 2762 3726 quoque
2789 3655 2926 3726 ejus,
2960 3656 3049 3725 qui
3080 3656 3265 3713 adhuc
3301 3659 3353 3713 in
3402 3660 3682 3731 principiis

2082 3751 2307 3805 viarum
2325 3758 2473 3814 sunt,
2513 3760 2615 3805 nec
2648 3748 2714 3803 ad
2763 3748 3001 3806 medium
3030 3749 3242 3805 itineris
3291 3762 3681 3821 pervenerunt,

2082 3843 2357 3900 elidentur
2388 3844 2439 3897 in
2473 3842 2609 3911 ipsis
2636 3841 2919 3913 principiis
2948 3844 3061 3899 suis
3091 3860 3104 3897 :
3147 3855 3205 3900 et
3229 3842 3414 3902 hostes
3443 3848 3676 3905 saevissi-

2083 3938 2153 3991 mi
2184 3936 2443 4004 praeclara
2497 3949 2727 4007 quaeque
2775 3934 2896 4006 ejus
2924 3946 3073 3992 sorte
3117 3936 3220 3991 sibi
3252 3934 3497 3995 dividere
3528 3938 3685 3996 festi-

2082 4028 2305 4094 nubunt,
2340 4034 2401 4081 et
2440 4028 2733 4097 optimates
2757 4042 2897 4097 quos
2941 4027 3211 4099 principes
3258 4038 3315 4084 et
3356 4034 3682 4101 praepositos

2076 4122 2384 4193 intelligere
2410 4136 2722 4192 possumus,
2764 4122 2973 4177 vinctos
2999 4122 3211 4180 catenis
3229 4165 3244 4191 ,
3278 4131 3335 4179 et
3358 4124 3681 4194 gravissimo

2078 4320 2302 4374 daverat
2336 4332 2468 4374 vero
2497 4327 2550 4373 et
2574 4316 2850 4374 Victorius
2884 4316 3089 4388 pridem
3122 4318 3500 4377 Brixianorum
3524 4324 3678 4381 codi-

2078 4407 2203 4447 cum
2232 4392 2651 4463 moniutamnes
2674 4406 2791 4463 pro
2821 4406 3062 4463 omnes:
3098 4392 3330 4460 Exponit
3371 4394 3537 4462 enim,
3580 4399 3676 4463 ait,

2078 4463 2311 4535 mystice
2340 4462 2407 4516 de
2437 4462 2764 4535 Alexandria
2798 4463 2883 4517 illa
2908 4462 3074 4517 verba
3116 4481 3145 4535 7:,
3177 4464 3455 4534 Numquid
3498 4462 3677 4523 melior

2076 4533 2151 4589 est
2171 4534 2232 4587 ab
2264 4534 2452 4599 Anton,
2477 4548 2593 4607 qud:
2612 4533 2809 4607 habitat
2836 4535 2888 4586 in
2920 4533 3259 4602 ﬂuminibus?
3290 4533 3453 4607 Agna:
3491 4540 3543 4591 in
3578 4543 3681 4593 cir-

2077 4607 2269 4659 cumitu
2297 4607 2410 4681 ejus
2438 4621 2453 4656 :
2485 4604 2846 4681 cuiusdiuitiw
2878 4621 3039 4681 mare,
3073 4620 3222 4681 aqua;
3239 4604 3382 4681 inuri
3409 4612 3540 4681 ejus.
3575 4614 3676 4666 As-

2075 4675 2328 4744 seritque
2347 4675 2737 4752 Alexandriam
2767 4676 3065 4752 Ecclesium
3082 4678 3223 4745 signi
3232 4677 3415 4752 licere,
3430 4675 3672 4752 'ejusque

2074 4762 2285 4807 amnes.
2315 4760 2410 4800 seu
2434 4746 2678 4811 ﬂumina,
2709 4761 2835 4801 esse
2862 4746 3183 4816 prophetas.
3208 4758 3267 4803 er
3289 4746 3561 4807 datores.

2146 4819 2169 4855 ἀ
2201 4816 2550 4872 Correximus
2569 4816 2834 4872 Men/ue:
2869 4834 2965 4887 pro
2998 4835 3105 4887 quo
3131 4819 3327 4874 vitiose
3356 4822 3551 4876 lectum
3579 4821 3675 4877 ha-

2073 4900 2265 4945 ctenus
2296 4888 2543 4959 myrrhae.
2598 4888 2814 4944 Etenim
2857 4890 2997 4943 sicut
3036 4890 3264 4945 Merth
3308 4890 3512 4947 fontem
3540 4908 3669 4961 pro-

2076 4972 2196 5031 pter
2244 4976 2503 5030 aquarum
2533 4960 2953 5014 amaritudinem
2984 4962 3252 5031 attingere
3301 4961 3511 5017 liebrtei
3544 4960 3668 5017 non

2075 5033 2688 5105 poterant,priusquam
2716 5032 2912 5105 lignum
2939 5036 2990 5085 in
3032 5032 3497 5105 aqttasinjecisset
3523 5035 3672 5105 Moy-

2075 5119 2185 5167 ses,
2220 5102 2361 5171 qucd
2395 5118 2486 5156 eas
2517 5103 2567 5155 in
2602 5102 2946 5157 dulcedinem
2983 5104 3169 5163 vertit.
3206 5104 3378 5158 Exod.
3405 5120 3496 5168 xv,
3521 5102 3667 5159 vers.

2072 5174 2141 5229 25
2169 5185 2223 5229 et
2252 5189 2431 5243 seqq.,
2463 5173 2544 5227 sic
2573 5176 2731 5227 lectio
2762 5175 2897 5244 legis
2923 5174 3041 5227 sine
3076 5173 3221 5242 ligno
3267 5179 3443 5227 crucis
3485 5190 3670 5231 amara

2074 5255 2153 5301 est
2179 5248 2229 5298 in
2255 5244 2662 5299 similitudinem
2689 5245 2933 5301 Merrhae.
2960 5247 3071 5299 llac
3106 5246 3519 5314 comparatione
3538 5248 3672 5303 alias

2072 5319 2242 5373 utitur
2281 5316 2502 5369 Hieron.
2536 5330 2588 5370 ut
2634 5317 2801 5385 Epist.
2840 5317 2941 5371 125
2969 5316 3036 5369 ad
3071 5316 3384 5380 Rusticum,
3419 5318 3504 5371 ubi
3547 5334 3668 5373 cum

2076 5403 2293 5457 quoque
2324 5387 2498 5441 locum
2534 5388 2940 5442 emendavimus
2968 5405 2980 5439 :
3006 5396 3059 5441 et
3085 5386 3137 5440 in
3170 5386 3672 5457 PraefataEpistoiae

2077 5459 2142 5513 ad
2173 5458 2472 5528 Algasiatn,
2507 5460 2595 5531 ubi
2628 5458 2797 5531 Mitte,
2820 5459 3015 5526 inquit,
3038 5459 3091 5511 in
3116 5457 3298 5512 Marra
3320 5459 3673 5531 liguwntCru‘

2080 5531 2173 5584 cis.
2204 5531 2259 5585 ὃ.
2296 5544 2509 5600 quoque
2540 5529 2820 5597 Paulinus,
2847 5544 3027 5598 poem.
3064 5544 3191 5583 xvn.

2329 5642 2470 5691 Siwt
2492 5642 3201 5703 antiquivmanibus-prophette

2336 5704 2435 5753 Per
2458 5710 2821 5753 sacramentum
2836 5703 3022 5763 Crucis,
3046 5705 3175 5753 unda
3195 5706 3343 5755 mimo

2394 5766 2593 5829 Dul_c_uit
2612 5766 2764 5829 ligno,
2791 5767 3051 5829 posuitque
3076 5768 3247 5815 tristes

2481 5825 2638 5877 Merra
2667 5825 2897 5891 liquores.
