4084 6340
359 245 500 306 1263

1615 241 1674 296 S.
1721 237 1990 298 EUSEBII
2028 237 2408 296 HIEBONYMI

3517 237 3658 296 ιξθι

355 357 680 429 compedum
721 358 964 430 pondere
993 357 1346 430 praepeditas.
1379 357 1598 413 trahent
1630 357 1686 412 in
1727 357 1954 428 captivi-
1983 359 2036 420 A
2061 361 2448 416 clinaverunta
2475 363 2632 428 patre
2651 369 2750 412 suo
2779 355 2936 428 (Loth
2967 355 3166 426 quippe
3199 357 3476 412 declinatio
3499 357 3660 410 inter-

359 465 546 510 tatctn.
577 453 642 508 Et
674 463 728 508 tu
755 469 910 524 ergo,
941 453 1154 518 Ninive,
1187 453 1439 508 homines
1465 453 1726 508 videlicet
1765 451 1962 506 inlide-

355 545 460 611 lcs,
513 545 768 600 homines
819 545 1022 600 mundo
1075 547 1292 612 penitus
1345 545 1698 610 inhaerentes,
1751 545 1961 600 senties

364 639 654 710 supplicia,
687 649 740 692 et
767 637 1112 710 consopieris
1143 637 1318 692 calice
1345 653 1498 706 meo,
1553 653 1676 692 cum
1715 637 1788 690 illi
1833 651 1966 706 quo-

365 745 472 800 que
501 729 740 786 biberint
765 729 858 800 qui
889 731 957 786 tle
987 745 1108 784 mea
1131 739 1286 800 parte
1315 727 1422 800 [Αι.
1454 727 1622 799 sorte]
1657 727 1886 788 fut-rant.
1911 736 1966 782 et

365 837 468 878 suo
499 823 628 878 vitio
659 832 1010 878 corruerunt.
1067 823 1134 878 Et
1161 821 1480 890 deSpicieris
1509 837 1538 874 a
1571 837 1656 876 me
1689 839 1702 874 :
1751 835 1964 892 quat-res

367 917 532 972 linem
565 917 706 971 inter
733 917 864 970 vitia
895 925 950 970 et
983 915 1426 986 perturbationes
1453 927 1574 984 quae
1605 923 1656 968 te
1693 921 1962 982 prement,

315 1031 332 1046 ο
365 1023 420 1066 et
447 1007 802 1064 nihilominus
830 1009 1120 1064 stationem
1159 1019 1213 1064 et
1239 1007 1400 1062 ﬁnem
1429 1007 1694 1062 malorum
1727 1005 1968 1076 reperire

367 1117 476 1158 non
509 1099 754 1171 poteris;
785 1099 883 1156 sed
913 1111 969 1156 et
998 1115 1188 1156 omnes
1217 1099 1527 1155 voluntates
1561 1109 1668 1152 tum
1695 1108 1748 1153 et
1777 1097 1966 1152 dulce-

367 1193 910 1264 dines,etpotentite
939 1195 1254 1260 saeculares,
1307 1203 1362 1249 et
1405 1193 1658 1262 dogmata
1701 1207 1824 1262 quae
1873 1191 1966 1246 tibi

369 1285 645 1342 videbaris
677 1285 882 1340 habere
915 1285 1249 1350 ﬁrmissima,
1293 1285 1700 1340 devorabuntur
1725 1299 1754 1336 a
1787 1299 1972 1338 come-

367 1377 560 1444 dente,
611 1375 774 1450 574
799 1377 864 1432 de
901 1393 1010 1448 quo
1055 1393 1150 1446 per
1174 1377 1488 1446 parabolam
1521 1377 1654 1430 dicit
1687 1376 1918 1432 Samson
1955 1393 1966 1428 :

371 1469 452 1524 De
499 1471 796 1524 contedente
841 1471 998 1524 exivit
1029 1469 1204 1536 cibus,
1247 1479 1292 1522 et
1341 1471 1406 1524 de
1437 1471 1560 1540 forti
1589 1485 1852 1542 egressum
1897 1477 1971 1522 est

371 1561 526 1616 dulce
556 1559 756 1632 (ludio.
791 1577 900 1628 stv,
929 1559 1018 1632 14)
1049 1579 1060 1616 :
1096 1573 1220 1616 tunc
1240 1563 1385 1616 enim
1413 1561 1566 1616 [ιιι-ιίιι
1599 1577 1828 1632 qua-que
1857 1569 1970 1628 tua,

370 1665 428 1712 et
459 1671 580 1728 qua:
606 1655 796 1710 dulces
827 1653 1034 1708 fructus
1078 1653 1446 1724 spectantium
1475 1655 1648 1708 oculis
1685 1654 1968 1722 promitte-

2065 459 2336 524 pretatur)
2361 451 2542 524 575,
2571 465 2744 518 poena:
2777 449 3142 520 subjiciendus
3169 459 3227 505 et
3253 465 3518 521 passuros
3545 464 3662 504 om-

2067 549 2154 602 nia
2181 563 2302 618 qua:
2329 561 2490 616 supra
2513 545 2883 614 exposuimus.
2911 545 2966 600 Si
2999 554 3178 598 autem
3209 543 3278 598 ab
3305 543 3392 598 his
3415 543 3506 614 qui
3535 559 3664 598 san-

2065 637 2430 710 ctiquoodam
2471 639 2703 700 inerant,
2755 638 2848 692 Dei
2889 637 3158 694 severitas
3191 636 3424 706 incipit,
3479 647 3532 692 et
3573 635 3662 690 illa

2067 747 2187 800 qua:
2219 729 2494 784 habitabat
2523 730 2664 786 inter
2685 729 2931 794 ﬁutnina,
2961 727 3224 798 gehennae
3251 729 3377 798 igne
3411 727 3664 798 purgabi-

2071 831 2156 877 tur
2185 840 2198 874 :
2231 831 2432 892 quanto
2459 823 2630 891 magis
2659 821 2848 878 Ninive
2877 837 2998 892 quat
3025 829 3154 876 ante
3199 835 3306 876 non
3349 819 3536 874 habuit
3585 818 3665 874 le-

2069 929 2214 984 gem,
2259 929 2362 970 nec
2389 915 2592 984 recepit
2615 913 2804 984 jugum
2841 924 3240 984 praeceptorum
3275 913 3404 980 Dei,
3451 921 3670 982 prepter

2071 1009 2385 1076 superbiam
2417 1023 2568 1062 suatu
2601 1007 2668 1062 ad
2711 1015 3012 1064 extremum
3065 1009 3116 1062 in
3145 1022 3208 1063 os
3247 1019 3470 1064 corruet
3506 1006 3669 1062 devo-

2073 1101 2246 1154 rantis
2279 1101 2292 1152 ι

2145 1191 2328 1262 (Vera.
2345 1193 2412 1248 13
2431 1189 2612 1264 seqq.)
2643 1189 2780 1247 Ecce
2803 1191 3027 1262 papulas
3053 1199 3194 1260 tuus,
3219 1191 3466 1247 mulieres
3493 1193 3550 1246 in
3569 1207 3674 1246 me-

2075 1285 2160 1338 dio
2187 1287 2265 1340 tui
2305 1303 2324 1339 :
2371 1287 2594 1340 inimicis
2637 1287 2737 1340 tuis
2783 1287 3121 1354 adnpertione
3161 1287 3454 1360 pandentur
3511 1297 3674 1356 porta:

2077 1385 2228 1440 terra?
2249 1387 2352 1432 tua:
2383 1394 2402 1432 :
2425 1377 2688 1432 devorabit
2717 1379 2852 1452 ignis
2877 1389 3040 1433 vectes
3067 1390 3200 1434 tuos.
3233 1378 3434 1450 Aquam
3463 1387 3676 1451 propter

2075 1471 2392 1526 obsidionem
2425 1469 2580 1524 hauri
2607 1471 2696 1524 tibi
2729 1489 2740 1524 :
2771 1481 2980 1526 exstrue
3007 1473 3322 1526 munitiones
3349 1481 3496 1536 tuas,
3541 1473 3678 1526 intra

2075 1567 2128 1618 in
2159 1563 2344 1629 lutum,
2371 1573 2418 1616 et
2447 1563 2594 1618 calca
2621 1581 2638 1618 :
2663 1563 2904 1634 subigens
2927 1573 3041 1619 tene
3069 1565 3308 1619 laterem.
3347 1563 3434 1620 Ibi
3453 1564 3680 1620 comedet

2077 1665 2124 1708 te
2145 1657 2280 1726 ignis
2303 1673 2324 1720 ;
2355 1655 2545 1726 peribis
2573 1656 2772 1724 gladio,
2799 1655 3066 1710 (laceravit
3093 1663 3142 1712 te
3167 1667 3224 1710 ut
3255 1657 3478 1712 bruchus
3513 1673 3530 1710 :
3557 1673 3678 1712 can-

373 1749 524 1815 bant,
557 1747 626 1802 ad
657 1746 886 1816 primum
921 1747 1134 1802 arboris
1165 1749 1580 1802 concussionent
1613 1757 1772 1802 ruent
1813 1745 1866 1800 in
1911 1763 1972 1802 os
2001 1749 2051 1810 B
2077 1765 2288 1822 gregare
2315 1765 2444 1822 ergo
2473 1759 2528 1802 ut
2556 1749 2778 1804 bruchus
2813 1765 2832 1804 :
2861 1751 3208 1818 multiplicare
3229 1759 3286 1804 ut
3305 1749 3520 1806 locusta.
3553 1749 3682 1804 Ptu-

373 1839 577 1895 diaboli
595 1839 936 1906 devorantis,
959 1853 989 1892 a
1018 1853 1126 1908 quo
1156 1855 1374 1912 semper
1401 1841 1592 1894 Ninive
1623 1851 1766 1895 tenta
1799 1839 1976 1895 fuerat

373 1951 426 1994 et
451 1953 724 2010 possessa.
749 1937 923 1994 Porro
949 1937 1096 2008 quod
1123 1937 1578 2006 prteternusituus
1613 1949 1626 1986 :
1663 1931 1728 1986 Et
1767 1949 1868 1986 non
1899 1943 1978 1988 est

374 2035 496 2104 finis
523 2035 666 2106 fugin
705 2043 829 2098 tum,
861 2033 986 2104 quia
1017 2031 1084 2086 ad
1111 2029 1344 2086 Niniveu
1374 2029 1594 2094 dicitur,
1643 2035 1700 2082 et
1745 2027 1882 2080 inter
1915 2041 1978 2082 ea

375 2143 498 2196 qua:
521 2125 590 2181 de
612 2129 844 2180 Ammon
878 2125 1078 2194 scripta
1111 2131 1258 2186 sunt,
1282 2122 1514 2190 positum
1545 2128 1650 2184 est,
1685 2129 1738 2174 et
1761 2119 1982 2172 videtur

373 2217 810 2276 extraordinarie
854 2215 1146 2274 in"sa|ieno
1189 2214 1312 2268 loco
1357 2213 1646 2280 insertum,
1683 2213 1840 2280 quasi
1883 2227 1982 2282 per

373 2315 670 2392 ὑπέρϐατον
701 2311 1003 2370 referamus
1031 2310 1098 2366 ad
1143 2311 1404 2374 Niniven,
1455 2319 1512 2364 ut
1563 2311 1634 2362 sit
1679 2307 1861 2362 ordo:
1917 2309 1984 2360 Et

375 2407 766 2470 inebriaberis,
797 2411 852 2460 et
879 2421 990 2460 non
1019 2411 1107 2458 est
1133 2403 1260 2458 ﬁnis
1297 2403 1440 2471 fugae
1481 2411 1584 2456 uta:
1615 2445 1630 2466 ,
1659 2409 1716 2456 et
1743 2399 1852 2454 eris
1883 2399 1982 2454 de-

378 2505 658 2570 specta,et
677 2505 874 2552 cratera
905 2511 1030 2566 quae
1059 2495 1319 2550 dicuntur
1339 2494 1404 2547 ad
1433 2491 1688 2548 Niniven.
1717 2491 1783 2544 Et
1813 2491 1987 2544 inter-

375 2589 718 2660 pretabimur
749 2604 858 2642 non
907 2601 1030 2642 esse
1059 2587 1222 2640 linem
1253 2585 1394 2654 fugae
1421 2583 1660 2638 Ninivea
1693 2585 1834 2638 Deo:
1859 2585 1986 2654 quia

380 2697 604 2752 semper
633 2681 934 2752 proiectum
965 2679 1164 2736 habeat
1191 2681 1245 2734 in
1275 2677 1554 2748 fugiendo,
1607 2687 1664 2732 et
1691 2691 1984 2746 numquam

379 2775 518 2832 velit
561 2774 887 2840 consistere,
935 2773 1236 2828 secundum
1289 2769 1416 2824 illud
1466 2769 1608 2838 quod
1653 2783 1816 2838 supra
1845 2768 1988 2824 diii-

379 2881 502 2922 mus
537 2883 550 2920 :
582 2863 650 2920 Et
677 2867 776 2936 ipsi
807 2866 1060 2937 fugientes
1087 2881 1190 2918 non
1214 2871 1484 2926 steterunt,
1531 2873 1580 2914 et
1627 2878 1730 2914 non
1757 2871 1870 2914 erat
1899 2863 1990 2932 qui

382 2959 676 3028 respiceret.
713 2957 782 3012 Et
807 2957 1072 3022 dicemus,
1104 2955 1230 3010 ideo
1257 2953 1600 3023 Scripturum
1629 2963 1870 3008 sanctam
1907 2953 1990 3008 his

383 3049 805 3106 difﬁcultatibus
822 3064 946 3106 esse
963 3059 1298 3114 contextam,
1323 3055 1378 3101 et
1405 3049 1640 3102 maxime
1672 3047 1988 3118 prophetas,

2081 1857 2160 1894 res
2207 1842 2374 1910 fecisti
2405 1843 2778 1910 negotiationes
2815 1853 2948 1906 tuas,
2977 1858 3131 1914 quam
3169 1841 3334 1898 stella:
3376 1845 3482 1898 sint
3526 1841 3638 1898 caeli
3663 1857 3684 1897 :

2083 1931 2324 1986 Bruchus
2351 1949 2608 2005 expensus
2635 1941 2730 2002 est,
2761 1943 2810 1988 et
2835 1935 3076 1990 avolavit.
3129 1935 3378 1990 Custodes
3421 1935 3498 1990 tui
3539 1938 3686 2006 quasi

2083 2027 2300 2086 locusta,
2329 2037 2376 2080 et
2413 2027 2616 2098 parvuli
2643 2029 2718 2080 tui
2747 2029 2898 2096 quasi
2937 2029 3146 2084 locusta:
3175 2029 3494 2084 locustarum
3519 2069 3534 2092 ,
3567 2044 3688 2100 qua:

2083 2117 2356 2172 considunt
2385 2119 2435 2172 in
2457 2119 2664 2188 sepibns
2687 2121 2744 2174 in
2771 2121 2856 2174 die
2883 2123 3117 2192 frigoris.
3153 2131 3178 2158 α
3209 2121 3308 2178 Sol
3337 2131 3482 2176 ortus
3511 2133 3610 2188 est,
3641 2131 3692 2176 et

2083 2209 2438 2278 evolaverunt,
2481 2221 2526 2266 et
2551 2229 2654 2266 non
2681 2223 2756 2266 est
2785 2215 3020 2284 cognitus
3049 2212 3192 2268 locus
3227 2229 3404 2268 earum
3455 2213 3544 2268 ubi
3571 2216 3692 2286 fue-

2087 2305 2212 2356 rint.
2251 2303 2394 2358 LXX
2425 2322 2436 2356 :
2481 2302 2616 2358 Ecce
2659 2303 2882 2374 papulas
2923 2315 3042 2360 tuus
3065 2307 3216 2377 quasi
3243 2307 3488 2362 mulieres
3515 2308 3568 2361 in
3623 2315 3692 2372 te,

2085 2401 2310 2454 inimicis
2339 2403 2440 2454 tuis
2481 2401 2761 2470 aperiendo
2797 2402 3096 2471 aperientur
3143 2411 3306 2470 porta:
3345 2411 3499 2458 terra:
3545 2411 3648 2456 tutu
3675 2419 3698 2459 :

2087 2493 2306 2548 conn‘dit
2335 2495 2468 2564 ignis
2495 2505 2656 2548 vectes
2685 2503 2822 2550 tuos.
2847 2497 3048 2564 Aquam
3079 2495 3366 2552 obsidionis
3395 2497 3550 2550 hauri
3575 2497 3693 2558 tibi,

2087 2583 2115 2622 ι’
2143 2585 2316 2638 obtine
2341 2587 2660 2640 munitiones
2701 2599 2816 2640 tuas
2849 2603 2866 2642 :
2895 2589 3162 2658 ingredere
3205 2589 3372 2644 lutum
3411 2599 3458 2644 et
3485 2589 3700 2644 concul-

2089 2699 2206 2736 care
2232 2685 2284 2734 in
2315 2681 2504 2753 paleis,
2551 2683 2720 2738 obtine
2763 2701 2920 2754 super
2968 2687 3202 2740 laterem.
3265 2685 3351 2740 lbi
3377 2685 3606 2740 comedet
3649 2695 3702 2740 te

2091 2775 2248 2844 ignis,
2281 2775 2540 2845 o’isperdet
2561 2785 2608 2830 te
2635 2777 2864 2848 gladius,
2897 2787 2942 2832 et
2969 2779 3200 2834 comedet
3227 2789 3276 2832 te
3291 2779 3438 2850 quasi
3461 2777 3699 2834 locusta?

2091 2866 2448 2938 aggraroberis
2473 2868 2622 2934 quasi
2663 2869 2908 2934 bruchus,
2941 2871 3288 2937 multiplicare
3325 2879 3378 2924 ut
3419 2869 3646 2926 bruchus
3679 2885 3702 2926 .'

2093 2959 2452 3028 niultiplirasti
2491 2965 2858 3034 negotiationes
2889 2973 3006 3018 tuas
3033 2965 3166 3019 sicut
3195 2965 3372 3018 stellas
3411 2965 3542 3018 caeli.
3583 2961 3704 3018 Ad-

2097 3053 2202 3106 huc
2231 3053 2296 3106 atl
2323 3053 2550 3108 Niniven
2587 3055 2790 3110 texitur
2816 3055 3048 3110 dicentis
3079 3056 3354 3127 eloquium
3397 3073 3410 3112 :
3457 3055 3574 3112 Non
3597 3055 3702 3112 mi-

385 3145 480 3215 qui
511 3143 891 3214 tenigntatibus
939 3143 1086 3214 pleni
1139 3151 1287 3208 sunt,
1335 3149 1395 3196 ut
1441 3139 1814 3194 difﬁcultatem
1855 3157 1982 3196 sen-
2015 3129 2062 3196 C
2095 3161 2210 3200 rum
2236 3145 2278 3198 si
2307 3145 2474 3200 fontes
2505 3155 2558 3200 et
2589 3149 3004 3216 pugnatori-stui
3031 3149 3082 3202 in
3103 3148 3518 3204 similitudinem
3545 3163 3702 3219 gros-

391 3253 573 3304 suum,
599 3239 896 3294 difﬁcultas
922 3253 1140 3309 quoque
1177 3241 1448 3292 sermonis
1481 3239 1720 3292 involvat
1749 3255 1760 3290 :
1801 3245 1858 3292 ut
1885 3253 1990 3292 non

389 3331 554 3388 facile
575 3341 760 3402 pateat
787 3341 1036 3386 sanctum
1073 3329 1324 3398 canibus,
1365 3337 1420 3384 et
1447 3327 1754 3400 margarita:
1793 3331 1990 3396 porcis,

393 3439 446 3482 et
475 3423 722 3496 profanis
755 3433 944 3480 sancta
976 3433 1314 3478 sanctorum.
1365 3421 1520 3488 Quod
1561 3423 1608 3476 si
1659 3423 1994 3477 Voluerimns

391 3521 624 3576 Ammon
653 3517 1008 3589 interpretari
1033 3533 1196 3587 super
1225 3515 1348 3572 ﬁliis
1375 3517 1538 3582 Loth,
1579 3517 1824 3572 dicamus
1853 3517 1994 3572 Lath

396 3617 654 3674 habuisse
681 3631 748 3672 ex
771 3615 982 3670 duabus
1010 3611 1227 3670 ﬁliabus
1255 3613 1392 3668 duos
1423 3613 1584 3676 ﬁlios,
1613 3613 1768 3667 Moab
1797 3623 1854 3668 et
1877 3615 1994 3668 Am-

395 3729 545 3778 mon,
569 3727 796 3784 quorum
829 3709 1014 3766 senior
1029 3707 1182 3764 Moab
1199 3711 1586 3778 interpretatur
1603 3723 1668 3762 ea:
1691 3717 1858 3776 patre,
1881 3709 1998 3762 sive

395 3821 534 3876 aqua
561 3813 780 3876 paterna
805 3819 822 3856 :
843 3803 1031 3872 junior
1055 3815 1189 3856 vero
1219 3799 1464 3868 Ammon,
1509 3801 1594 3856 vel
1621 3799 1766 3868 filius
1795 3801 1996 3872 generis

397 3899 518 3962 mei,
541 3897 624 3952 vel
642 3895 866 3970 populus
887 3903 1058 3950 noster
1089 3893 1300 3958 (lienes.
1329 3893 1462 3962 XIX).
1501 3893 1564 3946 Et
1600 3893 1836 3946 arbitror
1865 3907 1998 3964 quo-

397 3989 561 4046 modo
601 3988 712 4060 [Αι.
741 3984 1223 4058 quemadmodum]
1255 3985 1344 4054 qui
1371 4001 1436 4039 ex
1465 3985 1604 4040 Juda
1637 3993 1794 4038 natus
1823 3983 2000 4039 fuerat

397 4093 624 4156 pwpter
647 4091 928 4150 peccatum
953 4079 1156 4135 dicitur
1183 4079 1250 4132 ad
1281 4093 1406 4132 eum
1443 4095 1456 4132 :
1497 4077 1686 4134 Semen
1722 4077 1996 4144 Chanaan,

399 4189 448 4234 et
479 4193 580 4232 non
609 4173 753 4230 Iuda
781 4171 947 4249 (Dan.
973 4189 1092 4238 xm,
1123 4173 1238 4242 56}.
1267 4173 1332 4227 Et
1355 4172 1408 4226 in
1445 4173 1728 4228 Ezechiele
1749 4173 1814 4226 ad
1839 4172 1966 4228 Jeru
1985 4207 1998 4214 -

399 4271 569 4328 salem
603 4266 958 4338 peccatricem
989 4265 1117 4340 [ΑΙ.
1149 4263 1534 4338 meretricem]
1565 4285 1580 4320 :
1615 4265 1792 4320 Rudis;
1829 4275 1918 4320 tua
1955 4279 2002 4322 et

399 4363 766 4436 generatiotua
793 4361 858 4416 de
877 4369 1016 4414 terra
1043 4357 1466 4426 Chanaan,pater
1487 4369 1604 4412 tuus
1619 4357 2006 4416 Ammorrlneus

403 4451 904 4526 [ALChananteus],
933 4465 980 4505 et
1005 4461 1168 4506 mater
1197 4459 1286 4504 tua
1313 4447 1518 4504 Cetlnea
1543 4447 1878 4524 (Ezechmvt,
1903 4453 1956 4522 5)
1985 4469 2000 4508 :

401 4551 482 4605 sic
511 4565 606 4606 eos
631 4549 956 4618 quicumque
985 4545 1204 4604 luerunt
1231 4545 1300 4602 de
1333 4545 1498 4616 priori
1529 4545 1748 4614 populo,
1775 4545 1877 4602 huc
1893 4557 1996 4612 cst,
2029 4517 2080 4577 Β

403 4643 474 4698 de
501 4641 706 4698 Iudaeis
735 4658 750 4708 ;
778 4651 834 4696 et
859 4639 926 4694 de
955 4641 1182 4710 juniori,
1217 4639 1268 4694 id
1295 4649 1401 4706 est,
1445 4639 1512 4693 ile
1541 4639 1762 4706 nostris,
1797 4639 2000 4694 Moabi-

405 4747 490 4792 tas
518 4743 574 4790 et
601 4733 940 4788 Ammonitas
985 4731 1284 4804 ﬁguraliter
1320 4731 1606 4802 appellari.
1656 4731 1726 4788 Et
1749 4737 1868 4804 quin
1897 4737 1994 4794 de.

475 4889 504 4918 ιλ
549 4877 1394 4954 §ubsequeutemﬁversiculum,
1427 4875 1523 4932 Sol
1549 4885 1694 4930 ortus
1715 4887 1836 4954 est,
1867 4893 2000 4954 etc.,

408 4967 512 5008 ms.
536 4947 770 5024 Regium
797 4957 958 5002 tacet.
995 4947 1196 5004 Couler
1227 4949 1618 5018 Hieronymum
1643 4951 1744 5004 sub
1775 4947 2004 5024 hujusce

411 5023 672 5078 sectiouus
715 5021 902 5074 linem.

485 5102 512 5141 δ
541 5101 782 5176 Rectius,
817 5109 876 5154 ut
905 5099 1138 5176 videtur,
1259 5099 1570 5176 Regio__ms.
1607 5103 1806 5172 appila,
1857 5107 2002 5176 ψιοά

411 5185 514 5236 est,
545 5171 778 5230 occlude.
809 5187 906 5240 pro
943 5173 1110 5226 obtine
1167 5169 1300 5225 Nam
1327 5179 1381 5222 et
1415 5169 1647 5240 [lict-0o.
1671 5169 1722 5226 iu
1763 5169 2004 5232 subnexa

408 5247 747 5318 expositione
776 5239 1182 5318 interpretatur,
1205 5251 1362 5296 recte:
1391 5239 1794 5318 robustissimos,
1822 5251 2006 5318 quibus

411 5311 642 5388 oppilent
691 5323 751 5388 et
775 5311 1022 5368 claudant
1063 5325 1240 5386 portas
1277 5327 1539 5366 sensuum.
1599 5311 1788 5370 Graece
1825 5311 2006 5376 tatuen

417 5387 498 5444 est
527 5387 938 5463 κατακράτησον.

489 5479 512 5508 ο
545 5469 806 5534 Exponit,
851 5467 1026 5536 inquit
1053 5467 1344 5534 Victorius,
1389 5481 1450 5520 ea
1483 5463 1758 5536 propheta:
1787 5473 1950 5526 vorha
1987 5493 1998 5528 ς

411 5543 614 5612 Aquam
647 5551 858 5610 prapter
887 5535 1204 5612 obsidionem
1235 5539 1384 5594 hauri
1412 5537 1530 5612 tibi.
1579 5535 1800 5612 lia-strue
1833 5547 2004 5598 muni-

411 5607 571 5666 tiones
596 5607 712 5664 tuas
743 5607 762 5676 ζ
791 5613 932 5664 intra
963 5611 1018 5663 in
1055 5611 1238 5676 lutum,
1265 5619 1310 5666 et
1339 5609 1505 5672 calca,
1527 5607 1764 5680 subigens
1786 5623 1898 5668 tene
1925 5615 2004 5670 la-

407 5693 585 5737 terrm.
619 5681 696 5735 Ex
729 5683 926 5750 quibus
973 5683 1176 5737 nemini
1219 5683 1384 5738 dubio
1425 5689 1690 5748 vertetur,
1735 5683 1874 5740 hanc
1905 5703 2002 5742 ve-

405 5765 576 5810 terem
605 5751 896 5810 lectionem
927 5753 1116 5810 falsam
1147 5767 1288 5810 esse.
1321 5753 1613 5824 PrOpterea
1647 5767 1746 5812 nos
1775 5771 1844 5812 ex
1869 5773 2004 5815 cun-

2095 3253 2278 3292 sorum
2311 3237 2466 3304 ﬁcus,
2498 3241 2680 3294 statim
2715 3241 2766 3294 in
2799 3255 2864 3294 os
2891 3241 3144 3296 decidant
3171 3241 3490 3298 devorantis
3515 3283 3532 3308 ,
3573 3257 3702 3296 cum

2099 3333 2328 3404 populus
2377 3345 2498 3388 tuus
2543 3333 2888 3390 eﬁeminatus
2925 3337 3018 3402 sit,
3051 3347 3104 3390 et
3135 3336 3394 3394 resistere
3441 3341 3700 3404 nequeat.

2099 3427 2410 3482 Paudentur
2441 3443 2573 3498 ergo
2603 3437 2770 3496 portae
2811 3439 2940 3492 tum,
2981 3439 3030 3484 et
3057 3429 3266 3499 patebit
3300 3427 3464 3502 576
3505 3429 3704 3483 civitas

2101 3523 2368 3590 hostibus,
2401 3523 2810 3578 robustissimos
2837 3533 3020 3580 vectes
3065 3523 3262 3592 quibus
3301 3523 3706 3578 claudebantur

2100 3623 2294 3685 pot-tm,
2319 3623 2604 3670 consumet
2633 3617 2792 3686 ignis.
2841 3615 3010 3670 Hauri
3041 3613 3204 3686 igitur
3229 3631 3446 3687 aquam,
3475 3623 3532 3670 et
3569 3629 3704 3670 cura

2101 3725 2166 3764 ne
2199 3717 2358 3778 potos
2389 3709 2532 3764 desit
2561 3709 2800 3764 obsessae
2834 3721 2856 3748 ο
2883 3709 3170 3764 munitioni
3201 3727 3214 3762 :
3241 3709 3438 3764 lateres
3465 3707 3700 3776 conﬁce,

2099 3813 2162 3858 ut
2189 3807 2484 3874 interrupta
2513 3819 2796 3858 murorum
2825 3811 3028 3868 struas,
3061 3817 3227 3874 prope
3257 3811 3340 3858 est
3365 3803 3510 3858 enim
3549 3801 3704 3856 obsi-

2099 3895 2208 3952 dio.
2245 3897 2308 3950 Et
2335 3913 2455 3950 cum
2489 3897 2606 3952 haec
2633 3895 2812 3950 omnia
2845 3896 3064 3958 feceris,
3113 3895 3270 3968 quasi
3301 3913 3328 3950 a
3361 3895 3572 3952 brucho
3599 3895 3702 3950 ltu-

2101 4005 2244 4056 mus,
2275 3991 2346 4044 ita
2379 4005 2408 4044 a
2435 3989 2622 4060 gladio
2649 3989 3022 4044 devorabt-ris.
3073 3989 3178 4044 Sed
3211 3999 3412 4044 etcum
3441 3987 3704 4058 multipli-

2101 4095 2218 4138 cata
2243 4083 2410 4138 fueris
2449 4091 2506 4138 ut
2531 4081 2792 4148 bruchus,
2821 4091 2876 4137 et
2897 4093 2954 4136 ut
2985 4083 3194 4138 locusta
3223 4083 3274 4136 in
3301 4097 3466 4138 unum
3498 4080 3702 4149 pariter

2103 4188 2453 4248 congregata,
2499 4187 2556 4232 et
2597 4174 3016 4246 congregaveris
3041 4177 3182 4230 sicut
3211 4183 3356 4230 astra
3411 4173 3537 4231 cmli
3567 4171 3702 4228 divi-

2105 4273 2208 4326 tias
2233 4283 2372 4334 tnas,
2407 4271 2546 4324 sicut
2573 4269 2796 4326 locustae
2825 4281 2880 4324 et
2911 4269 3170 4336 bruchus,
3195 4277 3252 4324 et
3279 4283 3448 4338 parva
3475 4267 3702 4336 ιζθηίιηί-

2105 4381 2172 4420 na
2203 4366 2562 4428 locustarum,
2593 4379 2714 4434 qua:
2753 4373 3015 4418 vocantur
3037 4361 3256 4418 alti-labi
3279 4359 3386 4434 [AL
3417 4359 3694 4434 adtelebi],

2105 4461 2221 4514 Solc
2268 4457 2650 4520 incalescente,
2684 4455 2929 4524 avolant,
2963 4471 3062 4510 nec
3110 4457 3458 4524 reperiuntur
3489 4471 3504 4508 :
3537 4456 3616 4510 sic
3645 4461 3702 4508 ιιι

2107 4553 2438 4624 dispergeris
2481 4561 2536 4606 et
2561 4548 2756 4620 fugies.
2797 4549 2998 4604 Natura
3027 4551 3172 4606 enim
3207 4550 3326 4604 tunc
3371 4549 3700 4604 loeustarum

2105 4661 2222 4712 est,
2267 4655 2328 4702 ut
2373 4647 2428 4698 in
2463 4645 2662 4716 frigore
2711 4655 2990 4714 torpentes
3011 4685 3024 4708 ,
3059 4659 3156 4714 per
3179 4643 3414 4699 Calorem
3447 4641 3698 4698 volitent.

2105 4745 2274 4798 Porro
2321 4737 2348 4778 (ι
2391 4739 2658 4794 attelabus
2709 4753 2868 4808 quem
2918 4736 3316 4808 signiﬁcantius
3363 4749 3704 4791 comessorem

2103 4883 2204 4937 ctis
2237 4877 2550 4934 Florentiae.
2582 4877 2888 4946 Briximque
2915 4877 3214 4944 codicibus,
3265 4893 3366 4946 pro
3403 4877 3702 4948 munitioni,

2107 4953 2462 5012 re...titniums,
2497 4949 2640 5002 omni
2667 4959 2852 5002 turres.
2909 4949 3040 5016 Qum
3079 4951 3350 5006 correctio
3377 4949 3582 5018 optime
3611 4965 3702 5004 re-

2105 5025 2392 5093 spondi-hit
2419 5023 2524 5074 illis
2553 5021 2736 5072 Vt'l‘illS
2761 5039 2770 5074 :
2805 5021 3026 5093 Exstrue
3045 5021 3354 5076 munitiones
3381 5031 3495 5074 tuas
3521 5037 3538 5072 :
3561 5023 3704 5093 sive,

2107 5089 2164 5149 ιιί
2197 5103 2408 5148 vortere
2445 5093 2798 5156 Septuaginta
2825 5113 2836 5144 τ
2871 5089 3058 5146 Obtine
3085 5094 3396 5146 munitiones
3427 5103 3586 5158 tuas;
3617 5091 3704 5144 itt-

2108 5181 2342 5236 congrua
2373 5165 2570 5232 alioqui
2619 5165 2818 5216 Int‘ltlit)
2846 5173 3014 5236 esset,
3047 5165 3327 5236 obsessam
3353 5163 3538 5218 dicere
3589 5179 3708 5216 tuu-

2109 5240 2390 5291 ttitionom-
2429 5237 2559 5288 ltum
2593 5243 2774 5288 autem
2803 5235 2900 5302 ait,
2921 5237 3160 5300 obsessae,
3183 5235 3504 5305 intelligitur
3533 5249 3598 5290 ex
3623 5249 3708 5288 su-

2111 5311 2414 5378 perioribus
2443 5307 2668 5360 civitati.

2181 5377 2204 5416 ιι
2241 5379 2384 5434 ldo-tu
2409 5377 2755 5446 aitzEgregie
2787 5375 3142 5448 Hieronymus
3171 5377 3534 5432 diﬁ'erentiam
3561 5375 3708 5430 inter

2109 5451 2392 5516 locusmm,
2443 5449 2736 5502 attelabutu
2770 5459 2824 5503 et
2863 5447 3132 5502 brttchuttt
3171 5452 3409 5516 extillent
3440 5467 3454 5500 :
3487 5464 3558 5502 ne
3583 5449 3708 5516 quis

2109 5523 2368 5577 hruchutn
2411 5537 2626 5574 crucum
2663 5521 2932 5574 Ιιιηιιςειιεειε
2961 5519 3366 5586 εοιοτιιιιειιισιιιι,
3393 5521 3470 5574 ιιιί
3497 5523 3708 5574 Senen-

2105 5610 2194 5648 ses
2215 5595 2268 5648 in
2297 5593 2510 5648 Etruria
2537 5603 2752 5654 voeant,
2777 5607 2900 5646 esse
2931 5601 3206 5659 putarent.
3247 5591 3344 5646 Est
3371 5601 3550 5646 autem
3579 5593 3712 5646 bru—

2107 5665 2262 5732 chus,
2295 5667 2381 5736 qui
2415 5681 2444 5718 a
2465 5663 2816 5734 Septuaginta
2844 5663 3080 5737 βροϋχος
3105 5663 3356 5718 similiter
3385 5661 3602 5728 dicitur,
3649 5671 3704 5716 et

2105 5759 2174 5818 ab
2195 5759 2436 5817 Hebraeis
2464 5741 2556 5842 τῂν
2591 5771 2752 5828 parva
2783 5755 2874 5810 illa
2901 5755 3108 5814 locusta
3149 5755 3356 5827 absque
3395 5755 3496 5812 alis
3525 5753 3696 5824 nigra,

3561 6079 3840 6301 ί
