4078 6342
371 328 504 386 1Ξ63

1225 336 1874 396 COMMENTARIORUM
1913 339 1978 396 IN
2017 339 2212 398 NAUM
2255 343 2478 402 LIBER.
2521 345 2677 404 CAP.
2723 347 2812 406 lll.

3513 354 3650 410 19.66

367 445 758 516 interpretatus
794 457 878 505 est
917 449 1132 522 Aquila,
1171 467 1338 520 parva
1365 453 1574 510 locusta
1599 465 1682 510 est
1715 457 1854 510 inter
1881 455 1961 510 lo-
1985 455 2039 517 Α
2065 457 2144 510 ris
2167 455 2216 512 si
2237 473 2344 512 non
2371 457 2540 516 fueris
2561 477 2724 532 super
2755 461 3004 532 laterem,
3031 471 3228 535 tuoque
3259 465 3502 535 pondere
3525 481 3658 538 prae-

365 551 574 594 custam
605 549 660 596 et
687 541 982 610 bruchum,
1025 555 1079 600 et
1111 546 1336 600 modicis
1379 549 1570 614 pennis
1601 557 1820 618 reptans
1867 565 1962 618 po-

365 631 472 688 tius
501 649 662 704 quam
685 637 894 706 vnlans,
923 653 1248 708 semperque
1277 642 1574 698 subsiliens
1607 661 1620 696 :
1645 657 1700 698 et
1730 644 1798 698 ob
1821 643 1960 698 banc

364 739 580 780 causam
613 727 940 798 ubicumque
971 739 1090 786 orta
1143 731 1324 800 fuerit,
1373 751 1544 804 usque
1581 735 1647 788 ad
1679 737 1954 804 pulverem

363 829 560 876 cuncta
583 825 873 886 consumit,
907 827 1030 896 quia
1057 825 1234 882 donec
1265 841 1516 884 crescant
1553 845 1772 898 pennae,
1807 831 1960 886 abire

363 927 476 968 non
521 923 720 984 potest.
775 916 900 972 Haec
921 921 1074 988 juxta
1103 920 1450 988 lchraicnm,
1483 933 1706 992 preptcr
1735 925 1958 979 lectoris

363 1005 666 1062 faciliorem
699 1011 1136 1080 intelligentiam,
1168 1014 1280 1082 ipsa
1313 1013 1608 1084 Scriptum
1631 1017 1852 1072 ealcans
1875 1033 1961 1072 ve-

361 1099 546 1169 Stigia,
581 1101 920 1158 manifestius
970 1105 1282 1175 explanavi.
1315 1107 1494 1162 Dicam
1524 1119 1702 1164 autem
1727 1123 1774 1166 et
1797 1111 1955 1180 juxta

359 1191 506 1249 LXX
537 1205 770 1274 captam
795 1199 1124 1274 τροπολογίαν
1155 1215 1408 1270 sequens,
1435 1202 1668 1271 primum
1697 1204 1954 1270 breviter,

359 1283 414 1340 id
445 1295 549 1352 est,
587 1287 738 1352 quasi
761 1271 1104 1358 in'epitome,
1133 1301 1188 1346 et
1219 1305 1403 1360 postea
1437 1295 1596 1348 latius
1633 1294 1700 1348 de
1731 1297 1958 1366 singulis

361 1377 638 1434 disserens
665 1397 678 1434 :
709 1379 949 1452 Populus
993 1391 1142 1450 tuus,
1183 1400 1216 1438 ο
1247 1385 1470 1448 Ninive,
1517 1387 1768 1444 homines
1807 1387 1959 1444 vidc-

359 1468 490 1524 licet
515 1471 806 1528 saeculares
841 1477 934 1544 qui
973 1476 1192 1546 proprie
1237 1485 1500 1534 vocantur
1533 1481 1766 1550 populus
1807 1481 1956 1536 urbis

359 1563 627 1636 Assyriae,
673 1565 744 1621 ita
797 1569 1146 1637 passionibus
1195 1573 1438 1626 enervati
1495 1585 1659 1638 sunt,
1709 1583 1766 1630 et
1809 1575 1954 1630 vitiis

359 1655 764 1727 elanguerunt,
845 1671 902 1714 ut
965 1661 1328 1718 imbecillitati
1382 1665 1672 1721 mulierum
1733 1683 1956 1736 compa-

359 1759 586 1816 rentur;
645 1751 782 1808 nihil
833 1753 980 1808 enim
1027 1757 1080 1810 in
1137 1755 1424 1812 animabus
1476 1759 1594 1814 suis
1639 1759 1814 1830 forte,
1873 1762 1956 1815 ni-

358 1839 434 1895 hil
488 1841 768 1898 robustum
827 1847 1106 1914 possident
1159 1859 1214 1904 et
1267 1851 1446 1906 virile.

359 1936 716 2000 pra'valentes
741 1929 1026 1992 adversum
1045 1955 1164 2008 eos,
1187 1953 1520 2011 aperuerunt
1539 1961 1728 2001 omnes
1757 1963 1950 2004 sensus

357 2027 516 2098 577
545 2043 760 2094 eorum,
789 2039 846 2086 et
875 2045 973 2102 per
1016 2035 1334 2104 corporales
1376 2037 1578 2106 januas
1629 2039 1950 2110 introgressi

355 2129 502 2173 sunt.
537 2119 606 2175 Et
630 2121 912 2192 signanter
949 2140 1144 2180 sensus
1167 2141 1482 2198 corporum,
1527 2133 1670 2186 ostia
1699 2133 1950 2188 Niniviti-

354 2223 432 2265 ea:
465 2219 628 2266 terra:
669 2215 1032 2284 appellantur.
1071 2217 1284 2274 Habent
1315 2227 1496 2276 autem
1539 2239 1604 2278 ex
1633 2224 1806 2294 prima
1855 2225 1948 2280 Dci

352 2303 664 2362 (inuiditione
685 2309 846 2362 etiam
895 2307 949 2362 hi
983 2311 1072 2380 qui
1106 2325 1170 2366 se
1215 2311 1360 2367 vitiis
1387 2315 1790 2384 mancipat-unt,
1851 2331 1946 2371 oc-

352 2399 630 2456 casionem
659 2401 1032 2472 cognoscendi
1083 2403 1282 2469 Deum,
1331 2407 1484 2474 quasi
1533 2409 1948 2464 robustissimos

349 2505 556 2558 vectes,
595 2495 796 2564 quibus
823 2495 1070 2566 Oppilcnt
1095 2507 1148 2552 et
1171 2497 1426 2554 claudant
1455 2511 1638 2570 portas
1661 2517 1940 2556 sensuum.

349 2585 456 2644 Sed
513 2597 568 2642 et
649 2589 800 2660 ipsos
849 2603 1138 2646 consumet
1195 2592 1368 2664 ignis,
1435 2603 1462 2632 ει
1511 2597 1600 2664 qui
1649 2613 1680 2652 ιι
1733 2596 1946 2667 sagittis

349 2691 432 2734 est
462 2681 636 2738 alatus
685 2681 1034 2750 ardentibus,
1083 2687 1436 2754 quamobrem
1495 2685 1701 2742 dicitur
1737 2689 1802 2741 ad
1854 2687 1948 2742 Ni-

349 2776 509 2832 niven
543 2793 558 2832 :
591 2777 769 2832 [lauri
821 2779 910 2832 tibi
954 2795 1170 2848 aquam.
1215 2791 1268 2836 et
1325 2797 1554 2852 asperge
1599 2793 1650 2836 te
1689 2797 1944 2836 st-rmone

351 2877 516 2938 atque
553 2869 796 2934 ratione,
842 2877 896 2925 et
937 2871 1318 2928 occasionibus
1357 2873 1700 2944 intelligendi
1751 2877 1940 2942 Deum,

349 2961 888 3032 exercendarumque
940 2963 1228 3028 virtutum,
1261 2981 1380 3036 qua:
1433 2967 1526 3020 tibi
1559 2967 1740 3022 insita:
1791 2980 1940 3032 sunt,

349 3053 578 3110 abutere
604 3053 674 3110 ad
723 3055 1100 3124 prteliandum.
1135 3057 1332 3112 Verum
1366 3067 1422 3112 tu
1459 3059 1744 3116 dissolutis
1771 3063 1946 3116 mani-

350 3145 472 3210 bus,
501 3146 554 3200 id
581 3155 686 3212 est,
717 3149 976 3217 operibus
1001 3149 1318 3216 voluptatis,
1359 3151 1616 3219 quidquid
1669 3153 1722 3204 in
1769 3160 1820 3204 te
1851 3153 1938 3206 Ita:

2062 557 2302 618 gravata,
2335 561 2388 606 et
2421 569 2634 608 omnem
2669 555 2908 624 perdens
2935 557 3176 612 volatum
3199 599 3214 622 ,
3247 567 3356 614 tota
3403 559 3658 616 detrahe-

2063 643 2140 694 ris
2173 645 2224 694 in
2259 651 2480 708 terram,
2513 645 2908 702 sicutbrncbns
2931 661 3160 718 repente
3207 649 3260 704 in
3311 659 3512 706 terram
3565 665 3658 708 ca-

2063 731 2162 800 dit,
2195 749 2316 788 cum
2353 735 2494 790 lasso
2525 736 2632 809 [AL
2669 737 2862 810 lassus]
2887 739 3064 794 volatu
3095 743 3234 796 ultra
3283 743 3363 798 ire
3395 757 3505 798 non
3534 743 3656 814 qui-

2063 831 2220 880 verit.
2251 829 2462 884 l'laheto
2489 831 2672 902 itaque
2703 833 2932 888 virtutes
2973 845 3076 888 tam
3105 835 3532 892 innumerabiles
3553 877 3568 900 ,
3601 843 3660 892 ut

2061 919 2338 976 bruchus:
2375 938 2442 977 ne
2491 923 2562 976 ita
2595 925 2838 993 pendere
2869 933 2960 980 tuo
2987 925 3052 980 ad
3099 937 3296 982 terram
3325 927 3658 999 detraharis,

2061 1023 2120 1068 ut
2175 1015 2434 1070 bruchus.
2483 1017 2614 1084 Qua:
2661 1017 2920 1072 universa
2963 1033 3225 1090 perpeSsa
3266 1035 3349 1090 es,
3398 1023 3656 1093 quoniam

2061 1105 2428 1176 multiplicasti
2477 1109 2572 1163 tibi
2601 1109 2823 1166 divitias
2875 1119 2930 1164 et
2969 1113 3368 1182 negotiationes
3411 1115 3656 1172 diverso-

2059 1213 2178 1251 rum
2215 1199 2551 1268 dogmatntn,
2583 1213 2782 1270 putans
2801 1215 2896 1256 eas
2923 1203 3186 1258 clariores
3213 1219 3336 1261 esse
3365 1207 3570 1270 stellis,
3600 1215 3656 1264 et

2059 1291 2228 1360 magis
2257 1289 2462 1362 fulgere
2493 1309 2650 1360 qttam
2675 1293 2798 1348 caeli
2823 1293 3024 1348 Sidera.
3057 1295 3220 1368 578
3249 1297 3398 1364 Haec,
3429 1309 3488 1354 ut
3515 1299 3648 1368 dixi,

2059 1381 2124 1436 ad
2173 1383 2744 1454 comprehendendum
2799 1399 3020 1442 sensum
3073 1403 3104 1452 a
3147 1388 3302 1444 nobis
3353 1388 3498 1444 dicta
3525 1397 3654 1446 sunt

2057 1475 2335 1530 breviter:
2381 1493 2528 1532 nunc
2565 1479 2630 1532 ad
2675 1479 2960 1534 exordium
3013 1481 3234 1550 capituli
3289 1491 3652 1548 revertentes,

2055 1571 2266 1640 singula
2309 1583 2368 1628 ut
2417 1587 2734 1642 possumus,
2777 1573 3134 1644 explicemus.
3175 1575 3310 1642 Quis
3349 1589 3458 1630 non
3509 1575 3654 1632 dicat

2055 1663 2360 1732 speciosam
2383 1665 2634 1732 Niniven,
2665 1667 2904 1720 animam
2934 1675 3122 1722 natura
3153 1667 3464 1736 pulchram,
3493 1669 3652 1724 luxu-

2057 1758 2134 1812 ria
2157 1769 2212 1812 et
2249 1760 2618 1830 voluptatibus
2645 1761 2806 1830 hujus
2858 1759 3047 1816 saeculi
3081 1759 3402 1830 delinitam,
3443 1762 3496 1816 in
3533 1777 3654 1818 mue

1529 1851 1682 1908 Unde
1751 1843 2262 1910 inimiciBliebres
2319 1851 2544 1906 delicias
2601 1853 2936 1922 pervenisse,
2983 1859 3040 1906 et
3089 1853 3346 1910 virilitate
3403 1853 3648 1924 perdita,

2051 1941 2360 2012 elanguisse
2389 1943 2444 1996 in
2475 1941 2730 1998 feminam
2759 1943 2782 1998 ’ὲ
2810 1943 2868 2000 Si
2895 1944 3038 1999 enim
3065 1943 3196 2014 justi
3229 1945 3408 2000 anima
3435 1947 3490 2001 in
3525 1961 3652 2018 per-

2051 2033 2248 2089 fectum
2279 2035 2454 2088 virum
2484 2035 2730 2102 veniens,
2757 2045 2810 2090 et
2831 2035 3162 2092 conditionis
3181 2051 3296 2092 suae
3321 2052 3546 2094 servans
3575 2038 3650 2094 ri-

2049 2139 2262 2194 gorem,
2315 2125 2714 2194 adliaerensque
2759 2125 2894 2192 Deo,
2957 2141 3100 2184 unus
3139 2143 3260 2184 cum
3291 2141 3360 2184 eo
3409 2128 3648 2184 efﬁcitur

2049 2219 2314 2290 spiritus:
2347 2235 2444 2276 cur
2477 2235 2582 2276 nou
2605 2225 2912 2278 econtrario
2939 2223 3122 2278 anima
3165 2239 3288 2296 quae
3333 2231 3478 2279 amat
3493 2239 3652 2280 mun-

2047 2312 2198 2382 dum,
2233 2329 2394 2367 unum
2425 2327 2545 2368 cum
2575 2313 2776 2366 mundo
2803 2313 2922 2382 ﬁat,
2953 2325 3008 2368 et
3035 2315 3090 2368 in
3115 2315 3400 2370 mollitiem
3425 2315 3646 2372 redacta

2049 2404 2362 2470 feuiineam,
2405 2404 2618 2460 virilem
2652 2405 2845 2474 perdat
2875 2403 2984 2476 [AL
3015 2405 3341 2480 perdiderit]
3371 2407 3648 2477 rigorem?

2049 2495 2164 2566 Ego
2193 2505 2322 2566 puto
2349 2497 2418 2550 ob
2447 2495 2592 2552 hanc
2617 2511 2836 2552 causam
2863 2497 2914 2551 in
2949 2495 3139 2552 Exodo
3179 2499 3478 2568 praecipere
3505 2499 3652 2554 Pha-

2049 2605 2294 2650 raonem.
2326 2599 2386 2644 ut
2409 2605 2574 2644 omne
2612 2589 2972 2646 masculinum
3019 2591 3164 2662 quod
3199 2601 3384 2648 natum
3427 2601 3512 2650 est
3545 2593 3652 2648 He-

2047 2681 2234 2748 braeis,
2263 2683 2506 2738 mittatur
2529 2685 2580 2738 in
2605 2683 2856 2750 fluvium,
2885 2695 2938 2739 et
2966 2699 3128 2740 omne
3159 2685 3454 2742 femineum
3475 2687 3650 2742 vivifi-

2047 2784 2203 2830 eetur
2234 2774 2436 2846 (Exod.
2465 2775 2530 2848 ι).
2561 2775 2746 2846 Neque
2769 2775 2877 2848 [Αι.
2911 2776 3210 2852 Numquid]
3253 2781 3398 2834 enim
3435 2789 3654 2850 poterat

2047 2884 2143 2924 rex
2175 2869 2462 2942 [Egyptius
2489 2869 2582 2940 qui
2609 2869 2738 2924 dicit
2763 2869 2892 2924 alibi
2923 2889 2934 2924 :
2971 2869 3091 2924 Mea
3129 2883 3248 2926 sunt
3301 2875 3543 2943 ﬂumina,
3603 2881 3652 2928 et

2045 2979 2138 3034 ego
2169 2963 2264 3029 feci
2291 2979 2354 3015 ea
2383 2961 2578 3031 (Exod.
2613 2977 2760 3028 χχιιι,
2793 2963 2872 3032 2),
2897 2963 3192 3033 quidquam
3217 2965 3362 3020 aliud
3405 2965 3511 3020 nisi
3543 2965 3648 3020 hoc

2039 3053 2256 3122 jubere,
2287 3061 2344 3106 ut
2368 3053 2748 3124 quodcumque
2760 3063 2844 3108 est
2857 3055 3207 3109 Hebraeorum
3232 3053 3340 3128 [Αι.
3357 3055 3646 3110 Hebraeum

2047 3147 2172 3220 est],
2225 3159 2278 3200 et
2329 3163 2540 3212 eorum,
2591 3149 2680 3216 qui
2725 3164 2822 3218 per
2861 3149 3118 3204 saeculum
3163 3147 3304 3204 istud
3337 3157 3642 3214 transeunt,

351 3239 550 3296 bueras
581 3239 820 3308 roboris,
849 3242 1138 3312 perdidisti
1167 3261 1180 3297 :
1209 3245 1568 3314 quamobrem
1595 3257 1940 3312 Convertere,
1969 3219 2016 3280 (ἶ
2049 3241 2188 3295 forte
2209 3249 2264 3293 et
2293 3240 2469 3302 virile,
2501 3239 2746 3295 mittatur
2778 3241 2830 3294 in
2877 3255 3066 3312 aquas,
3097 3249 3153 3296 et
3193 3257 3288 3311 per
3315 3239 3522 3296 ﬂuenta
3551 3255 3646 3294 ea-

351 3341 406 3385 et
449 3345 550 3402 age
579 3331 976 3398 timuitentiam,
1023 3343 1076 3388 et
1121 3349 1338 3388 rursum
1381 3337 1570 3390 obtine
1611 3337 1944 3391 munitiones

353 3433 490 3479 tuas.
533 3425 598 3480 Et
625 3427 750 3496 quia
792 3425 964 3480 semel
1007 3425 1256 3496 ingressa
1297 3435 1384 3482 est
1423 3427 1617 3494 lutum,
1669 3437 1726 3483 et
1763 3429 1944 3482 clausa

351 3533 412 3573 es
439 3533 670 3588 corpore
695 3519 870 3589 (quod
899 3521 1052 3590 quasi
1079 3531 1222 3574 terra
1271 3531 1324 3574 et
1364 3521 1532 3590 paleis
1575 3529 1630 3575 et
1667 3537 1826 3592 aqua,
1871 3523 1942 3576 ita

351 3613 631 3680 carnibus,
661 3613 947 3684 sanguine,
981 3615 1154 3678 venis,
1191 3613 1396 3678 nervis,
1427 3613 1750 3682 ossibustpie
1795 3629 1944 3670 com-

353 3713 568 3772 pactum
601 3703 726 3774 est),
759 3705 968 3758 sustine
1029 3701 1282 3772 injuriam
1325 3711 1380 3756 et
1427 3705 1780 3758 necessitates
1825 3719 1948 3758 cor-

353 3797 502 3864 poris
534 3811 548 3846 :
581 3801 637 3848 et
661 3793 986 3848 conculcare
1013 3795 1083 3848 ab
1125 3793 1386 3856 inimicis,
1419 3804 1474 3848 et
1507 3795 1686 3850 omnia
1719 3797 1784 3850 ad
1817 3811 1946 3850 con-

353 3887 642 3944 ﬁciendam
685 3901 930 3952 carnem,
965 3902 1084 3958 quae
1109 3889 1428 3957 pmnitentia
1455 3889 1618 3958 digna
1646 3901 1794 3956 sunt,
1853 3907 1948 3960 pa-

355 3989 490 4036 tere.
529 3981 710 4036 Scmel
743 3981 888 4035 enim
919 3997 1208 4036 assumens
1231 3981 1426 4048 lutum,
1457 3993 1510 4036 et
1541 3983 1722 4050 paleas
1748 3995 1798 4038 et
1833 3985 1946 4038 ina-

353 4075 518 4130 nibus
549 4074 708 4144 hujus
737 4075 920 4130 saaculi
959 4077 1192 4144 negotiis
1223 4075 1484 4140 involuta,
1533 4077 1702 4132 debes
1737 4093 1832 4147 per
1866 4079 1949 4132 in-

348 4167 546 4236 juriam
577 4177 773 4235 sponte
802 4167 1026 4232 calcari,
1057 4177 1110 4222 et
1153 4175 1330 4222 taitten
1374 4167 1484 4222 noli
1519 4169 1746 4224 salutem
1797 4171 1948 4240 peni-

355 4269 442 4314 tus
487 4261 826 4330 deSperare:
887 4269 1004 4316 esto
1050 4261 1365 4326 conlidens,
1408 4271 1462 4316 et
1492 4277 1710 4332 corpus,
1757 4263 1806 4316 id
1841 4275 1946 4330 est,

355 4353 578 4408 laterem
615 4365 764 4406 luunt
793 4361 1018 4422 propter
1045 4363 1380 4424 aSsumptum
1431 4371 1737 4410 sermonem
1795 4357 1946 4426 quasi

353 4461 546 4516 aquam
573 4445 602 4485 ι)
633 4449 684 4501 in
713 4449 1030 4502 servitutem
1059 4449 1264 4518 redige,
1297 4459 1350 4502 et
1375 4449 1586 4520 subjice
1616 4450 1730 4516 tibi,
1763 4461 1814 4504 ut
1850 4451 1948 4505 do-

355 4541 578 4596 mineris
611 4543 762 4595 lateri
795 4551 886 4596 tuo
915 4559 930 4596 :
978 4541 1218 4610 alioquin
1243 4543 1346 4596 nisi
1395 4545 1496 4598 hoc
1525 4543 1720 4598 feceris
1741 4587 1754 4610 ,
1784 4545 1944 4598 vivax

357 4641 408 4687 te
441 4645 462 4673 ε
495 4645 678 4704 postea
705 4633 919 4688 ﬂamina
951 4643 1258 4700 consumet,
1293 4635 1376 4690 vel
1409 4635 1460 4688 in
1495 4651 1708 4704 pinnam
1737 4651 1836 4706 per
1861 4653 1946 4708 ge-

357 4725 618 4792 hennam,
653 4727 734 4780 vel
767 4725 1084 4782 ardentibus
1115 4727 1318 4780 inimici
1345 4727 1540 4796 jaculis
1559 4729 1816 4782 suscitata
1849 4745 1862 4782 :
1893 4739 1948 4784 et

355 4833 464 4872 non
517 4819 692 4874 solum
744 4819 852 4888 igni
899 4819 1220 4884 vastaberis,
1263 4819 1358 4876 sed
1387 4821 1598 4890 gladius
1631 4837 1844 4893 quoque
1893 4833 1945 4880 te

353 4909 604 4966 comedet
629 4913 780 4980 quasi
807 4911 1015 4966 locusta
1053 4921 1214 4968 terra:
1243 4913 1494 4968 virentia.
1531 4915 1596 4968 Et
1625 4913 1728 4970 hoc
1777 4919 1946 4986 patie-

353 5071 544 5144 gryllis
577 5071 852 5144 vocalibus
883 5069 1185 5136 simillima,
1205 5071 1256 5124 in
1281 5079 1440 5126 terrae
1463 5069 1816 5144 foraminibus
1835 5087 1956 5144 sese

355 5143 582 5208 abtleus,
631 5155 684 5195 et
735 5143 800 5196 ad
851 5151 1062 5212 pastum
1104 5145 1406 5210 egrediens.
1441 5158 1598 5210 quam
1641 5143 1852 5196 Reatini
1885 5145 1952 5200 ab

358 5225 476 5269 atro
514 5215 930 5283 Maurorumque
959 5215 1164 5274 colore,
1199 5213 1250 5264 Μ
1261 5215 1460 5266 arulam
1481 5223 1698 5268 vocant.
1731 5215 1953 5270 Arrodit

357 5287 502 5356 enim
547 5285 740 5339 mirum
771 5285 824 5338 in
869 5285 1095 5356 modum
1117 5283 1422 5350 bujusmodi
1469 5287 1764 5345 insectum,
1801 5287 1954 5356 quid-

357 5355 484 5424 quid
515 5357 700 5410 virens
745 5357 1038 5410 invenerit.
1085 5355 1383 5416 ’Λττέλαϐος
1421 5364 1600 5410 autent
1651 5355 1829 5422 parva
1863 5359 1948 5411 illa

355 5425 588 5492 lucusta,
637 5443 758 5494 qua:
803 5427 854 5480 in
883 5426 1090 5493 campis
1121 5437 1174 5482 et
1211 5431 1486 5496 segetibus
1511 5467 1526 5494 ,
1571 5443 1746 5480 messe
1787 5425 1946 5490 facta,

357 5499 568 5553 sobsilil
611 5513 624 5550 :
669 5497 854 5553 volare
884 5500 1032 5553 enim
1061 5507 1122 5552 ιιι
1148 5499 1356 5552 locusta
1409 5497 1614 5566 nequit.
1671 5497 1882 5552 Reatini
1923 5515 1948 5552 τι

359 5569 604 5624 saliendo
637 5569 972 5640 sallippulnm
998 5567 1290 5640 appellant.
1345 5569 1697 5638 Septuaginta
1747 5581 1948 5640 tamen,

359 5641 501 5708 quod
549 5649 632 5694 est
675 5639 938 5694 llebraice
979 5651 1158 5704 armis.
1191 5639 1240 5694 id
1273 5649 1376 5706 est,
1409 5641 1632 5702 locusta.
1679 5639 1954 5696 ἀττέὶαϐον

361 5709 446 5764 hic
469 5711 824 5766 reddiderunt
853 5729 866 5764 :
891 5715 980 5774 :1:
1005 5719 1184 5766 autem
1214 5723 1319 5764 tam
1345 5712 1468 5780 ipsi,
1497 5727 1656 5780 quam
1683 5711 1950 5778 Περι-ουδ’-

361 5795 482 5836 mus
507 5781 1070 5838 locustamverterttut
1100 5801 1110 5836 :
1143 5785 1286 5850 quod
1321 5785 1458 5838 idem
1495 5785 1733 5838 fecerunt
1765 5783 1952 5836 Eccle-

363 5855 546 5908 siastte
577 5867 650 5906 ιιι
680 5853 747 5908 de
777 5855 942 5909 verbo
969 5863 1096 5922 πει-ι,
1123 5865 1178 5910 ιιι
1209 5855 1280 5910 ibi
1303 5853 1558 5910 diximus.
1597 5855 1746 5910 Sicut
1769 5863 1946 5908 autem

2047 3349 2166 3386 rum
2195 3333 2466 3386 deferatur
2497 3333 2550 3386 in
2579 3347 2748 3388 mare.
2775 3333 2842 3386 Et
2867 3332 3171 3388 econtrario
3201 3333 3456 3404 quidquid
3487 3331 3646 3388 femi»

2049 3445 2206 3484 neum
2237 3439 2291 3484 et
2323 3429 2506 3496 molle,
2537 3439 2590 3484 et
2623 3429 2923 3483 formosum
2953 3429 3232 3484 videretur
3263 3430 3314 3483 in
3347 3431 3448 3484 hoc
3475 3443 3643 3484 saecu-

2047 3524 2120 3592 lo,
2153 3523 2254 3578 hoc
2285 3523 2614 3590 vivificetur,
2645 3523 2924 3578 adolescat
2971 3533 3024 3579 et
3061 3531 3306 3593 generet.
3357 3523 3644 3594 Simulque

2047 3619 2340 3672 Considera
2389 3619 2528 3686 quod
2563 3617 2852 3689 [Egyptius
2893 3617 3190 3682 imperator
3211 3616 3360 3672 viros
3389 3616 3652 3672 Hebraeo-

2047 3729 2164 3766 rum
2213 3729 2317 3766 non
2363 3712 2534 3780 possit.
2573 3711 2848 3776 occidere,
2891 3723 2994 3764 nec
3033 3723 3128 3764 eos
3169 3709 3261 3780 qui
3303 3708 3412 3778 jam
3441 3707 3648 3780 egressi

2049 3813 2174 3860 sunt
2209 3805 2278 3864 de
2307 3803 2555 3872 infantia,
2586 3803 2682 3858 sed
2705 3817 2932 3872 quorum
2965 3809 3097 3856 tetas
3119 3801 3299 3856 adhuc
3330 3809 3512 3855 tenera
3539 3807 3642 3866 est,

2049 3909 2102 3954 ct
2151 3875 2313 3953 titolle
2361 3913 2580 3966 corpus,
2629 3906 2682 3952 et
2711 3895 2988 3966 profectus
3033 3895 3298 3966 incipiens
3335 3911 3348 3946 :
3390 3893 3494 3948 scit
3538 3907 3646 3947 non

2049 4007 2210 4063 posse
2239 3993 2432 4046 nutriri
2461 3991 2712 4052 feminas,
2747 3989 2848 4044 nisi
2877 3989 3149 4044 interfecﬁ
3171 3988 3372 4043 fuerint
3391 3987 3639 4042 masculi.

2051 4085 2178 4138 Vult
2229 4089 2412 4155 itaque
2463 4085 2514 4138 in
2573 4083 2814 4138 Hebraeis
2849 4081 3112 4152 quidquid
3167 4081 3302 4136 forte
3327 4089 3412 4136 est
3435 4089 3492 4137 et
3515 4079 3650 4136 viri-

2050 4177 2120 4240 le,
2155 4176 2256 4232 hoc
2281 4175 2492 4246 gurgite
2519 4175 2600 4230 sui
2633 4175 2874 4229 fluminis
2919 4175 3210 4238 suffocare,
3243 4185 3298 4228 ut
3344 4189 3466 4244 quae
3497 4173 3652 4229 femi-

2051 4285 2150 4324 nea
2178 4279 2322 4334 sunt,
2357 4269 2584 4323 liberius
2615 4269 2730 4322 sola
2759 4277 3126 4322 succrescant.
3157 4265 3314 4334 Quod
3345 4279 3526 4322 autem
3553 4281 3645 4321 se-

2049 4365 2234 4434 quitur
2277 4383 2290 4418 :
2347 4363 2584 4418 Inimicis
2647 4365 2748 4418 tuis
2815 4365 3080 4432 apertione
3139 4363 3435 4432 aperientur
3489 4370 3654 4434 portat

2049 4453 2074 4493 ά
2095 4467 2246 4512 terra:
2273 4467 2394 4520 tuae,
2427 4455 2734 4526 intelligere
2759 4455 2984 4522 poteris,
3009 4469 3296 4508 assumens
3317 4453 3386 4508 de
3409 4451 3650 4508 Ieremia

2053 4549 2442 4614 testimonium,
2475 4549 2527 4602 in
2561 4561 2668 4614 quo
2691 4547 2951 4614 scriptum
2979 4555 3062 4600 er-t
3086 4563 3098 4599 :
3130 4544 3376 4600 Ascendit
3399 4561 3536 4598 mors
3558 4561 3650 4616 per

2053 4645 2304 4712 fenestras
2329 4650 2522 4693 vestras
2559 4637 2668 4710 [AL
2703 4635 2926 4709 nostras]
2959 4635 3094 4704 (Jer.
3126 4651 3206 4698 tx,
3235 4636 3354 4706 21).
3379 4635 3646 4708 Quodque

2055 4747 2152 4802 per
2181 4729 2475 4786 Jeremiam
2507 4729 2560 4782 in
2591 4727 2872 4792 fenestris,
2901 4729 2989 4782 hic
3021 4727 3072 4782 in
3105 4728 3280 4797 portis
3323 4739 3540 4782 asseres
3565 4725 3652 4780 de-

2055 4825 2368 4890 monstrari,
2412 4835 2462 4876 et
2493 4821 2588 4876 has
2611 4821 2762 4891 ipsas
2810 4819 2878 4876 ad
2929 4835 3122 4876 sensus
3175 4819 3404 4877 referes.
3453 4819 3648 4876 Sciens

2047 4919 2192 4974 enim
2219 4929 2401 4972 sermo
2425 4915 2638 4969 divinus
2669 4913 2915 4983 duplices
2941 4927 3064 4970 esse
3107 4927 3328 4980 sensus,
3355 4911 3420 4967 ad
3455 4911 3652 4967 distin-

2059 5071 2330 5128 attelabus
2369 5071 2510 5126 inter
2555 5069 2814 5124 bruchum
2855 5081 2908 5126 et
2955 5069 3218 5124 locustam
3274 5067 3482 5123 medius
3525 5075 3648 5124 est:

2061 5145 2131 5198 ita
2173 5153 2396 5212 apparet
2431 5143 2666 5196 locustas
2704 5141 3010 5196 nominasse
3059 5139 3295 5212 majores
3347 5139 3488 5212 illas,
3529 5153 3652 5208 quae

2059 5209 2218 5270 factu
2248 5209 2456 5280 volatu,
2505 5213 2764 5284 gregatim
2809 5221 2954 5266 tanta
2983 5211 3335 5266 multitudine
3375 5209 3440 5284 ad
3485 5225 3650 5280 popu-

2054 5285 2244 5340 iandas
2282 5281 2866 5352 segetes'et’virentia
2923 5281 3542 5352 qturquegcontendunt,
3587 5291 3649 5334 ut

2057 5357 2250 5412 ccelum
2305 5351 2470 5410 veluti
2517 5355 2747 5409 nubibus
2779 5351 3100 5424 quibusdam
3131 5351 3404 5416 obductis,
3455 5351 3652 5406 obscu-

2055 5439 2196 5494 rent,
2229 5437 2284 5482 et
2313 5427 2448 5482 solis
2477 5427 2654 5482 radios
2685 5423 2842 5480 terra:
2863 5423 3134 5478 auferant.

2129 5491 2292 5552 αΜε.
2349 5497 2590 5568 Reginae,
2641 5497 2728 5566 qui
2794 5495 3000 5564 sagittis
3047 5505 3122 5548 est
3173 5491 3402 5548 vallatus
3457 5493 3648 5548 arden-

2055 5569 2208 5624 tibus.

2127 5639 2152 5678 δ
2193 5639 2442 5696 Martian.
2475 5653 2662 5694 vocem
2687 5653 2872 5708 aquam
2901 5635 3287 5708 praitemtittit.

2133 5725 2152 5781 εξ
2197 5711 2388 5780 Regin.
2417 5725 2516 5764 tns.
2547 5711 2820 5781 paulatim.
2847 5723 2944 5778 pro
2971 5717 3168 5781 postea.

2122 5780 2148 5820 ά
2195 5776 2386 5838 Deerat
2431 5776 2556 5836 vox"
2585 5795 2756 5838 term.
2787 5776 2856 5836 ld'
2884 5776 3056 5852 genus
3091 5779 3196 5836 alia
3243 5777 3380 5836 infra
3411 5776 3654 5837 restitui-

2053 5867 2196 5910 mus.
