4078 6342
372 322 508 379 1267

1614 315 1672 372 S.
1720 312 1990 373 EUSEBJI
2032 312 2406 370 ηιιςιιοΝγιιι

3525 303 3662 362 ηδε

368 439 604 499 ctionem
626 434 897 499 malorum
940 446 1218 499 sensuum,
1253 431 1304 489 in
1351 428 1661 487 Proverbiis
1686 430 1799 487 ait:
1834 427 1966 485 δοκι
1992 428 2049 494 Α
2072 427 2227 483 timet
2271 425 2377 481 dici
2407 429 2476 482 de
2511 426 2713 494 anima,
2746 442 2866 496 quas
2899 425 3061 481 infixa
3093 424 3146 479 in
3192 425 3307 479 luto
3335 424 3579 494 corporis
3610 432 3666 478 et

368 548 487 590 sum
522 529 753 589 divinum
800 525 1044 583 inuenies.
1096 523 1328 583 Sensum
1358 531 1539 579 autem
1572 522 1657 576 hic
1681 536 1788 577 non
1826 521 1969 579 acui.

372 622 491 693 pias
524 636 623 692 pro
643 620 825 682 animo
846 627 899 675 et
932 626 1136 684 mente.
1169 630 1290 686 qum
1332 614 1519 671 Graece
1566 620 1685 675 νοῦς
1732 612 1929 667 dicitur
1954 653 1968 677 ,

371 717 469 773 sed
519 731 618 786 pro
660 715 927 779 αἰσθήσει,
964 728 997 771 a
1022 727 1128 781 qua
1174 718 1229 766 et
1256 711 1496 780 quinque
1527 723 1718 764 sensus
1757 720 1969 765 nuncu—

374 809 484 880 pati
506 814 657 874 sunt,
699 807 862 878 579
891 806 1060 869 visus,
1084 803 1366 870 odoratus,
1396 811 1608 871 gustus,
1649 809 1843 866 tactus,
1878 814 1976 853 au-

376 902 545 963 ditus.
578 902 753 961 Portae
784 902 963 970 itaque
986 908 1145 957 terra:
1172 898 1363 952 Ninive
1384 940 1397 962 ,
1428 893 1748 964 corporales
1780 905 1974 949 sensus

373 994 746 1065 intelligantur
774 1012 783 1046 :
820 1002 990 1062 portae
1010 999 1194 1051 autem
1221 988 1527 1047 Jerusalem
1570 986 1833 1051 cmlestis,
1859 1001 1974 1041 οων

377 1087 464 1145 nis
490 1101 683 1147 sensus
707 1085 923 1145 divinus
946 1084 1097 1147 etde
1122 1082 1371 1152 supernis
1400 1080 1648 1137 veniens.
1701 1080 1807 1134 llas
1844 1093 1971 1148 por-

377 1189 462 1237 tas
500 1179 691 1240 Ninive
733 1177 906 1247 aperit
950 1175 1185 1246 populus
1229 1174 1347 1245 ejus
1382 1190 1477 1243 per
1505 1175 1679 1231 visunt
1730 1182 1784 1229 et
1823 1171 1978 1227 audi-

379 1281 516 1337 tum,
557 1281 613 1329 et
650 1285 842 1331 omnes
891 1270 1137 1340 reliquos
1163 1282 1378 1334 sensus,
1413 1267 1567 1337 quasi
1602 1281 1700 1336 per
1732 1265 1893 1321 latam
1922 1274 1976 1320 et

376 1367 673 1434 spatiosam
721 1364 867 1421 viam
915 1377 1036 1434 quas
1074 1361 1223 1417 ducit
1266 1360 1330 1415 ad
1377 1370 1603 1416 mortem
1639 1358 1820 1429 (Matt.
1852 1356 1973 1427 vn),

378 1458 695 1529 corporales
720 1471 975 1528 qumrens
996 1470 1194 1527 capere
1238 1455 1567 1523 voluptates,
1613 1453 1807 1523 quibus
1830 1453 1977 1507 clauv

380 1553 519 1613 dunt
546 1552 797 1611 homines
821 1551 913 1609 Dei
950 1558 1135 1620 portas
1164 1563 1314 1615 suas,
1347 1549 1665 1603 obturantes
1696 1561 1879 1611 aures,
1908 1560 1978 1600 ne

381 1645 605 1706 audiant
625 1643 889 1715 judicium
920 1642 1198 1713 sanguinis
1225 1684 1239 1707 ,
1282 1641 1601 1697 claudentes
1630 1640 1820 1697 oculos
1851 1652 1978 1693 suos

385 1752 455 1793 ne
490 1737 710 1797 videant
757 1735 1118 1805 iniquitatem,
1154 1734 1500 1791 obturantes
1543 1748 1722 1796 nares,
1772 1746 1838 1785 ne
1879 1747 1980 1784 un.

2076 519 2248 589 paleis
2277 519 2435 591 hujus
2463 519 2671 583 mundi,
2700 519 2884 574 vacuis
2909 517 3117 573 scilicet
3159 526 3215 573 et
3254 516 3478 573 caducis
3504 558 3518 582 ,
3559 526 3666 571 tota

2075 626 2135 667 se
2177 626 2398 667 versans
2428 609 2537 683 [ΑΙ.
2570 608 2841 681 serviens]
2866 608 3217 667 conculcetur
3238 623 3267 662 a
3304 606 3666 663 daemonibus.

2075 702 2201 758 Mihi
2228 716 2407 758 autem
2440 702 2657 759 videtur
2688 704 2790 757 hoc
2812 702 2878 757 ad
2908 717 3024 757 eam
3050 700 3192 756 dici:
3222 700 3443 757 Sustine
3489 708 3668 753 tenta-

2078 800 2276 861 tiones.
2312 799 2564 867 injurias,
2596 798 2793 868 quibus
2818 797 3015 851 tradita
3039 811 3099 853 es
3128 814 3141 848 :
3173 809 3361 866 pmnas
3386 808 3523 865 quas
3552 808 3670 849 me-

2078 892 2182 946 rito
2206 902 2296 947 tuo
2325 893 2526 962 pateris
2554 908 2568 957 ;
2594 892 2719 961 quia
2752 891 2798 946 si
2819 905 2985 960 super
3013 904 3188 944 vacua
3218 888 3377 959 hujus
3403 887 3589 942 mundi
3615 897 3673 944 et

2076 982 2284 1056 fragilia
2309 984 2562 1055 graderis
2591 984 2827 1055 negotia,
2856 984 3001 1039 scias
3030 991 3085 1038 te
3113 997 3212 1052 pro
3260 980 3503 1036 remedio
3548 995 3672 1036 sus-

2079 1078 2274 1144 tinere,
2326 1078 2370 1133 si
2424 1087 2605 1133 tamen
2659 1076 2966 1132 obtinueris
3011 1075 3449 1145 superlaterem,
3481 1082 3535 1130 et
3555 1088 3675 1129 car-

2079 1186 2201 1231 nem
2231 1172 2431 1229 anitum
2474 1170 2703 1245 imperio
2748 1169 3149 1240 subjugaveris.
3201 1167 3448 1238 Denique
3488 1166 3677 1236 sequi-

2081 1276 2165 1323 tur
2192 1282 2205 1321 :
2237 1263 2321 1320 Ibi
2348 1265 2574 1320 comedet
2604 1275 2651 1318 te
2679 1265 2836 1334 ignis.
2872 1262 2930 1318 Si
2963 1279 3070 1318 non
3102 1261 3269 1318 fueris
3321 1276 3487 1330 super
3537 1263 3676 1316 late-

2081 1375 2219 1425 rem,
2252 1368 2307 1416 et
2334 1360 2771 1432 dominationem
2798 1374 2903 1415 non
2938 1358 3197 1413 habueris
3228 1358 3280 1417 in
3308 1371 3549 1419 carnem,
3578 1355 3677 1412 sed

2082 1454 2349 1509 manseris
2374 1454 2426 1508 in
2459 1453 2649 1519 latere,
2681 1461 2736 1507 et
2762 1453 3034 1508 amaveris
3082 1452 3288 1521 paleas,
3327 1462 3381 1505 et
3430 1452 3483 1505 in
3516 1465 3681 1505 carne

2075 1545 2227 1613 juxta
2276 1559 2494 1601 carnem
2544 1545 2768 1611 vixeris,
2821 1560 2928 1599 non
2966 1545 3140 1599 solum
3174 1543 3420 1599 ardentia
3478 1539 3681 1597 inimici

2075 1640 2258 1709 jacula
2291 1652 2342 1695 te
2373 1638 2799 1705 vorabunt;sed
2828 1647 2883 1694 ct
2936 1638 3147 1710 gladius
3201 1638 3320 1707 ejus
3368 1636 3681 1700 interficiat,

2081 1742 2135 1788 et
2165 1733 2215 1786 in
2250 1732 2674 1788 similitudinem
2707 1734 3061 1798 locustarum,
3113 1731 3374 1802 quidquid
3418 1734 3469 1786 in
3508 1739 3561 1785 te
3597 1731 3682 1784 vi-

390 1838 587 1899 guenta
622 1828 795 1903 prima
822 1829 873 1887 in
915 1827 1377 1887 eiietninationem
1414 1826 1610 1881 anima:
1656 1839 1769 1880 suae
1812 1823 1981 1880 odore
2011 1823 2060 1883 Β
2087 1843 2213 1885 rens
2239 1827 2544 1894 videbatur,
2588 1836 2643 1883 et
2672 1837 2881 1882 natura:
2911 1827 3055 1881 bono
3095 1837 3288 1895 sponte
3347 1826 3684 1895 germinans,

386 1921 692 1991 suscipiant
717 1939 732 1981 t
761 1920 1085 1980 claudentes
1107 1936 1169 1976 os
1196 1921 1356 1989 gulm,
1386 1927 1443 1976 et
1491 1927 1516 1956 ιι
1573 1917 1747 1973 ventri
1794 1917 1980 1984 avide,

384 2026 436 2073 et
462 2030 489 2067 a
514 2022 661 2076 tactu
690 2013 843 2075 mili
882 2012 1227 2073 retrahentes
1251 2027 1444 2073 manus
1470 2025 1618 2075 suas,
1656 2025 1722 2064 ne
1762 2010 1828 2064 ad
1862 2009 1983 2065 libi.

383 2110 565 2169 dinem
586 2118 777 2165 venter
805 2119 1135 2175 exaestuans,
1179 2108 1230 2162 in
1256 2107 1521 2162 femineos
1545 2104 1827 2160 ardentem
1867 2102 1986 2157 aniw

382 2214 527 2259 mam
557 2208 715 2270 cogat
745 2200 1054 2277 amplexus.
1079 2199 1180 2267 Qui
1213 2209 1392 2255 autem
1414 2200 1665 2254 homines
1700 2197 1792 2252 Dei
1824 2205 1981 2262 sunt,

386 2293 852 2362 aperiunl'soasus
874 2305 1024 2355 suos,
1060 2291 1112 2347 id
1141 2299 1243 2354 est,
1274 2302 1459 2360 portas
1500 2288 1741 2347 celestis
1772 2286 1988 2343 Jerusa-

386 2383 585 2448 salem,
639 2393 697 2443 ut
722 2384 791 2443 ad
816 2398 917 2443 eos
958 2382 1297 2452 ingrediatur
1342 2397 1526 2443 sermo
1555 2381 1670 2436 Dei.
1723 2380 1984 2435 Maiarum

392 2486 673 2544 portarum
722 2474 855 2535 illud
900 2475 1213 2543 exemplum
1260 2481 1383 2531 est:
1430 2473 1531 2540 Qui
1575 2472 1775 2529 exultas
1816 2487 1895 2526 me
1922 2472 1989 2525 de

391 2568 559 2640 portis
600 2569 797 2629 mortis.
852 2567 1122 2625 Bonarum
1163 2566 1310 2625 hoc:
1350 2565 1421 2625 Ut
1461 2568 1764 2623 annuntt'em
1811 2579 1987 2619 omnes

388 2658 574 2719 laudes
605 2668 720 2717 tuas
750 2659 803 2715 in
832 2661 995 2730 portis
1016 2659 1140 2728 ﬁliw
1187 2658 1315 2717 Sion
1339 2657 1519 2730 (Psal.
1552 2674 1630 2722 ιε,
1666 2656 1779 2726 15).
1810 2655 1990 2723 Quae.

389 2753 463 2809 do
487 2752 689 2813 videris
708 2760 1011 2813 amatorem
1041 2752 1377 2821 voluptatum
1416 2750 1589 2820 magis
1633 2764 1796 2816 quam
1836 2762 1987 2805 ama-

387 2852 560 2905 torem
596 2843 711 2910 Dei,
746 2852 801 2898 et
832 2844 1060 2903 luxuria
1088 2842 1351 2906 deditum.
1378 2841 1560 2901 statim
1586 2841 1656 2895 de
1680 2854 1749 2896 eo
1775 2840 1946 2899 dicito
1972 2854 1986 2893 :

387 2936 627 2997 Inimicis
665 2936 776 2993 suis
807 2935 1021 3006 aperuit
1048 2948 1229 3005 portas
1270 2944 1429 2995 terrae
1479 2950 1592 2991 suae
1617 2976 1632 3002 ,
1685 2949 1793 2989 non
1842 2933 1988 2993 enim

388 3028 582 3087 amicis
619 3028 819 3089 animle
847 3042 981 3093 suae.
1011 3027 1106 3087 sed
1139 3026 1376 3085 inimicis
1395 3027 1647 3095 aperiunt
1672 3033 1856 3093 portas
1886 3035 1992 3080 ter-

390 3137 466 3175 rae
493 3119 709 3181 Ninive,
744 3119 901 3189 Quod
942 3120 988 3181 si
1019 3128 1075 3180 et
1112 3120 1166 3173 hi
1213 3120 1301 3189 qui
1342 3119 1618 3188 principes
1649 3126 1909 3185 putantur
1937 3115 1990 3170 in

391 3213 615 3285 popiln,
653 3213 845 3271 eadem
884 3213 1132 3278 fecerint,
1176 3210 1244 3271 de
1286 3211 1368 3265 his
1406 3224 1623 3280 quoque
1654 3209 1840 3267 dicere
1886 3223 1991 3267 non
2020 3201 2069 3265 C

390 3304 647 3369 timebis;
682 3304 856 3363 Duces
886 3302 1067 3372 populi
1101 3302 1205 3361 mei
1227 3302 1295 3361 de
1320 3302 1487 3363 dotno
1515 3302 1831 3359 deliciarum
1868 3315 1994 3359 sua-

392 3412 511 3453 rum
540 3396 700 3465 eiecti
727 3404 874 3455 Sunt.
906 3395 968 3457 Si
1012 3404 1197 3455 autem
1234 3393 1433 3457 videris
1472 3408 1569 3449 eos
1598 3393 1989 3461 voluptatibus,

394 3499 450 3547 et
476 3490 605 3552 hinc
644 3490 769 3545 inde
797 3490 1074 3551 ambienti:
1120 3488 1331 3549 luxuria
1374 3489 1739 3561 prtepeditos,
1789 3488 1993 3547 nullam

402 3581 601 3643 habere
646 3581 1085 3643 misericordiam
1116 3581 1169 3641 in
1206 3596 1499 3653 pauperes,
1532 3596 1633 3636 nec
1671 3582 1737 3635 de
1787 3581 1996 3650 populo

400 3674 492 3731 Dei
524 3686 648 3733 esse
684 3672 972 3738 sollicitos,
1014 3672 1228 3742 aptabis
1270 3674 1353 3733 eis
1400 3673 1543 3743 quod
1574 3672 1855 3744 sequitur:
1893 3672 1996 3738 Qui

399 3766 663 3821 dormiunt
686 3783 843 3839 super
879 3766 1040 3829 lectos
1060 3766 1312 3823 eburneos
1342 3782 1360 3821 :
1401 3776 1447 3821 et
1468 3768 1638 3835 ﬂuunt
1661 3766 1921 3839 voluptate
1942 3767 1995 3821 in

397 3859 574 3913 stratis
602 3859 708 3912 suis
737 3874 755 3912 :
785 3859 875 3929 qui
902 3858 1179 3917 comedunt
1201 3858 1375 3913 turdos
1397 3856 1462 3911 de
1496 3857 1758 3930 gregibus,
1787 3866 1839 3917 et
1867 3858 1999 3917 vitu-

403 3942 480 4004 los
512 3950 749 4009 lactentes
776 3950 841 4005 de
893 3951 1138 4009 armentis
1224 3952 1315 4025 qui
1367 3949 1543 4009 bibunt
1573 3950 1881 4020 defwcutmn
1924 3949 2000 4011 vi,

401 4056 549 4104 num,
584 4051 629 4093 et
654 4041 839 4115 primis
860 4042 1137 4113 unguentis
1159 4040 1377 4097 delibuti
1397 4050 1516 4093 sunt
1542 4057 1561 4107 ;
1613 4050 1660 4094 et
1698 4057 1801 4095 non
1830 4040 1998 4109 patio,

401 4132 592 4188 buntur
628 4133 913 4207 quidquam
937 4149 1092 4203 suprr
1113 4132 1423 4189 contritione
1452 4130 1653 4202 Joseplt
1684 4132 1861 4201 (Amos
1903 4147 1955 4187 v1
1981 4173 1997 4200 ,

400 4224 481 4294 4).
532 4225 702 4283 Porro
731 4224 876 4295 quod
907 4224 1105 4285 dicitur
1140 4240 1153 4277 :
1187 4223 1420 4283 Comedit
1471 4224 1607 4296 ignis
1653 4235 1812 4281 vectes
1856 4232 1996 4295 tuos,

402 4317 780 4393 hujuscemodi
814 4326 901 4381 est
933 4336 945 4371 :
996 4318 1050 4375 Si
1080 4318 1211 4395 quid
1258 4319 1519 4377 naturalis
1551 4318 1678 4379 boni
1719 4318 1771 4373 in
1822 4320 2002 4383 anima

402 4416 496 4467 tua
529 4408 814 4469 videbatur
845 4422 985 4478 esse,
1020 4408 1165 4483 quod
1200 4408 1253 4465 in
1284 4408 1698 4469 similitudinem
1742 4412 1999 4478 vectium,

404 4502 589 4561 hostes
622 4502 711 4577 qui
744 4518 840 4575 per
884 4511 1072 4577 portas
1101 4517 1358 4559 sensuum
1413 4511 1628 4557 tuorum
1665 4503 2002 4563 conabantur

2088 1936 2253 1977 avaro
2283 1921 2447 1977 dente
2468 1930 2756 1977 consumet
2785 1920 2891 1992 [ΑΙ.
2926 1937 2955 1975 a
2993 1920 3201 1975 brucho
3232 1920 3461 1974 rudente
3490 1933 3687 1974 consu-

2089 2015 2289 2087 utetur]
2326 2033 2338 2069 :
2371 2022 2426 2070 et
2452 2016 2606 2086 quasi
2637 2015 2876 2073 bruchus
2902 2014 3087 2069 volatu
3119 2014 3335 2083 perdito
3369 2022 3463 2070 :et
3499 2026 3689 2081 grava-

2087 2115 2172 2162 tus
2204 2107 2446 2178 pondere
2475 2124 2574 2163 suo
2603 2127 2616 2163 :
2648 2106 2721 2162 ita
2749 2117 2805 2162 et
2855 2115 2911 2160 tu
2951 2117 3175 2176 gravata
3216 2120 3384 2159 onere
3436 2114 3691 2175 peccato-

2089 2219 2233 2265 rum,
2275 2202 2659 2258 detrahcrisin
2690 2211 2914 2257 terram.
2941 2200 3110 2271 igitur
3149 2215 3215 2255 ne
3262 2200 3385 2253 talia
3444 2210 3490 2251 et
3540 2208 3691 2252 tanta

2091 2297 2335 2365 patiaris,
2364 2296 2728 2366 multiplicare
2778 2305 2834 2350 ut
2874 2295 3136 2358 bruchus,
3186 2302 3239 2349 et
3286 2303 3545 2365 quantum
3600 2294 3693 2348 ille

2091 2388 2254 2444 habet
2284 2404 2591 2452 numerum,
2642 2398 2825 2443 tantas
2884 2396 2941 2442 tu
3000 2387 3197 2441 habeto
3252 2387 3501 2441 virtutes.
3548 2386 3685 2452 Qum

2091 2480 2236 2536 enim
2265 2478 2642 2547 multiplicasti
2672 2477 3069 2548 negotiationes
3092 2485 3302 2544 tuas,et
3332 2477 3692 2545 omnigcnere

2092 2571 2269 2643 (quasi
2292 2570 2535 2625 caelestia
2566 2582 2795 2639 cuperes
2834 2566 3143 2639 possidere)
3178 2583 3275 2635 per
3324 2568 3405 2621 fas
3448 2576 3502 2621 et
3545 2565 3695 2622 nefas

2092 2663 2366 2732 perituras
2398 2661 2497 2717 tibi
2522 2660 2738 2716 divitias
2763 2660 3104 2730 congregasti
3130 2702 3142 2725 ,
3170 2660 3340 2714 debes
3372 2657 3697 2712 multitudi-

2094 2772 2216 2811 ttetn
2260 2764 2609 2826 peccatorum
2662 2752 3009 2808 multitudine
3054 2768 3345 2821 exmqnare
3402 2752 3691 2805 virtutum.

2093 2848 2270 2917 Supra
2306 2848 2459 2915 juxta
2491 2846 2816 2900 Hebraicunt
2839 2860 3014 2915 usque
3047 2846 3112 2899 ad
3143 2844 3289 2899 illum
3327 2846 3501 2899 locum
3531 2858 3696 2899 vene-

2095 2957 2233 3008 ram,
2266 2941 2355 2995 ttbi
2381 2939 2577 2994 dicitur
2607 2958 2619 2993 :
2651 2938 2745 2994 Sol
2791 2948 2932 2992 ortus
2978 2947 3073 2998 est,
3125 2945 3170 2988 et
3223 2937 3601 2990 evolaverunt:
3646 2944 3698 2991 et

2096 3048 2197 3087 non
2247 3040 2323 3086 est
2374 3032 2611 3100 cognitus
2660 3030 2807 3085 locus
2851 3045 3031 3083 eurum
3082 3030 3167 3082 ubi
3211 3030 3425 3099 fuerint.
3462 3030 3528 3083 Et
3565 3028 3695 3098 quid

2096 3122 2229 3180 mihi
2281 3123 2559 3178 videretur
2610 3123 2662 3177 in
2717 3132 2974 3177 contextu
3034 3122 3208 3192 ipsius
3256 3124 3526 3176 sermonis
3559 3122 3693 3178 dixi.

2100 3216 2251 3273 Nunc
2300 3217 2428 3285 quia
2477 3214 2623 3272 LXX
2672 3216 2879 3286 proprii
2927 3229 3123 3271 sensus
3176 3214 3429 3270 videntur
3495 3215 3697 3271 habere

2100 3309 2450 3379 principium,
2476 3310 2654 3379 posito
2697 3324 2889 3363 eorum
2920 3310 3251 3375 testimonio,
3286 3318 3479 3378 emptae
3507 3308 3699 3377 expla—

2101 3402 2339 3457 nationis
2368 3402 2619 3456 ordinem
2643 3415 2862 3469 sequar.

2176 3493 2335 3565 581
2365 3492 2505 3548 LXX
2540 3510 2551 3545 :
2598 3492 2837 3548 Brucltus
2866 3494 3036 3559 irruit,
3084 3504 3135 3548 et
3161 3495 3377 3547 evolavit
3412 3510 3430 3555 :
3474 3494 3700 3548 exsilist’t

2101 3587 2254 3652 quasi
2297 3584 2553 3639 attelahus
2582 3586 2955 3640 commixticius
2997 3597 3135 3650 tuus,
3170 3588 3303 3640 sicut
3336 3585 3536 3640 locusta
3580 3601 3700 3648 quas

2101 3678 2337 3733 (tacendit
2368 3694 2523 3747 super
2552 3693 2723 3748 sepem
2750 3678 2803 3730 in
2844 3677 2930 3730 die
2968 3676 3119 3749 gelu:
3147 3676 3226 3731 sol
3257 3686 3399 3733 ortus
3428 3688 3504 3731 est
3534 3686 3581 3731 et
3608 3693 3700 3731 επ-

2101 3770 2281 3833 silivit,
2309 3778 2355 3823 et
2378 3786 2479 3823 non
2503 3769 2741 3837 cognovit
2767 3769 2937 3823 locum
2980 3785 3149 3822 suum.
3195 3768 3286 3823 Vn:
3316 3770 3442 3823 illis.
3474 3768 3699 3826 Videtur

2103 3860 2235 3915 mihi
2280 3861 2568 3915 multitudo
2607 3859 2800 3915 Ninive
2829 3864 3033 3930 absque
3077 3871 3313 3926 rectore,
3345 3863 3464 3915 sine
3503 3860 3699 3916 ordine

2106 3953 2235 4009 hinc
2262 3953 2387 4008 inde
2418 3954 2733 4022 commixta,
2763 3962 2819 4009 et
2864 3968 3207 4023 quacumque
3244 3955 3480 4023 impetus
3511 3953 3701 4009 tulerit

2104 4059 2291 4112 ruens,
2328 4045 2532 4101 brucho
2564 4046 2895 4116 comparari,
2926 4061 3092 4115 parvo
3121 4046 3336 4100 animali
3364 4058 3420 4100 et
3450 4048 3701 4101 innume-

2105 4140 2283 4203 raliili,
2319 4150 2374 4195 et
2402 4141 2494 4210 qui
2522 4140 2800 4195 modicum
2841 4141 2967 4210 quid
3004 4138 3109 4212 [AL
3143 4140 3385 4211 quidem]
3432 4157 3490 4194 se
3519 4139 3701 4193 vidi-ao

2107 4242 2192 4286 tur
2228 4234 2442 4288 elevare
2488 4248 2517 4286 a
2569 4244 2734 4287 terra.
2772 4233 2877 4288 Sed
2909 4246 2957 4287 et
2992 4232 3100 4305 [ΑΙ.
3132 4231 3289 4305 alius]
3318 4234 3581 4287 attelahus
3606 4232 3698 4303 qui

2106 4323 2295 4380 Grmce
2342 4324 2540 4379 dicitur
2571 4325 2880 4397 σνμμικτὸς,
2908 4332 2967 4378 et
2998 4324 3189 4379 Latine
3210 4326 3506 4379 translatus
3535 4335 3619 4380 est
3648 4327 3701 4380 in

2106 4420 2530 4485 commixticium,
2560 4434 2722 4490 quem
2766 4433 2866 4474 nos
2899 4434 3187 4487 possumus
3221 4421 3414 4490 vulgus
3444 4419 3700 4484 ignobile,

2110 4513 2251 4569 etde
2275 4513 2510 4568 diversis
2540 4513 2791 4583 gentibus
2814 4511 2941 4566 hinc
2970 4512 3096 4567 inde
3122 4513 3379 4582 populum
3410 4528 3706 4582 congrega.

402 4595 734 4662 irrumpere,
770 4596 1061 4666 prohibere
1093 4605 1279 4666 posset
1314 4608 1365 4650 et
1401 4596 1688 4665 repellere,
1747 4597 1848 4653 hoc
1896 4596 1990 4659 Ba.

2110 4617 2220 4661 tum
2268 4605 2589 4675 intelligere,
2638 4604 2691 4660 id
2729 4612 2835 4669 est.
2870 4622 2973 4657 non
3006 4605 3179 4669 cives,
3212 4606 3310 4659 sed
3358 4605 3703 4675 peregrinos.

404 4689 626 4758 hylonio
658 4690 781 4759 igne
802 4704 1124 4751 succensum
1156 4699 1260 4745 est.
1290 4687 1401 4747 Nec
1430 4704 1538 4745 non
1559 4731 1571 4753 ,
1598 4689 1762 4762 580
1814 4706 2002 4760 aquom

407 4781 711 4835 munitionis
736 4781 939 4841 attrahe
961 4782 1079 4845 tibi,
1130 4781 1199 4839 de
1238 4796 1491 4841 sermone
1540 4781 1634 4835 Dei
1668 4782 1897 4848 dicitur,
1946 4792 2005 4841 ut

406 4874 709 4931 circumdet
736 4874 839 4931 sibi
871 4875 1019 4943 quasi
1067 4890 1278 4933 murum
1338 4873 1712 4931 ﬁrmissimum
1759 4874 2003 4945 Scriptu-

418 4981 599 5021 rarum
631 4965 934 5020 doctrinam
959 4978 1121 5037 atque
1173 4969 1460 5029 rationem,
1514 4981 1582 5020 ne
1632 4966 1699 5020 ad
1746 4968 2004 5022 interiora

412 5060 534 5129 ejus
569 5061 740 5129 possit
788 5059 959 5112 hostis
1001 5060 1325 5128 irrumpere.
1358 5057 1571 5124 Obtine,
1598 5060 1789 5128 inquit,
1824 5061 1998 5113 mutti-

410 5158 573 5212 tiones
599 5168 733 5213 tuas.
766 5157 1039 5231 Quidquid
1089 5158 1140 5211 itt
1193 5166 1243 5211 te
1270 5157 1440 5214 habes
1493 5174 1585 5228 per
1622 5170 1865 5217 naturam
1906 5160 2003 5216 1)ορ

405 5268 557 5317 num,
606 5260 665 5311 et
702 5251 889 5321 optimi
933 5251 1232 5311 conditoris
1284 5251 1336 5309 in
1368 5260 1422 5307 te
1464 5263 1643 5311 servat
1670 5252 1953 5311 exordium
1983 5298 1997 5323 ,

409 5343 511 5397 hoc
544 5343 728 5397 infelix
753 5344 933 5397 anima
957 5342 1167 5409 Ninive,
1196 5343 1250 5396 in
1287 5342 1664 5398 defensionem
1710 5345 1787 5398 tui
1832 5355 1957 5401 tene
1983 5389 1997 5414 ,

406 5450 512 5491 nec
537 5434 757 5507 patiaris
788 5435 855 5493 de
874 5434 1159 5511 principali
1193 5434 1510 5513 (ἡγεμονικῷ)
1543 5438 1724 5492 cordis
1752 5438 1995 5495 effluere.

407 5526 562 5593 Quod
595 5534 773 5581 autem
828 5535 949 5596 post
985 5526 1101 5582 hinc
1141 5527 1398 5582 additur:
1432 5528 1620 5583 Inct'de
1648 5530 1758 5603 [ΑΙ.
1811 5533 1999 5606 incide]

404 5618 458 5669 in
490 5618 678 5686 lutum,
707 5627 752 5670 et
790 5617 1098 5675 conabar:
1124 5620 1180 5675 in
1222 5620 1387 5689 paleis
1412 5636 1431 5674 :
1461 5620 1599 5676 alius
1641 5623 1868 5679 torsitan
1900 5640 2000 5680 a's-

478 5792 603 5867 {in
635 5794 824 5865 Regia.
855 5808 958 5853 tus.
978 5835 992 5863 ,
1034 5806 1083 5853 et
1106 5800 1294 5857 ventris
1314 5801 1536 5857 aditum.

2108 4696 2263 4751 Unde
2289 4708 2337 4750 et
2373 4697 2604 4765 pupulas
2630 4696 2792 4752 Israel
2830 4696 2927 4765 qui
2957 4695 3344 4766 egrediebatur
3371 4713 3439 4752 ex
3467 4696 3707 4769 Egypt!)

2108 4792 2266 4846 πολὺν
2292 4793 2597 4863 σνμμιιπὸν,
2636 4789 2739 4845 hoc.
2780 4797 2889 4859 est,
2924 4788 3329 4860 Egyptiorum,
3380 4800 3434 4845 et
3481 4791 3705 4847 ΛΕιΙιὶοο

2110 4900 2257 4953 puni,
2289 4886 2631 4941 etvariat'um
2654 4885 2895 4954 gentium
2931 4884 3188 4939 habuisse
3219 4896 3493 4940 narratur.
3528 4887 3591 4939 Et
3618 4887 3707 4943 hie

2110 4992 2263 5047 ergo,
2290 4986 2347 5031 ut
2376 4979 2448 5031 ita
2474 4976 2673 5041 dicam,
2706 4978 2968 5030 mixticius
3006 4977 3221 5041 Ninive,
3253 4979 3533 5033 confertur
3562 4979 3707 5033 exsi-

2106 5069 2261 5124 lienti
2294 5070 2528 5125 attelabo
2545 5079 2597 5123 et
2620 5068 2868 5135 locustae,
2897 5086 3015 5145 qtae
3042 5070 3203 5125 indie
3227 5070 3443 5142 frigoris
3470 5087 3535 5125 eo
3560 5071 3704 5139 quod

2107 5161 2325 5217 avolarc
2351 5178 2456 5215 non
2490 5162 2678 5229 possit,
2710 5159 2953 5216 resideat
2983 5162 3037 5215 in
3066 5176 3218 5230 sepe,
3252 5172 3306 5216 et
3346 5171 3558 5233 postea,
3583 5172 3707 5220 orto

2106 5257 2244 5321 sele,
2274 5266 2328 5310 et
2367 5256 2512 5309 illius
2560 5254 2757 5309 ardore
2786 5254 3048 5311 calefacta
3080 5254 3322 5318 exsiliat,
3371 5264 3427 5309 et
3453 5255 3520 5309 ad
3566 5254 3708 5311 alias

2108 5349 2360 5417 regiones
2408 5348 2656 5413 avolans,
2702 5360 3041 5415 nequaquam
3089 5347 3399 5401 meminerit
3448 5347 3615 5417 scpis,
3648 5347 3704 5413 in

2108 5457 2211 5512 qua
2243 5453 2485 5510 tempore
2518 5438 2982 5511 frigorissedet‘at.
3014 5439 3138 5495 Haec
3160 5447 3621 5517 παραφραστικῶς,
3647 5450 3707 5499 ut

2110 5536 2224 5604 ipse
2255 5538 2531 5604 proiilieta:
2571 5547 2754 5589 sermo
2796 5532 3007 5588 facilius
3052 5533 3221 5602 possit
3274 5532 3529 5601 intelligi,
3558 5532 3704 5587 dicta

2107 5629 2239 5683 sint.
2283 5626 2554 5681 Craterum
2585 5626 2835 5680 dubitare
2881 5639 2987 5681 non
3036 5626 3266 5695 poteris,
3303 5622 3705 5689 multitudinem
