4078 6342
388 256 530 319 1369

1244 256 1894 317 COMMENTARIORUM
1932 255 2003 319 IN
2040 255 2238 318 NAUM
2276 261 2685 322 LIBER.CAP.
2726 264 2815 322 ill.

3536 262 3680 326 1270

383 375 695 438 hominum,
725 344 1152 445 quaeperlatam
1188 375 1324 431 viam
1356 389 1610 448 pergens,
1640 385 1895 433 versatur
1920 375 1975 431 in
2002 373 2390 441 Aiucalueﬁt,
2435 377 2672 435 dimittet
2717 378 2904 436 sedem
2948 388 3004 437 et
3046 380 3164 439 loca
3205 395 3332 449 sua,
3384 380 3439 439 in
3482 381 3679 454 quibus

382 467 609 533 mundo.
632 466 898 545 bruchum
925 467 1129 532 dicere,
1149 482 1278 526 cum
1292 468 1498 524 videris
1525 483 1620 526 eos
1642 477 1788 525 totos
1816 478 1976 523 terra:

380 559 617 628 deditos,
659 559 949 618 sententiae
976 560 1197 616 levitate
1240 561 1347 617 huc
1378 562 1612 634 illucque
1639 562 1974 631 discurrere,

379 659 439 711 et
467 651 531 707 ad
552 652 870 709 sublimiora
898 653 1089 708 volare
1117 669 1228 709 non
1254 669 1436 725 posse.
1459 653 1639 710 Cerne
1666 653 1896 709 Romam
1918 663 1976 710 et

379 742 915 815 Constantinopolim
962 761 1085 801 cum
1120 747 1290 817 priori
1319 748 1539 803 nomine
1562 747 1800 818 impiam
1836 750 1976 819 pris-

381 837 550 893 tinam
578 846 1027 893 commutantem.
1064 836 1201 893 Vide
1227 836 1614 896 Alexandriam
1645 837 1867 911 Egypti
1885 854 1979 897 ca-

382 938 498 1001 put,
545 939 601 986 et
646 944 770 986 cum
820 929 985 986 fuerit
1010 931 1094 986 vel
1146 947 1248 1002 pro
1302 931 1529 1002 penuria
1578 946 1831 999 annonae,
1884 932 1974 988 vel

381 1021 556 1093 (quod
586 1021 779 1093 pudori
805 1023 876 1077 sit
910 1031 966 1078 et
995 1022 1206 1096 rubori)
1230 1033 1257 1061 ⁸
1290 1035 1514 1096 propter
1539 1024 1755 1095 aurigas
1784 1035 1840 1080 et
1870 1025 1974 1080 mi-

380 1129 500 1173 mos
525 1125 585 1172 et
625 1114 924 1173 histriones
950 1116 1150 1172 seditio
1186 1118 1481 1186 concitata,
1513 1132 1677 1174 ruere
1718 1120 1973 1189 populum

379 1209 435 1265 in
466 1208 873 1267 similitudinem
900 1210 1115 1279 brochi,
1138 1221 1192 1266 et
1220 1221 1396 1267 totum
1422 1213 1568 1269 vitiis
1590 1212 1971 1283 inhaerentem,

380 1301 605 1358 levitate
643 1318 762 1371 sua,
793 1311 849 1359 et
894 1318 991 1373 per
1021 1313 1295 1360 momenta
1349 1305 1648 1362 mutatione
1689 1309 1975 1364 sententiae

379 1394 485 1452 huc
513 1395 752 1466 illucque
780 1396 1041 1452 volitare:
1076 1406 1206 1453 tunc
1228 1414 1356 1455 vere
1375 1401 1579 1470 poteris
1596 1401 1779 1457 dicere
1802 1421 1811 1454 :
1838 1400 1977 1457 Bru-

280 1520 287 1529 ν
377 1487 507 1543 chus
548 1488 747 1559 impetu
775 1489 905 1544 abiit
930 1498 983 1544 et
1008 1491 1252 1546 avolavit.
1290 1491 1460 1548 Porro
1496 1494 1639 1564 quod
1681 1498 1925 1565 sequitur
1957 1538 1971 1564 ,

376 1579 623 1635 Exsilivit
667 1580 949 1647 attelabus,
990 1594 1037 1638 et
1085 1584 1351 1638 mixticius
1390 1593 1511 1641 tuus
1551 1588 1704 1657 quasi
1744 1587 1971 1657 locusta,

376 1675 673 1732 ininiciqu
706 1684 837 1745 puto
863 1677 916 1732 in
957 1679 1061 1736 hoc
1088 1677 1309 1735 differre
1335 1697 1362 1732 a
1392 1680 1622 1748 brucho,
1653 1682 1796 1753 quod
1846 1683 1971 1738 bru-

2082 478 2330 540 tempore
2355 468 2569 543 lrigoris
2599 471 2928 540 inluerebat;
2963 482 3016 529 et
3044 474 3108 530 ad
3140 471 3364 532 meliora
3389 488 3675 545 conversa,

2081 565 2283 635 prioris
2306 566 2453 621 sedis
2477 581 2583 621 non
2612 566 3008 624 recordabitur.
3036 567 3193 638 Quod
3224 577 3406 626 autem
3448 582 3681 641 genera-

2080 658 2205 714 liter
2232 659 2302 715 de
2324 658 2515 730 judicii
2563 669 2807 731 tempore
2836 659 2997 734 583
3035 660 3295 729 diximus,
3340 672 3395 718 et
3422 676 3582 737 nunc
3610 677 3679 720 ex

2080 758 2240 820 parte
2268 750 2495 823 intelligi
2521 759 2721 822 potest,
2754 761 2813 805 ut
2842 766 2941 821 per
2963 751 3207 808 eruditos
3238 762 3291 809 et
3312 753 3503 810 doctos
3528 752 3679 810 viros

2080 842 2453 914 hujuscemodi
2504 842 2733 900 locustis
2781 842 2916 897 solis
2942 842 3168 912 justititc
3199 843 3383 900 lumen
3435 846 3681 913 oriatur;

2079 943 2134 992 et
2180 936 2553 1005 relinquentes
2601 935 2788 1008 spinas
2819 949 2969 1001 suas,
3016 934 3070 991 in
3103 952 3296 1007 purum
3346 947 3401 995 et
3445 936 3677 995 liberum

2079 1036 2363 1084 transeant
2392 1028 2655 1086 volatum.

2150 1120 2330 1192 (Vers.
2378 1122 2445 1179 l8
2490 1123 2668 1195 seqq.)
2714 1122 3139 1180 Dormitaverunt
3173 1134 3408 1197 pastores
3451 1126 3547 1197 tui,
3582 1142 3678 1183 res:

2078 1212 2274 1268 Assur:
2301 1214 2613 1287 sepeliantur
2635 1216 2895 1287 principes
2919 1216 3013 1280 tui,
3048 1214 3318 1288 dispersus
3347 1225 3425 1273 est
3453 1220 3682 1289 populus

2079 1314 2199 1359 tuus
2220 1320 2376 1375 super
2396 1314 2595 1360 montes
2618 1305 2805 1378 [Vulg.
2826 1305 3050 1360 latitavit
3071 1308 3297 1378 populus
3319 1316 3439 1363 tuus
3458 1311 3512 1362 in
3533 1323 3682 1362 mon-

2076 1397 2256 1470 tibus],
2287 1407 2335 1452 et
2356 1413 2457 1453 non
2485 1407 2564 1454 est
2594 1401 2682 1469 qui
2724 1407 3022 1471 congreget,
3069 1415 3172 1453 non
3207 1406 3281 1455 est
3309 1399 3525 1455 obscura
3554 1416 3684 1454 con-
3727 1411 3733 1419 '

2076 1491 2220 1546 tritio
2245 1502 2355 1556 tua,
2389 1492 2616 1562 pessima
2636 1499 2713 1546 est
2735 1492 2893 1565 plaga
2919 1500 3028 1546 tua.
3063 1491 3254 1546 Omnes
3279 1494 3369 1563 qui
3398 1491 3680 1547 audierunt

2076 1584 2395 1639 auditionem
2434 1594 2597 1653 tuam,
2641 1592 3055 1654 compresserunt
3104 1598 3317 1637 manum
3367 1599 3523 1653 super
3578 1593 3626 1637 te
3662 1598 3683 1639 :

2077 1679 2203 1750 quia
2252 1693 2409 1741 super
2436 1693 2583 1745 quem
2626 1693 2732 1731 non
2771 1676 3011 1731 transivit
3053 1674 3258 1730 malitia
3305 1684 3396 1729 tua
3437 1674 3681 1744 semper?

377 1767 512 1823 chus
540 1768 803 1839 imperitae
842 1770 1173 1827 multitudini
1204 1781 1258 1827 et
1280 1773 1657 1830 innumerabili
1686 1790 1972 1847 compara-
1999 1760 2050 1823 B
2080 1770 2218 1827 LXX
2253 1788 2267 1824 :
2307 1769 2726 1825 Dormitauerunt
2752 1778 2989 1840 pastores
3024 1769 3139 1822 tui:
3168 1782 3261 1823 res:
3291 1767 3454 1823 Assur
3492 1780 3679 1822 conso-

374 1869 499 1915 tur:
550 1860 824 1917 mixticius
861 1873 1042 1919 autem
1074 1866 1142 1919 de
1168 1867 1376 1921 cunctis
1404 1868 1657 1937 gentibus
1686 1870 1809 1924 hinc
1846 1870 1973 1927 inde

372 1952 536 2026 582
548 1954 833 2012 collectus.
863 1957 928 2011 Et
945 1959 1218 2028 quomodo
1237 1959 1329 2016 alii
1355 1973 1477 2016 sunt
1492 1963 1544 2017 in
1562 1962 1785 2020 urbibus
1802 1966 1969 2021 cives:

371 2046 462 2101 alii
507 2048 797 2117 peregrini,
833 2050 1030 2118 quibus
1054 2048 1081 2087 ι’
1112 2052 1287 2120 placet
1324 2052 1573 2110 habitare
1618 2056 1670 2110 in
1700 2056 1832 2111 urbe
1862 2072 1971 2113 non

375 2152 511 2193 sua:
554 2139 634 2195 sic
663 2139 963 2197 mixticium
993 2151 1143 2212 puto,
1175 2144 1266 2215 qui
1311 2145 1515 2203 habitat
1540 2146 1595 2203 in
1639 2148 1849 2219 Ninive,
1876 2165 1972 2207 eos

375 2245 497 2287 esse
525 2233 615 2302 qui
658 2232 910 2290 videntur
932 2234 1039 2290 sibi
1074 2237 1226 2307 juxta
1270 2238 1578 2309 opinionem
1610 2255 1760 2297 suam
1793 2242 1972 2314 aliqua

375 2322 528 2392 sequi
559 2323 809 2395 dogmata
840 2327 1104 2397 veritatis,
1137 2339 1191 2385 et
1238 2332 1289 2386 in
1316 2346 1382 2387 eo
1413 2333 1669 2388 meliores
1696 2348 1818 2390 esse
1845 2334 1973 2390 bru-

377 2414 501 2478 cho,
532 2416 672 2485 quod
701 2418 936 2473 bruchus
977 2420 1113 2475 nihil
1144 2422 1292 2477 aliud
1324 2422 1508 2491 faciat,
1545 2424 1645 2479 nisi
1672 2441 1891 2497 semper
1917 2428 1969 2484 in

379 2515 523 2563 terra
552 2508 643 2572 sit,
674 2518 728 2564 et
758 2510 961 2582 absque
986 2512 1105 2579 alis,
1134 2514 1257 2568 cibo
1284 2522 1339 2570 et
1364 2517 1538 2570 ventri
1568 2518 1805 2573 serviat:
1832 2528 1971 2576 atte-

378 2600 533 2657 labus
558 2611 736 2658 autem
767 2604 956 2660 saltem
987 2606 1226 2662 modicas
1254 2618 1498 2666 assumat
1517 2609 1649 2679 alas,
1677 2622 1730 2667 et
1769 2629 1890 2668 cum
1920 2614 1970 2669 in

378 2696 545 2751 altum
562 2696 751 2753 volare
776 2713 880 2753 non
908 2702 1100 2769 possit,
1128 2712 1304 2757 tamen
1330 2703 1398 2760 de
1430 2714 1574 2762 terra
1596 2708 1812 2763 exsilire
1835 2708 1974 2763 nita-

383 2794 500 2841 tur:
530 2797 584 2842 et
609 2789 825 2845 tandem
868 2793 1191 2861 perveniens
1223 2795 1276 2849 in
1308 2795 1595 2863 locustam,
1626 2798 1816 2854 volitat
1854 2803 1975 2871 qui-

382 2878 528 2948 dem,
562 2880 657 2937 sed
686 2893 897 2939 nonest
925 2895 1221 2956 perpetuus
1250 2888 1461 2944 volatus
1492 2891 1631 2960 ejus,
1664 2890 1972 2948 deﬁcienti-

383 2971 484 3030 bus
503 2976 648 3031 enim
671 2976 943 3046 pannulis,
957 2987 1014 3035 et
1033 2982 1326 3038 contractis
1349 2982 1576 3053 frigore,
1591 2985 1753 3040 etiam
1768 2986 1974 3042 locusta

383 3065 648 3134 considet,
688 3077 744 3124 et
771 3074 1019 3129 considet
1043 3088 1150 3128 non
1191 3074 1244 3128 in
1291 3073 1548 3145 frugifera
1581 3075 1803 3143 arbore,
1835 3086 1890 3132 et
1918 3077 1971 3132 in

2077 1868 2202 1935 pivit
2230 1866 2389 1936 fortes
2421 1874 2553 1931 tuos,
2583 1864 2712 1917 abiit
2744 1862 2968 1933 papulus
3009 1870 3128 1917 tuus
3168 1877 3329 1932 super
3366 1868 3589 1926 montes,
3633 1869 3682 1915 et

2075 1973 2179 2010 non
2205 1965 2315 2011 erat
2352 1957 2443 2027 qui
2484 1956 2791 2026 susciperet,
2826 1962 2874 2009 et
2905 1970 3008 2009 non
3038 1963 3114 2008 est
3152 1955 3351 2007 sanitas
3380 1952 3683 2008 contritioni

2075 2059 2195 2115 tum,
2246 2056 2405 2103 tumet
2434 2048 2596 2121 plaga
2627 2059 2738 2102 tua.
2775 2044 2965 2102 Omnes
2994 2048 3084 2118 qui
3126 2046 3406 2101 audierunt
3439 2045 3678 2100 nuntium

2074 2152 2243 2209 tuum,
2293 2143 2546 2214 plaudens
2588 2143 2825 2197 manibus
2872 2158 3031 2212 super
3059 2150 3128 2204 te,
3155 2142 3278 2211 quia
3321 2154 3481 2213 super
3524 2154 3677 2210 quem

2074 2253 2176 2290 non
2202 2236 2359 2289 irruit
2382 2234 2583 2289 malitia
2604 2243 2696 2289 tua
2726 2235 2962 2305 semper?
2981 2232 3097 2289 Nan
3122 2232 3319 2287 mirum
3344 2238 3448 2297 est,
3482 2230 3526 2284 si
3548 2229 3679 2284 dor-

2073 2329 2405 2383 mitaverunt
2432 2332 2687 2399 pastores
2716 2327 2815 2392 tui,
2848 2340 2881 2380 ο
2912 2341 3007 2381 rex
3031 2327 3223 2388 Assur,
3248 2324 3337 2394 qui
3361 2323 3673 2378 dominatus

2072 2436 2134 2477 es
2165 2422 2218 2476 in
2251 2420 2464 2485 Ninive,
2496 2428 2552 2476 et
2581 2419 2941 2489 sepeliantur,
2983 2415 3071 2473 vel
3101 2424 3364 2488 vagentur
3399 2415 3673 2486 principes

2076 2514 2173 2581 tui,
2220 2513 2396 2584 reguli
2429 2512 2664 2578 scilicet,
2716 2520 2777 2567 et
2805 2511 3051 2566 omnium
3081 2510 3327 2582 gentium
3358 2505 3548 2571 duces,
3582 2508 3673 2576 qui

2075 2606 2171 2662 tibi
2213 2615 2370 2662 antea
2418 2605 2731 2662 serviebant
2765 2622 2777 2657 :
2811 2617 2933 2659 cum
2979 2602 3215 2673 populus
3264 2610 3391 2657 tuus
3420 2599 3678 2655 mulieres

2074 2696 2275 2753 fuerint
2295 2698 2349 2753 in
2380 2697 2557 2753 medio
2574 2697 2813 2752 civitatis
2837 2704 2972 2761 tua};
2996 2703 3050 2750 et
3076 2690 3313 2750 inimicis
3335 2692 3445 2748 tuis
3471 2698 3674 2762 apertte

2075 2792 2185 2847 sint
2232 2801 2404 2863 portae
2441 2789 2581 2862 ejus,
2615 2799 2672 2845 et
2698 2788 2877 2846 omnis
2917 2787 3209 2844 multitudo
3250 2800 3413 2858 super
3457 2794 3672 2841 murum

2075 2885 2276 2941 sedens
2308 2885 2532 2941 locustae
2557 2885 2629 2938 sit
2665 2892 3002 2953 comparata,
3032 2895 3153 2953 quae
3180 2884 3335 2952 quasi
3382 2880 3406 2911 °
3439 2880 3675 2935 incales-

2073 2989 2236 3034 cente
2261 2978 2399 3041 sole,
2429 2978 2509 3032 sic
2548 2975 2843 3032 adventum
2890 2974 2999 3047 [Αι.
3027 2974 3093 3029 ad
3120 2972 3439 3045 adventum]
3492 2972 3673 3027 Nabu~

2076 3071 2423 3127 chodonosor
2463 3070 2663 3140 fugerit
2707 3070 2776 3125 de
2823 3068 3244 3140 prapugnaculis
3270 3112 3283 3135 ,
3336 3073 3395 3122 et
3437 3063 3673 3120 inimicis

388 3156 688 3216 virentibus
717 3161 882 3231 foliis,
914 3166 1008 3221 sed
1058 3167 1109 3220 in
1144 3181 1294 3235 sepe,
1327 3167 1576 3224 sentibus
1615 3169 1973 3239 virgultisque
1999 3147 2047 3212 C
2080 3172 2224 3234 terga
2254 3163 2506 3231 verterit,
2537 3176 2640 3219 nec
2671 3162 2925 3217 inventus
2952 3160 3025 3216 sit
3054 3160 3207 3215 locus
3232 3158 3374 3228 ejus.
3410 3157 3551 3212 lrato
3572 3156 3673 3210 ita-

384 3258 659 3321 contexta,
702 3253 817 3310 sive
846 3257 898 3310 in
942 3258 1174 3313 maceria
1206 3257 1432 3313 fortuito
1471 3259 1597 3314 hinc
1628 3260 1752 3315 inde
1796 3261 1977 3330 lapide

385 3346 699 3413 composita.
732 3345 1151 3405 Consideremus
1180 3350 1451 3420 sapientes
1492 3350 1736 3418 Gracim,
1783 3361 1837 3407 et
1885 3351 1979 3407 2E-

393 3435 691 3505 ryptiorum
722 3448 887 3511 atque
926 3441 1236 3508 Persarum,
1269 3441 1632 3515 ludorumque
1673 3444 1981 3517 Gymnoso-

390 3528 619 3597 phistas,
653 3540 709 3588 et
735 3532 1130 3602 Samaritanus,
1163 3543 1218 3588 et
1258 3535 1435 3590 varias
1480 3536 1625 3590 inter
1664 3534 1813 3606 ipsos
1847 3552 1975 3594 sen-

390 3624 588 3677 tentias
618 3641 631 3678 :
673 3634 728 3681 et
754 3624 971 3681 Judmos
1000 3626 1417 3695 i‘haristeosque
1441 3642 1651 3696 eorum,
1678 3637 1732 3683 et
1769 3628 1981 3685 Saddu-

388 3730 553 3786 cacus,
580 3728 634 3773 et
655 3717 919 3776 Ecclesiae
949 3721 1278 3792 multiplices
1305 3723 1563 3790 haereses,
1594 3732 1651 3777 et
1675 3722 1980 3779 videbimus

389 3809 685 3865 attelabum
728 3826 757 3866 a
790 3820 933 3868 terra
958 3827 1023 3868 se
1055 3813 1329 3883 paululum
1373 3814 1773 3880 sublevantem,
1808 3825 1862 3871 et
1895 3816 1978 3871 lo-

389 3914 595 3957 custam
630 3906 897 3962 volantem
929 3906 1169 3978 quidem,
1199 3908 1299 3963 sed
1331 3924 1437 3963 non
1482 3909 1649 3980 pleno
1689 3924 1850 3965 cursu
1881 3929 1894 3965 :
1927 3919 1981 3965 et

390 3995 516 4063 quia
562 4010 669 4050 non
697 3996 894 4052 habeat
917 3998 1153 4053 calorem
1192 4000 1324 4055 solis
1346 3999 1593 4071 justitite,
1644 3999 1877 4072 frigente
1924 4000 1980 4057 in

392 4087 562 4142 Deum
592 4090 877 4159 charitate,
908 4092 1100 4148 sedere
1146 4094 1199 4147 in
1242 4093 1482 4163 spinosis
1519 4095 1758 4165 sepibus.
1785 4093 1981 4151 Omnia

391 4185 539 4240 enim
578 4186 828 4256 dogmata
866 4203 1078 4256 eorum,
1120 4205 1243 4245 cum
1288 4189 1542 4262 frigeant,
1577 4202 1630 4246 et
1658 4193 1845 4249 volare
1873 4208 1981 4251 non

393 4280 623 4348 possint,
653 4281 837 4337 sedem
877 4284 978 4339 sibi
1012 4293 1064 4338 et
1090 4286 1331 4355 requiem
1381 4286 1521 4341 inter
1564 4286 1871 4343 Aristotelis
1930 4298 1987 4346 et

392 4371 677 4442 Chrysippi
701 4376 911 4441 Spincta
934 4378 1238 4447 reperiunt.
1266 4378 1398 4433 inde
1430 4380 1722 4436 Eunomius
1747 4381 1981 4451 profert:

394 4464 549 4532 Quod
578 4475 761 4520 natum
788 4476 891 4535 est,
922 4484 1029 4522 non
1052 4470 1149 4524 fuit
1169 4479 1457 4541 antequam
1487 4484 1822 4529 nasceretur.
1850 4474 1982 4530 Inde

396 4554 723 4611 Manichacus
753 4567 809 4612 ut
842 4557 1011 4613 Deum
1041 4574 1073 4613 a
1115 4560 1427 4615 conditione
1459 4562 1724 4618 malorum
1762 4565 1978 4631 liberet,

394 4650 627 4704 alterum
671 4650 799 4704 mali
833 4650 1038 4706 inducit
1074 4661 1374 4707 auctorem.
1419 4653 1550 4709 lnde
1578 4654 1818 4711 Novatus
1854 4656 1985 4711 sub-

398 4745 565 4799 trahit
608 4745 843 4813 veniam,
892 4759 951 4801 ut
984 4746 1137 4801 tollat
1179 4747 1573 4817 paenitentiam.
1608 4748 1677 4803 Et
1720 4759 1779 4805 ut
1825 4750 1989 4808 simul

398 4837 549 4894 brevi
591 4848 785 4894 cuncta
816 4839 1139 4895 concludam
1176 4855 1449 4906 sermone,
1493 4843 1561 4899 de
1603 4843 1713 4900 illis
1748 4845 1990 4901 fontibus

400 4930 652 4985 universa
681 4931 935 5001 dogmata
961 4934 1499 5003 argumentationum
1531 4951 1748 4990 suarum
1785 4936 1990 4992 rivulos

399 5024 642 5095 trahunt,
670 5026 745 5079 ita
762 5033 816 5080 ut
833 5025 949 5081 loca
969 5041 1185 5097 quoque
1219 5028 1327 5097 ipsa
1358 5028 1424 5082 de
1449 5029 1649 5095 quibus
1672 5040 1989 5101 argumenta

399 5128 707 5190 sumuntur,
755 5124 946 5178 τοπικά
994 5123 1502 5193 superscripserint.
1539 5124 1666 5180 Haec
1717 5124 1879 5195 igitur
1909 5127 1992 5181 lo-

401 5222 551 5267 costa
580 5229 701 5284 quae
728 5230 873 5270 nunc
899 5215 1055 5272 sedet
1081 5216 1133 5270 in
1156 5215 1399 5287 sepibus,
1425 5218 1751 5288 cumjudicii
1780 5227 1994 5289 tempus

401 5305 704 5375 advenerit,
750 5317 805 5362 et
842 5309 1077 5365 mundus
1114 5308 1180 5365 ad
1225 5322 1402 5365 ortum
1442 5309 1547 5383 [ΑΙ.
1581 5310 1648 5366 ab
1684 5311 1830 5384 ortu]
1859 5313 1993 5371 solis

478 5495 504 5524 ⁸
529 5486 656 5561 Mss.
682 5486 923 5557 Regium,
954 5505 1047 5559 per
1074 5489 1283 5561 aurigas
1304 5498 1352 5543 et
1373 5489 1653 5547 histriones
1674 5492 1860 5548 seditio
1880 5509 1999 5550 con-

404 5559 583 5629 citata,
614 5559 813 5615 intuere
837 5561 1106 5629 populum,
1134 5559 1241 5616 etc.

438 5700 450 5713 ο
479 5628 504 5665 ι)
561 5629 704 5713 idem
745 5646 873 5697 ms.,
916 5635 1099 5703 quibus
1130 5632 1364 5687 habitare
1407 5634 1459 5686 in
1500 5632 1626 5687 urbe
1668 5650 1769 5688 non
1799 5636 2001 5692 datur:

456 5714 502 5753 ο.
532 5711 639 5753 etc.

433 5717 482 5753 lc
532 5717 639 5753 ϐω.

406 5718 429 5754 8
483 5744 505 5809 έ
536 5768 764 5842 Cuncta,
808 5772 982 5844 inquit
1028 5770 1317 5845 Victorius,
1351 5772 1642 5832 Florentiae
1672 5775 2004 5851 exemplaria

2077 3275 2182 3328 que
2213 3260 2343 3322 Deo,
2375 3259 2502 3329 quia
2531 3257 2789 3329 populum
2827 3257 2948 3326 ejus
2972 3263 3308 3321 vastaveras,
3338 3269 3371 3307 ο
3400 3250 3591 3317 Assur,
3621 3259 3679 3307 et

2078 3351 2471 3406 subliiuaveras
2496 3364 2669 3422 usque
2700 3351 2752 3405 in
2781 3349 2983 3406 caelum
3022 3349 3209 3405 nidum
3240 3357 3414 3411 tuum,
3445 3345 3591 3401 unde
3617 3352 3675 3400 et

2080 3459 2305 3515 magnus
2335 3458 2529 3500 sensus
2555 3442 2779 3509 diceris,
2807 3444 3081 3499 destructa
3114 3451 3198 3499 est
3233 3442 3428 3497 civitas
3464 3450 3579 3496 tua.
3610 3433 3679 3496 Et

2079 3537 2290 3591 cunctis
2318 3535 2656 3606 principibus
2684 3535 3115 3604 interlectis,qui
3138 3536 3397 3589 resistere
3425 3539 3681 3603 poterant

2081 3628 2433 3693 adversariis,
2481 3627 2724 3698 reliquus
2766 3627 2998 3697 p0pulus
3022 3635 3148 3680 tuus
3177 3625 3410 3680 imbellis
3443 3631 3500 3680 et
3524 3624 3674 3693 igno-

2084 3722 2211 3776 bilis
2258 3721 2543 3792 dispersus
2564 3730 2649 3776 est
2676 3722 2730 3774 in
2754 3718 3052 3787 montibus,
3077 3726 3134 3773 et
3161 3728 3324 3774 nemo
3348 3717 3420 3772 de
3448 3714 3680 3771 ducibus

2082 3812 2312 3868 inveniri
2344 3823 2525 3884 potest
2549 3813 2640 3883 qui
2671 3820 2969 3882 congreget
2989 3824 3106 3879 eos,
3126 3821 3181 3865 et
3205 3809 3275 3865 de
3297 3808 3541 3864 collectis
3562 3818 3684 3862 rur-

2082 3921 2203 3960 sum
2251 3915 2406 3975 cogat
2454 3906 2773 3961 exercitum.
2833 3902 2949 3957 Non
2999 3911 3084 3957 est
3131 3902 3427 3956 obscurum
3485 3899 3684 3954 vulnus

2085 4010 2257 4066 tuum,
2286 4015 2384 4055 nec
2408 4000 2536 4055 talis
2563 3999 2717 4069 plaga
2735 4012 2854 4067 qua:
2873 3996 3069 4051 medici
3097 3997 3267 4065 possit
3292 3994 3471 4049 curari
3490 4000 3675 4048 manu.

2084 4094 2284 4149 Omnes
2329 4092 2418 4161 qui
2464 4090 2698 4146 Niniven
2735 4088 3044 4152 subrutam,
3076 4096 3135 4143 et
3178 4088 3463 4159 Assyrium
3496 4097 3678 4155 regem

2084 4193 2395 4256 superatum
2420 4183 2719 4249 audierint;
2749 4191 2803 4237 et
2837 4179 3264 4252 potentissimam
3292 4179 3485 4235 urbem
3509 4185 3564 4233 et
3595 4188 3682 4232 re-

2084 4296 2206 4352 gem
2244 4280 2637 4335 dominatorem
2665 4277 2938 4349 quondam
2970 4276 3121 4331 urbis
3152 4273 3262 4347 [ΑΙ.
3296 4271 3464 4345 orbis]
3495 4272 3687 4328 vulne-

2088 4384 2286 4440 ratum,
2319 4384 2374 4430 et
2395 4375 2577 4444 jacere
2606 4372 2957 4435 seminecem,
2991 4377 3045 4424 et
3074 4369 3128 4422 in
3169 4380 3271 4422 suo
3293 4367 3557 4436 sanguine
3592 4378 3689 4420 vo-

2089 4470 2271 4531 lutari,
2320 4468 2407 4522 vel
2455 4467 2752 4537 stupebant
2782 4472 3007 4535 propter
3032 4461 3114 4517 rei
3153 4462 3605 4533 magnitudinem,
3635 4469 3689 4517 et

2008 4530 2421 4631 Dinsperatum
2467 4559 2737 4620 nuntium,
2788 4567 2845 4611 et
2891 4554 3253 4625 compriment
3293 4552 3457 4627 585.
3494 4566 3688 4610 manus

2089 4671 2237 4725 suas,
2277 4654 2365 4709 vel
2404 4663 2555 4708 certe
2586 4667 2697 4722 prae
2736 4648 3109 4721 magnitudine
3134 4648 3314 4719 gaudii
3361 4646 3693 4704 insultantes

2093 4751 2189 4806 tibi
2236 4748 2567 4819 applaudent
2604 4746 2852 4801 manibus
2896 4755 2951 4800 et
2978 4743 3213 4813 quodam
3244 4740 3428 4814 gaudii
3457 4741 3690 4811 strepitu

2094 4841 2518 4913 concrepabant.
2560 4839 2748 4895 Nullus
2778 4838 2922 4895 enim
2971 4845 3055 4893 est
3098 4836 3188 4906 qui
3220 4836 3394 4907 possit
3437 4849 3601 4904 super
3637 4843 3690 4890 te

2096 4936 2303 5001 dult't‘e,
2332 4944 2384 4990 et
2412 4933 2684 4989 eversioni
2714 4939 2769 4986 ct
2799 4930 3010 4985 vulneri
3036 4938 3128 4985 tuo
3148 4927 3350 4985 donare
3380 4926 3688 4999 lacrymas:

2096 5030 2219 5099 quia
2250 5028 2429 5081 nullus
2473 5034 2557 5082 est
2581 5039 2740 5095 super
2770 5038 2929 5095 quem
2972 5031 3061 5078 tua
3091 5020 3296 5077 malitia
3329 5035 3435 5075 non
3477 5030 3695 5089 semper

2095 5121 2392 5175 transierit.
2437 5118 2502 5175 Et
2542 5119 2767 5190 pulchre
2800 5116 3080 5173 transierit
3113 5133 3129 5169 :
3179 5129 3293 5170 non
3334 5115 3479 5170 enim
3515 5121 3696 5183 potest

2097 5217 2295 5272 malitia
2342 5213 2487 5286 regis
2514 5212 2724 5287 Assyrii
2754 5212 2806 5266 in
2835 5211 3047 5267 ostibus
3091 5210 3210 5280 ejus
3246 5209 3449 5279 jugiter
3474 5220 3693 5279 perma-

2096 5326 2251 5368 nere.
2290 5309 2582 5380 liucusque
2628 5306 2873 5363 historiae
2912 5304 3051 5361 ordo
3093 5303 3164 5358 sit
3194 5310 3393 5359 textus.
3428 5302 3698 5358 Debemus

2138 5509 2201 5548 ro
2249 5494 2607 5549 incalescente.
2642 5490 2841 5545 habent
2870 5488 3213 5545 illucescente.
3263 5487 3504 5560 Utraque
3534 5484 3697 5544 lectio

2138 5509 2201 5548 ΓΟ
2249 5509 2607 5549 ιηεαιρεεεητε.
2643 5509 2841 5545 nauem
2870 5509 3213 5545 utucescente.
3267 5509 3504 5560 Utraque
3534 5509 3690 5544 ICCUO

2100 5509 2247 5621 Bona
2274 5582 2284 5617 :
2318 5580 2505 5619 verum
2530 5562 2654 5632 quia
2686 5562 2823 5617 solet
2846 5561 3053 5615 locusta
3084 5562 3317 5615 excitari
3338 5560 3411 5615 ad
3431 5560 3690 5632 volatum,

2106 5637 2288 5692 ealore
2309 5636 2439 5689 solis
2466 5631 2870 5697 advenientenu
2897 5646 3059 5702 supra
3080 5632 3211 5688 dicit
3239 5632 3491 5700 Hieron.,
3521 5631 3695 5701 magis

2110 5707 2309 5778 placet,
2342 5716 2400 5763 ut
2422 5705 2715 5763 retineatur
2745 5702 2962 5774 antiqua
2991 5702 3173 5761 lectio.
3484 5708 3487 5709 '
