4078 6342
483 252 614 309 ΗΠ

1728 255 1786 309 S.
1832 252 2104 310 EUSEBII
2142 253 2523 311 HIERONYMI

3640 260 3764 317 137?.

476 377 659 422 autem
683 375 737 422 et
760 367 917 437 juxta
943 366 1292 433 Hebraicum,
1318 375 1606 438 antequam
1631 366 1927 423 editionem
1948 368 2074 437 Sep-
2101 371 2154 429 Α
2178 369 2423 437 sopierit.
2475 368 2704 440 Semper
2756 369 2958 425 diaboli
3021 371 3258 427 studium
3310 384 3417 441 est,
3488 372 3769 445 vigilantes

479 459 721 529 tuaginta
751 460 1079 515 disseramus
1111 461 1188 531 (in
1235 459 1345 514 illis
1375 460 1521 516 enim
1550 461 1711 532 longe
1748 461 1887 515 alius
1918 470 1971 516 et
1998 460 2081 515 di-

486 566 679 607 versus
718 562 802 607 est
830 553 1077 625 sensus),
1112 554 1389 623 paululum
1420 554 1488 609 ab
1514 554 1817 619 historiafin
1852 554 2082 608 sublime

483 645 880 706 conscendere.
931 657 983 699 et
1027 647 1226 701 docere
1255 646 1398 715 quod
1454 647 1504 701 in
1556 647 1742 701 ultima
1793 647 2080 717 prophetia

480 736 677 804 Naum,
722 742 1018 812 ἀποστροφή
1046 738 1113 793 ad
1146 739 1425 794 diabolum
1460 739 1572 804 fiat,
1611 748 1637 777 ⁸
1679 754 1899 794 sensum
1933 755 2083 810 mag-

483 846 635 896 num,
686 833 983 902 principem
1023 833 1397 903 Assyriorum,
1440 836 1529 905 qui
1572 835 1843 905 quondam
1886 834 2084 902 gloria—

483 921 701 979 bundus
727 925 940 981 dixerat
977 945 990 980 :
1033 925 1367 981 Fortitudiue
1392 928 1603 999 faciam,
1634 938 1680 980 et
1721 928 1977 999 sapientia
2006 927 2085 995 in:-

488 1017 723 1070 tellrctus
746 1019 981 1088 auferant
1013 1020 1262 1072 terminos
1284 1021 1536 1091 gentium,
1566 1030 1611 1073 et
1641 1021 1772 1073 vires
1801 1036 1976 1073 earum
1998 1021 2085 1073 de-

489 1126 695 1178 pascar,
748 1121 794 1163 et
825 1112 1148 1165 commovebo
1176 1112 1410 1166 civitates
1437 1128 1553 1182 qua:
1593 1112 1894 1166 habitantur
1924 1111 2079 1173 (Isai.

488 1219 545 1270 Χ,
582 1205 690 1273 15),
732 1215 780 1259 et
812 1206 1025 1259 dicatur
1051 1206 1101 1260 ei
1134 1226 1145 1259 :
1185 1206 1229 1260 0
1263 1206 1492 1277 Lucifer,
1527 1209 1616 1275 qui
1643 1224 1788 1260 mane
1818 1206 2082 1271 oriebaris,

490 1298 576 1364 qui
603 1298 838 1373 mittebas
868 1299 1122 1370 igniculos
1148 1310 1263 1353 tuos
1286 1300 1353 1353 ad
1378 1310 1585 1353 cunctas
1608 1300 2087 1370 gentes:quomodo

490 1393 719 1446 cecidisti
761 1394 813 1446 in
845 1405 1054 1458 terram,
1096 1404 1143 1447 et
1171 1396 1421 1448 contritus
1448 1411 1501 1447 es
1532 1392 1685 1465 (Isai.
1713 1410 1821 1457 xw,
1855 1394 1943 1462 1‘2,
1973 1392 2089 1463 13)?

494 1484 779 1541 Destructa
828 1496 907 1541 est
937 1487 1128 1541 Ninive
1157 1486 1350 1542 civitas
1395 1498 1481 1541 tua
1510 1488 1758 1555 speciosa
1788 1495 1841 1540 et
1870 1494 2086 1556 potens,

493 1575 548 1628 in
584 1592 685 1642 qua
716 1587 921 1631 tantum
956 1578 1049 1632 tibi
1090 1577 1375 1645 imperium
1420 1578 1815 1649 prtesumebas,
1866 1586 1922 1632 ut
1955 1578 2089 1632 Filio

496 1684 710 1738 quoque
741 1671 831 1724 Dei
859 1672 1090 1727 auderes
1117 1672 1336 1727 dicere:
1377 1672 1503 1727 Htec
1536 1675 1709 1727 omnia
1739 1673 1932 1727 tradita
1971 1680 2091 1726 sunt

2184 461 2393 517 animas
2425 463 2739 533 consopire.
2771 462 3013 533 Denique
3064 474 3121 520 et
3161 466 3211 521 in
3254 468 3515 535 passione
3566 467 3770 526 Domini

2182 554 2550 623 apostolorum
2577 557 2764 610 oculos
2799 555 2949 627 gravi
2995 572 3194 627 sopore
3237 561 3467 629 premit,
3499 575 3642 631 quos
3668 562 3775 617 Sal-

2183 657 2337 701 vator
2357 648 2633 703 suscitans
2653 647 2774 702 ait:
2827 647 3049 721 Vigilate
3101 661 3145 704 et
3173 660 3337 714 orate,
3384 669 3457 707 ne
3500 653 3702 707 intretis
3729 656 3774 710 in

2184 740 2512 795 tentationent
2536 739 2556 812 (
2575 739 2742 795 Marc.
2765 757 2878 808 xw,
2912 743 2979 797 '58
3002 741 3046 815 ).
3077 744 3144 798 Et
3171 760 3387 801 rursum
3421 764 3435 799 :
3474 746 3634 814 Quod
3652 748 3779 802 vobis

2186 832 2325 895 dico,
2352 831 2588 885 omnibus
2614 832 2731 886 dico
2751 849 2770 886 :
2788 834 2995 905 vigilate
3021 832 3225 906 (Ibid.,
3252 851 3370 901 xm,
3404 838 3478 891 57
3500 835 3545 907 ).
3571 836 3639 890 Et
3666 839 3782 908 quia

2188 941 2293 980 non
2317 936 2492 981 cessat
2517 941 2734 997 semper
2755 930 3049 997 eonsopire
3074 929 3386 999 vigilantes,
3411 945 3783 1001 qUoseumque

2187 1019 2281 1074 ille
2320 1018 2621 1087 deceperit,
2655 1029 2713 1074 et
2752 1020 2903 1085 quasi
2930 1021 3079 1074 suavi
3105 1030 3158 1075 et
3189 1022 3510 1091 perniciosn
3549 1023 3785 1080 carmine

2186 1112 2502 1168 Sirenarum
2537 1115 2773 1171 illexerit
2798 1116 2863 1170 ad
2894 1116 3311 1183 dormiendum,
3368 1121 3586 1175 excitat
3615 1136 3785 1177 sermo

2187 1208 2427 1273 divinus,
2460 1219 2516 1264 et
2548 1210 2721 1266 dicit:
2753 1211 2923 1285 Surge
2949 1214 3035 1277 qui
3061 1212 3273 1275 dormis,
3306 1223 3353 1267 et
3400 1214 3633 1278 elevare,
3666 1223 3709 1268 et
3733 1214 3790 1268 ii-

2189 1298 2460 1355 luntinabit
2485 1311 2532 1357 te
2558 1302 2795 1358 Christus
2826 1303 2845 1376 (
2874 1303 3065 1375 I'Tphes.
3093 1321 3145 1367 v,
3180 1304 3244 1359 14
3264 1307 3304 1373 ).
3328 1305 3384 1360 In
3416 1306 3666 1361 adventu
3710 1322 3790 1362 er-

2188 1411 2256 1467 go
2277 1395 2481 1451 Cbrisui
2508 1407 2562 1451 et
2588 1399 2859 1452 sermoitis
2882 1398 2979 1454 Dei
3002 1410 3058 1455 et
3081 1399 3343 1454 doctrina:
3370 1399 3788 1469 ecclesiasticae,

2189 1498 2245 1544 et
2274 1490 2757 1545 consummationis
2785 1490 3002 1557 Nlnive,
3054 1492 3482 1561 speciosissima:
3526 1493 3788 1562 quondam

2192 1582 2533 1651 meretricis,
2586 1582 2895 1640 elevabitnr
2944 1593 3000 1639 et
3038 1586 3356 1655 properabit
3384 1586 3663 1654 pOpulus,
3710 1587 3791 1657 qui

2194 1674 2294 1728 sub
2318 1674 2589 1744 magistris
2611 1686 2735 1731 ante
2762 1674 2942 1731 fuerat
2970 1677 3286 1747 consepitus
3316 1695 3325 1731 :
3351 1687 3405 1733 et
3430 1676 3537 1732 ibit
3562 1677 3630 1731 ad
3660 1693 3792 1733 mon-

498 1758 626 1812 mihi
650 1776 669 1815 :
690 1763 734 1815 si
758 1763 1029 1829 procidens
1061 1765 1357 1820 adoraveris
1388 1781 1487 1829 me,
1520 1765 1649 1819 dabo
1683 1765 1773 1818 tibi
1794 1782 1852 1819 ea
1873 1764 2090 1836 (Matth.
2124 1750 2170 1810 Β
2203 1778 2282 1821 les
2311 1766 2747 1838 Scripturarum,
2779 1767 2966 1838 ibique
2990 1768 3229 1825 inveniet
3260 1780 3480 1824 montes
3506 1768 3727 1839 Moysen
3746 1778 3795 1825 et

496 1870 571 1914 tv.
599 1855 676 1925 9).
714 1856 1158 1915 Dormitaverunt
1184 1869 1432 1930 pastores
1454 1869 1509 1915 et
1534 1860 1705 1930 reguli
1732 1860 1831 1924 tui,
1864 1862 1951 1929 qui
1986 1874 2093 1915 non

494 1950 795 2016 pascebant
835 1952 1083 2007 homines
1127 1955 1180 2007 in
1221 1955 1473 2019 salutem,
1520 1952 1616 2008 sed
1648 1952 1969 2007 nutriebant
1999 1967 2095 2009 eos

496 2038 871 2097 interfectioni
902 2053 1026 2110 tuae,
1060 2053 1116 2099 ut
1144 2046 1505 2115 saginatiores
1535 2044 1745 2100 hostias
1776 2045 2092 2100 devorares.

497 2133 684 2190 Omnis
732 2137 963 2206 pOpqus
1014 2149 1139 2193 tuus
1185 2148 1241 2193 et
1288 2140 1444 2194 turba
1489 2142 1840 2210 populorum,
1892 2154 2010 2208 qum
2046 2148 2097 2194 te

498 2228 773 2297 quondam
822 2230 1059 2296 colebat,
1095 2231 1339 2286 deseruit
1390 2241 1441 2286 te
1494 2240 1549 2285 et
1596 2230 1781 2287 urbem
1832 2238 2002 2293 tuam,
2045 2237 2101 2283 et

502 2322 749 2394 confugit
792 2324 858 2379 ad
891 2334 1125 2387 montes,
1158 2333 1212 2379 et
1244 2340 1303 2380 se
1344 2324 1445 2380 sub
1475 2325 1845 2395 apostolorum
1897 2323 2099 2377 Christi

499 2426 663 2487 atque
690 2417 977 2473 doctorum
1000 2419 1246 2475 latibulis
1271 2419 1657 2483 collocavit,et
1682 2418 1900 2472 interim
1924 2416 2102 2471 nullus

506 2519 723 2564 tuorum
754 2511 950 2565 (locum
979 2522 1083 2573 est,
1114 2512 1204 2582 qui
1236 2511 1448 2565 turbam
1479 2520 1623 2565 tuam
1655 2510 1926 2580 quondam
1954 2508 2019 2561 ad
2042 2523 2101 2563 se

503 2612 746 2657 revocet.
782 2603 939 2660 Plaga
973 2615 1061 2658 tua
1095 2613 1149 2658 et
1179 2606 1378 2658 vulnus
1404 2614 1550 2658 tuum
1594 2612 1708 2658 toto
1734 2602 1867 2658 orbe
1906 2616 2101 2670 perso-

505 2694 663 2747 nuit:
717 2710 907 2751 omnes
941 2696 1343 2751 insttltaverunt
1400 2697 1515 2762 tibi,
1550 2698 1640 2765 qui
1696 2706 1783 2751 tua
1831 2698 2102 2765 quondam

503 2787 719 2843 fuerant
745 2792 1185 2859 Supplantatione
1215 2790 1467 2861 decepti;
1492 2802 1581 2845 aut
1609 2791 1792 2844 nullus
1818 2793 1985 2855 enim,
2012 2798 2105 2843 aut

506 2899 670 2938 rarus
700 2894 804 2953 est,
838 2901 996 2955 quem
1030 2901 1136 2940 non
1182 2897 1234 2940 In
1264 2886 1553 2956 aliquando
1585 2886 1889 2955 deceperis,
1923 2896 1976 2939 et
2009 2899 2106 2954 per

507 2991 669 3045 quem
701 2995 806 3032 non
841 2980 1123 3034 transierit
1151 2981 1354 3034 malitia
1390 2993 1500 3036 tua.
1537 2980 1600 3034 Et
1629 2980 1925 3034 notandum
1957 2978 2103 3046 quod

514 3068 567 3122 in
598 3086 941 3139 quocumque
987 3074 1202 3126 steterit
1235 3073 1438 3126 malitia
1492 3072 1719 3136 diaboli,
1776 3086 1881 3124 nou
1934 3069 2107 3139 po~sit

2197 1858 2382 1915 Jesum
2417 1860 2587 1915 lilium
2609 1859 2774 1933 586
2799 1860 2977 1927 Nave;
3007 1874 3223 1918 montes
3270 1861 3618 1933 pr0phetas;
3654 1878 3794 1918 mon-

2200 1962 2283 2008 tes
2324 1953 2445 2006 novi
2478 1952 2812 2009 Testamenti
2884 1955 3168 2024 apostolos
3209 1964 3263 2010 et
3305 1955 3795 2025 evangelistaszet

2201 2059 2323 2098 cttm
2350 2043 2414 2099 ad
2449 2044 2583 2100 tales
2617 2052 2831 2100 montes
2874 2046 3222 2117 confugerit,
3283 2056 3337 2102 et
3368 2048 3424 2102 in
3462 2046 3794 2116 hujuscemo.

2202 2135 2253 2191 di
2276 2139 2539 2192 montium
2564 2137 2729 2193 fuerit
2752 2139 2988 2195 lectione
3008 2149 3283 2206 versatus,
3315 2140 3361 2195 si
3389 2156 3504 2194 non
3540 2140 3795 2195 invenerit

2201 2232 2440 2302 quicum
2472 2230 2910 2303 doceat(Messis
2957 2233 3095 2288 enim
3144 2234 3327 2301 multa,
3388 2234 3623 2301 operarii
3641 2243 3792 2287 autem

2204 2322 2376 2393 pauci,
2417 2321 2565 2375 Matt.
2595 2338 2671 2387 ιι,
2702 2322 2819 2394 5'7),
2854 2333 2981 2378 tunc
3011 2333 3066 2379 et
3097 2323 3243 2378 illius
3274 2324 3523 2378 studimn
3555 2338 3793 2393 compro-

2202 2413 2443 2480 babitur,
2496 2414 2617 2485 quia
2663 2414 2970 2485 confugerit
3022 2415 3090 2470 ad
3140 2424 3374 2479 montes,
3424 2424 3484 2472 et
3528 2417 3794 2486 magistro-

2205 2522 2327 2562 rum
2384 2506 2593 2561 desidia
2648 2518 2973 2578 coarguetur
3005 2527 3019 2563 :
3051 2507 3221 2563 infert
3248 2510 3417 2572 enim,
3450 2518 3503 2563 et
3549 2525 3650 2562 non
3703 2520 3794 2563 erat

2204 2600 2293 2669 qui
2322 2600 2623 2670 susciperet.
2657 2599 2917 2670 Sequitur
2952 2618 2966 2654 :
3012 2599 3137 2655 Non
3169 2611 3242 2655 est
3270 2602 3473 2655 sanitas
3519 2600 3796 2655 contritiotti

2207 2700 2330 2759 tute,
2362 2702 2522 2747 tumet
2551 2693 2711 2767 plaga
2742 2703 2855 2748 tua.
2886 2693 3185 2763 Propterea
3212 2694 3491 2749 mixticius
3517 2695 3705 2749 Ninive
3728 2708 3794 2748 sa-

2208 2785 2325 2841 nari
2359 2800 2469 2841 nco
2504 2793 2684 2857 potest
2714 2827 2728 2850 ,
2778 2786 2905 2856 quia
2964 2788 3279 2854 superbiam
3318 2803 3424 2840 non
3457 2786 3685 2856 deponit
3707 2827 3720 2849 ,
3749 2794 3794 2840 et

2209 2895 2403 2934 recens-
2456 2894 2675 2949 semper
2720 2879 2919 2933 vulnus
2946 2892 3058 2945 est,
3092 2890 3147 2936 et
3176 2880 3424 2951 quotidie
3482 2878 3697 2934 diabolo
3722 2876 3790 2933 ie-

2208 2975 2383 3029 riente
2414 2976 2743 3044 percutitur.
2773 2974 2839 3028 Et
2866 2985 2985 3042 post
3009 2974 3127 3029 haec
3149 2976 3332 3030 omnia
3357 2989 3467 3029 non
3498 2980 3587 3027 est
3610 2971 3792 3026 sanitas

2209 3068 2522 3123 contritioni
2554 3068 2675 3136 ejus
2704 3085 2716 3121 :
2749 3067 2875 3123 licet
2906 3069 3050 3121 enim
3075 3068 3175 3123 sibi
3204 3082 3370 3122 sanus
3393 3082 3521 3123 esse
3550 3066 3791 3126 videatur,

511 3161 775 3217 insoltare
805 3165 976 3217 ruinae
1001 3165 1120 3230 ejus
1144 3174 1197 3217 ct
1219 3166 1585 3227 vulneri,cutn
1609 3166 1677 3218 sit
1706 3164 1777 3218 de
1803 3162 2109 3233 pastoribus
2137 3142 2184 3206 Ο
2218 3176 2395 3218 tamen
2429 3163 2611 3217 anima
2644 3162 2763 3231 ejus
2785 3161 2955 3217 fracta
2987 3172 3070 3216 est
3100 3169 3156 3215 et
3183 3162 3441 3225 contrita,
3478 3157 3793 3227 percutienle

511 3260 569 3307 et
601 3254 800 3322 populo
852 3256 999 3326 rrgis
1032 3256 1277 3327 Assyrii;
1334 3257 1427 3311 sed
1479 3259 1534 3310 in
1590 3270 1936 3327 quocumque
1991 3271 2111 3324 per-

513 3350 812 3415 transierit,
864 3349 954 3404 ille
994 3352 1219 3405 insultet
1251 3351 1323 3414 ei,
1366 3362 1419 3405 et
1468 3351 1623 3405 bonis
1653 3350 1909 3418 operibus
1951 3358 2112 3419 atque

514 3438 676 3511 585
706 3440 954 3512 directis,
1006 3447 1161 3512 quasi
1212 3459 1403 3497 manus
1452 3443 1559 3514 [ΑΙ.
1590 3440 1901 3512 manibus],
1948 3457 2113 3511 super

514 3548 637 3588 eum
666 3550 975 3601 concrepet.
1007 3536 1073 3591 Et
1100 3552 1342 3607 congrue
1364 3537 1513 3603 juxta
1541 3536 1864 3590 Hebraicum
1891 3535 2110 3604 quidem

518 3624 801 3691 ὴυειιειιιυε
825 3628 892 3681 de
926 3629 1114 3683 mundi
1147 3631 1300 3684 ruina
1331 3631 1534 3684 dictum
1563 3639 1647 3684 est
1674 3647 1685 3683 :
1720 3628 2017 3682 novissime
2045 3628 2113 3682 de

519 3717 696 3783 ipsius
735 3736 953 3791 quoque
1001 3721 1203 3776 diaboli
1233 3766 1246 3789 ,
1282 3724 1375 3791 qui
1429 3724 1684 3792 princeps
1729 3720 1916 3775 mundi
1976 3721 2112 3775 fuit:

519 3806 752 3863 Mundus
788 3812 922 3865 enim
944 3813 999 3865 in
1021 3814 1251 3884 maligno
1281 3815 1477 3883 positus
1504 3824 1597 3879 est,
1628 3814 1781 3884 plaga
1806 3821 1863 3868 et
1891 3813 2115 3867 vulnere

517 3901 869 3968 praedicator.
932 3903 1087 3972 Apud
1162 3904 1515 3975 Septuaginta
1565 3916 1746 3958 autem
1824 3904 2000 3957 adhuc
2047 3902 2115 3956 ad

522 3993 833 4064 σύμμικτον,
872 3994 923 4047 id
956 4005 1063 4058 est,
1098 3994 1161 4048 ad
1187 3995 1474 4048 mixticium
1498 3995 1685 4048 mundi
1711 3994 1935 4057 dicitur,
1969 3994 2115 4064 quod

520 4097 768 4152 pa~tures
799 4085 919 4154 ejus
967 4086 1313 4151 dormierint,
1350 4097 1407 4141 et
1437 4096 1497 4141 ut
1527 4087 1847 4151 dormirent,
1905 4102 1935 4140 a
1990 4102 2117 4156 rege

522 4174 633 4228 sint
667 4177 892 4246 As~yrio
922 4179 1231 4243 consopiti;
1279 4189 1441 4245 atque
1474 4179 1547 4231 ita
1588 4177 1676 4241 iit,
1731 4187 1787 4231 ιιι
1817 4178 1943 4232 dum
1974 4177 2117 4245 apud

521 4281 617 4321 eos
646 4256 973 4322 describitur
1008 4270 1134 4339 quid
1171 4270 1430 4340 A~syrins
1469 4272 1777 4324 exercuerit
1820 4269 1960 4322 inter
1988 4268 2005 4339 [
2031 4268 2116 4322 At.

523 4359 618 4430 in]
650 4360 877 4429 alteros,
903 4372 1086 4418 etnon
1111 4362 1237 4429 quid
1266 4364 1380 4427 ipse
1405 4363 1660 4431 patiatur,
1687 4362 1755 4418 de
1777 4362 1979 4417 diaboli
2010 4363 2121 4416 vul-

528 4465 662 4505 nere
688 4462 739 4505 et
773 4454 928 4523 plaga
979 4465 1031 4508 et
1083 4453 1463 4509 interiectione
1504 4458 1575 4509 sit
1608 4456 1853 4508 tacitum.
1886 4453 1980 4509 Vae
2016 4454 2121 4508 ita-

2213 3256 2451 3326 desuper
2484 3253 2682 3308 malleo
2715 3254 2881 3309 totius
2929 3262 3117 3316 terra),
3147 3262 3202 3307 et
3253 3267 3358 3307 non
3410 3263 3657 3317 sanatur,
3684 3247 3789 3316 quia

2214 3365 2430 3419 semper
2458 3357 2638 3403 erecta
2670 3358 2771 3402 est.
2804 3347 2862 3404 Si
2892 3358 3068 3401 autem
3095 3346 3413 3401 humilietur
3434 3389 3449 3413 ,
3482 3358 3533 3400 et
3565 3360 3624 3397 se
3650 3340 3790 3396 Chri-

2215 3452 2302 3496 sto
2328 3441 2621 3505 subjiciat:
2656 3438 2757 3494 Cor
2787 3440 3067 3494 contritum
3096 3450 3142 3493 et
3169 3436 3509 3493 huntiliatum
3545 3436 3679 3490 Deus
3704 3449 3789 3486 non

2216 3533 2431 3599 despicit
2458 3532 2585 3605 (Ps.
2620 3548 2686 3585 ωε
2709 3574 2722 3593 ,
2756 3530 2855 3602 i9)
2882 3547 2895 3596 ;
2926 3531 2993 3585 Et
3023 3550 3035 3585 :
3068 3530 3402 3597 Sacriﬁcium
3447 3527 3559 3584 Deo
3597 3526 3790 3594 spiritus

2215 3624 2612 3680 contribulatus.
2666 3623 2723 3678 In
2753 3622 2859 3677 ﬁne
2893 3625 3109 3693 ponitur
3143 3640 3156 3677 :
3191 3623 3381 3677 Omnes
3408 3622 3503 3693 qui
3531 3619 3787 3675 audierunt

2218 3719 2461 3770 nuntium
2504 3728 2694 3784 tuum,
2745 3716 2995 3786 plaudent
3024 3715 3261 3769 manibus
3314 3732 3470 3787 super
3524 3724 3588 3767 te.
3645 3710 3791 3777 Super

2216 3825 2363 3879 quem
2385 3810 2522 3862 enim
2546 3825 2647 3861 non
2676 3808 2827 3861 irruit
2855 3806 3059 3861 malitia
3091 3817 3178 3860 tua
3207 3808 3442 3877 semper?
3470 3806 3609 3860 Cum
3638 3815 3789 3865 cmpe-

2220 3903 2330 3965 rit,
2366 3895 2406 3952 ὧ
2431 3901 2707 3972 σύμμικτς,
2740 3898 3007 3967 supplicia
3037 3898 3338 3965 sustinere,
3372 3910 3570 3951 omnes
3597 3892 3682 3961 qui
3707 3906 3785 3944 au-

2221 3995 2421 4048 dierint
2458 3998 2741 4059 nuntium,
2772 4007 3018 4047 consono
3064 3991 3279 4059 crepitu
3307 3998 3362 4044 et
3401 3988 3576 4044 voc:t|i
3604 4030 3617 4054 ,
3651 3994 3698 4039 et
3723 3981 3787 4052 (ut

2222 4088 2296 4141 ita
2325 4087 2541 4155 dicam)
2598 4100 2827 4155 operum
2861 4099 2997 4139 seno
3050 4094 3215 4153 atque
3246 4091 3520 4138 concentu
3547 4121 3561 4146 ,
3593 4076 3787 4132 insulta-

2222 4180 2359 4235 bnnt
2390 4178 2507 4248 tibi,
2541 4188 2704 4246 atque
2725 4176 3060 4247 gaudelumt.
3085 4175 3275 4229 Nullus
3304 4174 3448 4229 enim
3479 4183 3563 4228 est
3583 4178 3667 4225 aut
3690 4180 3786 4220 cer-

2224 4283 2276 4327 te
2309 4287 2484 4333 rarus,
2538 4271 2591 4324 iu
2624 4286 2783 4337 quem
2836 4284 2941 4323 non
2974 4268 3216 4329 irruerit,
3278 4267 3393 4321 sive
3438 4256 3787 4333 supervenerit

2225 4364 2430 4419 malitia
2460 4371 2546 4418 tua
2579 4377 2815 4430 semper.
2849 4362 2905 4417 Si
2936 4361 3083 4416 enim
3117 4362 3442 4432 συμμίκτους
3475 4357 3600 4411 urbs
3627 4351 3783 4408 Ninite

2228 4468 2470 4526 pastores
2510 4454 2675 4509 habet
2719 4463 2773 4508 et
2803 4452 2995 4516 fortes,
3028 4463 3085 4506 et
3112 4454 3290 4505 omnis
3332 4450 3467 4504 falsa
3500 4447 3725 4502 doctrina
3744 4448 3786 4493 et

523 4558 631 4613 que
656 4544 740 4597 his
770 4546 857 4614 qui
892 4561 1271 4616 perversarum
1301 4546 1669 4601 doctrinarum
1700 4547 1941 4616 magistri
1992 4556 2119 4600 sunt
2147 4527 2199 4587 D
2229 4548 2460 4604 mendax
2488 4545 2727 4617 opinatio
2757 4544 3000 4599 scientire
3029 4558 3058 4597 a
3098 4544 3389 4614 symmicto
3424 4541 3590 4604 venit,
3623 4538 3784 4591 timen-

522 4634 576 4689 in
604 4636 818 4691 Ninive.
849 4638 912 4692 Et
935 4654 1177 4709 congrue
1203 4637 1271 4693 ad
1299 4654 1395 4694 eos
1423 4640 1624 4695 dicitur
1658 4659 1672 4695 :
1699 4639 2119 4693 Dormitaverunt

519 4738 754 4799 pastores
795 4731 868 4782 tui
901 4730 1033 4801 (Ps.
1067 4736 1270 4803 cxxxr)
1302 4750 1316 4788 :
1349 4732 1620 4787 dederunt
1671 4732 1818 4785 enim
1866 4746 2117 4785 somnum

518 4820 693 4874 oculis
738 4820 876 4888 suis,
929 4830 983 4875 et
1031 4822 1306 4890 palpebris
1366 4823 1481 4877 suis
1527 4822 1992 4877 dormitationem.
2053 4821 2121 4876 Et

519 4921 813 4982 propterea
844 4930 950 4968 non
981 4914 1310 4970 invenerunt
1331 4916 1509 4971 lucum
1537 4915 1795 4979 Domino,
1832 4930 2008 4986 neque
2042 4927 2120 4969 ta—

522 5003 873 5059 bernaculum
906 5006 1013 5059 Deo
1038 5008 1229 5063 Jacob.
1258 5008 1369 5063 Nec
1418 5008 1710 5063 audierunt
1750 5008 1821 5061 de
1858 5008 2118 5077 Ephrata,

524 5096 578 5151 id
625 5109 728 5155 est.
784 5098 1044 5170 frugifera
1086 5101 1359 5167 Ecclesia;
1394 5116 1492 5156 nec
1527 5102 1855 5155 invenerunt
1900 5116 2017 5157 eam
2068 5103 2121 5154 in

519 5190 811 5244 condensis
863 5194 1165 5263 sylvarum.
1240 5193 1355 5248 Non
1405 5194 1578 5247 solum
1640 5203 1819 5248 autem
1877 5202 2124 5262 pastores

517 5281 744 5335 mixticii
787 5283 969 5353 hujus,
1018 5293 1071 5338 et
1100 5284 1349 5347 locustze,
1398 5300 1541 5353 qua},
1574 5286 1895 5340 imminente
1928 5285 2121 5353 glacie,

520 5375 678 5429 sedet
706 5377 756 5429 in
789 5380 1032 5447 sepibus,
1063 5378 1530 5445 dormitaverunt;
1563 5382 1656 5435 sed
1688 5396 1717 5433 a
1750 5396 1878 5450 rege
1905 5396 2121 5450 quoque

521 5480 647 5522 sunt
678 5472 1031 5543 Assyriorum
1062 5472 1354 5540 consepiti.
1388 5473 1505 5527 Scit
1546 5474 1689 5527 enim
1721 5489 1817 5527 rex
1864 5475 2122 5543 Assyrius

516 5574 628 5613 non
662 5577 825 5629 posse
864 5579 925 5621 se
954 5581 1082 5618 oves
1104 5565 1385 5634 decipere,
1416 5564 1516 5619 nisi
1544 5573 1795 5633 pastores
1822 5572 1950 5621 ante
1990 5581 2121 5621 con-

592 5674 920 5743 nMartian.,
977 5697 1167 5747 sensu;
1219 5678 1674 5751 olimivitiOsius,
1727 5688 1771 5733 et
1821 5688 1897 5732 est
1938 5695 2112 5751 sensu,

520 5758 766 5812 magnum
837 5751 1153 5819 principem,
1207 5762 1315 5807 etc.
1365 5749 1484 5805 Mox
1533 5764 1749 5820 quoque
1806 5749 2112 5823 legebatur,

2227 4642 2353 4696 dum
2385 4651 2467 4694 est
2497 4655 2563 4695 ne
2608 4639 2751 4693 forte
2780 4637 2963 4692 nullus
2989 4635 3061 4690 sit
3090 4652 3257 4706 super
3284 4649 3444 4705 quem
3478 4648 3583 4688 non
3614 4624 3783 4683 malitia

2228 4737 2522 4807 συμμίκτου
2571 4734 2803 4785 venerit.
2835 4730 2901 4784 Et
2931 4728 3223 4798 diligenter
3252 4729 3505 4787 observa.
3537 4724 3650 4796 quia
3696 4731 3780 4773 non

2227 4824 2423 4880 dixerit
2458 4842 2473 4877 :
2506 4822 2574 4875 In
2598 4839 2748 4893 quem
2770 4838 2873 4875 non
2904 4821 3114 4873 intravit
3141 4820 3344 4874 malitia
3392 4830 3507 4886 tua,
3542 4819 3779 4888 σύμμικτε.

2228 4919 2321 4974 sed
2351 4921 2405 4972 in
2453 4932 2600 4988 quem
2634 4933 2735 4970 non
2773 4916 3141 4987 supervenerit.
3173 4913 3329 4983 Saepe
3358 4914 3502 4967 enim
3538 4908 3678 4964 uoltis
3705 4900 3783 4957 ial-

2225 5030 2409 5071 sorum
2441 5015 2750 5083 dogmatum
2802 5010 2980 5080 jacula
3012 5010 3449 5078 superveniunt,
3482 5017 3532 5062 et
3578 5002 3714 5074 quasi
3740 4996 3779 5049 in

2226 5123 2484 5164 arcanum
2517 5108 2713 5160 animate
2757 5105 2963 5159 intrare
2993 5103 3312 5158 desiderant
3343 5121 3354 5155 :
3391 5102 3485 5156 sed
3516 5091 3779 5155 claudenti-

2225 5204 2327 5259 bus
2382 5201 2539 5256 nobis
2588 5209 2770 5265 portas
2801 5243 2815 5267 ,
2873 5197 3188 5267 supervenit
3218 5195 3437 5265 quidem
3487 5196 3777 5266 σύμμικτοςε

2227 5306 2281 5351 et
2349 5303 2610 5364 quantum
2688 5291 2741 5346 in
2820 5306 2879 5345 se
2926 5298 3053 5358 est,
3099 5290 3296 5356 irruit,
3352 5299 3405 5343 et
3452 5298 3658 5355 semper
3700 5279 3780 5375 ho?

2230 5385 2357 5441 facit
2392 5403 2405 5437 :
2439 5382 2536 5438 sed
2594 5382 2894 5436 auxiliante
2951 5382 3173 5435 Christo
3226 5380 3456 5435 Domino
3490 5422 3504 5447 ,
3562 5388 3611 5433 et
3659 5381 3775 5426 omni

2230 5476 2480 5531 custodia
2528 5485 2781 5528 servante
2826 5473 2844 5542 (
2877 5472 2962 5526 Αι.
3005 5483 3296 5528 servantes
3333 5470 3389 5541 ),
3439 5486 3534 5527 cor
3574 5472 3775 5523 nosuum

2231 5570 2252 5639 (
2279 5567 2436 5621 Prov.
2468 5582 2524 5621 tv
2554 5566 2597 5637 ),
2633 5564 2794 5620 irruit
2819 5564 3038 5634 quidem
3059 5605 3075 5631 ,
3104 5565 3199 5619 sed
3248 5564 3457 5635 ingredi
3484 5578 3585 5618 non
3612 5558 3770 5628 ρυῑεεῑ-

2225 5680 2606 5753 fortitudinem,
2634 5693 2735 5749 pro
2756 5678 3065 5749 fortitudine
3084 5720 3099 5747 ,
3124 5677 3318 5735 Graeco
3345 5675 3610 5734 renitente
3637 5674 3770 5725 testu.
