4078 6342
297 321 436 379 1275

1009 321 1655 380 COMMENTARIOIll‘tM
1700 325 1763 379 IN
1803 324 2075 380 AIlAletl
2117 325 2295 382 LIBRI
2337 326 2496 383 DUO.
2539 325 2925 385 PROLOGUS.

3458 326 3591 382 1974

331 455 3556 496 Μ

887 591 1032 706 S.
1113 593 1828 706 EUSEBII
1906 597 2990 714 EIEBONYMI

1383 787 1951 850 STRIDONENSIS
1994 790 2484 852 PRESBYTER]

1082 949 2079 1084 COMMENTA
2106 949 2785 1079 RIORUM

454 1187 691 1345 ΙΝ
823 1180 1770 1347 ABACUC
1905 1175 3433 1340 PROPHETAM

1668 1435 1954 1498 LIBRI
2004 1435 2201 1498 DUO

1377 1593 1533 1676 AD
1610 1592 2466 1676 CHROMATIUM.

1484 1878 2301 1989 PROLOGUS
2326 1948 2360 1984 .

358 2250 715 2325 587-588
742 2249 1004 2314 Primum,
1025 2247 1333 2314 Chromati,
1365 2250 1747 2320 episcoporum
1777 2250 1876 2305 do—
1906 2257 1951 2317 Λ
1984 2254 2152 2308 (torem
2196 2255 2403 2310 videre?
2433 2255 2679 2310 Lacerata
2728 2264 2801 2310 est
2849 2254 2953 2321 lex,
3002 2263 3051 2310 et
3108 2269 3209 2308 non
3241 2249 3465 2321 pervenit
3513 2247 3580 2302 ad

284 2347 552 2409 ctissime,
578 2348 718 2399 scire
737 2360 837 2399 nos
859 2343 1140 2405 convenit,
1161 2353 1419 2413 corrupte
1433 2343 1574 2410 apud
1589 2342 1812 2398 ϐταιουε
1827 2353 1884 2399 et

285 2437 511 2494 Latinos
534 2453 728 2492 nomen
744 2447 768 2474 ι
793 2436 1073 2490 Ambacum
1087 2438 1366 2506 propheta:
1380 2436 1508 2507 legi,
1526 2439 1615 2507 qui
1630 2437 1770 2507 apud
1789 2437 1888 2492 lle-

288 2529 466 2586 br:cos
484 2531 682 2586 dicitur
700 2530 926 2594 Abacuc,
947 2541 1002 2586 et
1026 2531 1416 2598 interpretatur
1445 2529 1714 2600 amplexus
1734 2530 1885 2584 .‘SIVe

289 2639 347 2682 ut
369 2625 767 2697 signiﬁcantius
790 2635 1066 2680 vertamus
1096 2626 1148 2679 in
1178 2622 1798 2698 Grmcum,b1repi)tntltc,
1835 2623 1884 2678 id

289 2729 376 2775 est
405 2719 743 2787 amplexatio.
778 2717 987 2772 Deinde
1017 2716 1106 2772 ubi
1139 2716 1494 2786 Septuaginta
1537 2718 1888 2771 translatores

287 2821 344 2868 et
374 2814 737 2880 Symmachus
767 2821 823 2867 ct
849 2811 1154 2866 Theodotio
1185 2819 1359 2884 λῆμμα
1390 2854 1401 2870 .
1439 2811 1489 2865 id
1525 2821 1630 2877 est,
1686 2828 1890 2865 assum-

289 2910 518 2979 ptionem
566 2905 908 2975 interpretati
951 2913 1119 2968 sunt,
1173 2904 1226 2959 in
1278 2906 1506 2958 Hebraeo
1557 2905 1680 2970 poni
1723 2921 1888 2960 IASSA

291 2999 527 3072 (nu-’12),
559 3001 703 3071 quod
735 3001 924 3071 Aquila
955 3001 1118 3055 vertit
1141 3001 1193 3054 in
1226 2999 1430 3070 pondus
1457 3017 1475 3054 :
1508 3016 1674 3068 super
1701 3017 1806 3068 quo
1835 3000 1886 3054 itt

290 3092 464 3149 Nattm
501 3094 765 3163 pr0pheta
794 3093 1007 3163 plenius
1047 3092 1467 3162 disputavimus.
1503 3092 1672 3146 Massa
1705 3103 1886 3147 autetu

293 3203 585 3257 numquam
639 3185 929 3254 pra-fertur
976 3186 1027 3240 in
1061 3185 1241 3250 titulo,
1291 3185 1394 3237 nisi
1442 3199 1565 3238 cum
1599 3200 1786 3254 grave,
1837 3195 1891 3239 et

292 3279 549 3350 ponderis
577 3278 896 3350 laborisque
927 3279 1144 3347 plenum
1175 3289 1256 3331 est
1289 3278 1432 3347 quod
1467 3276 1702 3330 videtttr.
1740 3274 1889 3330 l'ndc

292 3388 515 3428 necesse
545 3384 648 3439 est,
684 3382 1008 3443 praesentem
1052 3370 1394 3440 prophetiam
1452 3369 1655 3440 aliquid
1688 3369 1890 3423 habere

291 3467 629 3522 austeritatis
654 3512 668 3537 ,
703 3474 763 3521 ut
810 3467 954 3520 sicut
995 3467 1047 3520 in
1081 3464 1252 3520 Naum
1286 3463 1497 3531 pondus
1522 3506 1534 3524 ,
1568 3465 1710 3533 quod
1743 3463 1892 3518 vide-

291 3561 452 3617 batur
491 3561 756 3616 adversus
804 3561 1036 3617 Niniven
1088 3560 1432 3632 Assyriorum
1464 3559 1680 3625 urbem,
1729 3573 1891 3628 grave

1989 2351 2140 2417 ﬁnem
2163 2368 2321 2419 usque
2345 2352 2610 2423 judicium
2639 2369 2655 2405 :
2687 2353 2808 2420 quia
2848 2351 3039 2421 impius
3061 2351 3304 2418 praevalet
3343 2347 3585 2402 adversus

1979 2443 2184 2511 justum
2204 2441 2349 2494 :ideo
2368 2442 2626 2510 egreditur
2629 2441 2893 2513 judicium
2917 2455 3209 2508 perversum
3231 2436 3414 2509 (Abac.
3434 2453 3471 2499 t,
3500 2434 3579 2506 2).

1990 2531 2150 2587 Vides
2182 2532 2324 2600 quod
2362 2533 2644 2587 temeraria
2675 2549 2776 2586 vox
2810 2534 2877 2586 sit
2917 2545 2969 2586 et
3015 2528 3412 2601 quodammodo
3444 2527 3587 2581 blas-

1992 2624 2314 2694 phemantis,
2346 2625 2424 2679 sic
2452 2624 2764 2678 Creatorem
2801 2639 2956 2678 suum
2987 2623 3052 2676 ad
3080 2622 3344 2692 judicium
3393 2634 3588 2690 provo-

1990 2733 2146 2784 care;
2177 2728 2235 2772 et
2281 2733 2374 2772 vas
2426 2717 2614 2786 fragile
2653 2717 2942 2771 adversum
2999 2715 3222 2786 ﬁgulum
3256 2712 3410 2787 (Isai.
3443 2728 3585 2778 XLV,

1989 2812 2180 2868 Jerem.
2216 2829 2368 2878 xvnt,
2420 2824 2466 2867 et
2513 2812 2665 2866 Rom.
2694 2812 2796 2878 Ix),
2827 2827 2925 2867 cur
2983 2811 3087 2865 tale
3117 2811 3201 2866 vel
3250 2811 3354 2865 tale
3387 2809 3585 2864 factum

1992 2911 2082 2976 sit,
2132 2908 2446 2975 disttutare?
2484 2909 2708 2964 Necnon
2761 2920 2811 2962 et
2869 2908 2973 2962 hoc
3013 2907 3584 2971 animadvertendum,

1993 3001 2136 3072 quod
2182 3002 2483 3070 assumptio
2531 3004 2616 3054 vel
2666 3001 2899 3070 pondus,
2950 3017 3069 3069 qua:
3122 3000 3304 3069 gravia
3330 3015 3453 3054 esse
3475 2999 3584 3068 jam

1993 3094 2248 3152 diximus.
2286 3095 2566 3163 pt-Ophetze
2607 3093 2742 3147 visio
2781 3105 2888 3157 Bal,
2926 3103 2982 3148 et
3018 3095 3308 3147 adversum
3351 3091 3587 3146 Montani

1993 3185 2184 3255 dogma
2215 3201 2537 3252 perversum
2562 3187 2810 3255 intelligit
2845 3186 2987 3257 quod
3002 3187 3177 3240 videt:
3209 3194 3377 3241 necut
3402 3199 3590 3239 amt-ns

1994 3278 2275 3348 loquitur,
2331 3294 2432 3332 nec
2479 3280 2530 3332 in
2582 3295 2792 3333 morem
2839 3279 3220 3333 insanientium
3268 3279 3586 3332 feminarum

1994 3372 2087 3426 dat
2109 3373 2224 3426 sine
2257 3386 2440 3426 mente
2463 3389 2680 3426 souun-.
2717 3373 2872 3428 Unde
2909 3382 2961 3426 et
3006 3374 3286 3443 apostolus
3317 3372 3494 3442 jubet,
3531 3381 3591 3426 ut

1993 3465 2039 3520 si
2089 3466 2542 3534 prophetantihus
2599 3467 2746 3530 aliis,
2796 3467 2884 3521 alii
2935 3467 3095 3520 fuerit
3144 3468 3463 3529 revelatum,
3509 3474 3592 3520 ta-

1995 3569 2152 3614 Coant
2180 3559 2269 3627 qui
2305 3561 2454 3628 prius
2480 3560 2846 3630 Ιοιιιιιιιιιιιιιιιτ
2873 3559 2937 3630 (ιι
2962 3558 3084 3614 Cor.
3113 3575 3217 3622 λιν,
3241 3558 3355 3630 55).
3385 3560 3448 3612 Et
3474 3568 3588 3614 sta—

289 3663 413 3710 erat
445 3674 456 3709 :
509 3655 584 3709 ita
615 3664 670 3709 et
699 3655 752 3709 in
799 3655 902 3708 hoc
934 3664 1235 3724 quieratur,
1284 3653 1372 3708 cui
1404 3654 1613 3722 tondus
1643 3655 1713 3706 sit
1742 3653 1885 3723 qut-d
1921 3671 1963 3730 Β
1994 3652 2084 3706 tim
2116 3671 2128 3706 :
2165 3650 2285 3706 Non
2313 3663 2385 3706 est
2415 3653 2570 3715 enim,
2597 3651 2796 3721 inquit,
2829 3651 2966 3705 Deus
2997 3653 3350 3718 dissensionis,
3380 3652 3468 3704 sed
3496 3670 3588 3720 pa-

290 3749 573 3820 pr0phette
629 3747 905 3802 revelatur
953 3747 1223 3814 aSpectui.
1279 3747 1523 3812 Quatuor
1547 3757 1725 3799 attlt'm
1757 3761 1884 3815 pro—

290 3840 472 3912 phetae
513 3842 567 3894 in
598 3840 888 3896 duodecim
923 3841 1316 3909 prophetarum
1353 3840 1632 3895 volumine
1661 3852 1808 3908 sunt,
1857 3855 1887 3895 e

291 3935 688 4005 qttibnslresin
709 3935 1181 4007 ιιι-ῖιιοὶιιίυλῆμμα,
1214 3935 1263 3987 id
1290 3943 1395 3996 e-t,
1417 3933 1642 4001 pondus,
1672 3937 1884 3989 titulum

293 4027 498 4083 habent
515 4047 526 4081 :
545 4027 736 4095 Naum,
757 4030 996 4095 Ahacur,
1013 4041 1060 4083 et
1079 4030 1389 4083 Mulachias.
1411 4029 1578 4084 Porro
1595 4029 1886 4085 Zacharias

291 4121 344 4176 in
361 4121 762 4175 medioetcirca
783 4124 944 4178 Ilnetn
963 4121 1101 4176 duos
1116 4122 1487 4192 hujuscemodi
1506 4126 1656 4190 ponit
1675 4123 1885 4188 titulos,

290 4230 322 4269 e
739 4214 932 4284 quibus
957 4230 1098 4267 unus
1116 4224 1200 4267 est
1229 4233 1240 4267 :
1272 4214 1417 4268 Onus
1443 4216 1580 4267 t'erln'
1612 4215 1818 4268 Domini
1836 4218 1888 4268 in

289 4318 426 4362 terra
450 4306 689 4375 Hadrac,
738 4319 782 4361 et
827 4306 1073 4362 Damasci
1114 4309 1307 4378 requiei
1324 4313 1437 4381 ejus
1465 4307 1648 4378 (Zuclt.
1683 4325 1755 4372 lx,
1797 4308 1842 4377 I)
1873 4328 1883 4363 :

287 4401 431 4455 alter
460 4399 512 4454 in
544 4401 676 4464 line,
726 4398 872 4454 Onus
899 4401 1035 4454 verbi
1075 4398 1287 4454 Domini
1329 4417 1486 4472 super
1519 4400 1687 4456 Israel
1716 4400 1882 4473 (Ιὸιά.

289 4509 367 4559 ιι,
404 4493 480 4564 1).
513 4493 586 4549 De
635 4492 838 4556 Nanm,
893 4494 1235 4549 orationibus
1281 4495 1384 4547 tuis
1429 4495 1536 4560 jam
1587 4495 1724 4548 liber
1768 4495 1882 4548 edi-

291 4595 376 4641 tus
406 4595 491 4641 est
522 4606 534 4640 :
563 4586 632 4642 de
659 4586 806 4642 Zach
827 4588 926 4641 tria
957 4597 1012 4643 et
1030 4587 1312 4649 Halat-hia.
1349 4590 1392 4642 si
1423 4590 1529 4643 vita
1555 4605 1736 4644 comes
1767 4589 1902 4645 [ηε-ι

288 4679 381 4746 rit,
432 4678 748 4735 disseretur.
784 4679 941 4735 Nunc
970 4681 1186 4736 Abacuc
1229 4682 1490 4734 Ilaltcnttls
1519 4684 1572 4736 in
1611 4683 1884 4750 manibus,

289 4771 380 4842 qui
428 4773 514 4825 vel
563 4787 626 4826 ex
657 4787 722 4828 eo
773 4774 919 4843 quod
961 4774 1210 4828 amabilis
1260 4775 1474 4829 Domini
1506 4787 1617 4836 ρει,
1664 4787 1887 4831 vocatur

287 4865 600 4931 amplexatio
628 4881 648 4919 :
679 4865 762 4919 vel
786 4865 928 4935 quod
951 4864 1003 4920 in
1031 4873 1311 4921 certamen
1344 4879 1397 4923 et
1429 4868 1650 4932 luctum,
1695 4879 1751 4924 et
1797 4873 1888 4939 (ut

285 4957 357 5011 ita
409 4957 621 5027 dicam)
667 4959 970 5028 amplexum
1002 4973 1124 5014 cum
1187 4960 1299 5015 Deo
1344 4961 1718 5029 congreditur,
1765 4977 1883 5017 am-

1991 3747 2082 3799 cis.
2131 3747 2206 3800 Ex
2253 3764 2359 3816 quo
2393 3748 2735 3815 intelligitur,
2765 3762 2885 3800 cum
2915 3749 3033 3815 quis
3065 3749 3347 3803 voluntate
3374 3746 3586 3814 reticet,

1990 3850 2045 3893 et
2070 3840 2225 3894 alteri
2258 3841 2432 3894 Ineunt
2467 3841 2559 3894 dat
2589 3843 2654 3893 ad
2689 3840 3049 3909 loquendum,
3082 3856 3241 3910 pos~e
3266 3851 3318 3895 et
3341 3839 3489 3910 loqui
3538 3852 3591 3896 et

1991 3939 2175 3986 tacere
2200 3948 2318 3985 cum
2344 3932 2496 3986 vt-lil.
2521 3931 2622 3997 Qui
2648 3945 2828 3986 autem
2863 3934 2913 3986 in
2953 3933 3173 3997 ecstasi,
3205 3933 3252 3985 id
3279 3944 3360 3986 est
3392 3933 3590 3988 invitus

1991 4025 2250 4095 loquitur,
2281 4040 2382 4081 nec
2409 4037 2589 4080 tacere
2615 4041 2713 4080 nec
2742 4027 2888 4095 loqui
2915 4029 2965 4080 in
2994 4041 3088 4080 sua
3109 4034 3376 4096 potestate
3404 4028 3584 4080 habet.

1991 4121 2126 4176 Illud
2149 4136 2257 4191 quo
2280 4138 2365 4176 tuo
2395 4122 2545 4175 disce
2569 4122 2715 4186 (quia
2743 4122 2905 4176 semel
2940 4137 2968 4174 a
2996 4136 3081 4176 me
3104 4121 3375 4175 violenter
3394 4120 3586 4187 exigis,

1993 4228 2044 4268 nt
2077 4217 2229 4283 quasi
2263 4217 2460 4284 gradus
2487 4218 2838 4284 quostl:ttn.et
2859 4218 3032 4270 scalas
3056 4215 3122 4268 ad
3146 4215 3340 4268 altiora
3371 4216 3585 4278 nitenti,

1991 4308 2269 4363 historiam
2294 4310 2388 4363 tihi
2409 4310 3127 4379 interpreter),prophetiam
3142 4323 3262 4363 esse
3275 4317 3461 4361 contra
3480 4306 3584 4360 Ba-

1990 4404 2260 4473 bylonem,
2288 4414 2342 4457 et
2361 4403 2860 4457 Nabuchodonosor
2882 4418 3061 4473 regem
3085 4402 3498 4456 Chalda-orum:
3527 4411 3584 4454 ttt

1988 4497 2258 4564 quatnodo
2275 4499 2424 4565 prior
2442 4497 2700 4566 propheta
2718 4496 3072 4562 Naum,quctn
3094 4500 3127 4548 Α
3140 4496 3304 4549 bacuc
3317 4496 3526 4564 sequittt
3539 4511 3583 4559 r,

1989 4589 2300 4643 vaticinium
2334 4591 2522 4643 habuit
2549 4600 2738 4643 contra
2760 4589 2988 4643 Niniven
3011 4600 3060 4643 et
3081 4588 3356 4661 Assyrios,
3379 4589 3468 4655 qni
3492 4603 3585 4642 va-

1989 4691 2262 4736 staverunt
2297 4683 2485 4735 decem
2521 4683 2715 4747 tribus,
2749 4697 2866 4751 qua:
2898 4681 3232 4737 vocabtntnr
3262 4680 3428 4736 Israel
3463 4699 3475 4734 :
3510 4680 3580 4735 ita

1988 4776 2207 4832 Altacttc
2241 4777 2581 4846 prophetiam
2618 4777 2814 4831 habent
2842 4776 3104 4831 adversus
3149 4776 3478 4848 Babylonem
3529 4788 3585 4832 et

1986 4869 2515 4934 Nahncltotlotzositr,
2550 4886 2576 4921 a
2607 4869 2798 4939 quibus
2845 4868 2981 4923 .Iuda
3015 4878 3069 4922 et
3105 4869 3409 4925 Jerusalem
3446 4879 3580 4923 tem-

1988 4963 2241 5033 plumque
2263 4964 2524 5017 subversa
2552 4973 2694 5017 sunt.
2722 4963 2789 5017 Et.
2809 4974 2863 5017 ut
2888 4962 3028 5018 scias
3053 4978 3120 5017 eo
3147 4971 3391 5030 tempore
3414 4961 3579 5016 fuisse

287 5050 582 5120 plexautis,
616 5051 666 5104 id
692 5061 798 5114 est,
830 5051 1086 5107 luctantis
1116 5054 1344 5108 sortitus
1367 5063 1452 5108 est
1482 5071 1700 5109 nomen.
1745 5055 1874 5110 Nul-
1906 5052 1951 5113 C
1983 5056 2228 5124 Ahacnc,
2262 5056 2498 5124 quojam
2531 5057 2650 5109 dna:
2683 5057 2852 5110 tribus
2882 5072 3002 5126 qua:
3033 5058 3368 5110 vocabantur
3391 5053 3578 5120 Iudas,

287 5141 372 5195 Ius
402 5145 544 5196 enim
581 5153 686 5197 tam
709 5143 902 5198 audaci
928 5158 1060 5200 voce
1081 5161 1246 5200 ausus
1267 5159 1346 5201 est
1377 5148 1546 5203 Deum
1571 5149 1634 5202 ad
1667 5149 1880 5217 discep—

283 5231 545 5287 tationem
563 5233 790 5303 jnstitia:
810 5250 1108 5301 provocare
1127 5247 1178 5290 et
1201 5237 1384 5293 dicere
1405 5240 1453 5293 ei
1477 5258 1487 5292 :
1513 5241 1620 5296 Cur
1641 5242 1694 5296 in
1713 5241 1880 5295 rebus

282 5324 558 5406 humanis,
605 5337 660 5382 et
698 5327 750 5381 itt
799 5327 982 5382 mundi
1035 5328 1194 5384 istius
1233 5331 1463 5406 πολιτείᾳ
1508 5341 1653 5386 tanta
1698 5348 1878 5386 rerum

280 5401 532 5471 versatur
555 5417 895 5485 iniquitas?c
925 5419 1264 5487 Vociferabor
1291 5423 1359 5475 ad
1387 5401 1561 5477 terim
1591 5425 1809 5494 patiens,
1837 5437 1883 5479 et

285 5526 388 5565 non
437 5511 703 5568 salvabis?
736 5512 910 5581 Quare
929 5514 1197 5570 ostendisti
1228 5515 1350 5569 mihi
1377 5517 1696 5589 iniquitatem
1720 5530 1764 5574 et
1807 5521 1884 5574 la-

287 5764 321 5820 ϐ
360 5702 386 5730 ει
419 5695 508 5785 al.
550 5709 734 5749 nomen
771 5695 867 5751 hoc
909 5696 1263 5753 Ambachuch.
1298 5697 1474 5756 Penes
1513 5699 1722 5757 Victor.
1755 5702 1877 5758 Ἀϐ-

323 5787 506 5820 ακουυ..

323 5787 642 5894 αἷοὲᾷξθΐθτι
670 5836 894 5910 Reginae
921 5854 1022 5897 ms.
1055 5842 1374 5916 περΰιημμα,
1408 5844 1550 5914 quod
1601 5844 1744 5901 idem
1790 5861 1880 5902 so-

1986 5151 2160 5206 ductae
2182 5163 2336 5204 erant
2364 5151 2414 5204 in
2431 5152 2823 5220 captivitatem,
2851 5150 3034 5204 Daniel
3055 5149 3256 5205 docere
3285 5158 3336 5204 te
3357 5147 3577 5218 poterit,

1988 5244 2053 5298 ad
2095 5261 2255 5312 quem
2302 5245 2352 5297 in
2401 5245 2574 5298 lacum
2640 5244 2858 5298 leonum
2901 5244 3121 5297 Abucnc
3179 5257 3303 5296 cum
3354 5241 3580 5310 prandio

1986 5338 2253 5396 mittiturt
2281 5335 2414 5390 Dan.
2447 5338 2576 5406 xvn)
2609 5357 2620 5391 :
2655 5354 2977 5405 quamquam
3010 5337 3151 5403 apud
3185 5336 3442 5391 Hebra'os
3465 5335 3582 5390 lucc

1988 5431 2100 5499 ipSa
2135 5447 2240 5485 non
2288 5431 2495 5500 legatur
2531 5430 2782 5485 historia.
2842 5431 3004 5500 Igitur
3053 5430 3168 5485 sive
3219 5430 3339 5498 quis
3388 5429 3583 5498 recipit

1988 5521 2321 5594 Scripturam
2369 5523 2538 5590 illum,
2576 5525 2691 5578 sive
2723 5539 2830 5577 non
2874 5523 3106 5592 recipit,
3146 5530 3438 5594 utrumque
3482 5538 3582 5594 pro

1987 5713 2102 5757 nat.

2063 5783 2085 5811 ο
2119 5774 2392 5855 Prmponit
2431 5774 2638 5855 Victor.
2678 5776 2919 5847 priorem
2962 5779 3340 5855 versiculum:
3384 5781 3586 5855 Usque-

1989 5863 2111 5917 quo,
2141 5846 2382 5912 Domine,
2412 5846 2746 5916 clamabo,’et
2774 5865 2876 5904 non
2907 5852 3150 5907 exandies
3165 5854 3200 5924 Ρ,
