4028 6342
399 294 500 350 127
512 294 540 346 .‘i
1644 297 1702 354 5.
1749 297 2024 356 EL'SEBII
2061 295 2447 355 HIEBONYMI
2751 305 2760 312 '
3569 299 3720 378 me

395 412 554 468 nobis
577 421 664 470 est
691 430 707 468 ι
733 422 829 469 aut
856 423 884 454 ι
909 413 1056 470 enim
1086 413 1282 485 recipit
1313 459 1329 482 ,
1380 422 1436 470 et
1479 414 1590 485 tam
1641 426 1764 487 post
1792 418 1993 472 {actam
2023 433 2070 491 Α
2100 416 2369 487 propheta
2397 415 2588 473 scribit
2615 431 2737 487 qua:
2767 426 2997 474 ventura
3039 416 3345 490 cognoscit.

394 520 511 561 rem
543 506 683 562 liber
703 505 926 563 Abacuc
953 507 1158 562 texitur
1192 525 1203 562 :
1238 515 1332 562 aut
1362 523 1466 562 non
1511 510 1724 580 recipit,
1766 519 1820 565 et
1844 511 2001 582 quasi

471 649 495 676 ⁸
529 640 820 697 Contraria
847 658 1014 700 sensu
1039 644 1258 716 Regina:
1289 659 1421 714 ms.,
1450 655 1542 702 aut
1585 647 1724 702 enim
1749 663 1852 702 non
1875 648 2076 720 recipit,
2109 655 2158 702 et
2182 647 2320 719 iam,
2343 656 2451 704 etc.
2481 647 2800 720 autrecipit,
2829 658 2878 703 et
2899 649 3070 720 quasi,
3096 656 3204 706 etc.

425 787 3703 814 W

1429 852 1915 1050 LIBER
1994 932 2650 1045 PRIMUS.

470 1299 626 1373 (Cap.
655 1298 934 1356 l.--Vers.
960 1301 1016 1366 1,
1037 1300 1120 1367 2.)
1145 1299 1442 1372 Usquequo,
1473 1299 1715 1361 Domine.
1735 1299 1996 1364 clamabo,
2107 1297 2171 1353 ad
2201 1297 2469 1354 medicum
2499 1312 2510 1357 :
2549 1295 2664 1352 Vim
2699 1297 2902 1367 patior,
2932 1297 3170 1362 crucior,
3196 1313 3350 1363 uror,
3384 1295 3674 1354 exanimor
3707 1313 3723 1350 :

395 1402 446 1448 et
475 1409 576 1446 non
599 1393 885 1448 exaudies?
913 1393 1238 1462 vociferabar
1260 1395 1327 1448 ad
1349 1403 1396 1448 te
1431 1395 1531 1448 vim
1559 1395 1778 1462 patiens,
1809 1403 1860 1458 et
1897 1409 2000 1458 non
2108 1405 2414 1462 usqueqno,
2467 1390 2698 1458 medice,
2733 1389 2985 1444 clamabo
3009 1431 3025 1455 ,
3059 1399 3113 1445 et
3154 1404 3262 1444 non
3308 1387 3606 1445 esaudies?
3657 1386 3728 1442 Et

398 1484 666 1538 salvebis?
697 1485 871 1552 Quare
899 1487 1169 1541 ostendisti
1195 1487 1318 1540 milii
1343 1488 1668 1558 iniquitatem
1697 1497 1744 1542 et
1771 1486 2003 1540 dolorem
2111 1487 2442 1551 respondeat
2482 1485 2530 1540 ei
2556 1483 2994 1554 sapientissimus
3022 1492 3078 1538 et
3104 1483 3570 1538 clementissimus
3598 1495 3726 1536 me-

401 1577 586 1652 qulg.
623 1579 893 1651 laborem],
935 1581 1107 1633 videre
1135 1581 1365 1648 prwdam
1402 1591 1450 1635 et
1492 1582 1803 1654 injustitiam
1827 1589 2007 1634 contra
2113 1579 2282 1651 dicus
2323 1595 2336 1640 ;
2387 1578 2514 1636 Scin
2545 1593 2652 1650 quo
2703 1585 2954 1647 tempore
3001 1577 3228 1632 debeam
3275 1575 3408 1631 dare
3443 1575 3585 1642 quod
3637 1587 3731 1644 po-

399 1674 519 1730 me?
550 1671 730 1728 LXX:
765 1673 1067 1744 Usquequo,
1089 1673 1335 1744 Domine,
1367 1674 1620 1743 clamabo,
1644 1684 1691 1731 et
1725 1692 1825 1730 non
1849 1691 2009 1730 e.rau-
2044 1727 2082 1744 ﬂ
2116 1675 2286 1730 stulas
2318 1692 2330 1728 :
2365 1689 2469 1728 neu
2505 1673 2769 1727 misereor
2815 1671 3013 1738 modo,
3056 1672 3180 1743 quia
3213 1671 3592 1727 misericordia
3621 1670 3729 1726 ista

399 1767 548 1823 dies?
601 1770 922 1840 t'ociferabor
969 1769 1038 1823 ad
1065 1778 1113 1822 te
1143 1770 1244 1822 vim
1275 1771 1495 1839 patiens,
1524 1781 1570 1823 et
1603 1786 1704 1824 non
1752 1767 2012 1823 salvebis?
2046 1765 2084 1785 "
2115 1768 2410 1825 crudelitas
2437 1777 2541 1835 est,
2575 1767 2736 1840 592
2761 1776 2816 1822 et
2848 1767 3101 1822 voluntas
3131 1775 3220 1820 tua
3258 1777 3447 1821 contra
3485 1777 3534 1820 te
3561 1765 3727 1837 petit.

403 1860 581 1926 Quare
609 1861 735 1914 mihi
764 1861 1033 1916 ostendisti
1064 1860 1269 1916 labores
1295 1871 1342 1916 et
1369 1864 1607 1927 dolores,
1641 1863 1814 1930 videre
1853 1863 2008 1920 πήδα-
2113 1859 2190 1918 Ita
2241 1871 2297 1915 et
2350 1859 2613 1920 Dominus
2659 1859 2803 1916 Deus
2840 1866 3028 1913 noster
3057 1858 3237 1913 sciens
3264 1857 3570 1913 clementia:
3608 1870 3730 1913 sum

399 1955 533 2008 riam
566 1966 612 2008 et
645 1955 1000 2027 impietatem?
1032 1955 1254 2010 Interim
1285 1957 1584 2012 secundum
1617 1956 1850 2010 litteram
1880 1971 2008 2010 cau-
2116 1953 2357 2023 pondera
2407 1962 2570 2022 atque
2627 1965 2940 2016 mensuras,
2993 1949 3268 2006 interdum
3325 1965 3433 2005 non
3490 1947 3724 2004 exaudit

401 2058 554 2102 satur
582 2048 871 2104 adversum
909 2050 1072 2103 [leum
1109 2049 1403 2118 propheta,
1437 2064 1534 2102 cur
1575 2046 2012 2106 Nabuchodono-
2113 2046 2461 2109 clamantem,
2511 2054 2568 2097 ut
2618 2057 2741 2097 eum
2799 2044 3016 2112 probet,
3049 2051 3104 2098 et
3135 2045 3304 2113 magis
3353 2049 3613 2112 provocet
3649 2041 3723 2097 ad

400 2153 493 2194 sor
528 2140 788 2211 templum
815 2151 1012 2210 vastel,
1049 2141 1209 2215 591
1243 2151 1296 2197 et
1331 2141 1526 2197 Judam
1554 2159 1566 2193 :
1592 2156 1688 2196 cur
1703 2141 2006 2197 Jerusalem
2114 2139 2433 2207 rogandum,
2479 2145 2533 2191 et
2560 2135 2713 2207 quasi
2757 2136 2880 2206 igne
2908 2145 3194 2192 excoctum
3220 2136 3508 2205 iustiorem
3540 2145 3595 2191 et
3622 2151 3726 2206 pu-

399 2233 674 2303 quoudam
703 2233 838 2290 urbs
869 2234 1083 2288 Domini
1110 2235 1464 2290 tlestruatur?
1487 2235 1665 2302 Quare
1685 2235 1880 2290 clamet
1916 2248 2010 2304 po.-
2113 2232 2318 2286 riorem
2347 2229 2529 2284 faciat.
2562 2227 2720 2295 Quod
2749 2227 3057 2298 intelligens
3102 2228 3387 2298 apostolus
3417 2228 3726 2286 secundum

403 2326 576 2394 pulus,
607 2335 663 2380 et
699 2341 806 2380 non
849 2327 1210 2382 exaudiatur?
1254 2326 1587 2382 vociferatur
1614 2327 1680 2382 ad
1717 2327 2007 2382 Dominum
2111 2322 2162 2376 id
2185 2321 2326 2394 quod
2357 2321 2790 2377 miscricordiam
2815 2330 2899 2377 est
2919 2331 3294 2377 consecutusa
3319 2322 3571 2389 Domino,
3596 2324 3677 2377 ait
3707 2339 3724 2379 :

406 2434 707 2490 oppressus
735 2435 763 2473 a
795 2419 1092 2489 Chaldaeis,
1119 2429 1176 2476 et
1207 2437 1310 2474 non
1336 2421 1611 2477 salvetur?
1637 2422 1814 2489 Quare
1841 2423 2005 2478 etiam

2130 2412 2236 2468 .Von
2263 2424 2285 2453 ο
2317 2414 2624 2483 deﬁciamus
2671 2415 2728 2468 in
2775 2412 3190 2468 tribulationibus
3221 2412 3445 2484 (Ephes.
3481 2429 3560 2478 ιιι,
3591 2413 3724 2486 i5);

404 2513 522 2584 ipse
544 2513 832 2584 propheta,
887 2515 971 2570 vel
1027 2514 1256 2582 populus
1301 2529 1365 2568 ex
1393 2515 1552 2584 cujus
1600 2529 1832 2585 persona
1863 2529 2008 2570 nunc
2111 2520 2160 2562 et
2197 2505 2470 2562 benedicit
2501 2503 2669 2560 Deum
2699 2507 2848 2560 omni
2878 2517 3127 2577 tempore
3181 2504 3358 2576 (Psal.
3389 2503 3614 2576 IXXIII);
3667 2512 3729 2562 et

405 2605 667 2675 loquitur,
700 2604 768 2660 ad
795 2604 899 2659 hoc
928 2606 1145 2666 vixerit.
1181 2617 1233 2662 et
1282 2607 1561 2676 hucusque
1594 2607 1885 2676 perductus
1913 2608 2001 2677 sit,
2110 2602 2212 2657 scit
2239 2601 2360 2672 quia
2391 2601 2483 2672 qui
2519 2601 2952 2669 perseveraverit
2983 2615 3155 2670 usque
3190 2601 3243 2655 in
3277 2602 3474 2667 tinem,
3505 2599 3596 2656 hic
3621 2599 3729 2666 sal.

408 2707 468 2753 ut
499 2699 842 2770 iniquitatem
869 2699 1104 2754 hostium
1133 2711 1186 2754 et
1210 2716 1364 2754 suum
1391 2699 1571 2756 videat
1597 2700 1875 2756 laborem?
1895 2700 2009 2757 Cur
2110 2710 2207 2749 VIIS
2236 2697 2340 2750 ct‘il
2372 2695 2533 2768 (Μαι.
2563 2711 2618 2760 ι.
2649 2696 2766 2766 2⁸2).
2821 2696 2886 2750 Ει
2913 2695 3182 2766 gloriatur
3210 2694 3260 2748 III
3293 2694 3486 2749 laboro
3534 2702 3590 2748 et
3629 2693 3728 2748 dO-

406 2792 672 2858 injustitia
703 2793 989 2861 praevaleat
1017 2793 1301 2848 adversum
1327 2793 1427 2848 se?
1457 2793 1523 2848 Et
1553 2792 1658 2850 hoc
1684 2793 1822 2849 dicit
1843 2801 1868 2831 α
1893 2808 2007 2864 pm
2110 2793 2245 2847 Ini-t2.
2266 2789 2329 2843 Et
2345 2787 2900 2843 cumJeremiadlcit:
2929 2786 3359 2854 Tribulationem,
3384 2794 3432 2840 et
3455 2785 3728 2841 miseriam

405 2887 608 2942 mentis
656 2888 925 2957 angustia,
982 2887 1236 2942 nesciens
1265 2902 1454 2941 aurum
1499 2887 1552 2941 in
1602 2888 1725 2957 igne
1753 2885 1999 2956 conﬂari,
2106 2881 2373 2936 invocabo.
2403 2880 2466 2936 Ut
2491 2878 2764 2950 quomodo
2794 2880 2932 2934 alius
2957 2881 3174 2934 invocat
3213 2874 3466 2936 Doumz"
3496 2879 3576 2936 sic
3593 2893 3730 2934 san—

406 2987 464 3032 et
492 2989 603 3034 tres
629 2992 826 3048 pueros
857 2979 925 3033 de
947 2979 1163 3034 camino
1195 2980 1445 3048 puriores
1493 2978 1694 3044 exisse,
1727 2993 1886 3048 quam
1915 2978 1998 3033 in-
2108 2973 2637 3029 ctusriretbellator
2671 2972 3011 3038 invictus,ad
3039 2971 3408 3028 exercendum
3431 2986 3490 3027 se
3519 2980 3576 3026 et
3596 2985 3729 3040 pro.

409 3081 690 3127 traverunt
716 3071 880 3146 (Dan.
905 3073 1010 3144 ιιι).
1039 3072 1146 3129 Sed
1175 3088 1226 3128 et
1255 3073 1585 3142 generaliter
1603 3073 1856 3144 accipere
1883 3088 2002 3145 pos-
2034 3123 2075 3146 η
2108 3069 2794 3133 handum,tribulationem
2818 3076 2875 3124 et
2901 3066 3176 3122 miseriam
3200 3064 3388 3121 venire
3409 3063 3720 3122 desideret.

407 3179 618 3228 sumus,
653 3164 796 3233 quod
829 3180 894 3219 ex
949 3179 1176 3234 persona
1231 3167 1484 3220 humana;
1533 3165 1885 3236 impatientia:
1930 3167 2008 3222 vi-
2033 3155 2079 3186 υ
2183 3162 2366 3234 (Vers.
2396 3164 2450 3227 5,
2481 3162 2562 3231 4.)
2595 3160 2662 3214 Et
2691 3165 2886 3233 factum
2907 3168 2983 3215 est
2995 3159 3268 3233 judicium
3289 3166 3337 3213 et
3365 3155 3728 3212 contradictio

410 3257 547 3312 deus
593 3258 858 3328 propheta
906 3267 1221 3326 peccatores
1253 3258 1614 3326 abundantes,
1639 3269 1692 3315 et
1719 3260 1771 3314 in
1806 3259 2009 3318 saeculo
2075 3299 2078 3306 .
2110 3254 2368 3326 potentior
2397 3269 2414 3306 :
2441 3262 2653 3324 propter
2683 3253 2782 3307 hoc
2803 3251 3034 3308 lacerata
3064 3262 3139 3306 est
3168 3252 3274 3317 lem.
3306 3260 3352 3307 et
3391 3267 3499 3304 non
3536 3265 3724 3321 perre-

410 3349 690 3418 ptiSiidt'l'e
718 3347 962 3416 divitias,
997 3350 1137 3405 ﬁlios
1165 3365 1356 3405 eorum
1384 3353 1536 3420 quasi
1563 3352 1834 3423 novellam
1857 3352 2004 3423 plan-
2113 3347 2187 3401 nit
2209 3363 2372 3417 usque
2394 3345 2464 3400 ad
2494 3347 2648 3416 ﬁnem
2664 3346 2934 3417 judicium
2961 3361 2980 3400 :
3003 3346 3127 3416 quia
3148 3345 3344 3414 impius
3363 3345 3609 3416 praevalet
3629 3344 3734 3400 ad-

413 3445 672 3498 t-itinneni
708 3443 760 3496 in
783 3443 1146 3498 adolescentia
1180 3459 1274 3498 sua
1293 3489 1307 3512 ,
1342 3451 1400 3499 et
1429 3443 1571 3500 ﬁlias
1601 3421 1825 3500 ornatas
1853 3421 2010 3516 quasi
2113 3455 2284 3494 versus
2289 3441 2515 3509 justum,
2535 3437 3388 3512 proptereaeegrediturjudicinm
3404 3452 3730 3508 peruersum.

408 3536 826 3591 similitudinem
849 3536 1060 3606 templi,
1089 3538 1305 3593 cel'aria
1337 3553 1527 3595 eorttm
1562 3540 1715 3609 plena
1748 3548 2006 3596 eructau-
2115 3531 2257 3588 ωιιι
2284 3549 2296 3584 :
2321 3530 2512 3590 Contra
2532 3548 2611 3585 me
2632 3531 2829 3601 factum
2849 3538 2925 3586 est
2943 3530 3294 3604 judicium,“
3310 3529 3483 3603 judea:
3499 3530 3734 3604 accipit:

410 3628 484 3682 tia
517 3644 584 3683 ex
617 3628 718 3684 hoc
746 3630 800 3682 in
833 3628 989 3693 illud,
1021 3645 1157 3685 oves
1185 3645 1376 3685 eorum
1423 3631 1626 3687 fetosas
1660 3641 1716 3687 et
1743 3633 2008 3703 multipli-

410 3735 558 3780 catas
585 3725 638 3779 in
671 3723 772 3778 viis
797 3725 928 3785 suis.
963 3733 1019 3780 et
1045 3735 1241 3780 caetera
1288 3742 1410 3796 qute
1453 3726 1504 3782 in
1553 3727 1854 3784 centesimo
1881 3742 2016 3800 qua-

414 3816 730 3887 dragesiino
761 3817 920 3872 tertio
951 3818 1162 3888 psalmo
1185 3820 1399 3889 plenius
1429 3821 1742 3874 scribuntur
1781 3823 1835 3876 in
1878 3835 2012 3889 que-

415 3911 592 3966 rulam
652 3926 842 3967 vocem
899 3919 954 3966 et
1003 3913 1219 3982 plenam
1261 3912 1464 3968 doloris
1512 3923 1783 3982 erumpat.
1835 3912 2017 3979 Quare

417 4004 645 4073 respicis
685 4014 1118 4073 contemptores,
1151 4012 1206 4057 et
1247 4015 1415 4071 taces,
1459 4005 1819 4063 conculcante
1849 4005 2018 4074 impio

412 4094 706 4165 iustiorem
728 4110 788 4150 se
814 4113 826 4150 :
857 4107 910 4151 et
943 4096 1071 4151 facis
1102 4097 1348 4152 homines
1373 4098 1523 4166 quasi
1552 4097 1725 4167 pisces
1748 4097 1937 4161 maris,
1964 4103 2018 4153 et

422 4187 577 4258 quasi
609 4187 824 4257 reptilia
854 4203 965 4242 non
1000 4187 1253 4243 habentia
1285 4187 1520 4243 ducem?
1550 4186 1578 4226 ι)
1623 4187 1753 4242 Tale
1791 4187 1920 4258 quid
1965 4197 2021 4244 et

417 4280 474 4335 in
506 4281 914 4351 septuagesimo
961 4280 1202 4336 secundo
1230 4281 1442 4350 psalmo
1469 4282 1699 4352 legimus
1730 4299 1744 4336 :
1790 4280 1898 4336 Mei
1925 4297 2022 4336 au-

421 4386 522 4428 tem
545 4390 672 4446 pene
701 4374 828 4427 moti
851 4383 969 4428 sunt
998 4374 1174 4443 pedes,
1202 4391 1330 4445 pene
1351 4373 1503 4442 emisi
1531 4385 1654 4428 sunt
1689 4390 1892 4448 gressus
1924 4376 2021 4432 mei

421 4465 593 4536 (Psal.
627 4482 796 4532 ιιιιιιι,
819 4465 900 4538 '2),
930 4477 982 4522 et
1006 4468 1235 4538 reliqua.
1265 4467 1328 4522 Et
1351 4483 1565 4523 rursum
1591 4469 1642 4524 in
1665 4467 1856 4524 eodeni
1879 4470 2024 4539 psal-

2117 3635 2386 3695 propterea
2417 3623 2644 3679 lacerata
2693 3633 2766 3678 est
2797 3622 2900 3690 (ex,
2948 3633 2995 3677 et
3027 3638 3130 3676 non
3178 3622 3407 3694 pervenit
3453 3623 3524 3675 ad
3568 3621 3731 3690 ﬁnem

2106 3716 2366 3788 judicium
2391 3733 2408 3770 :
2436 3717 2560 3786 quia
2584 3716 2780 3784 impius
2808 3715 3055 3782 prtevalet
3077 3715 3325 3771 adversus
3343 3717 3570 3787 justum,
3605 3729 3738 3784 pro-

2118 3819 2294 3880 pterea
2317 3808 2583 3880 egreditur
2603 3808 2869 3880 judicium
2894 3824 3209 3880 perversum.
3237 3805 3433 3864 Adhuc
3464 3806 3737 3879 propheta

2119 3903 2205 3958 vel
2238 3902 2472 3972 populus
2502 3901 2740 3971 loquitur
2763 3899 2829 3954 ad
2856 3899 3169 3963 Dominum,
3201 3898 3344 3968 quod
3369 3913 3478 3954 non
3502 3900 3738 3956 veritate

2121 3994 2390 4052 adversus
2428 4008 2507 4060 se,
2542 3992 2637 4048 sed
2687 3989 2928 4061 potentia
2953 3989 3256 4060 iudicatum
3288 3991 3378 4054 sit,
3406 3999 3462 4046 et
3492 3989 3638 4046 nihil
3662 4003 3739 4046 ex

2123 4085 2244 4156 lege
2272 4093 2327 4142 et
2353 4084 2564 4154 iustitia
2597 4084 2940 4138 sustinuerit.
2987 4083 3141 4139 Unde
3173 4093 3226 4138 et.
3258 4082 3437 4154 ipsum
3465 4080 3739 4152 judicium

2123 4195 2230 4234 nun
2258 4177 2505 4234 habuerit
2535 4177 2700 4234 linem
2726 4191 2905 4232 suum.
2933 4176 3090 4232 Finis
3113 4187 3290 4232 autem
3317 4175 3510 4246 iudicii
3535 4185 3620 4232 est
3644 4173 3740 4246 iu-

2123 4270 2490 4338 dicarejuste.
2516 4269 2700 4326 Etlioc
2727 4284 2897 4340 quare
2910 4268 3055 4340 loqui
3075 4268 3291 4334 audeat,
3315 4267 3370 4324 in
3391 4282 3745 4338 consequen-

2125 4365 2270 4420 tibus
2292 4369 2576 4427 monstrat,
2598 4361 2790 4420 dicens
2813 4378 2827 4414 :
2853 4361 2993 4430 Quia
3009 4362 3208 4430 impius
3229 4361 3745 4418 Nabuchidonosor

2129 4455 2408 4520 praevaluit
2432 4456 2698 4512 adversus
2722 4456 2928 4526 justum
2961 4453 3152 4510 .ludam
3186 4454 3276 4528 (IV
3328 4455 3458 4526 Reg.
3489 4452 3652 4526 nu),
3682 4463 3746 4511 et

427 4528 514 4616 tuo
542 4576 560 4616 :
593 4559 660 4613 Et
684 4563 730 4614 si
755 4569 828 4615 est
855 4528 1069 4615 icientia
1092 4528 1150 4615 iit
1168 4560 1387 4616 excelso.
1413 4561 1550 4616 Ecce
1568 4562 1710 4618 enim
1735 4528 2025 4634 peccdtores
2055 4528 2103 4587 Ι)
2133 4552 2269 4606 hanc
2301 4565 2420 4606 esse
2453 4563 2695 4618 causam.
2719 4549 2862 4619 (1⁸³θά
2890 4547 3096 4604 “mm
3119 4547 3384 4618 ἱυάίθίωη
3409 4563 3516 4602 “0"
3550 4561 3747 4616 pervo-

424 4660 473 4707 et
500 4651 820 4707 abundantes
849 4653 905 4708 in
933 4653 1124 4708 saeculo
1145 4655 1478 4710 obtinuerunt
1505 4657 1740 4723 divitias,
1787 4665 1847 4713 et
1895 4657 2028 4713 reli-

2139 4652 2285 4709 nisse
2313 4651 2380 4707 ad
2413 4650 2610 4718 linem;
2639 4651 2762 4720 quia
2798 4648 3039 4719 iniquum
3088 4647 3161 4704 sit
3193 4656 3252 4708 et
3291 4661 3637 4718 perversum,
3681 4655 3749 4702 nt

427 4763 534 4819 qua
566 4763 758 4818 usque.
807 4765 994 4804 manus
1037 4765 1194 4804 mens.
1228 4750 1356 4806 Haec
1381 4761 1560 4805 autem
1593 4753 1886 4822 loquuntur
1933 4767 2029 4809 ne-
2131 4746 2311 4804 Josias
2343 4762 2433 4800 rei
2464 4745 2704 4815 justus‘a
2734 4759 2860 4813 rege
2884 4741 3144 4814 (Egyptio
3169 4743 3474 4798 trucidetur
3495 4740 3587 4809 (ιν
3609 4739 3744 4813 Reg.

423 4843 662 4898 scientes
710 4842 917 4914 judicia
966 4844 1064 4900 Dei
1115 4843 1518 4918 investigabilia
1578 4844 1760 4919 (Rom.
1817 4849 1919 4916 ιιι).
1972 4856 2029 4903 et
2133 4839 2406 4910 sxum!"
2435 4838 2649 4905 θευδῖθιν
2687 4837 2928 4893 Amm“
2958 4879 2971 4901 ι
3007 4835 3230 4901 Μίθθθῑν
3265 4843 3322 4890 εὖ
3348 4833 3599 4899 Αῑθτίειεν
3629 4847 3754 4887 se"

429 4934 760 5005 profundum
800 4935 1121 4992 divitiarum
1181 4939 1466 5007 sapientiai
1512 4949 1568 4996 et
1596 4939 1842 4995 scientias
1885 4941 2024 5010 ejus,

2134 4934 2278 4988 viant
2311 4932 2476 5004 (Dan.
2514 4931 2627 5001 tu);
2675 4939 2730 4986 et
2775 4929 3006 4997 imperet
3054 4927 3392 5000 Babylonius
3418 4926 3749 4995 imperator,

426 5027 574 5098 quod
607 5044 717 5084 non
747 5029 818 5083 ita
846 5028 1030 5084 videat
1059 5030 1202 5085 Deus
1231 5039 1288 5086 ut
1319 5031 1466 5086 videt
1488 5031 1673 5088 homo.
1711 5032 1885 5088 I-lomo
1913 5044 2034 5088 tan-
2136 5041 2192 5087 et
2222 5031 2363 5085 inter
2393 5039 2574 5084 scorta
2606 5034 2662 5080 et
2691 5022 3025 5080 concubinas
3052 5035 3178 5076 suas
3211 5020 3496 5076 Baltliasar
3519 5026 3663 5086 potet
3687 5014 3753 5073 in

427 5131 540 5177 tum
574 5122 866 5192 praesentia
909 5122 1140 5192 respicit
1181 5141 1192 5176 :
1236 5123 1380 5179 Deus
1410 5126 1581 5181 futura
1613 5135 1668 5182 et
1704 5133 1910 5181 a-terna
1940 5140 2031 5183 co-

419 5216 633 5284 gnoscit
662 5215 702 5286 (l
738 5215 871 5287 Reg.
906 5217 1084 5287 xvut).
1133 5217 1196 5271 Et
1249 5219 1527 5287 quomodo
1583 5219 1626 5273 si
1687 5230 1924 5290 mgrotus
1972 5228 2029 5276 et

2137 5124 2334 5195 phialis
2363 5123 2456 5178 Dei
2491 5119 2653 5190 (Dan.
2685 5119 2763 5188 v).
2797 5117 2922 5173 tltec
2947 5115 3212 5185 propheta
3239 5113 3307 5170 de
3337 5127 3565 5196 suorum
3597 5119 3748 5166 tem-

2137 5233 2324 5288 porum
2359 5223 2502 5270 statu
2547 5215 2849 5284 (sequimur
2874 5209 3022 5264 enim
3048 5209 3174 5278 quia
3215 5207 3387 5263 semel
3426 5201 3650 5260 voluisti
3679 5210 3745 5258 et

420 5315 660 5362 mstuans
691 5305 933 5362 febribus
961 5322 1159 5377 aquam
1194 5306 1444 5379 frigidam
1475 5310 1738 5380 postulet,
1781 5320 1837 5367 et
1883 5311 2031 5370 dicet
2132 5312 2380 5368 historia:
2411 5305 2725 5377 vilitatem).
2758 5304 3032 5361 Ceterum
3069 5299 3226 5372 juxta
3259 5297 3406 5356 LXX
3436 5293 3757 5356 communis

489 5481 515 5510 ⁸
550 5470 928 5544 Regin;e_ms.,
964 5482 1222 5544 premente
1247 5489 1301 5527 se.
1329 5471 1598 5544 angustia.

489 5544 518 5583 δ
557 5541 826 5598 DeScrihit
863 5541 1060 5611 Regia.
1095 5545 1219 5598 cod.
1256 5541 1526 5612 reliquum
1569 5543 1745 5611 ipsum
1788 5541 2030 5596 versicu-

420 5618 554 5680 lum,
584 5616 702 5685 quia
731 5613 928 5668 solatus
948 5631 1060 5668 sunt
1090 5633 1244 5680 super
1269 5623 1796 5685 Pacemipeccatorum
1825 5613 2027 5685 videns.

421 5684 622 5768 saeuae
653 5696 706 5739 et
739 5701 771 5755 p
790 5686 900 5739 iulo
925 5699 1080 5768 post,
1099 5698 1146 5768 et
1173 5684 1376 5768 religua
1403 5703 1421 5741 :
1447 5684 1590 5758 Ergo
1614 5687 1808 5754 {rustra
1841 5684 2033 5754 iustiﬁ-

419 5759 528 5810 caui
560 5772 649 5808 cor
675 5771 871 5818 meum.
896 5769 944 5811 et
978 5759 1080 5811 lari
1105 5760 1241 5812 inter
1267 5759 1563 5814 innocentes
1592 5772 1776 5810 manus
1798 5772 1954 5810 meas.

502 5837 522 5864 ι
560 5825 792 5902 Ἥρωι..
819 5827 944 5886 Non
987 5829 1294 5906 deﬁcimus,
1322 5845 1397 5892 es
1435 5829 1664 5902 Vulgata
1689 5827 1962 5902 editione,
1992 5823 2038 5888 ιι

2131 5470 2475 5596 cogsil‘fhcit
2512 5553 2580 5593 ex
2614 5533 2884 5590 Brixianis
2928 5500 3102 5586 codd.
3140 5528 3285 5584 idem
3326 5525 3608 5583 Victorius
3631 5523 3752 5593 hic,

2134 5615 2249 5669 erui
2278 5630 2310 5666 a
2337 5609 2545 5664 miseria
2567 5605 2769 5661 mundi.

2211 5695 2235 5724 ο
2277 5681 2412 5738 Cum
2442 5679 2532 5734 hic
2559 5720 2576 5745 ,
2609 5688 2721 5732 tum
2752 5671 2897 5741 apud
2929 5671 3094 5740 ιιιιι,
3116 5671 3411 5742 egredietur
3432 5676 3759 5726 constanter

2138 5754 2368 5828 praefert
2400 5752 2620 5822 Regina:
2651 5761 2756 5802 ms.
