4050 6342
235 339 375 396 ΙΞΠ

1055 334 1706 394 (ZOMMENTARIORUM
1746 333 1811 390 ΙΝ
1855 333 2129 392 ABACUC
2169 335 2296 393 ιω.
2343 336 2382 393 1.
2429 338 2584 395 CAP.
2627 339 2669 394 l.

3394 337 3532 394 127-9

233 456 301 514 ad
337 456 504 514 Deum
550 452 776 525 querela
819 461 1132 508 sanctorum
1161 461 1266 518 est,
1296 467 1470 523 quare
1492 461 1686 512 contra
1735 467 1834 508 eos
1857 456 1908 516 Α
1941 463 2022 508 tes
2048 467 2172 508 eum
2204 453 2520 526 iniquitatis.
2553 455 2822 512 Videbitis
2849 470 2982 527 ergo
3011 462 3447 527 contemptores,
3480 463 3536 511 et

236 547 494 618 injustam
521 545 785 616 judicium
817 544 929 610 fiat,
963 544 1123 616 593
1151 554 1205 600 et
1233 543 1514 600 innoxium
1557 543 1610 598 in
1643 557 1833 613 perse-

232 640 544 696 cutionibus
561 638 882 710 sanguinem
908 637 1133 694 fundam
1165 653 1177 690 :
1214 651 1276 692 ac
1301 635 1409 708 [AL
1447 634 1524 708 at]
1551 635 1597 690 si
1618 635 1835 708 quando

232 742 362 792 ante
383 733 623 792 tribunal
655 732 908 790 steterint
934 730 1204 801 judicium
1237 730 1610 796 saecularium,
1644 728 1831 800 judex,

233 825 472 896 acceptis
517 825 852 891 muneribus,
899 823 1222 878 condemnet
1257 823 1525 878 inscittcin
1554 867 1567 889 ,
1599 832 1654 878 et
1683 838 1831 877 reum

234 920 450 978 liberet.
474 918 628 988 Quod
652 918 873 988 quidem
899 933 1006 972 non
1035 917 1210 972 solum
1233 919 1304 972 de
1323 915 1595 986 judicibus
1625 915 1832 982 surculi,

235 1013 333 1068 sed
352 1011 622 1076 interdum
641 1010 711 1066 de
737 1010 1109 1068 Ecclesiarum
1134 1025 1353 1080 quoque
1379 1008 1714 1078 principibus
1731 1007 1834 1062 dici

235 1113 437 1178 potest,
471 1104 615 1176 quod
642 1112 865 1175 propter
893 1119 1114 1162 munera
1151 1103 1398 1159 lacerent
1423 1102 1620 1172 legem,
1653 1110 1835 1156 etnon

235 1200 538 1272 perducant
570 1213 741 1270 usque
771 1199 839 1254 ad
874 1199 1032 1254 finem
1058 1197 1324 1268 judicium
1344 1241 1358 1262 ,
1386 1207 1442 1252 et
1473 1197 1670 1266 impius
1695 1211 1835 1267 prte-

234 1295 416 1354 valeat
463 1294 731 1354 adversus
762 1293 968 1364 justum
1004 1309 1018 1348 :
1052 1302 1106 1348 et
1149 1293 1321 1362 magis
1362 1291 1414 1346 in
1448 1291 1653 1360 judicio
1698 1304 1830 1358 pec-

235 1398 414 1448 catum
446 1387 653 1450 divitis,
703 1402 864 1456 quam
910 1385 1163 1457 pauperis
1219 1384 1420 1442 veritas
1482 1383 1833 1439 defendatur.

239 1481 391 1539 Unde
458 1480 801 1550 querimonia
868 1489 997 1546 est,
1068 1478 1332 1548 judicium
1399 1479 1550 1532 exire
1617 1491 1841 1547 pert-er.

234 1591 356 1634 sum
384 1593 399 1630 :
423 1574 518 1632 sed
543 1589 649 1632 non
673 1573 935 1632 debemus
958 1587 1121 1643 super
1147 1572 1248 1627 hac
1273 1586 1454 1628 rerum
1472 1570 1840 1639 inaequalitate

236 1667 481 1733 turbari,
519 1667 765 1724 videntes
812 1675 868 1722 et
917 1666 970 1722 in
1016 1665 1297 1738 principio
1337 1663 1522 1720 mundi
1573 1663 1642 1716 ab
1673 1662 1840 1731 impio

235 1769 370 1827 Cain
400 1767 749 1825 interfectum
788 1767 922 1822 Abel
948 1767 1157 1836 justum
1193 1763 1409 1836 (Genes.
1445 1763 1539 1835 tv),
1573 1770 1628 1817 et
1655 1769 1839 1833 postea

1939 555 2066 602 tunc
2089 546 2515 615 adntirabimini,
2541 559 2596 604 et
2619 564 2837 604 omnem
2862 557 3101 606 vestram
3129 549 3406 620 querelam
3435 565 3534 621 pro

1938 640 2106 696 nihilo
2137 640 2550 708 commutabitis,
2583 657 2705 698 cum
2739 641 3133 712 perspereritis
3161 659 3246 698 me
3276 643 3455 700 facere
3480 646 3533 699 in

1938 733 2127 788 diebus
2151 731 2377 799 vestris;
2404 749 2472 789 ne
2499 733 2638 788 forte
2665 733 3044 801 dicatiszouid
3067 735 3136 789 ad
3170 750 3268 790 nos
3300 736 3538 805 pertinet

1937 826 2007 881 de
2045 823 2267 881 futuro?
2308 825 2457 895 Opus
2487 826 2630 896 quod
2666 836 2770 879 tam
2802 827 3006 896 grande
3031 828 3170 895 erit,
3209 836 3267 882 et
3293 837 3532 882 vestram

1939 934 2154 974 omnem
2179 920 2450 989 opprimet
2468 919 2871 974 causationem:
2900 932 2959 976 ut
2990 921 3032 974 si
3063 923 3182 992 quis
3209 938 3356 978 nunc
3387 924 3529 978 futu-

1941 1027 2057 1066 rum
2087 1026 2209 1066 esse
2239 1011 2580 1082 prmdixerit,
2609 1011 2767 1068 ﬁdem
2790 1026 2896 1066 non
2914 1012 3068 1067 facile
3085 1014 3530 1071 accommodatis.

1939 1104 2096 1173 Quod
2121 1114 2300 1166 autem
2330 1104 2433 1161 hoc
2453 1121 2590 1175 opus
2616 1106 2707 1174 sit,
2741 1106 2796 1161 in
2822 1107 3280 1176 consequentibus
3306 1109 3538 1164 demon-

1940 1208 2162 1256 stratur.
2979 1203 2982 1206 ’

2013 1290 2200 1360 (Vers.
2240 1290 2274 1346 6
2304 1290 2484 1362 seqq.)
2511 1291 2648 1357 Quia
2686 1307 2800 1346 ecce
2827 1308 2920 1362 ego
2950 1291 3212 1346 suscitabo
3240 1290 3536 1362 Chaldaeos,

1941 1394 2138 1455 gentem
2167 1400 2398 1442 amarunt
2430 1394 2474 1438 et
2495 1385 2731 1444 velocem.
2757 1384 3108 1440 ambulantem
3129 1401 3284 1454 super
3307 1386 3540 1439 latitudi-

1943 1497 2056 1534 nem
2079 1488 2248 1542 terrtc,
2276 1489 2332 1536 ut
2354 1478 2614 1548 possideat
2636 1478 2972 1534 tabernacula
2993 1494 3094 1532 non
3118 1495 3214 1542 sua
3235 1494 3253 1534 :
3275 1477 3541 1532 horribilis

1941 1583 1988 1628 et
2015 1573 2258 1630 terribilis
2285 1582 2358 1630 est
2378 1591 2396 1627 :
2443 1588 2507 1627 ca:
2549 1575 2829 1638 semetipsa
2849 1571 3114 1646 judicium
3141 1615 3155 1640 ,
3183 1581 3231 1626 et
3269 1587 3398 1625 onus
3427 1575 3538 1644 ejus

1943 1666 2254 1739 egredietur.
2289 1663 2523 1723 Leviorcs
2550 1666 2728 1739 pardis
2756 1666 2872 1736 equi
2899 1667 3033 1737 ejus,
3064 1675 3112 1719 et
3143 1664 3421 1719 velociores
3452 1663 3538 1718 lu-

1945 1761 2025 1830 pis
2057 1759 2356 1831 vespertinis
2378 1801 2393 1831 ,
2439 1770 2486 1814 et
2536 1757 2893 1825 diffundantur
2927 1758 3121 1829 equites
3152 1760 3308 1830 ejus:
3352 1759 3544 1827 equites

236 1864 522 1920 essulanle
552 1862 743 1927 Jacob,
774 1877 1002 1933 regnare
1035 1861 1090 1918 in
1121 1859 1286 1914 domo
1318 1858 1486 1928 patris
1518 1858 1655 1911 Esau
1683 1854 1834 1922 (Gut.
1871 1851 1919 1912 B
1946 1871 2163 1924 namque
2205 1855 2316 1923 ejus
2351 1855 2414 1908 de
2443 1853 2593 1923 longe
2630 1853 2864 1908 venient:
2897 1852 3144 1906 volabunt
3168 1852 3320 1923 quasi
3361 1851 3542 1923 aquila

236 1955 467 2024 xxvut),
527 1965 580 2010 et
646 1951 887 2025 Egyptii
950 1952 1065 2008 luto
1106 1961 1160 2008 et
1209 1951 1376 2006 latere
1408 1951 1653 2020 affligunt
1703 1947 1843 2002 filios

237 2047 408 2106 Israel
441 2067 455 2102 :
489 2059 542 2102 et
569 2046 833 2102 Dominus
858 2059 1047 2102 contra
1083 2062 1248 2115 quem
1280 2060 1428 2102 nunc
1455 2044 1675 2116 querela
1706 2043 1841 2098 diri.-

233 2143 409 2213 gitur,
441 2141 778 2210 crucifigitur
816 2157 844 2196 a
889 2139 1093 2196 Judmis
1114 2139 1300 2211 (Joan.
1329 2138 1464 2208 six).
1493 2148 1545 2194 et
1566 2137 1844 2192 Barabbas

240 2236 380 2292 latro
408 2233 630 2303 eligitur
658 2233 677 2305 (
701 2232 860 2288 Joan.
894 2249 1022 2290 xvttt
1049 2233 1087 2302 ).
1122 2233 1242 2288 Dies
1271 2247 1357 2288 tne
1383 2232 1636 2300 deficiet,
1670 2229 1718 2284 si
1756 2243 1844 2283 vo-

238 2326 400 2383 luero
441 2341 768 2382 enumerare
811 2324 1090 2396 quomodo
1136 2327 1188 2380 in
1220 2324 1324 2380 isto
1369 2323 1613 2390 saeculo,
1663 2321 1843 2393 impiis

241 2420 684 2493 praevalentibus,
719 2420 1106 2490 opprimantur
1125 2418 1281 2488 justi.

315 2510 495 2583 (ναῖε.
527 2511 607 2582 5.)
638 2510 865 2582 Aspicite
893 2511 946 2564 in
971 2510 1208 2585 gentibus
1238 2519 1284 2563 et
1317 2508 1504 2574 videte,
1533 2517 1580 2561 et
1611 2507 1842 2564 admira-

243 2605 370 2659 miui
392 2649 409 2675 ,
440 2613 489 2662 et
528 2603 899 2675 obstupescite,
927 2605 1054 2674 quia
1095 2619 1224 2674 opus
1252 2603 1446 2672 factum
1485 2610 1556 2655 est
1585 2602 1636 2654 in
1663 2599 1845 2654 diebus

243 2698 426 2754 vestris
448 2739 462 2764 ,
486 2697 626 2769 quod
665 2714 812 2754 nemo
843 2697 1009 2751 credet
1042 2714 1158 2752 cum
1193 2696 1513 2750 narrabitur.
1551 2693 1721 2749 LXX:
1766 2693 1847 2748 Vi-

240 2791 278 2844 d
310 2798 356 2846 te
385 2799 761 2860 contemptores
785 2798 833 2845 et
858 2790 1098 2860 respicite
1118 2829 1134 2856 ,
1161 2799 1208 2843 et
1231 2789 1561 2843 admiremini
1584 2786 1844 2841 mirabilia

245 2895 290 2938 et
311 2883 708 2951 disperds'mini:
735 2885 864 2955 quia
888 2901 1016 2954 Opus
1038 2900 1133 2955 ego
1157 2898 1341 2953 cperor
1363 2886 1414 2936 in
1437 2884 1616 2936 diebus
1640 2884 1843 2948 uestris,

245 2975 386 3044 quod
415 2992 519 3032 non
559 2983 587 3016 ⁸
624 2975 876 3043 credetis,
909 2976 954 3029 si
989 2976 1105 3047 quis
1135 2976 1442 3030 narraverit.
1486 2975 1846 3046 Symmachus

247 3081 349 3137 pro
375 3081 443 3122 eo
471 3065 616 3136 quod
643 3065 918 3123 diximus:
949 3068 1076 3138 quia
1105 3083 1236 3137 Opus
1270 3067 1463 3136 factum
1485 3075 1556 3119 est
1590 3067 1642 3119 in
1668 3066 1844 3120 diebus

247 3160 448 3228 vestris,
477 3159 866 3230 interpretatus
891 3168 996 3226 est,
1029 3160 1150 3222 quia
1179 3175 1306 3228 opus
1335 3160 1420 3223 fiet
1448 3160 1501 3212 iu
1531 3159 1709 3212 diebus
1761 3174 1846 3212 ve—

1946 1945 2198 2014 [estinans
2228 1944 2298 1998 ad
2326 1944 2730 2000 comedendum:
2760 1959 2934 1998 omnes
2958 1943 3028 1997 ad
3055 1943 3286 2015 praedam
3313 1945 3534 2007 venient,

1945 2036 2104 2105 facies
2126 2051 2302 2090 eorum
2326 2043 2500 2092 ventus
2522 2051 2705 2092 urens:
2729 2047 2774 2089 et
2800 2035 3129 2106 congregabit
3158 2035 3307 2106 quasi
3327 2049 3540 2090 arenam

1946 2130 2308 2201 captivitatem,
2337 2138 2384 2186 et
2411 2130 2523 2199 ipse
2551 2129 2613 2184 de
2635 2129 2844 2200 regibus
2875 2129 3229 2202 triumphabit,
3263 2139 3310 2183 et
3336 2127 3543 2200 tyranni

1944 2221 2155 2278 ridiculi
2186 2225 2302 2294 ejus
2342 2231 2529 2280 erunt:
2560 2223 2667 2295 ipse
2694 2239 2848 2295 super
2877 2237 3076 2277 omnem
3105 2223 3440 2275 munitionem
3467 2222 3545 2276 ri-

1947 2315 2084 2372 debit
2107 2356 2122 2381 ,
2155 2324 2205 2372 et
2243 2317 2582 2389 comportabit
2612 2333 2888 2389 aggerens,
2929 2328 2974 2370 et
3022 2318 3190 2385 capiet
3235 2333 3346 2370 eam
3373 2333 3394 2371 :
3422 2298 3545 2370 tunc

1947 2409 2230 2466 mutabitur
2269 2410 2516 2482 spiritus,
2546 2419 2593 2466 et
2621 2411 2954 2482 pertransibit
2983 2419 3030 2463 et
3061 2421 3260 2464 corruet
3285 2427 3301 2464 :
3333 2409 3444 2464 Ittec
3470 2418 3546 2465 est

1947 2500 2199 2569 fortitudo
2239 2505 2355 2574 ejus
2390 2499 2490 2555 Dei
2518 2501 2623 2556 sui.
2653 2500 2830 2558 LXX':
2866 2501 3000 2566 Quid
3027 2518 3138 2556 ecce
3166 2517 3259 2573 ego
3286 2502 3545 2556 suscitabo

1948 2591 2219 2650 Chaldaeos
2273 2604 2472 2666 gentem
2516 2609 2748 2652 auroram
2791 2601 2840 2648 et
2875 2591 3098 2648 celocem
3120 2633 3137 2660 ,
3169 2607 3286 2662 quia
3315 2592 3546 2646 ambulat

1947 2704 2102 2758 super
2133 2687 2461 2744 latitudinem
2491 2697 2673 2751 terra,
2708 2695 2764 2742 ut
2792 2687 3053 2758 possideat
3083 2685 3413 2744 tabernacula
3443 2701 3546 2740 non

1946 2797 2041 2836 sua
2063 2797 2082 2834 :
2112 2780 2352 2836 terribilis
2394 2790 2442 2836 et
2486 2779 2706 2836 illustris
2733 2791 2841 2834 est:
2891 2795 2954 2834 ea:
2982 2781 3257 2850 sentetipsa
3279 2779 3547 2850 judicium

1950 2881 2061 2949 ejus
2101 2877 2196 2930 erit
2217 2917 2230 2940 ,
2261 2885 2308 2929 et
2336 2875 2622 2948 assumptio
2650 2876 2764 2945 ejus
2790 2891 2853 2930 ea:
2877 2890 2932 2928 se
2958 2874 3287 2945 egredietur:
3320 2873 3381 2928 Et
3413 2873 3550 2928 easi-

1949 2968 2070 3022 lient
2098 2985 2252 3036 super
2279 2967 2472 3038 pardos
2509 2968 2623 3032 equi
2655 2970 2766 3040 ejus
2791 3008 2804 3032 ,
2849 2974 2899 3020 et
2927 2965 3202 3022 velociores
3234 2974 3382 3018 erunt
3411 2962 3550 3032 lupis

1951 3059 2176 3125 Arabico,
2191 3069 2236 3122 et
2248 3060 2542 3129 equitabunt
2555 3057 2744 3128 equites
2757 3057 2892 3126 ejus,
2908 3067 2955 3110 et
2970 3057 3161 3128 impetu
3177 3056 3374 3112 venient
3390 3053 3551 3126 595

1950 3159 2013 3210 de
2029 3156 2308 3229 longinquo
2323 3172 2340 3211 :
2355 3165 2402 3212 et
2418 3153 2658 3210 volabunt
2679 3155 2832 3225 quasi
2852 3151 3030 3222 aquila
3047 3160 3287 3221 prompta
3302 3152 3371 3204 ad
3387 3167 3556 3204 come-

252 3251 414 3308 stris:
445 3261 638 3306 caetera
665 3251 936 3308 similiter.
969 3251 1206 3306 Rursum
1237 3251 1288 3305 in
1315 3251 1579 3320 principio
1605 3251 1846 3320 capituli,
1875 3246 1922 3307 ϐ
1957 3255 2204 3322 dentium,
2222 3254 2597 3308 consummatio
2614 3253 2666 3306 in
2686 3251 2874 3321 impios
2895 3251 3058 3303 veniet
3082 3249 3371 3303 resistentes
3397 3248 3554 3316 facie-

250 3341 342 3399 ubi
367 3343 420 3398 in
447 3343 710 3399 Hebraico
729 3346 994 3414 scriptum
1015 3353 1098 3398 est
1123 3358 1226 3398 tuo
1243 3357 1471 3401 nascens
1497 3347 1678 3412 (uti):
1697 3344 1844 3412 Νη),

248 3446 304 3490 et
334 3450 429 3492 nos
459 3436 859 3501 transtulimus,
887 3438 1106 3506 aspicite
1135 3437 1189 3489 in
1221 3436 1476 3506 gentibus,
1501 3443 1555 3489 et
1584 3433 1730 3488 LXX
1755 3451 1850 3503 po-

248 3538 494 3591 stierunt,
525 3528 688 3582 ridete
717 3536 1112 3597 contemptores,
1139 3537 1365 3598 excepto
1398 3528 1587 3594 Aquila
1612 3537 1666 3582 et
1695 3530 1853 3598 Sym-

250 3623 444 3678 macho
474 3631 531 3677 et
560 3622 940 3680 Tlteodotione
967 3663 981 3688 ,
1013 3623 1104 3694 qui
1133 3637 1256 3677 cum
1297 3631 1480 3677 nostra
1515 3622 1851 3692 interpreta-

255 3716 398 3770 tione
419 3715 774 3777 concttrdant.
803 3715 856 3769 itt
883 3715 991 3770 alia
1019 3715 1252 3784 quadam
1291 3714 1532 3770 editione
1564 3713 1590 3752 ιι
1614 3717 1852 3791 ἀνωνύμῃ

252 3807 430 3877 reperi
471 3806 705 3864 videbitis
753 3808 1195 3876 calumniatores,
1241 3816 1296 3863 et
1339 3806 1394 3862 in
1442 3807 1546 3862 alia
1599 3808 1852 3863 similiter

251 3899 462 3969 absque
482 3900 724 3956 auctoris
751 3901 932 3970 titulo,
957 3900 1192 3956 videbitis
1222 3900 1559 3956 declinantes.
1589 3901 1754 3972 Igitur
1784 3901 1850 3956 ad

256 3992 572 4060 superiores
599 3995 856 4063 querelas
887 3995 1162 4050 causantis
1189 3995 1477 4066 prOpbela:
1505 4005 1562 4051 et
1591 3997 1852 4051 dicentis:

257 4082 558 4156 Usquequo,
593 4085 832 4154 Domine,
859 4087 1116 4153 clamabo,
1148 4097 1194 4142 et
1224 4105 1326 4143 non
1353 4090 1633 4144 exaudiet?
1652 4101 1705 4145 et
1731 4091 1857 4146 reli-

258 4194 366 4249 qua
407 4195 576 4251 usque
606 4180 670 4234 ad
705 4183 868 4238 linem
901 4182 1056 4253 hujus
1084 4182 1331 4251 exttrdii,
1367 4199 1468 4240 vox
1501 4185 1714 4239 Dentini
1767 4201 1854 4240 re-

253 4273 576 4342 spondentis
618 4275 923 4343 inducitur,
953 4286 1015 4331 nt
1055 4278 1195 4333 hanc
1227 4276 1568 4347 iniquitatem
1607 4293 1766 4348 quam
1799 4279 1854 4333 in

257 4365 381 4420 solo
431 4363 599 4422 Israel
630 4366 746 4421 fieri
775 4375 961 4436 putat,
995 4378 1185 4443 cernat
1213 4368 1269 4424 in
1297 4369 1554 4440 gentibus
1583 4385 1596 4422 :
1631 4379 1685 4423 et
1709 4368 1856 4440 quod

254 4455 554 4521 Chaldaeis,
582 4473 687 4512 non
721 4468 775 4511 ut
806 4457 970 4531 595
998 4459 1257 4530 prepheta
1289 4451 1857 4524 arbitrabaturJudas

256 4556 464 4610 tantum
505 4556 561 4602 et
607 4547 906 4604 Jerusalem
959 4549 1147 4608 traditi
1198 4552 1350 4615 sint;
1387 4551 1484 4608 sed
1533 4566 1728 4606 omnes
1766 4568 1860 4621 per

1954 3349 2048 3402 bus
2090 3364 2268 3402 eorum
2309 3363 2373 3402 ea:
2417 3344 2634 3400 adverso
2665 3386 2678 3406 ,
2726 3353 2775 3398 et
2805 3342 3132 3413 congregabit
3159 3341 3306 3409 quasi
3335 3355 3548 3394 arenam

1952 3440 2331 3512 captivitatem:
2353 3447 2400 3492 et
2426 3441 2537 3510 ipse
2563 3437 2616 3491 in
2646 3435 2848 3510 regibus
2876 3432 3236 3497 delectabitur,
3265 3441 3316 3486 et
3346 3430 3555 3502 tyranni

1955 3534 2182 3589 ludibria
2206 3535 2351 3604 ejus:
2381 3539 2431 3584 et
2459 3530 2569 3600 ipse
2596 3530 2650 3583 in
2678 3543 2884 3582 omnem
2911 3528 3246 3581 munitionem
3277 3522 3481 3588 illudet,
3505 3531 3554 3576 et

1955 3628 2113 3680 mittet
2133 3641 2393 3698 aggerem,
2408 3639 2455 3678 st
2477 3623 2719 3677 obtinebit
2741 3637 2888 3676 eam:
2910 3631 3031 3675 tunc
3050 3619 3267 3673 mutabit
3289 3619 3551 3690 spiritum,

1955 3728 2002 3773 et
2033 3717 2338 3789 pertransiet
2362 3758 2377 3778 ,
2415 3725 2462 3772 et
2498 3713 2866 3786 propitiobitur
2891 3729 2909 3767 :
2940 3713 3048 3766 ltth
3075 3722 3150 3768 est
3176 3709 3430 3783 fortitudo
3457 3706 3555 3762 Dei

1955 3811 2071 3866 mei.
2099 3809 2253 3878 Quod
2287 3808 2443 3866 vobis
2475 3807 2758 3863 dixeram:
2808 3805 3049 3874 Aspicite
3094 3801 3148 3857 in
3179 3801 3428 3872 gentibus
3453 3840 3467 3864 ,
3497 3806 3556 3854 et

1955 3903 2162 3969 videte,
2193 3910 2246 3956 et
2278 3900 2584 3963 miramini,
2613 3905 2670 3953 et
2704 3897 3108 3967 obstupescite:
3139 3895 3260 3966 quia
3293 3908 3428 3963 opus
3467 3893 3560 3948 flet

1958 3996 2009 4050 in
2033 3995 2220 4051 diebus
2250 3993 2466 4060 vestris,
2490 3989 2634 4061 quod
2666 4005 2831 4046 nemo
2859 3990 3048 4044 credet
3068 4003 3189 4042 cum
3221 3986 3554 4053 narrabitur,

1959 4092 2062 4146 Itoc
2085 4100 2167 4146 est
2191 4087 2330 4158 quod
2359 4100 2594 4155 sequens
2622 4099 2804 4139 sermo
2831 4081 3129 4138 describit:
3161 4079 3298 4135 Ecce
3324 4095 3416 4150 ego
3441 4095 3558 4133 sus-

1957 4183 2122 4238 citabo
2155 4179 2654 4244 Nabuchodonosor,
2681 4185 2730 4231 et
2758 4175 3064 4241 Chaldazos,
3105 4183 3320 4245 gentem
3355 4185 3560 4242 pugna-

1957 4279 2231 4335 cissimum
2254 4284 2311 4330 et
2337 4275 2600 4338 velocem,
2624 4271 2780 4342 cuius
2809 4271 3048 4334 roboris,
3067 4278 3126 4325 et
3152 4267 3218 4324 ad
3245 4253 3556 4323 bellandum

1957 4369 2223 4435 audaciae,
2251 4382 2442 4424 clunes
2474 4379 2614 4436 pene
2640 4363 2819 4420 Grtrci
2843 4403 2858 4426 ,
2885 4364 2976 4432 qui
3011 4360 3275 4417 barbaras
3307 4358 3564 4414 historias

1958 4463 2438 4532 conscripserunt,
2473 4470 2642 4514 testes
2673 4465 2818 4513 sunt.
2849 4455 2979 4510 Haec
3023 4469 3130 4508 non
3174 4460 3260 4508 est
3303 4459 3562 4506 contenta

1961 4559 2158 4613 finibus
2187 4557 2321 4620 suis,
2348 4552 2446 4608 sed
2467 4552 2577 4610 huc
2601 4553 2834 4618 illucque
2859 4547 3177 4603 discurrens
3203 4559 3368 4615 super
3399 4553 3560 4599 terra:

255 4639 542 4700 circ‘oitutn
575 4640 856 4698 nationes:
889 4651 945 4698 et
976 4652 1182 4698 tantum
1218 4659 1341 4698 eum
1373 4659 1498 4700 esse
1542 4645 1854 4710 valiturum,
1881 4643 1932 4705 ἰ)
1962 4649 2301 4707 latitudinem
2339 4655 2683 4716 pervagatur.
2719 4642 2788 4698 Et
2829 4643 2931 4696 hoc
2957 4649 3043 4697 est
3082 4653 3217 4708 opus
3261 4637 3417 4708 eius,
3450 4652 3559 4692 non

255 4731 633 4804 ruitur-umque
666 4743 874 4802 postea,
897 4743 955 4792 ut
984 4733 1032 4790 si
1061 4733 1184 4803 quis
1207 4735 1520 4805 praedixerit
1545 4737 1690 4806 quod
1711 4735 1856 4792 futu-

257 4839 379 4877 rum
411 4831 497 4878 est
519 4866 534 4890 ,
569 4839 666 4893 pro
697 4824 772 4880 rei
798 4825 1176 4896 t'nagttitudiue
1203 4826 1448 4882 videatur
1490 4829 1854 4884 incredulum.

257 4914 367 4972 Sed
416 4925 474 4972 et
518 4919 624 4973 ltoc
651 4917 795 4987 quod
825 4917 968 4974 LXX
997 4929 1054 4974 et
1079 4922 1261 4976 caeteri
1321 4921 1649 4990 interpretes
1675 4921 1860 4977 edide-

257 5019 416 5064 runt:
458 5007 637 5066 Videte
661 5018 1068 5083 contemptores,
1099 5012 1221 5070 sive
1250 5013 1484 5070 ridebitis
1511 5015 1862 5068 calumniato-

255 5121 336 5158 res
367 5111 421 5158 et
443 5105 757 5167 declinantes
780 5146 794 5171 ,
826 5121 948 5160 cum
979 5121 1142 5162 sensu
1171 5106 1336 5177 hujus
1367 5108 1471 5164 loci
1501 5108 1771 5180 congruit,
1805 5119 1864 5166 et

257 5212 323 5252 ex
358 5196 478 5266 ipso
505 5212 758 5254 sermone
804 5211 1106 5269 arguuntur
1131 5199 1404 5270 audaciae,
1435 5212 1490 5256 et
1516 5212 1862 5272 contemptus

258 5289 312 5342 in
336 5287 652 5346 Dominum:
684 5305 750 5344 ex
777 5304 1009 5360 quorum
1040 5298 1270 5361 persona
1301 5294 1561 5364 propheta
1592 5294 1862 5348 ριιιηιιινιι-

260 5394 380 5449 rat,
409 5398 580 5453 quare
617 5385 736 5441 ausi
778 5387 891 5441 sint
933 5386 1029 5441 Dei
1068 5397 1443 5444 conitemuere
1485 5392 1860 5458 tnajcstatem,

261 5486 318 5532 et
347 5480 636 5542 temerarie
666 5481 838 5550 loqui,
867 5491 926 5538 et
950 5494 1214 5552 quantum
1247 5483 1300 5538 in
1329 5499 1388 5540 se
1413 5495 1528 5552 est,
1567 5485 1659 5540 Dei
1691 5485 1866 5556 provi-

262 5575 500 5632 dentiam
525 5576 864 5646 calumniari,
885 5590 942 5634 et
961 5579 1239 5635 declinare
1256 5594 1286 5633 a
1309 5580 1536 5635 Domino
1564 5595 1862 5651 ροτιινεηι-ιιο

331 5724 362 5754 ιι
389 5713 764 5790 Correximus,
786 5714 855 5771 ad
884 5715 1038 5786 Regii
1057 5716 1386 5790 Antstﬂ‘dem,
1425 5718 1670 5790 credetis,
1711 5720 1861 5790 juxta

185 5833 200 5850 ,
265 5785 890 5860 ﬂammea-reticeas,
925 5785 1068 5860 quod
1097 5798 1154 5846 et
1181 5788 1424 5846 Victoris
1454 5789 1678 5860 placuit.
1712 5785 1852 5847 Mar-

268 5858 404 5913 tian.
437 5856 664 5914 retinuit
687 5856 999 5917 credidistis.

1961 4756 2020 4800 ut
2059 4756 2261 4800 terram
2299 4755 2518 4796 vomere
2556 4747 2854 4802 exerceat;
2901 4733 2999 4790 sed
3031 4743 3087 4789 ut
3131 4741 3290 4804 rapto
3321 4731 3464 4786 vivat
3507 4739 3566 4788 et

1961 4837 2169 4910 gladio,
2209 4843 2267 4892 et
2313 4844 2375 4890 ut
2405 4832 2680 4904 possideat
2709 4831 2868 4888 urbes
2901 4845 3006 4884 non
3045 4842 3213 4884 suos:
3268 4837 3564 4896 antequam

1966 4945 2183 4988 manum
2214 4928 2434 4992 inferat,
2457 4935 2744 4997 antequam
2769 4932 3086 4994 prorumpat
3111 4919 3176 4976 ad
3202 4919 3426 4983 bellum,
3453 4928 3568 4971 ter-

1967 5039 2147 5081 rorem
2180 5031 2356 5094 portat
2383 5022 2436 5076 in
2461 5020 2634 5075 Vtiltn.
2659 5016 2814 5087 Quod
2845 5026 3024 5072 autem
3055 5015 3129 5070 ait
3155 5031 3169 5068 :
3196 5013 3280 5069 Ea:
3301 5011 3573 5078 semetipsa

1959 5115 2224 5189 judicium
2253 5123 2298 5168 et
2327 5129 2458 5167 onus
2487 5115 2600 5185 ejus
2625 5111 2944 5182 egredietur,
2980 5123 3078 5178 pro
3104 5121 3212 5177 quo
3243 5107 3573 5173 interpreta-

1965 5222 2052 5265 tus
2079 5217 2164 5264 est
2184 5204 2581 5279 Symmachus:
2615 5206 2728 5276 ipsa
2746 5202 2846 5258 sibi
2860 5201 3146 5275 judicabit,
3170 5206 3216 5252 et
3244 5198 3447 5251 decreto
3475 5210 3571 5249 suo

1964 5303 2279 5374 egredietur,
2307 5299 2394 5354 vel
2435 5299 2506 5354 ita
2545 5295 2962 5368 intelligendum
3013 5306 3131 5359 est,
3175 5292 3244 5347 de
3287 5307 3382 5347 sua
3413 5299 3576 5361 gente

1965 5397 2269 5452 constituet
2316 5393 2630 5464 principes,
2663 5403 2716 5447 et
2764 5399 3010 5460 potestas
3063 5388 3183 5456 ejus
3211 5428 3226 5452 ,
3279 5396 3333 5441 et
3361 5383 3576 5457 gladius

1966 5491 2195 5546 aliarum
2245 5473 2488 5558 gett'tiusn
2538 5485 2800 5540 satellites
2845 5499 2952 5538 non
2995 5481 3219 5538 habebit
3246 5525 3261 5550 ,
3294 5481 3378 5535 vel
3425 5487 3577 5536 certe

1963 5578 2234 5652 quomodo
2263 5577 2409 5643 fecit,
2441 5577 2536 5634 fiet
2561 5582 2636 5641 ei,
2661 5583 2717 5630 et
2745 5575 2824 5630 sic
2851 5572 3176 5639 vastabitur,
3210 5581 3269 5627 ut
3297 5571 3414 5640 ipsa
3449 5585 3576 5624 vas—

2047 5720 2070 5758 δ
2102 5721 2207 5793 Pro
2234 5718 2458 5793 vocibus
2475 5759 2489 5783 ,
2512 5718 2752 5793 ἀνωνύμῃ
2792 5715 2990 5793 reperi,
3013 5727 3149 5793 quas
3171 5721 3230 5793 et
3254 5711 3430 5772 nostri
3456 5717 3580 5781 post

1969 5790 2268 5920 lYiczorbiu‘tn
2298 5789 2600 5861 praeferunt
2621 5785 3019 5859 ntsé.,retiuuit
3039 5785 3294 5848 Marsica.
3321 5797 3435 5842 uno
3457 5798 3581 5838 ver-

2007 5877 2040 5922 o
2104 5879 2136 5918 a
2170 5877 2198 5920 θ
2223 5879 2306 5919 ur.
