4050 6342
575 299 713 356 1279
1819 318 1876 374 S.
1921 309 2193 370 EUSEBII
2230 310 2607 371 IlIERONYMl
3717 325 3823 382 l380

573 424 724 480 tavit.
752 425 885 498 Equi
911 444 1126 499 quoque
1162 439 1217 486 et
1241 431 1478 499 equites,
1509 431 1598 502 qui
1628 430 1697 486 de
1727 431 1884 501 longe
1915 430 2156 492 venient,
2186 428 2243 488 Α
2265 438 2440 483 Strant
2471 430 2630 502 597
2665 431 2835 486 furori
2868 431 2988 501 ejus
3015 440 3070 486 et
3103 430 3220 497 irre,
3256 440 3311 485 et
3345 432 3670 489 tribulationi
3693 450 3829 505 quam

574 525 683 572 tam
716 520 960 587 pernices
983 521 1049 576 ad
1080 524 1514 594 persequendum
1546 535 1599 578 et
1628 535 1822 579 cuncta
1857 523 2166 594 populantia
2272 522 2425 577 infert
2453 523 2503 575 in
2538 531 2850 588 peccatores
2883 541 2896 580 :
2931 525 3010 579 vel
3042 524 3253 577 animas
3281 523 3564 580 hominum
3601 528 3829 596 pessimo.

575 623 760 674 eruut,
793 621 850 667 ut
881 612 1074 682 pardus
1106 624 1388 686 superent,
1420 627 1472 671 et
1503 616 1658 687 lupos
1683 617 2044 686 vespertinus.
2077 616 2164 671 Si-
2272 630 2427 678 rum,
2459 629 2554 684 per
2578 632 2712 686 quas
2739 615 2856 689 [ΑΙ.
2889 616 3058 688 quos]
3092 626 3369 672 merentes
3406 621 3633 673 cruciat.
3665 620 3721 676 Hi
3753 637 3833 676 au-

573 702 790 772 qnidem
843 704 950 775 lupi
980 708 1235 762 saeviores
1273 723 1396 764 esse
1423 709 1675 766 dicuntur
1705 720 1861 766 nocte
1890 711 2170 775 vicina,~et
2275 717 2379 760 tem
2408 708 2678 766 (lbaldzci.
2708 725 2838 778 gens
2877 724 3064 763 amara
3094 719 3180 764 est
3207 717 3262 763 et
3287 710 3472 772 velox.
3507 725 3613 765 non
3639 727 3833 780 parcens

577 803 688 850 tota
731 795 821 852 die
853 796 995 854 fame
1046 799 1112 855 ad
1162 802 1364 857 rabiem
1420 805 1694 860 concitati.
1734 805 2005 860 Volabuut
2042 821 2170 876 ergo
2274 810 2323 852 el
2353 800 2462 854 (‘ilo
2487 801 2710 870 explens
2742 802 2886 868 quod
2921 800 2946 840 δ
2972 803 3073 856 sibi
3099 802 3260 857 fuerit
3293 803 3640 872 imperatum.
3667 805 3720 858 Et
3751 823 3836 862 am-

575 890 787 960 equites
815 907 921 946 non
950 893 1016 949 ad
1046 896 1414 966 pugnandum,
1437 901 1561 968 quia
1595 899 1773 955 nullus
1798 901 2041 963 resistet;
2075 899 2170 952 sed
2275 892 2425 947 bulat
2453 911 2620 963 super
2646 896 2987 950 latitudinem
3026 908 3206 951 terrae.
3233 896 3365 951 Lata
3392 897 3528 952 enim
3571 908 3616 953 et
3641 903 3835 966 spatiosa

576 984 644 1040 ad
668 985 1080 1044 discurrendum
1108 1001 1165 1046 ut
1187 992 1388 1062 aquila,
1415 993 1502 1047 cui
1531 993 1583 1047 in
1609 1002 1634 1030 ει
1656 993 1964 1047 volatilibus
1989 993 2168 1045 omnia
2274 989 2354 1040 via
2407 1000 2478 1042 est
2527 1006 2642 1058 qum
2693 991 2831 1044 ducit
2871 991 2940 1044 ad
2989 1003 3203 1045 mortem
3235 989 3424 1063 [Μαῑι.
3459 1007 3557 1054 vtt,
3586 991 3723 1065 l5]:
3764 1009 3837 1065 per

577 1078 882 1145 subjaceut,
913 1080 1176 1136 festinans
1206 1083 1272 1137 ad
1305 1084 1694 1141 devorandum.
1722 1087 2081 1156 Elquiimodo
2105 1085 2167 1138 ad
2274 1097 2434 1150 quam
2485 1083 2798 1138 ambulabat
2840 1093 2895 1139 el
2952 1085 3045 1138 ille
3089 1085 3246 1142 dives
3287 1088 3340 1140 in
3392 1085 3723 1158 Evangelii»,
3765 1091 3836 1159 qui

581 1171 764 1226 flatum
801 1176 943 1229 venti
978 1179 1184 1232 urentis
1216 1181 1444 1235 virentia
1478 1198 1669 1237 cuneta
1701 1196 1972 1251 arescunt,
2005 1185 2075 1238 ita
2104 1186 2172 1239 ad

2279 1175 2514 1245 fulgebat
2542 1182 2590 1232 in
2627 1195 2866 1247 purpura
2897 1179 3058 1245 (an.
3084 1182 3208 1251 XVI)
3233 1223 3246 1245 ,
3280 1192 3338 1236 et
3366 1183 3439 1236 illi
3464 1182 3535 1238 de
3560 1183 3746 1253 quibus
3771 1185 3838 1240 di-

580 1279 864 1336 aspectum
903 1286 1089 1325 eorum
1137 1276 1313 1327 omnia
1348 1278 1722 1342 vastabantur,
1757 1286 2042 1348 tantusque
2071 1280 2176 1333 erit

2279 1270 2414 1323 citur
2439 1288 2453 1324 z
2487 1270 2588 1337 Qui
2609 1271 2872 1325 dormiunt
2902 1290 3054 1344 super
3080 1274 3239 1329 lectas
3266 1275 3518 1331 eburneos
3547 1321 3563 1345 ,
3603 1287 3650 1330 et
3673 1277 3840 1335 deliciis

581 1377 840 1418 uniuerus
879 1365 1212 1434 captivorum
1254 1379 1307 1423 et
1341 1370 1535 1438 prtedze
1560 1411 1575 1436 ,
1611 1381 1667 1424 ut
1713 1387 1808 1442 per
1836 1374 2122 1450 ὑπερϐολήν
2157 1416 2170 1438 ,

2279 1363 2500 1432 afﬂuunt
2549 1364 2602 1417 in
2629 1367 2803 1419 stratis
2832 1367 2958 1420 suis.
2998 1365 3102 1433 Qui
3141 1369 3418 1422 comedunt
3464 1368 3648 1422 vitulos
3676 1370 3734 1422 de
3773 1389 3841 1424 ar-

580 1454 741 1507 etiam
774 1470 952 1509 arenae
979 1459 1153 1526 possit
1184 1461 1407 1525 κωμική.
1441 1462 1557 1532 Ipse
1583 1478 1818 1533 quoque,
1853 1466 1905 1519 id
1937 1476 2037 1526 est.
2070 1467 2176 1521 Na-
2277 1460 2456 1511 mentis
2483 1458 2727 1512 lactentes
2752 1501 2767 1523 ,
2811 1470 2855 1513 et
2882 1461 3060 1514 bibunt
3084 1460 3394 1530 defcccatum
3442 1462 3619 1516 uinum
3643 1504 3658 1528 ,
3701 1473 3741 1517 et
3760 1465 3840 1533 pri-

583 1543 1022 1613 buchodouosor,
1081 1551 1131 1604 in
1178 1552 1438 1607 universo
1468 1557 1598 1610 orbe
1629 1558 1877 1626 regnabit
1903 1599 1916 1618 ,
1945 1568 2000 1612 et
2050 1572 2176 1615 ante

2279 1551 2374 1603 mis
2401 1561 2664 1620 unguntur
2690 1553 2965 1623 unguentis
2993 1552 3011 1620 (
3039 1554 3216 1608 Amos.
3248 1569 3322 1621 γι,
3352 1551 3430 1625 4)
3459 1570 3475 1607 :
3523 1555 3614 1622 qui
3658 1556 3772 1625 quia
3798 1559 3839 1613 in

583 1651 799 1692 currum
841 1654 996 1694 suum
1050 1642 1390 1713 triumphans
1415 1649 1483 1701 de
1529 1649 1746 1717 regibus
1768 1691 1783 1714 ,
1827 1666 1923 1704 eos
1957 1651 2176 1708 habebit
2281 1644 2385 1697 1³1³
2411 1644 2688 1698 εηιιιιυῑθηι
2719 1645 2802 1699 τίει
2827 1687 2840 1710 9
2872 1645 3107 1701 ιθιίιυάο
3141 1659 3298 1700 lenm
3342 1645 3716 1716 appellamur.
3746 1665 3841 1719 quae

583 1729 786 1793 irrisui,
815 1742 869 1786 et
897 1732 1041 1788 inter
1062 1735 1289 1792 delicias
1318 1741 1649 1809 εοηινυιηδίι
1675 1760 1686 1796 ε
1713 1743 1876 1815 596
1905 1753 2174 1816 muneque
2281 1735 2449 1789 Chald
2469 1752 2659 1790 rerum
2691 1737 2932 1807 vestigiis
2950 1741 3240 1807 premitur.
3265 1739 3568 1795 Noluerunt
3594 1741 3730 1794 enim
3752 1757 3843 1796 am-

582 1825 838 1893 potentite
863 1837 919 1882 et
947 1831 1215 1897 superbiae
1239 1835 1363 1898 erit,
1398 1844 1457 1888 tit
1487 1847 1730 1890 naturam
1759 1853 2018 1906 superare
2048 1854 2177 1894 eon-
2207 1820 2258 1882 Β
2287 1831 2474 1886 hui-1'13
2493 1846 2587 1901 per
2609 1843 2816 1886 arma"!
2849 1841 2905 1887 ει
2933 1844 3217 1903 θηειιειὶὶηι
3252 1836 3393 1888 Viam
3414 1875 3430 1900 ο
3483 1850 3606 1905 (tum
3635 1834 3766 1890 duell
3789 1837 3841 1892 ad

588 1917 814 1984 tendat,
860 1928 916 1974 et
943 1922 1109 1977 urbes
1138 1925 1529 1982 munitissimas
1566 1929 1763 1984 robote
1793 1933 1873 1984 sui
1907 1934 2176 1989 exercitus

2285 1924 2475 1988 vitam,
2531 1934 2583 1977 et
2617 1939 2905 1995 perquam
2951 1925 3270 1980 ambulabat
3312 1926 3516 1980 Paulus
3560 1927 3839 1998 glorificans

581 2025 800 2079 capere.
820 2012 1009 2070 Veniet
1036 2017 1180 2073 enim
1209 2019 1434 2092 Tyrum,
1464 2032 1516 2078 et
1538 2024 1683 2093 jacto
1712 2024 1764 2079 iu
1792 2029 1922 2081 mari
1955 2044 2176 2096 aggere,

2285 2016 2404 2088 [ΑΙ.
2434 2018 2710 2090 glorians]
2764 2019 2930 2074 Deum
2986 2019 3040 2074 in
3097 2019 3456 2075 tribulatione
3505 2029 3560 2075 et
3630 2023 3842 2091 angustia

586 2106 924 2173 peninsnlam
959 2110 1116 2165 faciet
1143 2112 1211 2169 de
1243 2114 1438 2178 insula,
1471 2127 1526 2171 et
1558 2119 1839 2174 introitum
1878 2122 2022 2178 inter
2045 2124 2178 2179 ﬂuc-

585 2205 672 2251 tus
697 2200 862 2255 tuaris
890 2202 939 2255 iu
969 2206 1155 2259 urbem
1184 2215 1326 2261 terra
1355 2209 1634 2276 praebebit.
1660 2213 1831 2280 Quam
1859 2213 1930 2268 ob
1960 2231 2175 2271 causam

586 2299 640 2344 et
662 2304 826 2360 super
847 2309 1062 2349 omnem
1091 2300 1444 2356 munitionem
1473 2304 1702 2372 ridebit,
1734 2318 1786 2360 et
1815 2312 2179 2376 comportabit

585 2398 834 2453 aggerem
857 2429 872 2454 ,
905 2397 960 2442 et
985 2391 1166 2460 capiet
1209 2409 1362 2460 eam,
1411 2395 1464 2450 id
1507 2409 1588 2453 est
1610 2445 1622 2464 ,
1656 2403 2031 2468 munitionem,
2064 2404 2180 2459 sive

585 2475 832 2548 Tyrum;
885 2483 1028 2551 quod
1071 2484 1312 2555 Quidem°
1342 2489 1393 2542 in
1446 2491 1725 2548 Ezechiele
1761 2497 2043 2563 persnicue
2084 2498 2178 2550 dc-

584 2583 942 2639 mouSIratur,
974 2578 1064 2631 ubi
1094 2579 1330 2635 dicitur:
1369 2581 1976 2648 Nabuchodonosorwex
2007 2590 2178 2662 Baby-

584 2662 1038 2736 lonis,subju_qavit
1061 2673 1336 2726 exercitum
1362 2692 1510 2730 suum
1531 2695 1680 2749 apere
1701 2697 1885 2752 magno
1908 2683 1974 2734 ad
1982 2700 2086 2736 vers
2096 2702 2178 2737 um

587 2753 804 2825 Tyrum.
834 2755 997 2812 Omne
1017 2772 1172 2827 caput
1194 2764 1415 2820 calvum.
1448 2778 1494 2822 et
1518 2773 1684 2822 omnis
1707 2771 1950 2826 humerus
1976 2775 2178 2846 depila-

589 2854 692 2910 tus,
717 2859 764 2901 et
787 2866 974 2905 merces
1004 2869 1107 2906 non
1136 2855 1260 2908 data
1288 2869 1359 2910 est
1389 2860 1473 2923 ei,
1506 2870 1553 2914 et
1579 2865 1821 2915 exercitui
1849 2865 1961 2934 ejus
2001 2877 2178 2921 contra

591 2937 810 3009 Tyrum,
840 2953 888 2996 et
911 2946 1052 3014 operi
1088 2946 1140 3000 in
1169 2965 1268 3018 quo
1294 2951 1496 3004 servit'it
1528 2952 1799 3007 a'lt'ersttm
1821 2973 1932 3009 eam
1964 2956 2176 3024 (Ezech.

589 3047 747 3101 xxix,
785 3034 890 3105 l9).
927 3035 1060 3090 Cum
1104 3050 1282 3094 autem
1333 3048 1758 3112 compertavcrit
1805 3064 2086 3117 aggerem,
2127 3061 2181 3105 et

589 3127 721 3183 nihil
753 3129 956 3186 viribus
989 3132 1104 3202 ejus
1135 3135 1351 3191 obvium
1384 3135 1566 3202 fuerit,
1597 3152 1718 3195 tunc
1749 3143 2045 3198 mutabitur
2069 3147 2180 3214 spi-

2284 2113 2341 2182 (l
2374 2111 2496 2167 Cor.
2528 2115 2688 2176 v1.12
2715 2117 2753 2181 ).
2787 2115 3081 2170 Ambulant
3111 2125 3290 2172 autem
3321 2114 3568 2172 Chaldaei
3587 2133 3743 2188 super
3781 2120 3843 2174 la-

2285 2205 2569 2258 titudinem
2597 2215 2754 2261 terra:
2773 2250 2786 2272 ,
2816 2215 2872 2260 ιιι
2901 2208 3214 2274 possideant
3239 2210 3598 2264 tabernacula
3623 2228 3722 2265 non
3747 2227 3839 2266 sua.

2282 2295 2474 2350 Onnis
2505 2299 2648 2351 enim
2702 2298 3042 2356 rationabilis
3088 2299 3269 2354 anima
3324 2301 3456 2357 licet
3485 2318 3584 2372 per
3603 2303 3842 2360 vitiumet

2282 2389 2498 2457 culpam
2529 2405 2678 2443 suam
2711 2389 3011 2461 hospitium
3043 2391 3184 2446 facta
3214 2393 3282 2447 sit
3310 2393 3690 2449 Chaldmornm
3711 2440 3724 2462 ,
3776 2406 3838 2450 ta-

2284 2498 2404 2534 lucu
2457 2497 2551 2549 per
2581 2491 2825 2536 naturam
2881 2483 3292 2539 tabernaculum
3326 2486 3421 2540 Dei
3453 2497 3560 2541 est.
3593 2487 3656 2541 Et
3683 2502 3842 2558 quatu-

2282 2588 2442 2638 quam
2477 2573 2530 2627 iu
2557 2574 2852 2643 Evangelio
2886 2576 3154 2643 pessimus
3180 2577 3248 2630 da
3271 2594 3396 2632 mon
3425 2580 3714 2646 loquatur:
3759 2579 3841 2633 Va-

2282 2665 2402 2716 dam
2425 2665 2475 2717 in
2501 2664 2709 2719 domum
2738 2683 2900 2719 meam
2929 2667 3066 2721 unde
3088 2669 3222 2721 exivi
3246 2671 3261 2734 (
3289 2668 3444 2724 Matt.
3479 2686 3574 2735 xu,
3606 2672 3670 2725 Η
3693 2674 3728 2739 ),
3753 2686 3839 2726 non

2286 2767 2364 2809 est
2408 2757 2454 2807 ei
2481 2757 2811 2810 credendum
2839 2775 2853 2821 ;
2887 2758 3151 2828 siquidem
3177 2760 3324 2813 nulla
3354 2761 3691 2815 rationabilis
3717 2776 3840 2816 crea-

2289 2859 2404 2904 tura
2439 2851 2501 2903 ad
2536 2853 2634 2904 hoc
2657 2851 2796 2906 f-cta
2826 2864 2940 2918 est,
2999 2862 3056 2906 ut
3091 2852 3458 2909 habitaculum
3484 2855 3739 2910 daemonis
3762 2857 3835 2911 sit.

2288 2941 2572 3008 Sequitur:
2601 2941 2861 2996 Terribilis
2887 2953 2932 2996 et
2964 2943 3182 2997 illustris
3221 2955 3297 2998 est
3325 2963 3345 3000 .·
3374 2962 3438 3000 ea:
3480 2948 3595 3014 ipso
3625 2947 3838 3012 iudicium

2283 3039 2393 3104 eius
2421 3038 2517 3090 erit
2545 3079 2557 3101 ,
2613 3047 2656 3090 et
2684 3039 2967 3106 assumptio
2994 3049 3015 3077 ο
3041 3041 3154 3110 ejus
3180 3039 3242 3093 ab
3265 3056 3326 3094 eo
3354 3041 3662 3108 egredietur.
3688 3040 3837 3096 Terri-

2284 3128 2408 3182 bilis
2431 3140 2508 3181 cst
2537 3128 2829 3182 Chaldaius
2855 3141 3078 3196 pr0pter
3113 3131 3280 3185 multa
3323 3132 3585 3202 variaque
3611 3132 3836 3202 supplicia

587 3222 725 3277 ritus
767 3224 887 3294 ejus
919 3225 969 3278 in
1011 3229 1358 3297 superbiam:
1392 3241 1446 3285 et
1481 3232 1648 3287 Deum
1681 3250 1800 3288 esse
1831 3252 1888 3288 se
1925 3238 2175 3303 credens,

2286 3239 2404 3288 εμιςι·
2439 3221 2601 3274 infert
2631 3220 2681 3274 iu
2703 3231 3113 3290 contemptores
3141 3239 3154 3287 ;
3200 3223 3455 3286 illustris,
3491 3226 3614 3294 quia
3647 3227 3835 3279 assumit

589 3315 877 3385 imaginem
907 3333 1125 3373 auream
1152 3333 1352 3376 statuet
1377 3325 1426 3376 iu
1457 3323 1749 3396 Babylone,
1778 3343 1936 3396 quam
1963 3330 2180 3384 unin-r-

586 3423 675 3462 sas
720 3422 908 3480 gentes
954 3412 1184 3468 adorare
1233 3418 1540 3483 compellet.
1582 3419 1732 3487 Quod
1785 3436 1905 3476 cum
1949 3423 2177 3490 fecerit,

588 3504 842 3558 transibit
882 3504 932 3558 in
966 3506 1153 3560 bestize
1188 3509 1414 3577 figuram
1438 3555 1451 3577 ,
1486 3524 1534 3567 et
1571 3527 1759 3582 postea
1799 3527 2048 3570 eort-uet:
2086 3534 2179 3585 pro

586 3609 695 3663 quo
726 3596 918 3665 Aquila
951 3608 1005 3651 et
1034 3598 1394 3669 Symmachus
1423 3606 1808 3659 transtulerunt
1839 3611 1924 3661 καὶ
1949 3609 2180 3679 πλημμε-

584 3687 728 3746 λήσει
749 3727 763 3751 ,
812 3687 862 3740 id
895 3698 1009 3756 est,
1041 3699 1088 3743 et
1115 3691 1372 3762 delinquet
1394 3710 1412 3746 :
1455 3694 1595 3749 hanc
1625 3697 1857 3751 habente
1897 3701 2177 3768 Scriptura

587 3794 776 3837 sancta
805 3785 1253 3840 consuetudinem
1277 3828 1290 3850 ,
1327 3796 1382 3840 tit
1414 3804 1586 3844 vssau
1625 3795 1832 3860 (tam),
1868 3793 1916 3845 id
1950 3803 2052 3860 est,
2090 3796 2179 3848 tle-

584 3875 810 3944 linquct,
868 3887 1030 3946 ponat
1077 3894 1176 3948 pro
1213 3896 1279 3935 eo
1314 3883 1454 3950 quod
1495 3893 1615 3949 e~t,
1651 3886 1846 3940 desinet
1888 3904 1996 3941 esse
2034 3890 2175 3958 qu«:d

581 3966 773 4022 fuerat.
809 3969 939 4025 Tale
974 3971 1101 4040 quid
1143 3982 1195 4025 ct
1239 3989 1339 4028 nos
1369 3974 1627 4031 habemus
1658 3980 1706 4032 iu
1754 3979 1947 4050 lingtne
1977 3985 2174 4035 noStra‘.

584 4062 864 4129 idiotnate,
887 4065 1164 4121 dicentes:
1200 4067 1477 4134 Vapulavit
1511 4073 1778 4141 exercitus,
1814 4089 1910 4142 pro
1941 4091 2005 4128 eo
2033 4080 2173 4146 quod

583 4165 689 4224 est,
719 4157 1016 4226 interfectus
1042 4166 1087 4210 et
1110 4175 1271 4213 ctrsus
1293 4173 1396 4213 est:
1421 4161 1506 4223 Et,
1537 4166 1761 4233 peccavit
1787 4168 1931 4219 vinea
1955 4180 2000 4220 et
2032 4187 2174 4239 ager,

584 4262 681 4317 pro
707 4263 774 4303 eo
801 4250 945 4320 quod
986 4262 1088 4316 est,
1120 4253 1374 4308 vindemia
1404 4263 1448 4307 et
1481 4256 1655 4328 fruges
1682 4274 1782 4311 non
1809 4259 2028 4316 habuere
2055 4280 2176 4333 prn-

581 4351 801 4398 ventum.
831 4343 984 4412 Quod
1013 4354 1190 4401 autem
1215 4347 1266 4402 iu
1296 4347 1401 4402 fine
1432 4350 1649 4416 capituli
1683 4349 1911 4405 dicitur:
1947 4352 2075 4407 Hrec
2105 4363 2177 4408 est

579 4433 830 4502 fortitudo
862 4437 975 4504 ejus
1005 4433 1103 4489 Dei
1133 4437 1232 4502 sui,
1266 4439 1537 4511 εἰρωνικῶς
1563 4446 1647 4492 est
1678 4440 1983 4510 legendum.
2021 4454 2076 4496 ut
2107 4446 2176 4498 sit

577 4538 813 4579 sensus:
848 4527 972 4582 Haec
1002 4538 1088 4584 est
1125 4529 1384 4585 futtitudu
1414 4533 1562 4600 ejus,
1612 4548 1771 4602 quam
1814 4534 1963 4590 dedit
1995 4538 2042 4591 ei
2077 4537 2169 4591 Bel

577 4618 710 4673 deus
750 4636 900 4674 suus.
934 4622 1013 4676 Ad
1053 4625 1209 4693 cujus
1255 4627 1459 4681 cultum
1506 4641 1694 4681 omnes
1727 4629 1973 4683 nationes
2007 4630 2167 4684 etiam
2197 4603 2249 4664 D

577 4726 675 4782 per
698 4711 1033 4780 Scripturam
1066 4727 1114 4769 et
1146 4718 1623 4774 cominiuatiouetu
1653 4720 1844 4773 mortis
1871 4723 2169 4776 saevissimo

576 4807 804 4877 imperio
847 4811 1226 4877 cmnpellebat.
1258 4811 1382 4866 Hier,
1419 4813 1570 4879 juxta
1617 4813 1936 4867 llehraicum
1980 4834 1988 4866 :
2027 4831 2168 4869 nunc

578 4903 855 4956 veniamus
877 4903 942 4954 ad
967 4901 1134 4970 LXX,
1168 4916 1244 4968 ut,
1279 4905 1569 4973 propositis
1600 4906 1827 4974 singulis
1858 4909 2164 4972 sententiis,

575 4994 1084 5062 interpretationem
1140 4998 1482 5066 allegoricatu
1538 5011 1872 5067 e0apletnus.
1905 4998 2038 5052 Ecce
2076 5019 2166 5069 ego

575 5089 832 5142 suscitabo
870 5089 1140 5144 Cltaldtt'os
1183 5100 1384 5162 gentem
1421 5108 1649 5143 aumram
1691 5101 1734 5143 et
1773 5092 2020 5156 celocem,
2053 5108 2166 5160 qua:

575 5181 805 5234 ambulat
857 5199 1012 5253 super
1068 5183 1394 5236 latitudinem
1443 5193 1632 5244 terror,
1686 5192 1739 5234 ut
1790 5183 2048 5250 possideat
2092 5195 2170 5236 ta-

575 5275 849 5332 bernacula
904 5295 1004 5331 non
1059 5294 1170 5332 sua.
1232 5274 1610 5331 Comtniuatur
1678 5277 1820 5330 Dens
1882 5278 2164 5330 adversum

575 5381 977 5438 centemptores
1006 5379 1064 5425 et
1104 5368 1504 5423 calumniantes
1553 5369 1945 5439 providentiam
1976 5385 2127 5423 suam
2151 5412 2164 5434 ,

574 5462 959 5515 suscitaturum
1003 5477 1062 5517 se
1113 5461 1426 5525 Chaldaeos,
1459 5461 1550 5531 qui
1593 5462 1982 5529 interpretatur
2022 5463 2169 5526 quasi

573 5554 864 5622 dtemonia;
892 5555 974 5610 vel
998 5557 1217 5627 angelos
1241 5557 1511 5627 pessimos
1534 5556 1864 5626 signiﬁcans,
1890 5557 1978 5626 qui
2007 5556 2166 5610 mini-

644 5706 671 5734 κ
697 5695 836 5751 Male
862 5708 1029 5766 penes
1061 5695 1307 5751 Martiali.
1339 5695 1613 5749 volatibus.

642 5768 669 5808 ιι
695 5767 887 5835 Regia.
905 5783 1007 5822 ms.
1034 5768 1173 5839 quod
1194 5769 1294 5821 cito
1325 5769 1518 5837 fuerat.

645 5853 666 5879 ε
700 5839 845 5893 Idem
869 5879 885 5905 ,
916 5836 1196 5909 assumptio
1222 5836 1338 5910 ejus
1369 5854 1570 5910 egressa
1599 5845 1671 5890 est
1700 5836 1762 5889 ab
1795 5851 1872 5891 eo.

2285 3317 2385 3370 sibi
2439 3315 2735 3370 di~iuitatis
2761 3316 3012 3382 gloriam.
3047 3317 3111 3370 Et
3140 3333 3233 3382 per
3257 3320 3478 3373 oracula
3523 3333 3616 3373 sua
3646 3330 3693 3373 et
3729 3317 3832 3372 falsa

2283 3426 2544 3479 responsa
2573 3452 2586 3474 ,
2621 3420 2674 3464 ct
2704 3413 3021 3464 curationes
3050 3411 3365 3466 morborum
3391 3454 3406 3477 ,
3443 3428 3583 3483 quos
3613 3415 3716 3483 ipse
3759 3414 3836 3466 im-

2284 3516 2502 3558 miserat
2535 3548 2546 3567 ,
2580 3505 2718 3574 apud
2768 3506 3046 3572 imperitos
3074 3516 3126 3558 et
3157 3517 3570 3575 contemptores
3602 3507 3689 3561 Dei
3711 3505 3833 3560 vide-

2286 3611 2371 3652 tur
2400 3600 2640 3652 illustris.
2677 3599 2794 3652 Erit
2825 3598 2968 3652 enim
3001 3599 3678 3669 contemptorisjudicium
3705 3607 3833 3667 atque

2281 3694 2602 3763 supp'iciu'u
2647 3709 2712 3747 ex
2744 3707 2808 3745 co
2831 3735 2845 3758 ,
2884 3692 2986 3745 hoc
3008 3700 3129 3756 est,
3184 3708 3251 3746 ex
3282 3693 3609 3762 semetipso,
3641 3691 3744 3746 sive
3781 3705 3831 3744 et

2280 3788 2560 3840 (lbaldico.
2597 3787 2700 3852 lpsi
2753 3788 2898 3840 enim
2947 3785 3248 3840 secundum
3300 3788 3611 3855 apostolum
3655 3782 3834 3838 traden-

2283 3891 2369 3934 tur
2433 3881 2498 3934 ad
2569 3896 2782 3949 pinnam
2821 3922 2837 3945 ,
2930 3889 2984 3934 ut
3042 3879 3258 3935 discant
3318 3894 3426 3933 non
3491 3877 3831 3948 blasphemare

2283 3976 2333 4044 (l
2366 3975 2495 4026 Tim.
2536 3971 2629 4044 t):
2664 3988 2692 4026 a
2740 3989 2850 4039 quo
2879 3973 2969 4042 qui
3024 3972 3199 4042 egerit
3243 3972 3662 4040 paenitentiam,
3707 3978 3751 4022 et
3776 3965 3828 4019 ad

2282 4069 2446 4122 Deum
2479 4083 2772 4121 conversus
2807 4066 2989 4135 fuerit,
3024 4065 3338 4134 egredietur
3367 4109 3380 4132 ,
3424 4081 3548 4120 cum
3582 4065 3717 4134 prius
3738 4074 3828 4115 ma-

2280 4161 2436 4215 uibm
2473 4161 2614 4212 illius
2643 4171 2922 4214 teneretur
2948 4202 2961 4222 ,
2997 4169 3050 4212 ct
3081 4170 3226 4214 esset
3251 4156 3494 4212 Chaldaei
3541 4154 3825 4224 assumptio.

2277 4254 2331 4309 Si
2366 4254 2578 4324 quando
2606 4253 2908 4308 viderimus
2941 4255 3110 4308 multo
3164 4253 3401 4323 aliquem
3459 4265 3697 4323 tempore
3740 4263 3832 4302 ser-

2276 4347 2653 4402 vissediabolo
2677 4389 2690 4412 ,
2714 4358 2765 4402 et
2799 4356 2988 4417 postea
3021 4348 3084 4400 ad
3110 4348 3274 4420 598
3304 4347 3469 4401 Deum
3500 4360 3621 4400 esse
3641 4354 3832 4399 conver-

2277 4457 2432 4506 smn,
2471 4441 2713 4495 dicomus
2741 4440 2805 4494 de
2837 4456 2904 4494 eo
2930 4456 2942 4493 :
2974 4439 3040 4493 Et
3067 4441 3355 4506 assumptio
3401 4441 3517 4509 eius
3568 4451 3752 4509 egressa
3775 4441 3830 4487 est

2279 4533 2342 4584 ab
2369 4549 2447 4585 eo.
2479 4533 2818 4602 Quicumque
2848 4532 2991 4587 enim
3013 4533 3226 4600 egerint
3253 4531 3624 4601 paenitentiam
3647 4570 3661 4594 ,
3689 4535 3736 4582 et
3759 4523 3830 4580 de-

2277 4633 2593 4699 reliquerint
2622 4631 2915 4694 daemones,
2943 4630 3137 4697 quibus
3164 4628 3315 4698 quasi
3348 4628 3470 4691 eriui
3503 4627 3648 4697 prius
3675 4621 3732 4676 ad
3757 4635 3829 4674 se-

2276 4722 2510 4776 dentium
2539 4734 2687 4788 terga
2721 4721 3064 4788 prmbehaut;
3091 4730 3144 4772 et
3179 4719 3466 4773 velocitate
3496 4716 3765 4786 pardornm
3789 4716 3830 4764 et

2277 4814 2525 4882 luporum
2561 4833 2568 4846 ·
2592 4829 2783 4882 e~pere
2806 4812 3014 4882 equites
3040 4824 3168 4865 suos
3193 4810 3494 4880 abjeceriut
3517 4819 3572 4864 et
3596 4804 3826 4865 eliserint,

2275 4916 2330 4961 et
2361 4923 2531 4958 vat-uo
2557 4907 2770 4972 levique
2800 4904 2963 4959 dorso
2995 4903 3060 4956 ad
3093 4919 3217 4956 eum
3247 4904 3567 4971 portandum
3596 4895 3824 4955 venerin',

2274 5002 2360 5069 qui
2387 5015 2548 5064 super
2575 4998 2779 5067 pullum
2809 4999 2976 5051 asina:
3006 5006 3322 5051 mansuetus
3349 5006 3403 5051 et
3445 5010 3644 5065 pauper
3670 5003 3826 5045 ascen-

2273 5090 2350 5145 dit
2378 5090 2562 5162 (Joan.
2601 5090 2702 5158 λιι)
2730 5131 2744 5154 ,
2795 5089 2847 5142 1ιί
2876 5088 3032 5158 qua~i
3064 5088 3130 5142 de
3177 5088 3336 5158 longe
3367 5095 3709 5157 properantes
3730 5121 3743 5145 ,
3783 5085 3826 5131 et

2275 5200 2380 5236 non
2411 5184 2650 5238 contenti
2678 5196 2843 5236 cursu
2873 5192 2927 5234 ct
2957 5185 3156 5251 impetu
3185 5191 3463 5234 assumeut
3490 5180 3716 5234 volatum
3735 5215 3748 5239 ,
3782 5177 3824 5223 rt

2273 5277 2491 5330 venit-nt
2549 5276 2701 5343 quasi
2749 5273 2930 5344 aquila
2959 5313 2974 5339 ,
3030 5282 3086 5327 ιιι
3116 5273 3388 5327 sermonis
3437 5271 3530 5326 Dei
3574 5273 3824 5325 vescantur

2273 5370 2527 5423 carnibus
2551 5409 2564 5430 ,
2598 5374 2653 5420 et
2682 5365 2880 5434 famem
2916 5366 3047 5419 tanti
3091 5365 3355 5434 temporis
3403 5373 3659 5419 satureut.
3697 5360 3746 5413 In
3771 5367 3821 5408 e0

2274 5463 2416 5516 enim
2443 5459 2586 5528 quod
2613 5459 2810 5512 dicitur
2827 5499 2843 5523 ,
2868 5463 2952 5514 καὶ
2980 5461 3350 5524 ἐξιππάζονται
3387 5459 3433 5514 oi
3461 5459 3630 5518 ἱππεῖς
3655 5454 3816 5508 αὐτοῦ.

2271 5553 2296 5593 (Ῑ
2327 5564 2380 5610 et
2405 5553 2547 5608 LXX
2577 5556 2970 5606 transtulerunt
2997 5571 3008 5606 :
3039 5552 3100 5604 Et
3123 5551 3485 5620 equitubuntur
3507 5548 3689 5620 equites
3707 5544 3816 5614 ejus,

2335 5689 2360 5726 ἀ
2392 5690 2497 5744 Pro
2523 5689 2702 5744 verbis
2721 5730 2736 5754 ,
2768 5699 2813 5742 et
2841 5687 2990 5742 LXX
3030 5689 3406 5742 transtulerunt
3433 5729 3446 5752 ,
3502 5684 3706 5755 Regina!
3732 5688 3815 5732 ms-

2265 5773 2321 5818 et
2364 5763 2632 5816 Victorius
2665 5761 2807 5815 hanc
2841 5760 3351 5830 interpretationem
3379 5760 3481 5827 ipsi
3534 5757 3817 5822 Hieronymo

2263 5835 2594 5900 tribuentes,
2633 5833 2925 5902 praeferunt
2953 5875 2968 5901 ,
3012 5847 3203 5904 nasque
3248 5832 3620 5887 transtulimus.
