4050 6342
219 261 352 322 HS!

1061 257 1714 318 COMMENTARIORUM
1757 259 1822 316 IN
1863 259 2136 318 ΑΒΜ]υο
2175 261 2306 318 LIB.
2351 261 2390 316 I.
2433 259 2588 319 CAP.
2633 263 2676 318 1.

3381 261 3520 322 1212

212 379 374 450 juxta
403 393 624 434 sensum
655 391 816 448 quem
847 391 1010 446 supra
1057 378 1344 446 pOSnimus
1371 417 1386 440 ,
1423 377 1814 444 interpretatus
1845 379 1895 438 Α
1923 383 2026 430 tem
2049 387 2308 446 sequatur
2337 377 2706 448 inteiiigeutite
2733 419 2746 444 ,
2778 375 3148 447 sermonisque
3169 385 3514 446 contextum,

219 493 306 536 eSt
347 479 742 551 Symmachus,
797 477 1132 546 eﬂ'undentur
1159 479 1352 547 equites
1393 481 1506 550 ejus
1535 518 1548 542 ,
1605 476 1654 530 id
1689 487 1772 530 est
1802 517 1818 542 ,

217 591 492 636 corruunt
521 579 894 636 110111110111111·
923 582 976 634 in
1021 589 1242 634 terram.
1299 578 1432 646 Lupi
1465 589 1648 634 autem
1685 577 1822 636 Ara-

215 682 322 738 biae
346 725 360 748 ,
391 683 444 738 id
481 693 564 738 est
591 681 804 753 vesperi
831 689 886 736 et
909 681 1216 736 Occidentis
1245 679 1298 734 bi
1337 689 1484 735 recte
1517 691 1816 748 Vocantur,

215 785 410 858 quibus
431 783 777 840 conversatio
811 783 1042 854 pessima
1075 783 1349 846 occubuit,
1375 787 1429 834 et
1457 787 1580 834 ante
1613 779 1825 834 111111111-

215 885 344 958 gine
375 885 662 941 constituti
689 921 706 951 ,
737 891 850 938 1010
883 884 1050 952 gradu
1079 897 1362 952 veSperam
1393 881 1780 952 derelinquunt
1805 921 1820 946 ,

217 1002 382 1058 quam
442 1002 568 1043 cum
617 987 978 1056 teliquerint.
1027 995 1080 1040 et
1111 985 1420 1040 volaverint
1467 986 1735 1054 prompti,
1765 993 1824 1038 ut

217 1089 512 1146 comedunt
537 1103 736 1144 carnes
765 1087 916 1142 verbi
947 1087 1046 1140 Dei
1072 1127 1088 1153 ,
1141 1097 1270 1142 tunc
1291 1085 1690 1140 eonsutnmatio
1733 1099 1824 1140 ve-

219 1189 334 1244 niet
363 1189 414 1242 in
445 1187 642 1256 impios
671 1227 684 1252 ,
733 1185 785 1240 id
815 1196 897 1240 est
926 1229 940 1254 ,
972 1185 1024 1238 in
1055 1185 1340 1240 Chaldaeus
1367 1187 1462 1256 qtti
1495 1183 1824 1238 resistebant

219 1289 462 1344 vultibus
489 1286 872 1358 paenitentiam
904 1303 974 1342 ne
1003 1297 1417 1342 reverterentur
1439 1285 1506 1340 ad
1533 1285 1820 1340 Dominum

219 1407 400 1448 suum.
461 1391 828 1460 Quamobrem
865 1389 1266 1444 consummatio
1299 1390 1350 1442 in
1379 1388 1574 1458 impius
1601 1391 1818 1452 veniet,

219 1493 544 1550 resistentes
571 1493 812 1546 vultibus
835 1507 1024 1546 eorum
1079 1505 1150 1544 ex
1185 1491 1436 1546 adverso.
1473 1491 1608 1544 (lum
1641 1499 1823 1544 autem

219 1593 300 1650 illi
331 1593 532 1648 fuerint
561 1592 962 1658 consummati,
991 1600 1046 1644 et
1071 1591 1138 1646 de
1169 1591 1420 1644 manibus
1451 1607 1638 1646 eorum
1665 1606 1824 1658 erep-

223 1697 276 1742 ta
309 1685 602 1756 cnptiviIas
625 1729 640 1752 ,
673 1693 800 1740 tunc
831 1699 1015 1738 sermo
1045 1685 1264 1738 divinus
1287 1683 1644 1754 congregabit
1669 1683 1822 1752 quasi

1925 487 2026 524 nec
2057 472 2108 525 in
2133 475 2294 526 rebus
2325 473 2546 526 multum
2593 473 2736 528 inter
2761 487 2820 528 se
2860 471 3147 528 contrariis
3182 471 3420 528 violenta
3449 473 3522 524 sit

1925 567 2266 634 capulandis.

2001 659 2018 728 (
2049 659 2202 714 Vers.
2241 659 2324 714 12.
2357 659 2378 729 )
2403 658 2675 728 Numquid
2697 677 2798 716 non
2823 669 2878 715 tu
2905 677 2936 716 a
2967 659 3254 731 principio,
3299 657 3520 716 Domine

1925 749 2068 804 Deus
2097 769 2238 806 meus
2263 793 2278 815 ,
2309 761 2486 806 sancte
2517 769 2656 806 mens
2685 753 2777 806 ?et
2799 768 2902 806 non
2931 751 3248 807 moriemur?
3271 749 3518 822 Domine,

1923 845 1976 897 in
1995 845 2256 916 judicium
2275 845 2490 912 posuisti
2515 861 2652 910 eum,
2687 853 2734 900 et
2757 847 2942 916 fortem
2969 855 3024 898 ut
3047 846 3332 910 corriperes
3353 887 3367 910 ,
3397 846 3521 916 fun-

1925 939 2058 992 dasti
2089 939 2244 992 cum?
2273 939 2448 994 LXX:
2477 937 2666 992 Nonne
2687 947 2740 992 tu
2765 955 2796 992 a
2819 939 3074 1012 principio
3092 981 3106 1006 ,
3135 939 3354 994 Domine
3373 937 3522 994 Deus

1925 1047 2067 1085 meus
2091 1073 2105 1094 ,
2157 1041 2330 1086 sancte
2355 1033 2538 1086 meus?
2561 1027 2628 1086 et
2655 1049 2756 1086 non
2787 1033 3106 1086 moriemur?
3157 1032 3376 1086 Domine
3405 1073 3419 1098 ,
3467 1033 3521 1085 in

1915 1127 2178 1199 judicium
2206 1125 2226 1198 [
2251 1127 2324 1180 il.
2339 1127 2580 1200 judicio]
2605 1129 2822 1200 posuisti
2851 1145 2968 1182 eum
2999 1145 3018 1183 :
3042 1137 3090 1183 et
3115 1129 3388 1192 plasmauit
3415 1143 3518 1194 me,

1927 1227 1981 1271 ut
2025 1234 2244 1284 arguam
2287 1219 2340 1271 in
2373 1218 2652 1288 disciplina
2683 1221 2816 1288 ejus.
2859 1219 3222 1292 Symmachus
3263 1217 3526 1274 manifes’

1927 1307 2030 1362 tius
2053 1325 2070 1362 :
2103 1307 2290 1364 Nonne
2312 1319 2364 1362 tu
2387 1325 2418 1362 τι
2441 1311 2696 1380 principio
2715 1352 2730 1372 ,
2754 1308 2974 1364 Domine
2995 1309 3134 1364 Deus
3159 1327 3320 1372 meus,
3351 1317 3528 1365 sancte

1929 1417 2070 1454 meus
2093 1443 2106 1464 ,
2149 1411 2204 1454 ut
2235 1417 2340 1454 non
2387 1401 2744 1456 morerentur?
2777 1401 3028 1471 Domine,
3075 1402 3146 1454 ad
3165 1403 3522 1474 judicandum

1927 1493 2144 1564 posuisti
2199 1509 2357 1558 eum,
2423 1493 2605 1562 fortem
2661 1493 2729 1548 ad
2777 1493 3164 1564 corripiendum
3213 1490 3532 1548 constituisti

1927 1584 2096 1638 illum.
2133 1585 2214 1638 Ad
2251 1585 2528 1654 propheta:
2573 1585 2973 1656 querimoniam
3009 1586 3244 1640 dicentis
3276 1601 3291 1638 :
3325 1583 3530 1656 Usque-

1929 1693 2028 1746 quo
2055 1721 2066 1738 ,
2111 1677 2334 1732 Domine
2359 1720 2374 1744 ,
2404 1677 2662 1740 clamabo,
2695 1689 2744 1732 et
2773 1695 2880 1732 non
2915 1678 3200 1732 exaudies?
3227 1681 3529 1748 responde-

219 1793 442 1834 arenam
495 1777 808 1834 Chaldaica:
837 1778 1168 1847 Captivitatis
1193 1821 1206 1845 ,
1257 1789 1308 1828 et
1355 1777 1726 1832 delectabitur
1767 1777 1818 1830 in
1851 1765 1900 1824 Β
1929 1781 2006 1822 rat
2043 1769 2180 1822 licus
2201 1811 2216 1836 ,
2269 1769 2462 1824 dicens
2491 1785 2506 1823 ζ
2537 1769 2764 1839 Aspicite
2805 1771 2858 1823 in
2897 1769 3132 1842 gmiibus
3155 1780 3200 1824 et
3235 1771 3446 1824 ridete:
3475 1777 3531 1824 et

221 1873 472 1945 regibus,
505 1881 561 1928 et
601 1871 820 1944 tyranni
855 1871 1057 1924 ludicra
1102 1869 1224 1938 ejus
1255 1877 1457 1932 erunt,
1487 1869 1677 1924 videns
1719 1887 1818 1938 po-

221 1965 588 2022 teutissimum
617 1963 892 2034 quondam
917 1963 1193 2016 diabolum
1219 2003 1234 2026 ,
1257 1969 1312 2014 et
1337 1975 1502 2032 regna
1526 1961 1646 2030 ejus
1673 1961 1824 2032 (quae

219 2057 494 2116 Salvatori
517 2071 734 2126 qunque
759 2055 1059 2110 ostendens
1081 2097 1094 2122 ,
1121 2055 1196 2108 ait
1217 2051 1433 2122 (Matth.
1458 2069 1532 2118 tv,
1559 2053 1591 2106 Si
1615 2051 1634 2124 )
1659 2071 1670 2106 :
1703 2051 1826 2106 Ηίεε

221 2155 394 2208 omnia
423 2150 554 2204 dabo
603 2149 734 2214 tibi,
795 2149 840 2202 si
887 2147 1161 2218 procitlens
1193 2144 1492 2200 adoram‘ris
1533 2143 1655 2216 me)
1707 2144 1828 2214 ejus

221 2245 460 2300 adventu
519 2257 644 2298 esse
701 2241 1022 2304 destructa;
1077 2238 1290 2294 delicia:
1345 2239 1490 2294 enim
1529 2239 1826 2308 prudentia:

223 2349 386 2406 sunt,
422 2347 476 2393 et
505 2339 754 2406 voluptas
795 2335 1118 2406 sapientiai,
1177 2349 1298 2390 cum
1332 2333 1562 2388 stultitia
1591 2333 1826 2386 destrui-

225 2439 316 2488 tur
340 2473 356 2500 ,
393 2442 446 2486 ct
473 2443 834 2503 tyrannorum
864 2429 1134 2500 quondatn
1171 2428 1416 2498 potentia
1457 2437 1714 2496 superata
1747 2435 1830 2479 at-

227 2541 336 2596 que
357 2525 602 2594 deiecta,
627 2523 858 2578 vertitur
891 2525 942 2576 in
975 2522 1242 2576 derisum.
1275 2520 1466 2590 Neque
1488 2519 1634 2574 enim
1679 2519 1830 2572 solus

225 2617 390 2672 draco
443 2613 708 2670 formatus
763 2621 850 2668 est
897 2621 955 2666 ut
985 2611 1130 2666 lusui
1161 2611 1462 2666 haberetur
1492 2625 1524 2664 a
1559 2611 1824 2674 Domino,

229 2713 322 2780 qui
355 2717 438 2764 est
465 2707 788 2778 principium
817 2705 1196 2776 plasmatiouis
1220 2705 1340 2772 ejus
1375 2746 1388 2768 ,
1421 2705 1598 2758 factus
1619 2703 1826 2772 angelis

233 2813 262 2842 ⁸
291 2803 588 2860 ludicrutn.
615 2801 804 2870 Neque
841 2799 996 2854 illum
1043 2799 1222 2854 solum
1255 2797 1405 2852 dabit
1433 2796 1578 2852 Deus
1605 2839 1618 2862 ,
1677 2795 1832 2864 quasi

229 2913 510 2968 passerem
568 2895 837 2966 parvulo;
889 2895 984 2948 sed
1015 2891 1177 2964 599
1207 2893 1250 2947 si
1303 2893 1429 2961 quis
1479 2890 1640 2946 etiam
1691 2889 1832 2944 alius

227 2989 468 3046 crudelis
491 3030 508 3053 ,
553 2999 608 3044 et
633 2987 834 3044 mentis
859 2989 1157 3058 tyrannica:
1183 2985 1348 3040 fuerit
1371 3025 1384 3048 ,
1445 2985 1694 3038 tradetur
1717 2997 1832 3036 ser-

228 3083 380 3139 moni
407 3082 502 3136 Dei
531 3081 584 3134 in
613 3080 876 3136 derisum.
915 3079 982 3134 Et
1009 3079 1128 3148 ipse
1157 3081 1234 3132 ait
1260 3119 1274 3144 ,
1319 3079 1372 3130 in
1407 3093 1608 3130 onmem
1651 3073 1828 3128 muni-

229 3177 420 3232 tionem
457 3173 662 3229 illudet.
697 3173 828 3241 Quae
855 3181 1038 3228 autem
1063 3183 1149 3228 est
1175 3172 1278 3226 alia
1305 3175 1534 3226 munitio
1561 3211 1575 3236 ,
1605 3171 1706 3224 nisi
1743 3169 1830 3222 illa
1857 3145 1904 3210 (ἶ

229 3269 299 3326 de
321 3285 421 3338 qna
449 3269 690 3338 loquitur
717 3267 1012 3336 Apostolus
1035 3283 1050 3320 :
1081 3267 1242 3320 Arma
1265 3267 1400 3318 enim
1423 3265 1620 3318 mittite
1645 3273 1836 3320 uestra:

231 3379 338 3418 non
373 3361 608 3415 carnalia
639 3371 760 3416 sunt
787 3405 802 3428 ,
829 3359 922 3414 sed
944 3360 1174 3430 potentia
1205 3357 1316 3412 Deo
1341 3359 1410 3412 ad
1439 3357 1836 3412 destructionem

231 3455 580 3508 munitionum
605 3498 620 3524 ,
652 3453 994 3526 coyitationes
1025 3451 1340 3506 destruentia
1367 3495 1380 3520 ,
1413 3459 1461 3504 et
1484 3465 1684 3504 omnem
1715 3449 1838 3502 alti-

235 3547 466 3599 tudinem
494 3545 778 3600 elevantem
802 3559 854 3598 se
897 3545 1143 3597 adversus
1180 3543 1447 3596 scientiam
1481 3541 1576 3594 Dei
1605 3545 1620 3612 (
1645 3541 1686 3594 ll
1713 3539 1832 3594 Cor.

231 3653 290 3706 Χ,
317 3639 372 3703 4,
407 3639 438 3692 ὅ
459 3643 494 3702 ).
525 3635 580 3692 Si
605 3650 732 3706 qua:
774 3635 938 3707 igitur
971 3635 1170 3690 fuerint
1195 3675 1210 3698 ,
1261 3635 1342 3690 vel
1367 3635 1420 3690 in
1449 3634 1792 3690 sermonibus
1821 3676 1836 3700 ,

233 3732 324 3802 qui
349 3732 678 3801 promittunt
701 3730 1042 3786 altitudinem
1065 3741 1120 3784 et
1143 3729 1568 3798 magnitudinem
1590 3743 1648 3782 se
1675 3727 1840 3782 habe-

233 3841 298 3882 re
327 3826 654 3882 contrariam
687 3825 940 3890 veritati,
977 3824 1332 3892 munitiones,
1365 3823 1452 3878 vel
1483 3821 1838 3890 1110101ιὶ310-

233 3921 316 3976 ria
345 3931 508 3992 atque
537 3919 742 3974 divitiis
771 3929 826 3974 et
855 3917 1194 3988 fortitudine,
1227 3935 1348 3990 qua}
1377 3915 1626 3972 laudatur
1653 3915 1704 3970 in
1738 3933 1838 3970 sm—

235 4015 366 4070 culo
393 4057 406 4080 ,
461 4015 648 4070 omnia
679 4013 1070 4080 destruentur,
1123 4023 1178 4068 et
1203 4027 1384 4068 sermo
1425 4011 1520 4066 Dei
1569 4011 1838 4065 universae

236 4107 526 4162 munitioni
569 4107 780 4162 illudet.
815 4107 884 4162 Et
933 4109 1114 4162 mittet
1147 4121 1396 4177 aguerem
1420 4150 1434 4174 ,
1495 4113 1550 4160 et
1573 4103 1840 4160 obtinebit

237 4211 358 4254 eam
383 4213 480 4269 per
509 4213 760 4270 aggerem
781 4239 796 4264 ,
843 4209 898 4252 et
929 4209 1144 4254 terrena
1176 4213 1296 4269 quae
1321 4196 1530 4270 profert
1556 4239 1569 4262 ,
1606 4211 1838 4267 arguens

237 4305 362 4346 eam
383 4289 688 4360 fragilitatis
713 4293 766 4345 in
799 4289 884 4344 his
913 4291 1110 4360 quibus
1139 4290 1240 4346 sibi
1264 4291 1549 4346 videbatur
1569 4292 1717 4360 prius
1741 4291 1841 4344 ali-

237 4383 366 4454 quid
403 4384 602 4438 habere
633 4381 990 4438 fortitudinis.
1017 4382 1148 4438 Cum
1178 4393 1356 4438 autem
1403 4385 1502 4436 hoc
1535 4383 1694 4438 fuerit
1741 4401 1836 4438 cx-

236 4475 472 4548 pletum.
505 4483 632 4529 tunc
658 4475 884 4542 spiritus
908 4485 1276 4543 convertetur,
1301 4487 1354 4530 et
1379 4491 1718 4546 nequaquam
1743 4491 1840 4543 pu-

1925 1871 2048 1930 post
2077 1861 2450 1930 praefationem
2477 1865 2738 1918 intulerat
2765 1879 2778 1918 :
2811 1863 2976 1936 600
2999 1865 3132 1920 Ecce
3157 1881 3249 1938 ego
3270 1867 3528 1920 suscitabo

1927 1953 2198 2008 Cttuida'os
2225 1965 2426 2028 gentem
2453 1973 2687 2010 autat-am
2735 1967 2784 2012 et
2817 1959 3062 2012 velocem.
3103 1957 3370 2030 Omnique
3431 1959 3528 2015 de-

1927 2049 2222 2118 scriptione
2243 2052 2532 2120 completa,
2561 2053 2644 2106 vel
2672 2051 2742 2106 de
2763 2051 3267 2108 Nabuchodonosor
3291 2095 3308 2118 ,
3348 2053 3434 2108 vel
3461 2053 3530 2110 de

1929 2141 2156 2196 diabolo
2185 2141 2238 2196 in
2269 2147 2376 2198 fine
2411 2153 2676 2198 memorat
2709 2161 2723 2197 :
2759 2143 2904 2200 Tunc
2935 2146 3219 2202 mutabitur
3267 2147 3484 2216 spiritus
3511 2189 3526 2214 ,

1927 2245 1972 2290 et
1999 2237 2360 2306 pertransibit,
2399 2249 2446 2290 et
2474 2249 2706 2308 corruet,
2757 2241 2866 2294 haec
2895 2249 2970 2296 est
2993 2243 3252 2312 fortitudo
3275 2243 3394 2314 ejus
3425 2241 3526 2298 Dei

1929 2333 2034 2386 sui.
2077 2331 2232 2400 Quod
2265 2333 2524 2402 propheta
2575 2334 2802 2388 audiens
2844 2345 2898 2390 et
2943 2335 3286 2407 intelligens.
3323 2335 3530 2394 idcirco

1929 2427 2435 2482 Nabuchodooosuir
2464 2439 2654 2482 contra
2685 2429 2880 2484 Jndam
2903 2473 2916 2492 ,
2947 2431 3064 2486 sive
3087 2432 3358 2486 diabolum
3393 2445 3523 2488 con-

1933 2531 2010 2576 tra
2039 2523 2324 2600 credentes
2357 2525 2604 2592 accipere
2639 2531 2996 2595 potestatem,
3027 2533 3087 2580 ut
3116 2527 3520 2594 corripiateos,

1931 2623 2126 2684 etpost
2165 2617 2572 2682 correptiouem
2605 2615 2722 2686 ipse
2753 2631 2974 2688 queque
3004 2618 3260 2688 puniatur
3292 2619 3344 2672 in
3375 2619 3480 2673 ﬁne
3511 2659 3529 2686 ,

1931 2709 2222 2778 respondit
2273 2709 2506 2764 Domino
2539 2727 2554 2766 :
2605 2708 2826 2780 Ergone
2865 2719 2920 2764 tu
2953 2726 3012 2766 es
3039 2751 3054 2776 ,
3111 2711 3344 2768 Domine
3389 2711 3538 2768 Deus

1929 2817 2082 2858 meus
2112 2846 2126 2868 ,
2177 2811 2366 2859 sancte
2415 2819 2568 2858 meus
2615 2801 2778 2870 (haec
2837 2811 3018 2858 autem
3072 2801 3314 2874 loquitur
3373 2803 3530 2858 blan-

1931 2893 2128 2948 dientis
2171 2903 2226 2948 et
2273 2893 2586 2962 pcenitentis
2635 2893 2900 2966 aﬂ‘ectu),
2933 2896 3078 2965 quia
3115 2896 3384 2966 principio
3435 2910 3536 2952 nos

1932 2989 2132 3040 ereasti
2153 2989 2172 3038 ?
2199 2987 2356 3058 cujus
2385 2987 2760 3042 misericordia
2803 2987 3086 3058 hucusque
3129 2989 3486 3044 SubsiSIimtts
3511 2989 3534 3044 ?

1933 3078 2046 3132 Non
2069 3081 2212 3132 enim
2235 3079 2472 3134 sciebam
2499 3089 2706 3134 tantum
2729 3095 2889 3148 posse
2909 3081 3262 3136 adversarios
3287 3089 3530 3148 nostros,

1939 3187 2037 3226 nec
2069 3187 2322 3226 noveram
2357 3171 2861 3228 Nabuchodonosor
2885 3214 2900 3240 ,
2925 3171 3012 3228 vel
3041 3171 3314 3227 diabolum
3347 3173 3536 3230 tmmdi

1937 3263 2128 3332 hujus,
2175 3273 2228 3318 et
2253 3273 2570 3318 cunctarum
2607 3265 2884 3334 accepiSSe
2921 3265 3160 3334 gentium
3189 3273 3534 3334 potesla'cm.

1938 3357 2206 3424 Quantum
2239 3359 2402 3426 igitur
2427 3359 2492 3412 ad
2515 3359 2664 3412 vires
2691 3359 2810 3426 ejus
2829 3399 2842 3420 ,
2871 3359 3056 3414 nullus
3087 3357 3334 3414 nostrum'
3361 3359 3410 3414 ei
3444 3377 3538 3428 po-

1941 3457 2045 3502 Ie~t
2071 3449 2348 3506 resistere.
2409 3449 2678 3516 Quantum
2737 3459 2920 3504 autem
2981 3450 3048 3504 ad
3105 3451 3534 3508 miscrico-diam

1939 3551 2082 3596 tuam
2103 3583 2116 3606 ,
2151 3553 2298 3596 tuum
2322 3551 2406 3596 est
2429 3557 2590 3596 mune
2609 3541 2752 3612 quod
2775 3541 3006 3598 vivimus
3027 3585 3040 3606 .
3065 3542 3212 3614 'quod
3237 3559 3340 3599 non
3373 3545 3440 3600 ab
3469 3559 3536 3600 eo

1941 3633 2211 3688 interl'emi
2241 3649 2460 3700 sumus,
2519 3643 2574 3690 et
2616 3634 2682 3688 ad
2729 3635 2922 3690 mortis
2950 3649 3114 3706 opera
3143 3635 3412 3706 perducti.
3455 3637 3538 3692 Tu
3627 3625 3630 3630 ’

1939 3730 2082 3785 enim
2111 3771 2128 3796 ,
2179 3729 2442 3794 Domine,
2499 3727 2565 3782 ad
2607 3728 2960 3798 judicandttm
2997 3729 3224 3798 posuisd
3263 3745 3384 3786 eum
3411 3769 3428 3794 ,
3479 3739 3540 3786 ut

1943 3823 2058 3894 ipse
2082 3825 2154 3876 sit
2175 3823 2428 3878 inimicus
2475 3833 2530 3878 et
2563 3824 2704 3879 ultor
2729 3864 2743 3890 ,
2799 3833 2854 3878 et
2883 3835 2936 3876 ut
2971 3839 3064 3894 per
3095 3823 3243 3878 illum
3274 3823 3539 3894 corripias

1941 3917 2266 3988 quicumque
2291 3917 2598 3987 peccaverit
2625 3915 2742 3972 tibi.
2775 3917 2880 3972 Sed
2909 3921 3034 3987 quia
3058 3917 3226 3974 semel
3247 3915 3534 3972 Chaldaeos

1941 4027 2104 4080 super
2131 4010 2474 4066 daemonibus
2503 4011 2842 4080 interpretati
2865 4025 3077 4078 sumus,
3101 4019 3156 4066 ct
3179 4009 3540 4066 Nabuchodo-

1943 4119 2108 4158 nosor
2135 4119 2296 4172 super
2323 4119 2450 4174 rege
2469 4117 2656 4158 eorum
2689 4103 2904 4158 diabolo
2925 4145 2942 4170 ,
3003 4103 3265 4159 debemus
3293 4103 3538 4174 dest-rip-

1945 4197 2142 4252 tionem
2171 4195 2368 4250 diaboli
2395 4207 2450 4250 et
2493 4195 2790 4266 potentiam
2829 4197 2946 4264 ejus
2991 4195 3230 4252 breviter
3279 4210 3405 4262 pers
3433 4197 3546 4249 riu-

1939 4305 2092 4360 gere,
2121 4301 2172 4344 ut
2195 4289 2344 4359 juste
2371 4287 2626 4360 propheta
2647 4289 2790 4344 dicat
2809 4307 2820 4342 :
2839 4287 3076 4354 Domine,
3111 4289 3164 4342 in
3175 4289 3438 4359 judicium
3449 4307 3544 4362 po-

1941 4383 2090 4438 suisti
2115 4399 2230 4436 eum
2250 4423 2264 4446 ,
2295 4391 2344 4437 et
2375 4383 2560 4452 fortem
2586 4391 2642 4436 ut
2669 4383 2952 4450 corriperes
2973 4381 3213 4452 fundasti
3241 4397 3380 4436 eum.
3411 4383 3540 4438 Sus-

1945 4476 2147 4530 citatur
2179 4474 2466 4528 adversum
2511 4473 2826 4529 incredulos
2853 4479 2910 4528 et
2937 4479 3348 4541 contemptores
3398 4474 3548 4528 natio

238 4571 354 4626 niet
403 4579 462 4624 ut
491 4577 618 4622 ante
647 4567 896 4636 puoierat
919 4609 934 4634 ,
991 4569 1086 4624 sed
1121 4568 1486 4636 pertransiens
1519 4575 1836 4638 peceatores
1865 4537 1916 4596 D
1941 4567 2248 4622 daemonum
2275 4607 2290 4630 ,
2323 4581 2508 4620 amara
2530 4567 2596 4620 ad
2641 4567 2971 4634 puniendum
2997 4605 3014 4630 ,
3067 4575 3124 4620 et
3151 4566 3350 4636 ubique
3399 4581 3542 4638 prte~

241 4661 460 4733 rogabit
489 4675 586 4730 pro
619 4659 698 4716 eis
717 4701 732 4724 ,
781 4669 838 4714 et
870 4659 1246 4715 reconciliabit
1273 4675 1368 4714 eos
1399 4659 1624 4728 pristino
1655 4659 1838 4712 Domi-

241 4755 434 4812 no:in
475 4755 669 4826 quibus
717 4753 972 4810 omnibus
1015 4753 1321 4810 ostenditur
1367 4755 1666 4820 fortitudo,
1721 4771 1842 4824 quae

245 4845 374 4920 [AL
408 4845 540 4920 qui]
592 4855 740 4902 tanta
793 4845 1122 4916 perfecerit,
1175 4847 1268 4902 Dei
1347 4849 1540 4902 noStri.
1603 4847 1840 4902 Cernitis

243 4957 410 5012 quam
435 4941 751 5013 c0nfragosa
783 4941 900 4996 loca
928 4942 1038 4994 siut
1063 4983 1076 5006 ,
1101 4951 1158 4998 et
1185 4939 1414 4996 adversa
1439 4939 1680 4994 historiae
1703 4941 1846 4996 veri-

245 5037 368 5092 tati.
399 5037 466 5091 Et
507 5037 778 5106 quomodo
808 5051 872 5092 ea
915 5051 1034 5106 qua:
1065 5035 1362 5092 secundum
1407 5035 1640 5090 litteram
1677 5051 1840 5104 super

245 5125 514 5184 Chalda-is
543 5129 1118 5198 interpretatisutuus,
1151 5127 1460 5198 nuncjuxta
1489 5127 1844 5196 erpttlugizttll

244 5221 534 5278 videantur
555 5235 752 5276 sonare
774 5221 1116 5276 clementiam
1143 5221 1516 5276 etlibertatcm
1541 5237 1730 5276 eorum
1755 5221 1844 5288 qui

247 5315 320 5372 de
359 5315 734 5370 Chaldaeorum
765 5315 1018 5370 manibus
1051 5315 1344 5370 evaserint.
1387 5317 1618 5370 Historia
1665 5314 1845 5370 stricta

248 5417 374 5478 est,
423 5419 478 5464 et
507 5409 768 5478 evagandi
795 5425 902 5502 nep
951 5409 1113 5463 habet
1153 5409 1480 5464 facultatem.
1523 5408 1850 5478 Tropologia

247 5503 444 5570 libera,
477 5513 532 5558 et
549 5503 634 5558 bis
657 5511 864 5558 tantum
890 5503 1100 5574 legibus
1119 5503 1530 5572 circumscripta
1551 5547 1564 5570 ,
1597 5513 1654 5559 ut
1683 5503 1852 5573 pieta-

323 5653 348 5682 ιι
373 5643 530 5713 Legit
571 5641 804 5714 Yictor.,
853 5645 1018 5710 factus
1067 5653 1144 5698 est
1187 5641 1385 5714 angelis
1417 5642 1698 5696 ludibrium
1720 5641 1846 5714 ,Win

249 5729 558 5786 quamirem
589 5713 770 5767 laudat
801 5715 976 5786 locum
1007 5715 1132 5770 Jobi
1163 5713 1268 5780 XL,
1327 5715 1624 5770 secundum
1671 5713 1808 5768 LXX
1831 5757 1844 5778 ,

249 5785 393 5846 roﬁr'
414 5785 554 5844 ἔστιν
590 5786 739 5862 ἀρχή
783 5785 1084 5858 πλάσματος
1121 5790 1296 5864 κυρίου
1328 5789 1666 5860 πεποιημένος
1697 5788 1850 5858 ἐγκα-

1943 4677 2090 4716 sens.
2129 4659 2380 4714 Atnbulat
2405 4675 2620 4730 quoque
2653 4659 2980 4730 ubicumque
3011 4668 3278 4716 terrarum
3310 4673 3388 4716 est
3422 4663 3548 4717 lati~

1945 4755 2074 4810 tudo
2099 4797 2114 4822 ,
2149 4765 2204 4809 ut
2235 4755 2511 4826 possideat
2543 4753 2824 4820 homines,
2859 4755 2912 4810 in
2941 4755 3138 4826 quibus
3159 4755 3412 4812 Christus
3441 4757 3541 4810 ha-

1945 4845 2124 4900 bitare
2169 4833 2455 4902 debuerat.
2492 4843 2782 4900 llorribilis
2811 4857 2976 4918 atque
3006 4845 3264 4902 terribilis
3315 4855 3430 4914 est,
3489 4855 3545 4904 et

1941 4939 2162 4994 difficile
2191 4942 2260 4993 ab
2287 4940 2470 5010 aliquo
2495 4940 2748 5008 superari
2777 4949 2996 5012 potest,
3054 4957 3154 4996 nec
3179 4951 3308 4998 ante
3339 4941 3545 5014 frangi-

1947 5043 2033 5090 tur
2059 5077 2072 5102 ,
2105 5035 2208 5090 nisi
2240 5051 2361 5090 cum
2395 5035 2768 5106 magnitudine
2801 5047 3146 5106 peccatorum
3183 5044 3238 5092 et
3281 5033 3538 5104 iniquita-

1950 5128 2016 5182 tis
2043 5144 2158 5184 sure
2189 5129 2428 5198 pondere
2456 5139 2794 5200 praegravata
2817 5129 2884 5184 ad
2911 5129 3436 5184 consummationem
3453 5143 3544 5184 vc-

1950 5223 2114 5279 nerit.
2149 5223 2284 5294 Equi
2316 5225 2434 5294 ejus
2463 5233 2518 5280 et
2547 5225 2760 5294 equites
2791 5225 2844 5279 in
2895 5223 3304 5278 similitudinem
3347 5223 3548 5294 pardo-

1949 5333 2067 5372 rum
2095 5327 2146 5372 et
2177 5317 2424 5387 luporum
2453 5333 2672 5384 semper
2691 5319 3010 5382 sanguinem
3041 5317 3262 5384 sitient,
3315 5327 3372 5372 et
3393 5317 3543 5373 desi-

1951 5409 2216 5466 derabunt
2263 5411 2506 5480 praedas,
2564 5409 2896 5466 simulabunt
2944 5409 3288 5480 absentiam,
3336 5419 3386 5464 et
3419 5407 3550 5465 dum

1953 5519 2062 5558 non
2109 5515 2436 5575 sperantur,
2483 5503 2598 5558 cito
2643 5503 2712 5559 de
2757 5503 2918 5574 longe
2965 5503 3216 5558 venient.
3276 5500 3553 5558 Volabant

1955 5644 2268 5708 ταπέζεσθαι
2289 5641 2392 5696 ὑπὸ
2419 5649 2520 5698 τῶν
2558 5641 2800 5716 ἀγγέλων.
2835 5639 2979 5716 M0x_
2995 5639 3214 5716 parvulo
3236 5653 3302 5696 ex
3327 5637 3552 5716 Regina:

1957 5731 2056 5768 ms.
2090 5731 2187 5784 pro
2216 5729 2322 5784 quo
2351 5724 2472 5768 erat
2501 5711 2776 5784 paruulum
2800 5753 2816 5782 ,
2851 5713 3208 5770 restitttimtts.
3420 5711 3431 5712 7
3529 5711 3534 5716 ’
