4028 6342
490 270 631 334 1288

1736 268 1794 333 ε.
1838 266 2112 334 Ευδεθη
2149 268 2529 333 ΗΙΕΗΟΝΥΜῘ

3656 270 3789 333 i284

479 391 630 462 quasi
670 390 893 461 aquila,
938 404 1059 460 quae
1112 388 1360 445 exultans
1410 388 1685 457 volatum,
1722 404 1927 459 ponere
1962 390 2073 443 vult
2105 392 2156 451 Α
2251 390 2433 461 (Vers.
2475 393 2560 453 15,
2602 387 2716 461 Μ.)
2761 388 2952 443 Mundi
3001 397 3119 444 sunt
3167 389 3307 445 oculi
3350 390 3445 456 tui,
3498 405 3565 444 ne
3619 391 3791 445 vidi-.3

482 485 623 538 inter
650 483 827 538 sidera
855 483 980 540 ωδιὶ
1005 483 1186 538 nidum
1220 498 1379 537 suum
1401 522 1416 548 ,
1444 493 1498 537 et
1518 497 1736 553 semper
1767 483 1984 537 festinat
2013 482 2079 535 ad

483 578 745 650 praedam.
807 578 872 633 Et
931 580 982 633 in
1039 577 1327 634 Ezechiele
1377 578 1477 634 sub
1520 579 1687 648 figura
1723 577 2084 633 Nabuchodo-

485 687 651 727 nosor
673 681 730 727 et
782 674 931 743 regis
982 671 1225 744 Egyptii
1271 687 1435 743 super
1456 671 1675 728 diabolo
1733 670 2079 727 describitur.

484 766 643 839 θοι
689 764 883 820 Nullus
919 774 1001 821 est
1050 764 1363 819 damonum
1428 764 1519 834 qui
1571 772 1759 833 pareat
1810 780 1822 816 :
1893 776 2084 818 omnes

487 861 553 915 ad
600 858 837 928 pristiam
891 857 1071 914 festini
1124 858 1349 913 venient
1406 875 1420 912 :
1471 865 1597 912 ante
1646 856 1839 911 faciem
1895 870 2085 910 eorum

484 964 681 1007 ventus
730 966 900 1007 urens
930 950 1229 1021 :quldquld
1272 950 1617 1019 aspexerint,
1651 949 1913 1022 quidquid
1969 951 2086 1005 vnl-

484 1046 561 1100 tui
593 1060 784 1100 eorum
810 1044 1030 1101 obvium
1064 1043 1245 1111 fuerit,
1278 1059 1437 1100 urere
1467 1042 1859 1099 desiderabunt
1885 1053 1940 1098 et
1967 1057 2090 1113 per-

488 1137 641 1195 dere.
698 1135 817 1193 Rex
847 1144 1028 1191 autem
1065 1135 1478 1206 potentissimus
1499 1135 1604 1191 erit
1631 1135 1683 1193 in
1708 1134 1886 1190 medio
1914 1134 2087 1203 capti-

486 1244 702 1291 vorum,
764 1239 817 1284 et
846 1244 1038 1284 eorum
1088 1244 1377 1285 numerum
1405 1229 1557 1299 quasi
1590 1242 1807 1282 arenam
1865 1226 2029 1282 maris
2060 1241 2089 1279 a

486 1322 815 1377 satellitibus
845 1323 960 1376 suis
992 1320 1119 1376 hinc
1144 1319 1269 1375 inde
1300 1319 1581 1389 suscipiet,
1622 1328 1677 1374 ct
1710 1320 1829 1389 ipse
1854 1318 1923 1374 de
1945 1317 2088 1388 regi-

489 1414 590 1468 bus
621 1412 995 1481 triumphabit,
1022 1423 1075 1468 et
1102 1414 1317 1485 tyranni
1350 1411 1567 1468 ridiculi
1599 1413 1720 1481 ejus
1751 1422 1932 1467 erunt.
1961 1411 2092 1466 Μυι.

493 1518 575 1565 tos
594 1508 739 1564 enim
758 1516 982 1563 sanctos
1006 1522 1102 1562 sua
1131 1506 1578 1577 supplantat-tione
1614 1505 1871 1577 decipiet,
1904 1516 1957 1561 et
1996 1519 2093 1561 eos

491 1600 584 1674 qui
638 1601 741 1656 sibi
797 1600 1125 1656 videbantur
1181 1600 1579 1670 potentissimi,
1642 1607 1697 1655 et
1750 1599 2093 1671 tyrannidem

494 1710 756 1752 exemere
786 1704 974 1750 contra
1006 1695 1301 1759 daemones,
1330 1702 1388 1748 et
1408 1692 1612 1763 ejicere
1634 1692 1754 1747 illos
1786 1692 1854 1747 de
1894 1705 2092 1761 corpo-

2182 481 2285 556 [ΑΙ.
2316 481 2541 555 videant]
2572 484 2787 552 malum,
2841 492 2887 537 et
2916 484 3168 551 respicere
3216 484 3283 536 ad
3315 483 3645 554 iniquitatem
3692 501 3793 537 non

2186 577 2393 646 poteris.
2444 575 2618 641 Quare
2644 593 2747 631 non
2793 578 3005 649 respicis
3033 593 3196 646 super
3236 578 3415 648 iniqua
3461 587 3696 650 agentes,
3750 595 3795 643 σι

2186 677 2325 725 taces
2351 669 2627 724 (ἔρυσο-(ηαδ
2667 669 3121 742 impiojustiorem
3166 686 3221 723 se
3241 686 3259 723 :
3292 679 3340 722 et
3371 670 3534 740 facies
3558 669 3794 723 homines

2186 763 2334 834 quasi
2367 769 2528 830 pisces
2556 764 2736 829 maris,
2786 772 2833 817 et
2855 764 3008 831 quasi
3048 761 3233 834 reptile
3257 778 3360 815 non
3382 761 3579 817 habens
3604 762 3822 829 ρτὴιοὶο·

2188 855 2343 929 pem?
2369 853 2513 911 LXX
2539 872 2551 907 :
2587 853 2818 909 Mundus
2846 856 3051 920 oculus,
3074 871 3137 909 ue
3158 854 3328 908 videat
3358 852 3499 909 mala
3529 871 3548 907 :
3580 862 3629 907 et
3654 856 3802 923 aspio

2191 964 2301 1003 cere
2322 965 2475 1019 super
2524 948 2755 1003 dolorem
2783 966 2887 1003 non
2934 948 3140 1021 poteris.
3179 948 3353 1016 Quare
3378 945 3405 985 δ
3430 947 3622 1019 aspicis
3644 963 3800 1019 super

2191 1052 2583 1110 contemptores,
2613 1040 2799 1094 tacebis
2820 1056 2938 1093 cum
2959 1040 3277 1095 devoraverit
3301 1039 3491 1107 impius
3508 1039 3797 1112 justicrem

2190 1134 2282 1187 se?
2309 1130 2375 1185 Et
2401 1133 2562 1201 [acies
2587 1134 2819 1187 homines
2841 1133 2991 1204 quasi
3016 1133 3183 1202 pisces
3205 1132 3389 1196 maris,
3422 1141 3469 1185 et
3497 1133 3647 1201 quasi
3676 1148 3802 1198 rep-

2193 1227 2305 1280 tilia
2331 1243 2431 1281 non
2467 1226 2702 1283 habentia
2732 1228 2936 1283 ducent.
2982 1227 3116 1283 Tale
3147 1227 3279 1298 quid
3312 1237 3370 1283 et
3409 1228 3679 1283 Jeremias
3734 1227 3807 1282 ad

2194 1317 2363 1372 Deum
2394 1318 2633 1389 loquitur
2664 1337 2677 1373 :
2708 1318 2890 1373 Justus
2914 1338 2989 1385 es,
3010 1320 3247 1384 Domine,
3270 1320 3526 1389 confiteor
3554 1337 3573 1373 :
3598 1336 3776 1373 rerum
3794 1349 3809 1359 -

2197 1422 2363 1465 tamen
2384 1413 2588 1481 judicia
2630 1411 2809 1480 loquar
2850 1412 2919 1465 ad
2946 1422 2992 1467 te
3021 1430 3033 1465 :
3064 1411 3202 1477 Quid
3228 1421 3302 1466 est
3334 1413 3471 1483 quod
3500 1414 3584 1467 via
3619 1413 3814 1484 impio-

2196 1524 2314 1563 rum
2336 1519 2692 1580 prosperatur,
2729 1519 2751 1549 ο
2786 1508 3050 1561 abundant
3076 1524 3248 1562 omnes
3264 1508 3353 1577 qui
3394 1508 3815 1576 pravaricantar

2197 1611 2242 1655 cf
2273 1602 2625 1670 delinquunt?
2671 1600 2926 1655 Plantasti
2953 1618 3036 1655 eos
3084 1610 3130 1655 et
3161 1600 3385 1653 radicati
3426 1610 3569 1665 sunt,
3608 1616 3816 1672 genae-

2196 1703 2317 1747 runt
2359 1694 2521 1761 ﬁlios,
2544 1702 2591 1747 et
2620 1694 2847 1764 fecerunt
2879 1696 3103 1763 fructum
3126 1708 3144 1748 :
3168 1709 3327 1761 prope
3352 1702 3477 1745 eslu
3502 1692 3583 1745 eri
3603 1707 3814 1759 eorum,

490 1789 642 1844 ribus
668 1788 928 1853 obsessis,
958 1786 1212 1857 subjiciet
1238 1784 1485 1840 servituti
1509 1800 1643 1852 suae,
1670 1794 1722 1840 et
1759 1783 1893 1839 risui
1918 1784 2083 1854 depu
2122 1781 2168 1842 Β
2199 1798 2247 1844 et
2276 1790 2425 1859 longe
2453 1805 2483 1840 a
2506 1787 2710 1841 renibus
2736 1802 2907 1840 eorum
2932 1786 3064 1859 (Jer.
3097 1800 3192 1853 xu,
3230 1788 3279 1852 l,
3303 1785 3380 1857 2).
3410 1785 3552 1855 Ergo
3580 1793 3635 1839 et
3662 1785 3819 1838 Aba-

490 1881 650 1937 tabit.
691 1880 815 1951 Ipse
834 1895 967 1935 vero
997 1879 1353 1945 fortissimus,
1386 1886 1576 1934 coacta
1610 1892 1797 1943 manu,
1828 1888 1883 1932 et
1914 1878 2095 1948 perdi-

496 1981 676 2027 torum
725 1971 969 2027 exercitu
1002 1981 1354 2042 congregato,
1389 1970 1461 2025 de
1489 1970 1642 2025 omni
1687 1969 1995 2026 munitione
2025 1970 2097 2024 ri-

494 2069 664 2138 debit,
718 2076 775 2123 et
818 2066 1080 2138 quidquid
1129 2065 1271 2120 forte
1318 2065 1513 2133 fuerit,
1567 2064 1775 2119 nitetur
1821 2075 2091 2119 evertere.

494 2159 873 2231 Comportab'tt
893 2160 1040 2215 enim
1070 2173 1347 2230 aggerem,
1380 2157 1432 2213 id
1460 2167 1567 2224 est,
1592 2157 1955 2213 circumdabit
1976 2172 2100 2227 ope-

496 2271 557 2310 ra
589 2265 805 2315 terrena
833 2271 846 2308 :
881 2264 938 2310 et
965 2269 1092 2308 eum
1119 2262 1265 2309 terra
1292 2252 1460 2308 luerit
1490 2262 1772 2323 “aggesta,
1799 2252 1956 2307 facile
1983 2267 2099 2307 om-

499 2364 624 2402 nem
653 2347 833 2418 capiet
857 2347 1243 2402 munitionem.
1288 2345 1418 2401 Post
1462 2355 1667 2400 tantam
1717 2354 1897 2401 autem
1932 2346 2102 2399 victo-

497 2444 632 2496 riam
664 2441 969 2495 mutabitur
990 2441 1217 2511 spiritus
1242 2442 1382 2509 ejus,
1414 2448 1469 2495 et
1515 2438 1870 2511 pertransibit
1895 2454 1955 2493 os
1984 2437 2103 2508 ejus

494 2533 670 2604 usque
711 2535 778 2589 ad
808 2535 1035 2600 emtum,
1059 2543 1115 2588 et
1149 2533 1321 2588 Deum
1341 2547 1401 2588 se
1433 2532 1662 2601 faciens,
1718 2531 2101 2603 blasphemare

495 2627 1051 2697 incipietCreaterem
1085 2641 1264 2683 suum.
1288 2624 1443 2694 Quod
1467 2639 1593 2679 eum
1625 2623 1836 2690 fecerit,
1856 2630 2095 2689 corruet,

496 2730 552 2776 et
585 2721 743 2775 ruina
786 2719 909 2789 ejus
961 2717 1212 2775 ostendet
1266 2733 1428 2788 quam
1470 2717 1623 2773 tortis
1654 2716 1909 2771 divinitas
1957 2716 2102 2770 illius

495 2811 684 2877 fuerit,
708 2821 762 2867 et
790 2811 1059 2866 idolorum
1081 2810 1361 2866 simulatio
1387 2811 1493 2865 sub
1512 2824 1745 2881 quorum
1776 2809 2101 2877 imaginibus

495 2924 597 2965 suo
627 2910 794 2965 cultui
836 2908 1085 2967 botttittes
1123 2906 1466 2977 subjugabal.
1522 2902 1764 2959 Audiens
1797 2902 1960 2974 igitur
1987 2902 2103 2956 hare

498 3002 763 3073 propheta
792 3003 937 3072 quod
969 3010 1151 3055 tantus
1183 2999 1419 3069 talisque
1449 2998 1516 3051 sit
1567 3011 1667 3052 rex
1692 2995 1877 3050 mundi
1911 2994 2099 3064 hujus,

496 3109 552 3151 ut
584 3104 881 3168 congreget
934 3096 1300 3166 captivitatem
1350 3092 1504 3163 quasi
1550 3106 1775 3147 arenam
1818 3091 2017 3155 utaris,
2047 3097 2102 3143 et

2199 1899 2297 1939 cuc
2326 1882 2379 1937 in
2411 1882 2601 1937 eadem
2635 1882 2907 1935 sententia
2937 1898 2949 1933 :
2978 1880 3164 1935 Mundi
3211 1889 3356 1945 sunt,
3389 1880 3588 1951 ittqttit,
3622 1877 3818 1933 Domi-

2198 1990 2281 2041 ne,
2307 1975 2443 2028 oculi
2472 1976 2586 2041 tui;
2619 1984 2672 2029 et
2702 1977 2818 2029 scio
2872 1974 3129 2044 quoniam
3173 1975 3372 2029 malum
3428 1972 3819 2044 injustumqne

2200 2085 2307 2125 non
2357 2069 2590 2126 libenter
2640 2067 2893 2139 aspicias,
2947 2083 3048 2123 nec
3081 2077 3259 2138 potest
3292 2067 3580 2138 quisquam
3614 2066 3686 2121 de
3718 2076 3824 2119 tua

2199 2163 2453 2218 dubitare
2494 2163 2723 2230 justitia.
2781 2162 3162 2217 Verumtamen
3214 2176 3315 2215 cur
3349 2160 3549 2230 pateris
3577 2157 3825 2230 Babylo-

2201 2256 2321 2310 nios
2355 2265 2499 2310 tanta
2533 2254 3091 2323 crudelitatejactari,
3136 2264 3190 2309 et
3212 2253 3279 2306 ab
3322 2252 3491 2322 impio
3519 2250 3826 2306 Nabucho-

2203 2349 2447 2405 donosor
2466 2348 2671 2420 justum
2706 2350 2945 2419 opprimi
2995 2347 3161 2404 Israel
3196 2366 3209 2401 :
3242 2363 3348 2403 non
3380 2346 3523 2415 quod
3574 2346 3827 2417 perfecte

2197 2440 2375 2511 justus
2430 2442 2501 2493 sit
2554 2439 2662 2512 [ΑΙ.
2699 2438 2971 2509 perfectus
3030 2437 3121 2511 sit]
3163 2439 3255 2509 qui
3308 2435 3662 2507 opprimitur,
3715 2436 3823 2492 sed

2202 2534 2342 2605 quod
2362 2535 2777 2605 apprimentese
2801 2532 3001 2603 justior
3014 2535 3105 2587 sit.
3126 2533 3193 2588 Et
3221 2534 3495 2603 quomodo
3523 2532 3701 2602 pisces
3719 2533 3822 2603 qui

2202 2646 2307 2683 non
2339 2628 2541 2683 habent
2567 2628 2895 2698 principem,
2930 2641 2985 2684 et
3020 2627 3726 2699 irrationabiliajumenta,
3762 2635 3824 2683 et

2206 2722 2496 2777 multitudo
2546 2722 2825 2793 reptilium
2878 2724 3085 2793 absque
3133 2722 3504 2793 providentia,
3561 2723 3827 2792 subjacet

2205 2815 2444 2885 fortiori,
2480 2826 2533 2870 et
2560 2817 2886 2887 quicumque
2939 2819 3062 2887 plus
3092 2817 3323 2872 vahterit
3354 2816 3583 2879 viribus,
3623 2818 3823 2872 tlomi-‘

2203 2920 2365 2962 natur
2396 2910 2447 2962 in
2500 2908 2731 2963 alterum
2767 2928 2777 2961 :
2805 2910 2883 2963 sic
2905 2907 3049 2964 inter
3080 2908 3351 2978 homines,
3381 2908 3590 2964 animal
3624 2910 3811 2965 ratio-

2206 3000 2345 3063 nale,
2379 3011 2429 3052 et
2465 2999 2529 3053 ad
2562 3000 2980 3055 similitudinem
3017 3012 3159 3055 tuam
3193 3000 3496 3071 cenditum,
3528 3016 3634 3055 non
3664 3002 3824 3058 rale-

2204 3094 2282 3148 bit
2339 3096 2499 3159 ratio,
2535 3110 2643 3147 non
2687 3093 2914 3157 merita;
2962 3095 3063 3148 sed
3093 3096 3239 3149 vires
3268 3096 3534 3164 corporis,
3588 3104 3635 3148 et
3677 3096 3825 3149 irra-

496 3191 796 3262 triumphet
838 3190 908 3245 de
936 3190 1189 3261 regibus;
1233 3197 1288 3243 et
1313 3186 1527 3260 tyranni
1566 3183 1781 3240 ridiculi
1813 3183 1936 3253 ejus
1962 3182 2092 3251 sint,
2123 3168 2170 3230 (Ἰ
2205 3186 2481 3241 tionabilis
2506 3186 2789 3240 fortitudo.
2817 3186 2871 3241 Si
2904 3196 3085 3241 autem
3110 3186 3441 3241 voluerimus
3480 3186 3825 3255 generaliter

493 3296 547 3343 et
573 3287 645 3341 de
667 3286 816 3341 omni
846 3285 1144 3341 munitione
1172 3282 1371 3347 rideat,
1421 3288 1477 3337 et
1500 3286 1811 3347 comportat
1859 3275 2096 3347 ptimum

485 3396 767 3452 aggerem,
793 3390 849 3436 et
878 3389 1067 3450 postea
1114 3378 1292 3447 capiat
1318 3390 1474 3439 eam;
1530 3383 1587 3429 et
1632 3379 1795 3426 tant-.2
1828 3370 2099 3438 superbire

499 3474 593 3542 sit,
618 3487 675 3529 ut
707 3486 900 3530 contra
950 3473 1265 3528 Creatorem
1302 3483 1459 3523 suum
1489 3466 1690 3521 audeat
1736 3463 2015 3525 resistere,
2047 3472 2102 3516 et

496 3566 763 3623 selsicere
794 3567 947 3636 quasi
975 3563 1161 3627 deum,
1213 3561 1304 3631 qui
1360 3559 1512 3630 prius
1556 3557 1813 3612 audacter
1843 3554 2099 3626 loqueba-

497 3667 584 3714 tur
614 3658 681 3712 ad
709 3657 1030 3722 Dominum;
1056 3667 1108 3708 et
1148 3669 1229 3719 se,
1253 3652 1341 3708 vel
1365 3667 1524 3707 suum
1558 3649 1839 3721 populum,
1868 3647 1984 3702 sive
2006 3661 2101 3701 eos

493 3767 560 3808 ex
590 3768 821 3820 quorum
852 3764 1087 3821 persona
1125 3748 1491 3819 querebatur,
1540 3746 1718 3815 justus
1750 3759 1871 3798 esse
1894 3756 2101 3796 memo-

497 3857 647 3901 rarat
681 3861 695 3900 :
732 3861 878 3900 nunc
909 3846 959 3898 in
994 3843 1492 3898 blandimentorum
1521 3840 1686 3895 verba
1727 3842 2101 3908 prorutupitet

497 3940 572 3993 ait
604 3956 615 3991 :
651 3938 875 4008 Ergene
900 3948 953 3991 tu
986 3953 1014 3991 a
1038 3936 1308 4007 principio
1338 3950 1419 4004 es,
1464 3935 1689 3989 Domine
1744 3935 1883 3988 Dens
1923 3947 2099 3998 meus,

497 4036 693 4082 sancte
716 4029 907 4084 meus?
944 4030 1203 4100 quodque
1234 4044 1343 4081 non
1397 4025 1693 4088 morimur,
1727 4041 1827 4081 nec
1854 4028 2102 4095 capimur

498 4139 527 4177 a
556 4132 708 4177 tanto
737 4121 911 4187 hoste,
941 4133 1044 4175 tuae
1085 4121 1391 4176 clementite
1411 4130 1512 4175 est.
1546 4119 1631 4174 'l‘u
1654 4121 1820 4183 enim,
1850 4119 2099 4184 Domine,

501 4214 837 4271 οοιιδιῑιιιίειὶ
870 4232 993 4271 eum
1026 4219 1179 4285 quasi
1207 4216 1523 4271 carnificem
1547 4231 1561 4281 ;
1588 4226 1642 4270 et
1682 4213 1876 4269 fortem
1928 4215 2101 4269 fecisti

499 4322 646 4373 eum»,
683 4307 757 4362 ita
806 4316 864 4363 ut
890 4319 982 4362 aut
1012 4308 1193 4363 nullus
1220 4318 1309 4363 aut
1337 4324 1493 4362 rarus
1520 4308 1633 4377 eius
1655 4306 1822 4377 possit
1846 4306 2106 4363 resistere

497 4400 827 4456 lortitudini.
849 4400 1024 4455 Porro
1040 4400 1335 4456 secundum
1350 4398 1492 4455 LXX
1515 4403 1617 4454 hoc
1639 4399 1783 4469 quod
1812 4400 1863 4453 in
1891 4400 1996 4453 line
2019 4401 2101 4453 di-

495 4493 639 4547 citur
664 4513 675 4546 ι
703 4494 866 4566 602
901 4492 966 4547 Et
997 4495 1273 4566 plasmauit
1318 4510 1416 4563 me,
1464 4504 1526 4547 ut
1547 4510 1815 4565 arguerem
1854 4494 1907 4547 in
1947 4493 2103 4547 disci-

2203 3281 2533 3351 intelligere,
2567 3295 2733 3350 super
2781 3279 3155 3350 providentia,
3198 3292 3479 3345 quaarcme
3505 3279 3819 3349 propheta:

2201 3375 2310 3429 Cur
2334 3373 2496 3446 603
2518 3373 2770 3429 diabolus
2796 3383 3002 3429 tantum
3026 3374 3206 3428 valeat
3223 3374 3276 3427 in
3305 3374 3529 3439 sarculo,
3555 3384 3609 3429 et
3635 3373 3825 3430 domi-

2204 3480 2371 3521 nante
2432 3466 2543 3520 Duo
2605 3467 2743 3521 alter
2799 3476 3018 3521 exercet
3074 3466 3461 3537 tyrannidem?
3501 3465 3819 3522 istiusmodi

2202 3577 2401 3618 sensus
2428 3562 2553 3629 crit,
2586 3572 2781 3618 etcum
2814 3561 3195 3631 superioribus
3240 3561 3353 3617 htcc
3381 3561 3652 3632 expositio
3682 3560 3821 3632 jun-

2201 3665 2358 3726 getur
2394 3672 2406 3708 :
2440 3652 2599 3717 Novi,
2656 3652 2884 3709 Domine
2927 3652 3071 3708 Dens
3136 3669 3311 3721 meus,
3360 3662 3549 3709 santte
3596 3670 3754 3709 meus
3792 3700 3807 3721 ,

2201 3752 2345 3823 quia,
2382 3761 2434 3806 te
2464 3750 2787 3821 providente
2810 3748 3237 3813 etdel'cudente,
3275 3765 3382 3801 non
3416 3749 3715 3813 morimur;
3762 3761 3821 3805 et

2204 3845 2320 3897 scio
2348 3844 2475 3914 quia
2522 3852 2814 3912 propterea
2847 3842 3076 3912 posuisti
3133 3842 3535 3909 adversarium,
3588 3852 3647 3897 ut
3694 3844 3822 3913 ipso

2204 3939 2357 4008 quasi
2400 3937 2681 4003 carnifice,
2723 3938 3037 4009 eorripcres
3069 3948 3124 3993 et
3155 3952 3263 3992 non
3313 3937 3595 3993 occideres
3619 3953 3819 4008 pecca-

2204 4041 2369 4087 tores.
2404 4031 2539 4085 Novi
2571 4032 2699 4100 quia
2732 4029 2987 4085 nihiltibi
3021 4030 3233 4099 placeat
3267 4029 3552 4097 injustam,
3580 4039 3633 4085 et
3656 4029 3813 4085 oculi

2206 4128 2285 4182 tui
2314 4127 2382 4180 ab
2430 4124 2580 4180 omni
2633 4124 2918 4193 iniquitate
2949 4124 3059 4179 sint
3098 4125 3237 4192 puri,
3279 4138 3379 4178 nec
3408 4123 3601 4179 videre
3629 4124 3818 4194 possis

2206 4220 2424 4276 dolores
2452 4235 2668 4284 eorum,
2701 4218 2789 4288 qui
2826 4217 3105 4284 iujustitim
3138 4228 3259 4272 sunt
3288 4216 3539 4285 subjecti.
3576 4215 3825 4272 Verum-

2207 4324 2385 4369 tamen
2436 4328 2658 4369 causam
2691 4312 2941 4367 invenire
2971 4327 3079 4367 non
3115 4327 3363 4381 possum,
3397 4326 3496 4367 cur
3540 4311 3825 4381 Abel'jus-

2208 4417 2318 4463 tum
2342 4406 2475 4463 Cain
2505 4407 2718 4461 occidat
2750 4407 2981 4477 iniustus
3012 4404 3217 4477 (Cenes.
3251 4404 3351 4475 ιν),
3382 4419 3431 4461 et
3454 4407 3671 4462 taceas?
3700 4405 3821 4461 Cur

2210 4502 2474 4556 s;rviente
2510 4510 2654 4565 ceto,
2685 4511 2739 4553 et
2791 4500 2975 4554 omnia
3014 4497 3340 4560 devorantc,
3373 4512 3482 4552 non
3514 4497 3689 4553 solum
3715 4497 3826 4552 mi'»

499 4588 647 4657 plina
674 4590 807 4653 eius,
851 4589 916 4642 ad
944 4604 1232 4657 personam
1277 4590 1561 4657 propheta:
1592 4585 1780 4641 referri
1814 4595 2011 4656 potest,
2041 4598 2100 4641 ut
2126 4564 2180 4624 υ
2206 4607 2369 4649 nores
2395 4591 2654 4661 pisciculi,
2687 4592 2783 4645 sed
2816 4592 2934 4660 ipse
2967 4605 3185 4659 quoque
3220 4602 3342 4643 tuus
3371 4588 3670 4645 devoretur
3722 4588 3822 4643 Io-

498 4684 576 4736 sit
613 4697 808 4737 sensus
832 4701 843 4736 :
872 4683 990 4751 Ego
1042 4692 1221 4737 autem
1249 4691 1535 4751 propterea
1578 4679 1870 4751 inspiratus
1896 4694 2014 4734 sum
2043 4680 2096 4734 in

497 4777 850 4845 proliltetam,
887 4785 945 4828 ut
969 4789 1193 4845 arguam
1222 4773 1629 4844 delinquentes,
1663 4781 1719 4828 et
1738 4773 1964 4828 doceam
1992 4772 2099 4826 Do-

497 4871 630 4927 mini
672 4870 1041 4941 disciplinatn.
1105 4870 1343 4938 Quidam
1381 4870 1450 4925 de
1483 4868 1593 4941 [ΑΙ.
1628 4867 1685 4940 a]
1711 4866 1942 4923 Domino
1991 4867 2097 4922 dici

499 4973 712 5036 putant,
738 4964 826 5033 qui
855 4978 885 5017 a
914 4962 1077 5018 Patre
1106 4963 1317 5017 idcirco
1352 4962 1653 5031 plasmatus
1701 4964 1792 5027 sit,
1822 4970 1877 5016 et
1903 4976 2101 5031 corpus

493 5054 872 5123 asisumpeerit,
893 5061 951 5108 ut
969 5052 1223 5108 doctrina
1243 5052 1341 5107 Dei
1371 5052 1550 5106 Putris
1592 5053 1840 5107 homines
1860 5052 2093 5106 erudiat.

495 5146 920 5216 Sedhoequam
947 5146 1223 5201 discordet
1253 5160 1283 5199 a
1333 5153 1598 5200 contextu
1635 5144 2011 5215 superiorum,
2045 5153 2101 5199 et

493 5244 661 5298 totius
710 5241 817 5297 luci
868 5240 1242 5307 continentia,
1280 5254 1387 5293 non
1434 5247 1545 5292 tam
1734 5239 1840 5294 erit
1882 5236 2099 5308 judicii,

493 5354 658 5413 quam
688 5338 929 5395 lectoris.

568 5534 595 5565 ι
621 5522 772 5581 Haud
805 5524 947 5580 bene
964 5522 1219 5579 Martiae.
1253 5521 1461 5591 legerat
1484 5524 1787 5591 aggravata.

565 5597 593 5636 ι)
630 5596 1002 5666 Expttnximus
1031 5595 1117 5650 hic
1150 5587 1384 5666 negandi
1409 5587 1759 5659 particulam,
1784 5602 1944 5657 quam
1976 5587 2091 5666 edi-

494 5672 532 5726 ti
562 5670 688 5724 libri
708 5660 991 5722 contrario
1045 5660 1583 5721 sensu'interserunt
1608 5677 1621 5713 :
1646 5672 1779 5714 mss.
1814 5672 1971 5722 vero,
2017 5660 2095 5727 ip-

493 5738 901 5826 setjue‘ig'ttorat-
922 5737 1149 5826 Euneos
1192 5744 1381 5820 textus
1410 5734 1550 5826 ἵνατξ
1570 5732 1885 5826 ξῖιϐξὲπαις,
1910 5731 2003 5785 vel
2025 5734 2094 5826 si';

494 5804 896 5871 τίἰπιϐλῖπειςς
931 5808 1104 5875 Quare
1129 5809 1345 5879 aspicis,
1396 5814 1499 5862 etc.
1534 5804 1726 5876 {Abest
1765 5817 1981 5874 quoque
2028 5804 2095 5855 ab

2204 4702 2299 4741 nas
2330 4687 2346 4756 (
2375 4683 2527 4739 Jonaz
2552 4700 2587 4738 ιι
2620 4684 2676 4754 )‘i
2716 4685 2895 4752 Quare
2924 4684 3122 4751 impius
3170 4682 3363 4745 vincit,
3404 4692 3458 4737 et
3481 4682 3664 4752 justus
3698 4685 3824 4737 vin-

2200 4779 2378 4834 citur?
2410 4777 2517 4833 Νῆα
2553 4779 2656 4831 hoc
2680 4777 2807 4831 dico
2840 4776 2989 4846 quod
3012 4775 3258 4830 noverim
3284 4790 3609 4845 quemquam
3650 4775 3825 4844 justi-

2203 4872 2352 4928 ficari
2406 4871 2457 4925 in
2492 4880 2791 4938 conspectu
2826 4880 2938 4933 tuo,
2975 4879 3029 4923 et
3057 4868 3264 4937 absque
3294 4878 3525 4937 peccato
3572 4881 3720 4935 esse,
3762 4880 3819 4922 et

2206 4967 2451 5019 humanm
2475 4962 2781 5033 fragilitatis
2807 4964 3030 5032 ignarus
3058 4962 3160 5018 sim
3186 4978 3199 5025 ;
3227 4959 3609 5031 sed'quomodo
3637 4960 3821 5015 Sodo-

2206 5072 2294 5114 ma
2339 5067 2393 5111 et
2440 5055 2746 5110 Gomorrha
2804 5054 3217 5124 comparatione
3274 5054 3577 5109 Jerusalem
3642 5051 3823 5121 justa:

2205 5158 2350 5205 sunt.
2389 5148 2454 5202 Et
2484 5148 2811 5203 Publicanus
2839 5149 2890 5201 in
2936 5146 3232 5216 Evangelia
3264 5142 3523 5199 Pharismi
3555 5142 3819 5200 collatio-

2208 5257 2275 5296 ne
2309 5242 2366 5295 lit
2386 5238 2582 5309 justior
2608 5238 2761 5311 (Luc.
2819 5240 2977 5310 xvtu)‘
3006 5256 3018 5291 :
3045 5237 3115 5292 ita
3141 5247 3197 5292 et
3221 5239 3322 5292 iste
3348 5237 3443 5309 qui
3481 5235 3823 5308 opprimitur

2209 5350 2239 5387 a
2262 5332 2502 5402 diabolo,
2547 5342 2805 5403 peccator
2851 5332 3068 5403 quidem
3102 5340 3221 5396 est;
3257 5328 3723 5401 sed‘Opprimente
3753 5340 3825 5383 se

2203 5496 2581 5572 Hebrazortnt)
2602 5519 2776 5579 ut“,
2800 5514 2974 5577 Quare
2996 5513 3234 5583 respicis,
3260 5526 3579 5583 quamquam
3607 5512 3683 5567 ibi
3705 5526 3822 5569 nos

2202 5584 2436 5656 negandi
2472 5586 2788 5653 particulam
2822 5584 3029 5647 delere,
3062 5599 3200 5639 mss.
3232 5584 3473 5647 minime,
3508 5584 3821 5656 suﬂ‘ragan-

2202 5657 2369 5721 tibus,
2396 5671 2499 5711 non
2529 5657 2644 5712 ausi
2668 5670 2878 5710 sumus.

2277 5739 2301 5767 ε
2336 5728 2629 5785 Ριοιοθηιὶεε
2657 5729 2816 5783 codd.
2871 5742 3040 5797 penes
3060 5726 3360 5784 Victoriam
3388 5725 3818 5797 abundacerunt,

2204 5801 2527 5857 concinente
2555 5800 2744 5856 (ἔναξῦο
2773 5802 3099 5857 ιύθύνουσαν.
