4028 6342
490 239 628 297 1287

1720 237 1778 293 S.
1820 236 2096 296 EUSEBII
2133 235 2508 296 HIERONYMI

3629 238 3752 296 5288

482 357 771 426 reptilibus
803 371 816 409 :
847 357 1009 431 605
1039 364 1092 411 et
1124 357 1176 412 in
1206 356 1347 411 hanc
1391 355 1808 410 similitudinem
1842 357 2083 426 piscibus
2114 362 2156 418 Α
2192 358 2211 428 (
2238 357 2253 410 1
2284 358 2406 412 (.‘or.
2452 355 2587 426 xv),
2617 363 2672 410 et
2719 355 2962 410 universi
3016 352 3278 423 deinceps
3313 352 3485 409 sancti
3531 368 3648 409 cum
3675 357 3755 409 illo

482 465 698 520 quoque
727 451 1116 514 etarboribus,
1163 462 1216 503 et
1271 451 1458 504 bestiis
1517 448 1789 503 universis
1837 449 2082 517 prOpi-ios

483 543 538 597 in
580 543 885 598 custodiam
949 546 1173 610 angelos
1217 544 1544 614 assignatas.

559 638 755 707 (Vers.
789 640 857 694 i5
914 637 1108 708 seqq.)
1151 636 1335 692 Totum
1364 639 1416 691 in
1458 636 1614 690 hamo
1643 635 1941 698 sublevavit,
1978 644 2086 688 tra-

487 733 564 787 xit
593 730 728 784 illud
759 732 811 783 in
853 748 1046 803 sagcna
1076 747 1196 796 sua,
1227 741 1271 784 et
1313 731 1639 801 congregavit
1675 730 1726 780 in
1760 739 1862 781 rete
1890 744 2039 780 suunt
2066 743 2084 781 .'

485 843 641 896 super
662 825 760 878 hoc
785 825 1046 879 (celabitur
1084 834 1131 879 et
1183 817 1461 878 exsulabit.
1487 822 1770 895 Propterea
1805 821 2086 874 immolabit

485 940 692 995 sagena:
725 939 854 984 stuc.
889 933 934 977 et
967 923 1285 991 sacriﬁcabit
1316 923 1410 976 reti
1448 939 1565 988 suo,
1602 923 1725 991 quia
1759 922 1811 973 in
1844 921 1972 988 ipsis
2001 922 2084 972 iu-

485 1024 719 1068 crassatu
737 1022 811 1066 est
837 1028 956 1084 pars
979 1017 1114 1085 ejus,
1142 1023 1188 1066 et
1213 1012 1352 1065 cibus
1376 1015 1487 1084 ejus
1511 1010 1695 1064 electus
1717 1026 1732 1064 :
1758 1019 1966 1082 prapter
1990 1007 2088 1062 hoc

487 1122 608 1178 ergo
656 1105 901 1177 expandit
949 1121 1198 1178 sagenam
1243 1119 1422 1172 suam,
1467 1115 1511 1158 et
1550 1119 1751 1172 semper
1796 1102 2089 1171 interﬁcere

488 1214 660 1276 gentes
691 1221 791 1257 non
819 1212 983 1257 cessat
1010 1202 1208 1274 (Vulg.
1243 1201 1454 1274 parcet]
1479 1245 1491 1257 .
1535 1201 1678 1256 LXX
1705 1220 1717 1254 :
1746 1200 2089 1254 Consumma-

485 1299 678 1352 tioncm
703 1300 752 1351 in
780 1300 932 1350 hamo
964 1298 1274 1362 sublevavit,
1311 1309 1356 1351 et
1385 1298 1604 1351 attraxit
1637 1313 1753 1350 eum
1777 1297 1828 1348 in
1853 1299 1945 1348 reti
1967 1312 2085 1362 suo,

488 1404 534 1446 et
565 1395 892 1466 congregavit
918 1409 1034 1446 eum
1072 1394 1127 1445 in
1155 1394 1360 1466 sagenis
1390 1395 1497 1446 suis
1523 1409 1541 1444 :
1563 1404 1774 1463 propter
1813 1391 1910 1443 hoc
1934 1394 2088 1443 trcta—

493 1486 630 1540 liitur
651 1497 696 1539 et
715 1485 959 1558 gaudebit
985 1503 1002 1540 .'
1031 1499 1301 1555 propterea
1326 1485 1612 1540 immolabit
1647 1487 1762 1560 [ΑΙ.
1789 1485 2088 1559 immolarit]

490 1597 697 1652 sugente
723 1598 851 1646 saw,
891 1593 940 1636 et
965 1580 1202 1634 incendet
1230 1581 1323 1635 reti
1349 1598 1462 1646 suo,
1495 1585 1618 1651 quia
1645 1582 1698 1633 in
1730 1580 1858 1647 ipsis
1893 1581 2092 1633 incras-

491 1675 622 1728 sarit
648 1684 845 1742 partem
872 1691 1045 1736 suam,
1069 1683 1116 1728 et
1142 1690 1270 1727 esca:
1306 1677 1421 1746 ejus
1451 1673 1630 1728 electae
1661 1691 1678 1728 :
1700 1684 1976 1746 propterea
2002 1691 2093 1728 ex-

2189 453 2389 522 pariter
2413 453 2477 506 de
2521 450 2779 521 paradiSo
2819 449 3006 519 ejecti.
3039 447 3196 504 Unde
3227 457 3283 501 et
3309 447 3416 502 cibi
3456 447 3574 516 ejus
3613 449 3752 503 electi

2187 557 2336 601 sunt:
2356 555 2434 611 ut,
2459 547 2760 601 secundum
2786 546 3129 601 Psalmistatn
3159 563 3170 598 :
3199 545 3408 610 Quaerat
3431 561 3463 597 a
3486 543 3593 598 Deo
3609 559 3758 598 escam

2186 639 2284 691 sibi
2317 637 2505 710 (Psal.
2531 654 2648 704 CIII,
2674 637 2801 710 ‘21),
2832 639 3127 709 prophetas
3155 637 3475 694 subvertere
3507 636 3690 691 volens
3712 645 3760 691 et

2189 732 2484 802 apostolos.
2521 731 2587 786 Et
2610 735 2735 798 quia
2769 735 3001 800 primum
3025 733 3244 799 decepit
3270 730 3571 795 hominem,
3600 730 3756 799 quoti-

2188 823 2276 879 die
2311 823 2622 878 universum
2656 824 2949 879 humanum
2981 840 3151 893 genus
3188 825 3494 879 interﬁcere
3525 839 3630 878 non
3658 837 3762 879 ces-

2189 930 2291 972 sat.
2324 919 2510 972 Potest
2535 930 2710 974 autem
2740 917 2883 974 etde
2917 917 3294 974 haereticorum
3324 921 3496 988 accipi
3527 931 3762 988 perversa

2191 1011 2587 1082 multiplicique
2613 1012 2772 1084 607
2796 1013 3068 1082 doctrina,
3094 1013 3240 1084 quod
3263 1022 3321 1068 et
3339 1011 3442 1084 ipsi
3476 1011 3634 1067 hamo
3656 1026 3763 1079 suo,

2193 1121 2244 1163 ct
2275 1117 2386 1162 rete
2419 1124 2540 1173 suo,
2567 1120 2621 1163 et
2649 1109 2866 1178 sagcnis
2896 1109 3011 1163 suis
3043 1108 3308 1178 plurimos
3337 1109 3517 1178 pisces
3543 1107 3760 1176 capiant,

2192 1209 2248 1253 et
2280 1199 2449 1254 multa
2482 1199 2698 1268 reptilia
2723 1198 3214 1268 comprehendant,
3265 1208 3320 1252 et
3350 1198 3558 1254 idcirco
3588 1198 3762 1252 laeten-

2196 1302 2302 1358 tur,
2329 1303 2385 1347 et
2412 1309 2722 1350 sermoiiem
2757 1285 3054 1365 suumquo
3082 1293 3342 1363 decipere
3368 1303 3426 1349 et
3456 1293 3766 1364 persuadere

2195 1396 2510 1456 potuerunt,
2546 1386 2702 1457 quasi
2753 1387 2922 1441 Deum
2967 1389 3218 1454 adorent,
3267 1397 3323 1443 et
3375 1386 3529 1440 illum
3571 1385 3762 1450 colant,

2195 1478 2348 1532 illum
2399 1480 2704 1548 exspoliant
2737 1496 2750 1532 :
2789 1479 2889 1549 ipsi
2935 1479 3085 1534 omni
3132 1490 3252 1534 arte
3299 1479 3634 1544 deserviant,
3683 1493 3768 1548 per

2195 1591 2352 1646 quem
2382 1575 2554 1631 sciant
2581 1590 2612 1628 a
2633 1591 2692 1630 se
2724 1585 2900 1630 tantas
2931 1577 3178 1631 victimas
3207 1575 3550 1637 interiectas,
3581 1583 3635 1628 et
3667 1584 3766 1627 tan-

2197 1677 2280 1722 tos
2333 1671 2634 1738 potentium
2689 1677 2714 1704 ⁸
2757 1679 2922 1738 atque
2969 1677 3282 1722 sant-torum
3331 1681 3457 1723 esse
3498 1667 3768 1738 deceptos,

495 1767 675 1836 pandit
720 1777 824 1820 rete
871 1781 1047 1830 suum,
1080 1775 1130 1819 et
1173 1782 1373 1837 semper
1425 1766 1718 1832 interﬁcere
1765 1776 1940 1835 gentes
1987 1782 2089 1818 non
2123 1757 2166 1816 Β
2195 1776 2332 1830 quos
2362 1763 2609 1831 pinguem
2637 1777 2842 1829 partem
2867 1774 2918 1817 et
2944 1762 3148 1817 electas
3169 1777 3323 1818 escas
3344 1763 3620 1832 Scriptura
3646 1775 3772 1816 nunc

493 1869 675 1915 cessat.
709 1860 847 1926 Quia
892 1875 1055 1930 supra
1099 1861 1282 1930 pisites
1321 1860 1719 1920 nominaVerat,
1765 1859 1953 1913 dit-ens
1981 1878 1994 1913 :
2025 1857 2095 1911 Et

494 1953 655 2024 facies
696 1951 932 2006 homines
981 1955 1130 2018 quasi
1162 1952 1330 2024 pisces
1376 1955 1558 2016 maris,
1588 1959 1636 2006 et
1679 1955 1827 2022 quasi
1870 1951 2090 2021 reptile,

489 2044 640 2114 quod
670 2045 1074 2114 signiﬁcantius
1104 2045 1307 2099 dicitur
1329 2045 1382 2098 in
1410 2045 1636 2098 llebrteo
1659 2059 1830 2098 naues
1857 2047 2035 2113 (m1
2054 2045 2094 2115 ),

495 2136 548 2193 id
582 2147 685 2206 est,
729 2139 1043 2212 κινούμενον.
1078 2154 1242 2192 omne
1271 2137 1526 2191 videlicet
1569 2138 1712 2205 quod
1757 2138 1962 2191 moveri
1997 2153 2096 2206 pn-

497 2240 626 2296 test,
657 2231 858 2287 idcirco
889 2233 1178 2308 μεταφορὰν
1212 2231 1437 2298 piscium
1472 2242 1658 2284 servat
1687 2231 1739 2284 iti
1771 2230 2010 2294 caeteris,
2042 2236 2100 2283 ut

498 2323 774 2394 quomodo
800 2324 1040 2391 piscator
1065 2323 1223 2376 mittit
1250 2321 1490 2383 hatuutn,
1517 2334 1572 2376 et
1595 2334 1712 2378 rete
1739 2332 1792 2377 et
1815 2338 2094 2394 sagenam,

497 2428 555 2471 ιιι
584 2417 729 2487 quod
756 2417 946 2470 hatnus
979 2431 1084 2470 ιιοιι
1111 2416 1289 2485 potuit
1316 2424 1431 2471 rete
1479 2419 1925 2486 comprehendat,
1955 2417 2098 2488 qttod

499 2512 739 2564 eva~erit
770 2521 886 2564 rete
919 2512 1138 2577 sitgenis
1191 2509 1476 2564 latioribus
1505 2509 1880 2565 circumdatur
1909 2530 1921 2564 :
1950 2513 2023 2566 ita
2047 2519 2103 2565 et

500 2617 594 2658 rex
626 2601 958 2673 Babylonius
986 2615 1181 2656 euneta
1217 2603 1528 2666 vastaverit,
1563 2615 1614 2656 et
1654 2602 1968 2658 universum
1999 2603 2099 2658 ho-

505 2695 710 2750 minum
743 2710 916 2766 genus
940 2710 1091 2749 suam
1115 2693 1352 2763 praedam
1378 2693 1567 2748 fecerit
1597 2691 1770 2765 (Dan.
1799 2697 1903 2763 ιιι).
1933 2694 2102 2750 Ροιϊο

501 2789 648 2862 quod
678 2789 756 2842 ait
787 2807 800 2841 :
833 2787 1118 2843 Laetabitur
1149 2801 1303 2858 atque
1336 2787 1606 2858 gaudebit,
1638 2797 1684 2842 et
1709 2788 1995 2842 immolabit
2019 2805 2104 2842 sa-

503 2897 649 2955 gente
671 2897 801 2945 sate,
832 2890 881 2935 et
922 2881 1240 2949 sacriﬁcabit
1282 2886 1380 2934 reti
1422 2897 1538 2940 suo.
1588 2880 1793 2933 idolum
1832 2879 2105 2950 signiticat

505 2975 648 3046 quod
675 2975 802 3029 fecit
824 2975 878 3028 in
902 2990 1093 3044 campo
1112 2973 1256 3028 Dura
1280 2972 1396 3046 [ΑΙ.
1429 2971 1657 3044 Duram]
1679 2984 1732 3028 et
1754 2972 2104 3027 simulacrum

507 3068 682 3135 Belis,
713 3070 801 3124 cui
836 3069 990 3138 quasi
1018 3068 1211 3140 grandi
1243 3084 1456 3138 sagenae
1487 3068 1783 3122 immolavit
1817 3068 2110 3137 pinguissi-

2199 1859 2463 1910 notuinat.
2505 1855 2814 1924 Propterea
2861 1860 2912 1908 in
2968 1854 3386 1911 similitudinem
3444 1854 3768 1920 bestiarum,

2199 1964 2320 2018 qua:
2349 1957 2624 2019 gustatum
2647 1949 2816 2005 semel
2849 1949 3428 2020 sanguinemsemper
3457 1951 3663 2015 sitiunt,
3690 1963 3774 2005 cx-

2202 2043 2444 2113 pattduut
2489 2051 2610 2099 rete
2639 2058 2823 2109 suum,
2857 2055 2914 2099 et
2963 2043 3068 2100 hoc
3113 2059 3276 2099 omne
3321 2059 3514 2100 eorum
3558 2043 3770 2100 studium

2201 2146 2315 2202 cst,
2350 2146 2406 2190 ut
2439 2151 2545 2190 non
2580 2151 2817 2207 paucos,
2849 2137 2988 2192 sicut
3029 2137 3081 2190 in
3119 2137 3423 2208 principio,
3473 2136 3566 2191 sed
3607 2137 3774 2208 plures

2203 2232 2552 2286 interﬁciant.
2588 2230 2701 2285 Non
2731 2231 2959 2302 ambigit
2991 2231 3059 2286 de
3091 2231 3476 2288 interiectione
3499 2233 3771 2286 multarum

2201 2325 2466 2396 gentium,
2499 2325 2587 2393 qui
2621 2334 2826 2379 tantam
2873 2330 3152 2381 haereseon
3193 2337 3248 2381 et
3273 2340 3656 2396 perversarum
3686 2324 3774 2378 do-

2203 2420 2501 2473 ctrinarutn
2535 2419 2939 2474 multitudinem
2979 2419 3181 2475 diaboli
3211 2419 3418 2475 viderit
3449 2420 3626 2484 hamo,
3654 2428 3774 2485 rete,

2205 2510 2536 2581 sagenisque
2564 2512 3020 2579 comprehensam
3059 2528 3073 2566 :
3116 2521 3170 2568 et
3201 2519 3388 2567 tamen
3435 2524 3669 2583 capturas
3695 2526 3776 2566 eo-

2207 2618 2326 2658 rum
2356 2601 2478 2658 linis
2511 2603 2768 2657 interitus
2797 2614 2902 2659 est.

2279 2695 2440 2768 (Cap.
2471 2695 2794 2752 ll.—Vers.
2818 2699 2870 2752 1.
2894 2697 2911 2769 )
2947 2696 3120 2768 Super
3137 2697 3427 2752 custodiam
3451 2713 3609 2753 meam
3632 2696 3777 2758 stabo.

2207 2799 2253 2844 et
2286 2790 2441 2859 ﬁgam
2485 2789 2708 2859 gradum
2736 2805 2895 2859 super
2933 2791 3309 2856 munitionem,
3340 2801 3388 2844 et
3425 2799 3598 2844 conte-2
3621 2787 3781 2861 plabor

2208 2892 2266 2936 ut
2295 2883 2495 2936 videam
2521 2885 2648 2954 quid
2672 2883 2881 2936 dicatur
2909 2884 3035 2936 mihi
3060 2892 3104 2936 et
3126 2885 3250 2944 quid
3271 2884 3609 2952 respondeam
3631 2882 3694 2934 ad
3712 2896 3782 2932 ar-

2209 2986 2448 3049 guentem
2477 2994 2576 3030 me.
2617 2975 2760 3031 LXX
2788 2995 2799 3030 :
2834 2976 3004 3048 Super
3027 2976 3320 3032 custodiam
3361 2992 3530 3031 meam
3555 2975 3712 3039 stabo,
3740 2982 3781 3027 et

2214 3067 2492 3122 ascendam
2528 3085 2682 3139 super
2723 3077 2950 3140 petram,
2984 3078 3032 3122 et
3069 3067 3460 3140 contemplabor
3499 3077 3555 3122 ut
3603 3067 3782 3121 videam

509 3177 627 3216 mas
659 3161 932 3227 vietimas,
969 3171 1108 3216 totas
1134 3176 1270 3232 quas
1292 3162 1496 3216 vicerat
1525 3163 1772 3215 nationes
1808 3161 1873 3215 ad
1899 3163 2102 3216 cultum
2133 3153 2178 3216 C
2209 3160 2334 3231 quid
2365 3157 2609 3230 loquatur
2642 3161 2695 3214 in
2721 3159 2843 3232 [AL
2869 3159 2974 3233 ad]
3003 3177 3104 3224 me,
3134 3169 3182 3214 et
3210 3160 3340 3232 quid
3368 3160 3699 3232 respondeam
3722 3158 3781 3211 ad

510 3254 626 3323 ejus
651 3267 874 3324 cogens.
909 3253 966 3309 In
1001 3255 1134 3324 ipsis
1164 3255 1385 3323 quippe,
1417 3253 1581 3325 606
1611 3255 1712 3308 hoc
1743 3265 1845 3318 est,
1871 3253 1922 3308 in
1952 3253 2110 3309 idolis

508 3349 624 3404 suis
663 3349 1024 3403 incrassatum
1058 3364 1180 3403 esse
1210 3364 1270 3403 se
1311 3352 1564 3414 credens,
1600 3358 1654 3403 et
1682 3363 1836 3403 suam
1872 3360 2107 3417 partem,

509 3442 559 3497 id
586 3450 694 3511 est,
719 3458 920 3498 omnes
947 3458 1006 3496 se
1039 3442 1242 3497 habere
1273 3440 1515 3508 divitias,
1567 3442 1721 3510 quasi
1773 3441 2005 3510 grandes
2035 3442 2112 3510 pi-

508 3551 630 3591 sces
659 3537 823 3591 etiam
876 3534 1149 3606 principes
1177 3550 1422 3606 quosque
1453 3546 1614 3604 atque
1646 3550 1803 3605 reges
1846 3550 1945 3587 suo
1983 3535 2112 3590 sub-

505 3629 717 3700 jugavit
763 3630 1020 3697 imperio,
1068 3643 1202 3696 quas
1229 3643 1385 3683 escas
1429 3627 1634 3682 electas
1661 3638 1842 3683 vocat.
1889 3627 1958 3682 Et
1985 3627 2110 3697 quia

513 3722 685 3778 semel
710 3721 1013 3792 piscatione
1040 3721 1455 3790 cpulentissima
1482 3732 1758 3776 saturatus
1794 3730 1900 3787 est,
1937 3732 1993 3775 et
2026 3735 2115 3774 sa-

510 3831 706 3886 geuatn
739 3828 918 3880 suam,
949 3813 1001 3868 id
1032 3824 1138 3883 est,
1164 3828 1325 3869 suum
1355 3814 1584 3882 replevit
1617 3814 1949 3880 exercitum,
1989 3828 2114 3881 pro-

513 3919 701 3981 pterea
743 3921 935 3978 gentes
977 3906 1312 3974 interﬁcere,
1351 3906 1403 3960 id
1435 3915 1540 3974 est,
1587 3920 1810 3974 semper
1850 3920 2111 3974 pugnare,

513 4001 834 4070 etjugulare
859 4016 962 4054 non
986 4010 1186 4054 cessat.
1218 3999 1389 4052 Porro
1411 3998 2111 4066 secundumSi-ptuaainta,

517 4090 718 4160 impius
748 4091 997 4146 diabolus
1031 4090 1167 4161 (qui
1195 4090 1456 4159 Opprimit
1481 4090 1712 4159 justum,
1745 4103 1798 4145 et
1824 4092 1988 4146 habet
2019 4092 2116 4144 ho-

519 4185 697 4240 mincs
727 4184 880 4254 quasi
911 4184 1090 4253 pisces
1111 4187 1299 4252 maris,
1334 4194 1388 4237 et
1418 4194 1594 4236 vastat
1624 4195 1819 4236 cuncta
1850 4185 1999 4251 quasi
2032 4199 2118 4238 re-

515 4277 670 4351 ptilia
702 4293 806 4332 non
839 4277 1091 4330 habentia
1113 4276 1342 4344 ducem)
1372 4276 1516 4329 misit
1548 4274 1764 4344 hamum
1798 4292 1953 4330 suum
1978 4291 2113 4331 con-

519 4373 745 4428 trarium
799 4371 849 4427 ei
905 4371 1089 4439 hamo,
1147 4387 1176 4426 a
1225 4386 1332 4440 quo
1383 4385 1478 4440 per
1527 4370 1836 4438 apostolum
1895 4370 2114 4424 l’etrutn

521 4468 734 4538 primus
767 4477 960 4536 captus
991 4474 1075 4520 est
1105 4467 1292 4534 piscis,
1338 4466 1390 4519 in
1436 4465 1590 4535 cujus
1622 4482 1717 4519 ore
1751 4467 2004 4520 inventus
2035 4479 2118 4520 est

2209 3253 2580 3324 correptionem
2630 3268 2818 3307 meam.
2863 3253 3229 3324 Symmachus
3275 3255 3615 3309 manifestius
3649 3251 3674 3289 ι)
3710 3258 3783 3306 εει

2213 3357 2530 3414 persecutus
2569 3363 2581 3398 :
2627 3346 2788 3416 Quasi
2834 3355 3005 3401 custos
3047 3363 3202 3418 super
3243 3347 3514 3417 speculam
3555 3345 3714 3408 stabo,
3741 3350 3783 3396 et

2211 3439 2355 3492 stabo
2380 3439 2515 3492 velut
2560 3440 2815 3506 inclusus,
2855 3451 2902 3494 et
2932 3440 3320 3512 contemplabor
3349 3451 3406 3494 ut
3450 3440 3646 3495 videam
3671 3436 3784 3509 quid

2212 3531 2417 3588 dicatur
2443 3532 2594 3600 mihi,
2618 3545 2664 3587 et
2689 3532 2818 3603 quid
2839 3534 3204 3601 respondeam,
3237 3544 3285 3588 et
3323 3534 3674 3588 contradicunt
3701 3532 3785 3584 ad-

2212 3640 2419 3678 versum
2452 3635 2749 3694 arguentem
2797 3642 2900 3680 me.
2952 3625 3057 3680 Pro
3087 3624 3392 3680 munitione
3439 3635 3495 3680 et
3541 3638 3700 3692 petra,
3735 3621 3781 3674 in

2213 3717 2367 3787 Cujus
2419 3717 2596 3772 locum
2629 3718 2988 3789 Symmachus
3027 3719 3424 3789 interpretatus
3453 3729 3536 3775 est
3588 3717 3785 3772 conclu-

2212 3826 2345 3877 sum,
2381 3809 2432 3863 in
2463 3809 2691 3864 Hebraeo
2725 3810 2946 3878 ponitur
2975 3825 3148 3866 usus
3182 3810 3420 3882 (nm),
3456 3810 3595 3881 qttod
3624 3809 3785 3863 Then-

2215 3905 2365 3958 dotin
2417 3921 2634 3975 gyrum,
2685 3904 2880 3971 Aquila
2937 3913 2993 3960 et
3030 3905 3217 3975 quinta
3269 3905 3439 3960 editio
3497 3915 3520 3945 ο
3560 3904 3788 3958 circinum

2219 4000 2642 4054 transtulerunt.
2674 3997 2871 4054 Prima:
2903 4000 3207 4055 causationi
3237 4000 3590 4070 respondet-at
3623 3995 3786 4053 Domi-

2218 4107 2320 4146 nus
2350 4112 2359 4144 :
2390 4079 2634 4159 ASpicit'e
2665 4093 2716 4145 in
2746 4093 3021 4164 gentibus,
3047 4102 3102 4149 et
3127 4091 3328 4160 videte,
3357 4103 3414 4148 ct
3443 4090 3784 4154 admiramini,

2222 4197 2273 4240 et
2305 4185 2698 4252 obstupescite.
2733 4187 2812 4240 Ad
2845 4202 3003 4251 quam
3035 4189 3296 4258 propheta
3328 4189 3491 4260 quasi
3514 4184 3789 4258 superioris

2221 4277 2348 4364 dic’ti
2376 4293 2543 4347 agens
2564 4278 2967 4348 paenitentiam,
3000 4290 3106 4333 tem
3118 4291 3402 4348 paraverat
3423 4279 3635 4352 quidem
3662 4291 3791 4347 quae-

2221 4370 2474 4437 stionem,
2512 4371 2698 4425 dicens
2727 4391 2740 4426 :
2769 4370 2991 4426 Domine
3017 4370 3159 4426 Deus
3189 4391 3351 4440 meus,
3373 4385 3548 4429 sancte
3575 4387 3726 4434 meus,
3749 4377 3791 4422 et

2227 4481 2329 4518 non
2366 4465 2645 4518 moriemur
2674 4466 2890 4535 (Supra
2919 4483 2964 4528 ι,
2999 4466 3120 4538 12).
3157 4467 3264 4523 Sed
3301 4467 3649 4523 nihilominus
3683 4477 3789 4521 cum

517 4537 693 4616 stater
725 4559 960 4627 (Matth.
1001 4557 1175 4629 xvu).
1203 4559 1269 4614 Et
1301 4557 1533 4612 adh:rsit
1580 4557 1739 4612 hamo
1770 4559 1888 4628 ejus
1914 4559 2111 4627 Adam,
2144 4537 2194 4597 Ῑ)
2224 4561 2578 4614 veneratione
2604 4568 2658 4614 et
2687 4559 2938 4614 laudibus
2960 4561 3058 4616 Dei
3078 4537 3254 4631 ipsum
3280 4561 3458 4616 fuerat
3484 4561 3788 4617 sciscitatus:

517 4664 573 4709 et
605 4653 833 4707 attraxit
863 4668 985 4707 eum
1015 4650 1163 4705 foras
1189 4651 1255 4706 de
1289 4652 1540 4722 paradiso
1579 4665 1693 4708 rete
1737 4667 1836 4707 suo
1866 4671 1877 4706 :
1910 4667 1962 4707 et
1985 4668 2116 4709 coo-

519 4744 701 4817 peruit
729 4745 880 4800 illum
904 4745 1122 4814 sageuis
1143 4746 1277 4809 suis,
1301 4746 1465 4799 Variis
1486 4756 1540 4799 et
1563 4746 1955 4814 multiplicibus
1977 4745 2117 4802 dolis

517 4850 681 4911 atque
709 4839 960 4893 fallaciis.
1007 4839 1218 4893 Idcirco
1261 4839 1554 4902 laetabitur,
1597 4847 1651 4892 ct
1679 4840 1958 4908 decipulas
1991 4855 2118 4896 suas

520 4934 642 5004 plus
673 4931 1035 4986 arbitrabitur
1063 4945 1189 4986 esse
1219 4946 1381 5000 quam
1414 4939 1745 5000 prie-ceptum
1783 4933 2018 4986 Domini.
2053 4933 2118 4987 Et

520 5025 827 5082 immolabit
869 5039 977 5079 noti
1016 5024 1176 5078 hamo
1205 5024 1331 5093 (qui
1381 5039 1666 5092 perversus
1707 5039 1888 5080 sermo
1919 5026 2117 5080 intelli-

517 5119 685 5188 gitur,
711 5129 766 5173 et
784 5118 958 5172 adhuc
985 5117 1038 5171 in
1067 5117 1330 5186 principio
1350 5115 1729 5186 c0iistitutus),
1750 5117 1845 5171 sed
1870 5120 1970 5173 reti
1996 5133 2115 5188 sui),

519 5211 646 5283 quia
683 5211 1068 5280 pinguissimus
1100 5208 1153 5263 in
1182 5211 1299 5280 ipso
1328 5207 1533 5262 hostias
1558 5210 1998 5278 comprehendit.
2035 5213 2124 5266 Et:

527 5308 632 5365 Per
652 5323 810 5362 unum
839 5305 1100 5360 hominem
1129 5314 1424 5376 peccatores
1455 5305 1726 5357 constituti
1759 5316 1876 5359 sunt
1909 5307 2122 5377 plurimi

524 5401 719 5476 (Rom.
761 5419 827 5470 v,
875 5400 1012 5470 i9),
1059 5410 1114 5455 et
1143 5400 1196 5453 in
1237 5398 1410 5452 Adam
1459 5411 1651 5451 omnes
1693 5398 1890 5452 mortui
1935 5414 2123 5456 sumus

596 5569 621 5598 ι
666 5558 859 5630 Regia.
892 5572 997 5612 ms.
1034 5563 1204 5608 tantos
1231 5554 1516 5630 potentium
1547 5568 1578 5604 a
1606 5568 1662 5605 se
1692 5567 1802 5606 esse
1829 5555 2084 5630 deceptos.

597 5631 623 5671 ι)
665 5625 839 5688 Verba
865 5638 939 5685 est
971 5637 1291 5696 persecutus,
1326 5625 1542 5695 Reginae
1573 5639 1674 5696 ms.
1711 5627 1903 5680 nescit.

598 5717 620 5742 ε
669 5702 854 5758 Verius
888 5695 988 5754 hoc
1018 5707 1129 5766 est,
1164 5699 1307 5769 quod
1337 5714 1401 5751 ex
1457 5695 1678 5767 Regina:
1716 5713 1820 5753 ms.
1863 5696 2120 5752 rescribi-

525 5790 664 5842 mus,
698 5783 823 5843 post
855 5771 1060 5828 Victor.
1117 5768 1402 5837 circinum,
1439 5784 1537 5840 pro
1569 5784 1674 5839 quo
1705 5768 1828 5838 legit
1863 5769 2112 5824 Martiali.

2226 4654 2413 4708 Mundi
2441 4663 2559 4708 sunt
2582 4653 2717 4707 oculi
2747 4655 2824 4708 tui
2849 4664 2904 4708 ut
2931 4673 3032 4709 non
3057 4656 3234 4711 videas
3257 4657 3474 4722 malum,
3500 4665 3545 4712 et
3567 4654 3794 4722 respicere

2222 4747 2292 4799 ad
2322 4747 2644 4816 iniquitatem
2672 4748 2839 4800 nescis
2873 4744 3066 4818 (Ibid.,
3093 4748 3211 4820 15).
3241 4749 3427 4816 Quare
3457 4765 3560 4804 non
3589 4744 3792 4815 respicis

2223 4855 2389 4909 super
2421 4839 2600 4908 iniqua
2630 4850 2879 4909 agentes,
2907 4850 2962 4895 et
2993 4849 3163 4906 taces,
3214 4841 3512 4898 devorante
3540 4839 3696 4908 impio
3717 4835 3794 4906 ju-

2220 4935 2444 4988 Stioretn
2476 4935 2569 4988 se?
2603 4934 2801 5002 thuaa
2830 4944 2978 4990 esset
2999 4935 3130 5005 justi
3153 4935 3454 5001 devoratio,
3476 4935 3636 5008 σω
3658 4943 3794 4986 exse-

2223 5036 2382 5081 cutus
2413 5027 2465 5080 in
2509 5026 2753 5095 partibus
2783 5035 2866 5081 est
2890 5043 2903 5080 :
2930 5038 2990 5081 ut
3035 5027 3234 5083 tierent
3267 5029 3520 5084 homines
3551 5025 3697 5098 quasi
3721 5020 3793 5092 pio

2227 5134 2350 5175 secs
2379 5120 2570 5184 maris,
2602 5127 2657 5173 et
2681 5120 2835 5189 quasi
2884 5121 3120 5192 reptilia.
3157 5124 3221 5176 lit
3248 5122 3393 5192 quod
3426 5121 3606 5188 hamo,
3638 5128 3688 5174 et
3714 5130 3794 5170 sa-

2221 5228 2380 5284 gena,
2434 5221 2490 5267 et
2519 5219 2637 5266 rete
2680 5227 2779 5265 suo
2805 5230 2997 5269 omnes
3025 5214 3093 5269 ad
3139 5215 3418 5272 interitum
3451 5213 3792 5271 traherentur,

2221 5317 2280 5362 et
2319 5323 2425 5360 non
2457 5316 2607 5361 esset
2646 5305 2767 5360 linis
2807 5306 3206 5364 interfectiouis
3237 5324 3450 5365 eorum.
3483 5309 3662 5374 Itaque
3685 5302 3794 5368 auia

2227 5399 2494 5471 propheta
2522 5406 2626 5465 est,
2683 5408 2736 5454 et
2788 5411 3077 5472 propterea
3131 5403 3348 5473 quzerit,
3399 5409 3453 5457 et
3478 5398 3722 5456 dubitare
3742 5407 3795 5448 se

2234 5557 2452 5630 circum.
2481 5554 2764 5630 Consonat
2794 5557 2850 5615 in
2889 5561 3133 5618 subnexa
3159 5559 3499 5630 expositione
3544 5556 3793 5630 Hieron!-

2229 5644 2372 5694 mus,
2404 5628 2520 5695 ubi,
2555 5632 2621 5686 Et
2653 5631 2775 5698 hoc,
2810 5632 3002 5703 inquit,
3023 5649 3154 5704 gyro
3181 5628 3472 5700 et‘circino,
3498 5628 3642 5704 quasi
3665 5637 3795 5680 πιανο

2226 5716 2430 5770 sequar,
2459 5716 2542 5772 ne,
2570 5713 2676 5760 etc.
