4050 6342
233 286 376 344 1289

1061 281 1718 342 COMMENTARIORUM
1755 279 1822 340 IN
1861 279 2137 338 ΑΒΜ]υο
2177 281 2306 340 LIB.
2352 283 2392 338 Ι.
2435 283 2587 338 CAP.
2633 281 2692 338 ll.

3393 283 3532 344 1290

232 405 388 466 dicit.
421 412 481 460 ut
509 403 653 476 quod
687 401 762 460 illi
793 405 1239 476 responderetur,
1271 407 1672 477 respondeatur
1711 419 1826 458 om-
1855 405 1908 464 Α
1933 403 2108 456 virum
2135 403 2188 457 in
2213 403 2346 456 Isaia
2381 403 2458 464 ﬁt,
2484 404 2670 458 dicens
2699 419 2717 458 :
2747 401 2934 457 Adhuc
2973 402 3210 470 loquente
3233 411 3304 470 te,
3333 406 3530 470 dicam,

231 499 394 555 nibus
425 517 438 554 :
465 499 650 566 Stabo,
682 500 880 570 inquit.
911 501 966 554 in
995 501 1208 570 specula
1231 517 1364 560 mea.
1397 501 1576 562 idest,
1623 499 1676 552 in
1705 513 1828 566 pro-

233 593 434 664 phetia:
465 609 600 648 metr
629 593 984 658 sublimitate.
1016 605 1070 648 et
1093 594 1290 648 videbo
1321 601 1438 660 post
1461 590 1826 658 captivitatem

233 685 440 758 populi,
465 695 520 740 et
547 687 890 742 eversionem
919 685 1152 741 civitatis
1177 695 1232 740 et
1257 685 1464 752 templi,
1493 693 1548 740 et
1573 683 1832 752 deinceps

233 781 366 852 quid
390 789 673 850 sequatur.
705 781 800 836 Vel
831 791 982 836 certe
1011 781 1084 836 ita
1117 799 1130 834 :
1163 780 1480 836 Custodiam
1511 779 1662 834 omni
1709 777 1834 834 dili-

233 873 415 944 gentia
443 889 538 928 cor
579 889 784 942 meum,
821 885 874 930 et
903 873 1061 930 stabo
1089 887 1256 944 super
1287 871 1564 928 Christum
1593 881 1828 942 petram.

237 963 308 1018 Et
329 963 434 1020 hoc
459 980 596 1038 gyro
624 973 680 1022 et
709 965 916 1022 rircino
950 967 1104 1036 quasi
1137 981 1290 1022 muro
1329 965 1532 1036 sepiar,
1563 979 1631 1020 ne
1653 965 1718 1020 ad
1747 979 1836 1020 me

235 1055 326 1112 leo
373 1057 594 1128 rugiens
645 1059 824 1128 possit
868 1058 1196 1130 irrumpere,
1229 1071 1284 1114 et
1315 1057 1512 1114 videbo
1541 1057 1670 1128 quid
1701 1057 1834 1114 mihi

235 1159 364 1222 post
381 1151 676 1206 secundam
694 1153 1054 1222 qumstiouem
1073 1151 1400 1224 respondeat
1423 1152 1590 1206 Deus:
1615 1158 1672 1206 et
1687 1159 1838 1220 post-

237 1261 398 1318 quam
427 1247 558 1300 mihi
585 1247 948 1316 responderit,
977 1257 1136 1302 etme
1156 1245 1474 1318 corripuerit
1501 1246 1640 1300 male
1671 1243 1837 1300 fuisse

237 1352 622 1410 conquestum,
645 1341 772 1408 quid
795 1357 896 1412 ego
917 1357 1132 1412 quoque
1155 1341 1204 1396 ei
1230 1341 1456 1398 debeam
1479 1340 1834 1411 respondere.

240 1433 536 1506 Eleganter
567 1444 748 1490 autem
781 1445 837 1490 et
879 1437 1016 1490 niiro
1061 1451 1222 1492 sensu
1253 1435 1548 1492 humanam
1575 1435 1840 1492 describit

239 1525 666 1599 impatientiam,
701 1545 862 1600 quam
899 1527 952 1584 iu
979 1529 1470 1594 disceptationibus
1499 1543 1716 1599 semper
1747 1530 1840 1582 ha-

239 1619 374 1676 bere
409 1623 838 1678 consuevimus:
877 1633 936 1678 ut
963 1633 1251 1694 antequam
1295 1623 1456 1678 nobis
1499 1638 1564 1678 ex
1611 1623 1840 1678 adverso

239 1711 438 1782 aliquis
467 1715 824 1784 rcSpondeat,
859 1725 914 1770 et
943 1715 1180 1772 sciamus
1215 1715 1268 1770 in
1301 1731 1408 1788 quo
1437 1731 1535 1770 nos
1575 1717 1838 1788 arguerit,

1935 513 2050 550 erce
2103 497 2288 550 adsunt
2323 495 2476 564 (Is-ai.
2511 513 2638 564 LXV,
2661 497 2786 570 ΞΜ),
2817 513 2958 552 nunc
3003 515 3218 568 quoque
3257 501 3536 570 propheta:

1935 591 2220 660 respondit
2241 589 2530 654 Dominus,
2553 604 2606 646 et
2633 595 2892 664 praaccpit
2917 604 2976 648 ut
2997 593 3200 648 scribat
3239 595 3534 658 visionem,

1935 695 1990 741 el
2011 687 2222 756 digerat
2255 685 2370 760 [Αἰ.
2403 683 2632 758 dirigat]
2660 703 2778 740 eam
2832 703 3000 758 super
3057 687 3294 757 tabulas,
3327 689 3382 742 id
3429 699 3535 754 est,

1937 777 2282 834 manifestius
2331 779 2557 833 scribat.
2621 779 2858 834 Tabulas
2911 791 3090 834 autem
3125 793 3252 844 puto
3301 781 3444 844 illas,
3471 781 3542 836 de

1937 873 2132 944 quibus
2163 883 2217 928 et
2249 873 2530 944 apostolus
2553 873 2794 944 loquitur
2817 873 2882 930 ad
2909 873 3222 932 Corinthios
3257 873 3540 948 :Epistola

1939 979 2120 1022 nostra
2171 983 2260 1024 vos
2307 969 2450 1034 estis,
2492 969 2690 1038 scripta
2737 969 2794 1024 in
2845 969 3087 1024 cordibus
3142 971 3330 1024 nostris
3369 985 3386 1025 :
3426 985 3544 1042 qua:

1945 1063 2272 1134 cognoscitur
2297 1071 2346 1116 et
2377 1063 2566 1135 legitur
2612 1063 2674 1116 ab
2728 1063 2964 1118 omnibus
3007 1063 3304 1118 hominibus
3334 1065 3544 1119 :muui-

1941 1155 2137 1226 fustati,
2163 1155 2406 1223 quoniam
2435 1155 2558 1220 estis
2589 1154 2814 1228 epistola
2847 1155 3065 1219 Christi,
3101 1157 3398 1210 ministrata
3421 1155 3540 1228 [AL

1941 1249 2312 1322 manifestata]
2339 1267 2370 1304 a
2417 1249 2584 1312 nobis,
2620 1259 2670 1302 et
2717 1251 2912 1322 scripta
2953 1265 3058 1302 non
3105 1257 3420 1312 atramento,
3451 1251 3544 1304 sed

1941 1341 2132 1412 spiritu
2153 1339 2252 1396 Dei
2279 1343 2514 1412 viventis,
2535 1359 2638 1396 non
2667 1343 2720 1396 in
2768 1342 2958 1396 tabulis
2995 1341 3238 1408 lapideis,
3271 1343 3362 1396 sed
3383 1345 3434 1396 in
3467 1351 3546 1396 ta—

1943 1435 2082 1490 bulis
2111 1437 2284 1491 cordis
2303 1437 2602 1492 carnalibus
2627 1435 2690 1508 (ll
2721 1435 2842 1491 Cor.
2877 1451 2958 1500 ιιι,
2985 1437 3112 1504 “25).
3147 1435 3252 1492 Sed
3285 1445 3338 1490 et
3389 1435 3548 1490 Salo—

1945 1545 2074 1586 mon
2101 1531 2204 1584 tale
2227 1531 2355 1600 quid
2389 1531 2664 1602 signiﬁcat
2701 1531 2758 1586 in
2801 1529 3120 1586 Proverbiis
3171 1529 3364 1584 dicens
3395 1545 3412 1581 :
3441 1525 3548 1582 Dc-

1945 1623 2110 1678 scribc
2141 1639 2252 1678 eam
2284 1640 2440 1694 super
2467 1625 2798 1678 latitudinem
2827 1624 3000 1676 cordis
3041 1623 3118 1676 tui
3143 1621 3328 1690 (Prov.
3359 1639 3440 1686 tu,
3467 1619 3548 1692 '5).

1949 1713 2202 1770 Scribere
2255 1725 2436 1770 autem
2475 1715 2698 1787 jubetur
2753 1715 2993 1786 planius,
3027 1722 3086 1768 ut
3143 1715 3312 1786 possit
3373 1715 3546 1770 lector

241 1808 310 1864 ad
359 1809 808 1880 respondendum
841 1826 1114 1882 paremur.
1165 1811 1246 1866 Ex
1277 1827 1383 1880 quo
1411 1811 1716 1866 ostenditur
1755 1827 1842 1866 re-
1873 1809 1922 1870 B
1947 1825 2194 1878 currere,
2225 1819 2282 1866 et
2313 1811 2462 1866 nullo
2491 1810 2888 1880 impedimento
2917 1810 3178 1866 velocitas
3209 1809 3356 1878 ejus,
3391 1819 3446 1864 et
3473 1809 3550 1866 Ie-

240 1905 596 1978 sponsionem
631 1924 738 1961 non
787 1909 1017 1963 rationis
1047 1923 1194 1978 esse,
1224 1907 1320 1962 sed
1349 1907 1738 1964 contentionis.
1787 1909 1846 1964 Si

241 2002 388 2058 cnim
425 2012 570 2058 esset
615 2003 778 2070 ratio,
811 2005 1100 2074 resp0nsio
1133 2003 1404 2060 debuerat
1429 2003 1761 2074 exspectari,
1791 2011 1849 2062 et

243 2095 324 2150 sic
355 2093 556 2176 videre
575 2107 756 2152 utrum
787 2097 1122 2168 respondere
1151 2097 1398 2164 deberet,
1431 2113 1498 2153 an
1531 2099 1846 2156 consentire

241 2187 556 2244 rationabili
599 2191 966 2260 responsioni.
1000 2189 1108 2246 Sed
1141 2199 1196 2244 et
1225 2191 1328 2246 hoc
1357 2191 1656 2248 notandum
1687 2207 1751 2248 ex
1780 2209 1846 2248 eo

246 2281 394 2350 quod
450 2281 702 2348 dixerat,
747 2281 816 2338 Ut
853 2283 1052 2338 uideam
1079 2283 1206 2354 quid
1233 2285 1478 2355 loquatur
1501 2286 1554 2338 in
1585 2301 1684 2348 me,
1715 2301 1846 2356 pro-

241 2373 520 2446 pheticam
551 2375 834 2432 Visionem
867 2387 924 2432 et
943 2378 1216 2448 eloquium
1247 2379 1340 2434 Dei
1373 2393 1482 2434 non
1507 2380 1848 2436 extrinsecus

243 2469 314 2526 ad
347 2471 642 2540 prophetas
685 2471 828 2540 ﬁeri,
878 2471 973 2527 sed
1017 2473 1350 2530 intrinsecus
1378 2481 1434 2528 et
1457 2473 1702 2530 interiori
1745 2473 1846 2528 ho-

247 2563 758 2634 miniresponderc.
793 2565 946 2620 Unde
969 2575 1018 2620 et
1051 2565 1374 2620 Zacharias:
1395 2565 1460 2620 Et
1489 2565 1738 2640 angelus,
1769 2567 1850 2620 in-

247 2661 386 2732 quit,
411 2661 500 2732 qui
529 2659 834 2730 loquebatur
855 2661 910 2714 in
941 2676 1020 2714 me
1041 2659 1234 2728 (Zach.
1255 2677 1294 2727 ι,
1311 2661 1386 2726 9).
1407 2660 1478 2716 Ει
1501 2661 1554 2716 ἰιι
1579 2659 1847 2716 Psalmis:

247 2751 472 2807 Audiam
485 2754 610 2824 quid
625 2753 872 2826 loquatur
887 2753 942 2808 in
961 2771 1038 2810 me
1059 2751 1316 2810 Dominus
1337 2753 1510 2828 (Psal.
1529 2771 1748 2826 Lxmv,
1769 2753 1848 2830 9).

323 2849 520 2920 (Vcrs.
563 2849 600 2904 2
641 2848 834 2922 seqq.)
875 2849 942 2904 Et
970 2849 1242 2920 respondit
1291 2849 1420 2904 mihi
1467 2851 1746 2920 Dominus,
1803 2859 1852 2906 et

250 2942 389 2996 dixit
421 2957 438 2996 :
472 2941 656 2998 Scribe
681 2944 874 3009 uisum,
907 2953 956 2997 et
991 2943 1218 3014 explana
1259 2961 1376 2998 eum
1425 2961 1578 3017 super
1623 2944 1850 3012 tabulas,

251 3043 312 3089 ut
345 3041 616 3104 percurrat
644 3037 734 3107 qui
757 3037 942 3106 legerit
973 3053 1110 3100 eum,
1135 3037 1258 3108 quia
1281 3037 1454 3092 adhuc
1479 3039 1616 3092 visus
1645 3036 1852 3110 procul,

253 3139 300 3184 et
323 3131 596 3200 apparebit
627 3131 680 3184 in
703 3131 880 3201 finem,
913 3141 962 3186 et
988 3147 1092 3186 non
1122 3133 1400 3186 mentietur
1436 3149 1453 3187 :
1481 3133 1528 3187 si
1553 3149 1756 3188 moram
1779 3133 1855 3204 fe-

1949 1905 2110 1974 gendi
2141 1903 2340 1974 cupido
2373 1913 2642 1960 teneatur.
2677 1903 2744 1958 Et
2791 1902 2896 1958 hoc
2925 1904 3190 1972 pra-cipit,
3217 1903 3344 1972 quia
3375 1901 3553 1958 adhuc

1951 1997 2088 2052 visio
2117 1997 2306 2066 procul
2335 2007 2440 2062 est,
2473 1997 2604 2052 etin
2659 2007 2900 2066 tenuiore
2947 1997 3266 2051 constituto.
3315 1997 3380 2050 Et
3427 2013 3550 2052 cum

1951 2092 2074 2148 linis
2109 2109 2288 2148 rerum
2318 2091 2624 2157 advenerit,
2661 2099 2788 2146 tunc
2812 2092 2976 2148 etiam
3003 2091 3094 2146 ille
3121 2091 3326 2160 veniet,
3355 2099 3408 2146 et
3439 2105 3558 2162 pro-

1949 2191 2169 2247 habitur
2216 2191 2502 2264 prophetia
2559 2207 2686 2246 vera
2741 2207 2910 2264 opere
2959 2191 3252 2262 c0mpleta.
3306 2191 3463 2261 Quod
3507 2195 3554 2248 si

1949 2283 2094 2340 forte
2123 2299 2224 2354 pro
2243 2285 2540 2354 cupiditate
2571 2291 2681 2350 tua,
2713 2299 2748 2340 ο
2779 2283 2970 2348 lector,
2989 2291 3046 2338 et
3091 2283 3342 2340 videndae
3391 2283 3556 2338 visio-

1951 2377 2036 2432 nis
2061 2377 2280 2442 ardore,
2313 2377 2592 2448 paululum
2623 2376 2720 2432 tibi
2747 2377 2927 2432 visum
2957 2377 3116 2430 fuerit
3139 2391 3348 2432 moram
3379 2377 3558 2432 facere

1951 2473 2094 2544 quod
2139 2473 2468 2544 promissum
2519 2481 2606 2528 est
2635 2513 2650 2538 ,
2705 2471 2818 2526 noli
2867 2471 3162 2541 desperare
3215 2479 3554 2536 Venturum;

1953 2565 2048 2622 sed
2083 2573 2336 2636 exspecta
2395 2566 2823 2634 patienterzme
2881 2563 3024 2617 enim
3085 2563 3280 2632 habes,
3312 2563 3404 2634 qui
3459 2563 3557 2619 tibi

1953 2659 2222 2732 polliceor
2247 2669 2304 2716 et
2333 2659 2454 2714 dico
2486 2675 2503 2711 :
2543 2657 2766 2713 Veniens
2797 2657 2982 2724 veniet,
3007 2665 3056 2711 et
3089 2673 3192 2712 non
3223 2657 3470 2712 tardabit.
3503 2657 3562 2716 Si

1955 2756 2076 2824 quis
2124 2763 2306 2810 autem
2355 2751 2676 2808 incredulus
2733 2763 2816 2808 e5t
2859 2749 3020 2821 hujus
3045 2751 3358 2820 sponsionis
3403 2766 3559 2818 mete,

1953 2849 2120 2922 610
2145 2858 2204 2904 et
2237 2863 2322 2904 me
2350 2847 2582 2912 dicente,
2615 2847 2820 2902 ueniens
2861 2847 3048 2908 veniet,
3077 2855 3124 2900 et
3151 2861 3255 2900 non
3303 2845 3562 2912 tardabit,

1956 2941 2188 3012 eruperit
2211 2941 2508 3012 ambigere,
2537 2940 2666 2994 etin
2701 2955 2760 2994 se
2803 2939 2998 2994 tacitus
3045 2935 3330 3006 ﬂuctuare,
3365 2949 3562 3008 putans

1959 3051 2068 3090 non
2091 3049 2215 3090 esse
2239 3043 2528 3090 venturum
2585 3031 2728 3103 quod
2775 3043 3022 3086 moratur
3071 3031 3138 3086 ad
3191 3041 3442 3098 tempus;
3479 3033 3566 3086 hic

1957 3143 2094 3184 meae
2127 3129 2322 3184 anima:
2367 3125 2712 3197 displicebit,
2743 3125 2894 3194 juxta
2941 3123 3076 3180 illud
3114 3145 3126 3178 :
3163 3125 3478 3180 Neomenias
3515 3133 3562 3178 ct

253 3225 404 3283 cerit.
431 3237 672 3298 exspecta
703 3223 856 3278 illum
882 3241 894 3278 :
923 3226 1048 3294 quia
1077 3227 1282 3280 ven-iens
1309 3227 1497 3292 veniet,
1531 3237 1580 3282 et
1609 3243 1714 3282 non
1745 3235 1854 3280 tor—
1881 3213 1928 3276 C
1959 3219 2172 3276 sabbata
2213 3229 2384 3274 vestra
2439 3219 2548 3272 odit
2577 3219 2754 3272 anima
2805 3233 2922 3272 mea
2953 3215 3122 3288 (Isai.
3153 3233 3190 3286 ι,
3225 3219 3292 3273 15
3311 3219 3348 3288 ).
3407 3217 3564 3285 Quod

255 3318 404 3374 dabit
434 3337 446 3374 :
477 3335 590 3374 ecce
617 3321 706 3386 qui
733 3320 1035 3375 incredulus
1081 3329 1188 3384 est,
1219 3337 1326 3376 non
1353 3321 1450 3376 erit
1492 3331 1634 3376 recta
1681 3321 1856 3376 anima

255 3415 370 3482 eius
415 3415 470 3468 in
517 3415 816 3486 semetipso.
865 3415 1050 3470 Justus
1097 3425 1270 3470 autem
1313 3417 1366 3470 in
1411 3416 1517 3486 ﬁde
1559 3435 1658 3473 sua
1703 3417 1854 3474 vivet.

255 3505 396 3562 LXX
435 3525 448 3562 :
485 3507 550 3562 Et
572 3509 840 3580 respondit
869 3509 940 3564 ad
966 3525 1044 3564 me
1073 3509 1356 3578 Dominus,
1385 3519 1432 3564 et
1463 3511 1596 3566 dixit
1627 3527 1644 3564 :
1679 3509 1860 3567 Scribe

257 3601 542 3670 visionem,
597 3609 644 3656 et
699 3603 974 3674 manifeste
1025 3603 1078 3657 in
1131 3601 1328 3658 buxum
1383 3603 1524 3676 [ΑΙ.
1569 3603 1750 3676 buxo]
1803 3615 1860 3658 ut

259 3703 286 3732 ει
325 3705 662 3767 persequatur
709 3697 800 3767 qui
847 3695 970 3768 legit
1009 3713 1072 3752 ea
1111 3697 1284 3764 :quia
1335 3697 1510 3752 adhuc
1563 3699 1692 3754 visio
1731 3699 1856 3772 [AL

255 3785 484 3860 uisioni]
525 3789 580 3844 in
619 3797 856 3860 tempus,
897 3799 946 3844 et
1001 3791 1204 3846 orietur
1239 3791 1294 3846 iu
1334 3791 1519 3862 ﬁnem,
1575 3803 1624 3848 et
1665 3811 1766 3848 non
1805 3796 1862 3850 iu

257 3879 424 3952 609
451 3897 684 3935 vacuum.
715 3879 776 3937 Si
811 3883 1074 3954 defecerit,
1099 3886 1294 3940 sustine
1329 3901 1464 3956 eum,
1495 3888 1616 3958 quia
1663 3889 1864 3944 veniens

259 3973 446 4034 ueniet.
471 3985 652 4030 etnon
693 3977 964 4033 tardabit:
994 3979 1040 4032 si
1079 3983 1352 4036 retraxerit
1401 3999 1476 4048 se,
1505 3999 1606 4038 non
1647 3985 1862 4056 placebit

261 4067 450 4120 animte
477 4084 602 4123 mete
629 4070 684 4124 in
719 4086 798 4124 eo.
851 4069 1036 4126 Justus
1081 4081 1252 4128 autem
1297 4091 1362 4130 ea:
1405 4073 1512 4143 [ide
1559 4093 1674 4131 mea
1711 4077 1856 4132 rivet.

261 4157 372 4214 Pro
398 4158 590 4214 tabulis
617 4169 672 4216 et
697 4162 864 4228 buxo,
893 4163 1038 4234 quod
1074 4165 1336 4224 llebraice
1383 4166 1588 4224 dicitur
1615 4187 1864 4228 Αιιιιοτιι

265 4249 384 4323 [Αἰ.
434 4252 608 4326 wrn]
639 4239 1298 4328 (nmbn),Symmachus
1345 4261 1734 4332 interpretatus
1783 4275 1867 4322 est

265 4343 510 4414 paginas.
543 4345 612 4400 Et
643 4347 730 4402 ubi
761 4347 1120 4421 Septuaginta
1171 4363 1474 4422 posuerunt
1504 4373 1522 4410 :
1543 4355 1728 4412 Justus
1773 4375 1868 4414 au-

263 4443 366 4488 tem
389 4451 454 4490 ea:
477 4437 584 4504 ﬁde
609 4455 722 4492 mea
749 4441 900 4506 vivet,
927 4457 1120 4498 omnes
1141 4447 1424 4516 aequaliter
1447 4451 1863 4518 transtulerunt,

263 4543 330 4582 ea:
363 4525 462 4596 ﬁde
483 4545 576 4581 sua
597 4529 748 4584 vivet.
783 4533 1024 4602 Denique
1067 4535 1428 4606 Symmachus
1471 4539 1866 4608 signiﬁcantius

1961 3323 2140 3371 autem
2173 3315 2410 3370 animam
2435 3327 2590 3368 suam
2617 3311 2758 3368 Deus
2782 3311 2938 3378 dixit,
2969 3327 3066 3382 pro
3125 3321 3308 3368 mente
3327 3321 3382 3367 et
3419 3313 3569 3384 cogia

1963 3413 2170 3468 latione
2217 3411 2484 3466 debemus
2537 3409 2808 3478 accipere,
2839 3417 2898 3462 ut
2941 3407 3014 3462 sit
3053 3406 3408 3463 intellectus:
3445 3423 3566 3463 meo

1961 3513 2146 3568 sensui
2175 3509 2506 3582 diSplicebit.
2539 3509 2696 3566 Sicut
2727 3519 2912 3566 autem
2959 3507 3270 3578 diSplicebit
3313 3509 3400 3566 ille
3431 3511 3520 3580 qui
3551 3553 3564 3576 ,

1965 3623 2050 3662 me
2101 3605 2482 3676 promittente,
2515 3601 2846 3658 dubitaverit
2907 3611 3194 3658 venturum
3250 3618 3372 3660 esse
3421 3604 3566 3674 quod

1963 3699 2208 3772 spendeo
2237 3717 2254 3766 -,
2281 3699 2354 3754 ita
2377 3699 2562 3768 justus
2593 3697 2682 3768 qui
2711 3695 3012 3754 crediderit
3033 3698 3386 3768 promissioni
3411 3713 3562 3764 metu,

1961 3793 2108 3850 vivet
2135 3792 2188 3847 in
2218 3791 2326 3846 ﬁde
2349 3807 2466 3846 sua.
2497 3791 2592 3846 llis
2620 3791 2772 3859 quasi
2825 3789 2986 3846 lineis
3015 3791 3238 3862 capituli
3263 3789 3422 3862 hujus
3455 3795 3566 3862 pice

1965 3897 2082 3944 tura
2123 3887 2392 3958 descripta
2426 3895 2528 3941 est.
2579 3885 2734 3954 Quod
2786 3893 2968 3940 autem
3007 3885 3160 3952 dicit,
3193 3885 3568 3956 hujuscemodi

1963 3991 2070 4048 est,
2099 3983 2174 4036 ita
2211 3979 2494 4036 dumtaxat
2549 3987 2608 4036 ut
2655 3987 2712 4036 et
2745 3980 3160 4036 translationem
3211 3979 3568 4052 Septuaginta

1967 4077 2316 4132 misceamus.
2347 4073 2544 4130 Scribe
2571 4073 2624 4128 in
2656 4071 2822 4128 corde
2847 4085 2960 4138 tuo,
2983 4087 3032 4128 et
3057 4074 3210 4144 quasi
3243 4077 3448 4142 parvuli
3477 4077 3566 4144 qui

1969 4171 2144 4244 prima
2176 4171 2442 4226 elementa
2473 4168 2746 4238 accipiunt
2779 4167 3086 4222 litterarum
3115 4213 3128 4236 ,
3163 4183 3360 4224 curvos
3385 4169 3570 4239 apices

1967 4273 2022 4318 et
2049 4271 2370 4318 trementem
2401 4275 2617 4316 manum
2649 4261 2700 4314 in
2739 4259 2885 4314 buxo
2916 4259 3194 4326 erudiunt,
3223 4271 3276 4314 et
3321 4261 3386 4314 ad
3419 4273 3566 4318 reete

1967 4357 2316 4414 scribendum
2345 4355 2696 4411 meditatione
2721 4361 3086 4408 consuescunt
3115 4367 3129 4410 :
3167 4355 3237 4406 ita
3273 4361 3326 4408 tu
3355 4369 3570 4425 quoque

1969 4455 2058 4522 qui
2089 4469 2156 4509 ex
2191 4466 2418 4520 persona
2441 4448 2772 4520 ambigentis
2803 4450 3014 4502 locutus
3043 4463 3103 4502 es
3133 4447 3338 4516 populi.
3377 4451 3428 4502 in
3481 4457 3564 4505 ta-

1971 4547 2112 4602 bulis
2139 4545 2322 4601 cordis
2355 4545 2428 4598 tui
2457 4553 2510 4598 et
2533 4543 2586 4596 in
2617 4541 2760 4596 buxo
2789 4543 3024 4608 peetoris
3049 4541 3228 4597 scribe
3253 4543 3396 4612 quod
3421 4543 3564 4601 dico.

263 4623 632 4690 interpretans
659 4625 778 4678 ait:
807 4624 996 4680 Justus
1039 4637 1210 4682 autem
1255 4647 1346 4702 per
1388 4631 1544 4699 ﬁdem
1594 4637 1863 4708 prapriam
1891 4611 1946 4672 D
1975 4639 2122 4694 Visio
2157 4639 2302 4692 enim
2333 4644 2420 4691 est
2445 4653 2564 4706 quae
2591 4634 2930 4706 promittitur
2955 4611 3286 4706 jubeturque
3308 4637 3568 4708 describi,

263 4731 412 4772 suam
443 4717 590 4782 vivet,
627 4719 771 4788 quod
803 4719 992 4776 Grzere
1019 4721 1238 4786 dicitur,
1261 4724 1287 4762 δ
1317 4725 1344 4781 ὁ
1365 4723 1550 4790 δίκαιος
1578 4737 1642 4806 τῇ
1671 4731 1862 4788 ἑαυτοῦ

265 4811 442 4866 πίστει
467 4813 614 4876 ζήσει
645 4829 658 4865 :
695 4827 1058 4870 nanuusnuo
1099 4815 1408 4890 (magna)
1453 4821 1654 4890 quippe
1677 4865 1692 4889 ,
1719 4823 1862 4892 quod

267 4901 660 4972 interpretatur
679 4905 732 4958 in
756 4905 862 4976 ﬁde
891 4923 1008 4974 sua,
1055 4909 1098 4962 si
1123 4925 1216 4966 JOD
1239 4921 1288 4966 et
1325 4925 1432 4966 non
1479 4929 1586 4970 van
1629 4915 1866 4972 litteram

269 4993 498 5051 haberet
527 4997 578 5049 in
615 4995 742 5064 line,
777 5009 832 5052 ut
875 4999 1230 5071 Septuaginta
1261 5017 1608 5074 putaverunt,
1643 5017 1698 5064 et
1727 5009 1870 5078 lege-

268 5097 422 5144 retur
467 5105 812 5146 nacuuua'rut
857 5092 1136 5164 (inausa:
1157 5093 1200 5166 ).
1245 5105 1392 5152 recte
1439 5101 1865 5172 transtulissent,

269 5185 322 5238 in
345 5184 448 5252 [ide
473 5202 605 5240 mea.
631 5185 784 5240 Nunc
809 5197 990 5242 autem
1015 5189 1320 5246 similitudo
1339 5192 1532 5250 littera:
1551 5211 1654 5252 vau
1676 5209 1724 5250 et
1748 5213 1864 5268 JOD,

270 5295 392 5348 quin
425 5294 678 5334 mensura
708 5291 914 5337 tantum
945 5281 1085 5338 inter
1113 5297 1174 5340 se
1195 5285 1400 5342 distant
1425 5330 1442 5354 ,
1470 5305 1634 5345 causa
1665 5293 1868 5348 erroris

272 5369 393 5426 fuit.
431 5373 544 5428 Hoc
571 5387 739 5443 quare
768 5373 969 5430 dictqu
997 5375 1088 5442 sit,
1119 5393 1356 5448 sequens
1393 5381 1690 5452 disputatio
1719 5399 1864 5441 com-

273 5464 584 5534 prehendit.
617 5467 772 5522 Juxta
804 5473 1288 5540 repromissionem
1335 5491 1456 5546 quae
1503 5477 1572 5532 ad
1621 5491 1864 5536 sanctum

243 5581 310 5662 ἠ
347 5587 374 5616 ιι
413 5579 608 5662 Regio.
663 5593 856 5662 ms._ut
903 5597 1104 5662 currat,
1139 5579 1258 5658 quae
1304 5591 1524 5662 proprie
1577 5595 1790 5662 Aquila:
1817 5607 1872 5654 et

277 5651 606 5742 Sy‘m'tpacho
639 5655 896 5742 tribuitur
925 5651 1328 5742 interpretatio,
1352 5651 1492 5726 ὅτὲως
1512 5651 1702 5742 ῖρέχξι.

349 5723 558 5812 {illunc
587 5725 764 5812 locum
819 5723 1170 5812 depravatum
1202 5723 1481 5812 invenies
1519 5723 1573 5792 iit
1605 5723 1876 5812 "antiquis

277 5793 782 5878 editiouibusrtatn
843 5793 904 5854 in
949 5801 1506 5878 ordineﬂGrmcorum
1557 5793 1874 5878 verbortim;

277 5881 440 5938 quam
473 5865 526 5922 in
559 5867 794 5925 lectione
819 5879 1110 5930 contextus
1157 5877 1430 5936 Hebraici.
1479 5865 1740 5942 Conferat

565 5961 846 6026 PATROL.
891 5963 1098 6028 XXV.

1971 4741 2024 4790 et
2049 4731 2212 4786 scribi
2243 4729 2608 4798 manifes'tius,
2641 4739 2700 4783 ιιι
2731 4727 2879 4782 nullo
2923 4727 3226 4782 invotvatur
3263 4729 3448 4786 nubilo
3475 4773 3488 4797 ,
3518 4739 3572 4788 et

1971 4827 2136 4882 nullis
2167 4825 2514 4894 zenigmatum
2546 4824 2868 4878 obscuretur
2891 4823 3208 4893 ambagibus
3235 4842 3248 4878 :
3281 4826 3570 4882 inanifesta

1971 4935 2094 4992 spes
2121 4917 2464 4974 manifestam
2500 4917 2698 4972 habeat
2741 4917 3118 4986 sponsionem.
3160 4918 3272 4972 lloc
3303 4931 3506 4986 autem,
3535 4935 3569 4974 ο

1971 5011 2260 5083 propheta,
2287 5009 2565 5081 pra-cipio,
2593 5025 2696 5064 non
2731 5009 2874 5076 quod
2913 5020 2968 5064 ιιι
3014 5011 3225 5064 nescias
3257 5013 3398 5084 (non
3421 5011 3566 5068 enim

1973 5121 2126 5162 esses
2153 5105 2440 5176 propheta,
2465 5107 2508 5159 si
2539 5105 2816 5175 ignorares
2843 5101 2892 5176 ),
2933 5103 3026 5158 sed
3053 5114 3108 5158 ut
3133 5105 3272 5176 quod
3309 5119 3362 5162 tu
3391 5109 3568 5162 mani-

1971 5201 2162 5257 feSIius
2191 5199 2500 5271 scripseris,
2535 5201 2706 5256 lector
2731 5201 2938 5270 absque
2963 5199 3352 5268 impedimento
3379 5213 3430 5256 et
3461 5203 3566 5258 dif-

1971 5293 2213 5350 ﬁcultate
2239 5297 2414 5362 possit
2457 5293 2640 5364 legere
2678 5302 2838 5364 atque
2887 5307 3247 5362 percurrere;
3287 5295 3430 5364 quod
3475 5295 3574 5352 Se-

1970 5389 2246 5460 ptuaginta
2271 5386 2666 5442 transtulerunt
2689 5385 2866 5448 :61mg
2893 5384 3044 5460 διώκῃ
3065 5385 3092 5442 ὅ
3115 5389 3494 5460 ἀναγινώσκων,
3523 5389 3574 5446 id

1971 5493 2074 5549 est,
2105 5490 2162 5536 ut
2206 5489 2548 5553 persequatur
2587 5481 2678 5552 qui
2706 5481 2876 5554 legit;
2929 5481 3088 5550 juxta
3135 5480 3290 5536 illum
3327 5497 3574 5552 sensum,

1979 5597 2234 5654 voluerit.
2287 5598 2466 5654 Man'r.
2517 5627 2590 5640 ——
2639 5597 2796 5652 Hanc
2853 5595 3198 5654 Martianteus
3249 5601 3576 5660 sententiam

1983 5671 2296 5726 Grmcorum
2355 5671 2678 5740 trajectioue
2735 5667 3070 5740 verborum,
3107 5671 3234 5724 dum
3289 5675 3582 5732 emendare

1983 5743 2122 5816 vult,
2147 5741 2414 5816 depravat
2439 5743 2624 5816 legens
2649 5743 2910 5816 itiner-rit
2931 5741 2957 5816 ὁ
2983 5741 3180 5816 δίκᾳιος
3201 5743 3390 5802 ἑαυτοῦ
3411 5751 3576 5812 ζήσει.

1985 5813 2098 5890 _No_s
2118 5813 2576 5890 quemadmodum
2617 5815 2768 5890 etab
2799 5813 3038 5870 Eusebio
3081 5815 3352 5890 laedatur,
3373 5827 3432 5875 et
3472 5823 3582 5890 jam

1989 5885 2114 5942 inde
2141 5885 2208 5942 ab
2233 5885 2444 5942 Erasmi
2469 5895 2590 5942 erat.
2619 5885 2882 5956 editione,
2909 5887 3274 5958 reposuimus.

3109 5975 3183 6040 b1
