4050 6342
514 309 653 368 1291

1741 303 1798 360 S.
1843 299 2112 362 EUSEBII
2157 297 2548 360 IIIFRONYMI

3697 301 3816 364 139!

509 425 608 496 qui
631 422 698 478 ad
735 421 1086 478 Timotheum
1127 417 1384 476 scribitur
1421 433 1434 473 :
1479 417 1796 488 Persequere
1835 419 2124 490 justitiam,
2155 415 2202 482 Λ
2233 429 2378 474 runt.
2423 417 2557 474 Cum
2615 417 2800 488 utique
2847 417 3014 492 612
3065 417 3358 476 debuerint
3403 417 3562 490 juxta
3599 417 3650 474 id
3693 425 3818 490 quod

515 527 560 572 et
581 517 826 588 pietatem
851 525 900 570 et
943 513 1124 582 ﬁdem,
1151 511 1456 568 cltaritatent
1477 551 1492 576 ,
1523 511 1830 582 patientiam
1851 551 1864 570 .
1889 525 2130 564 mansne-

517 609 750 662 tudinem
775 605 820 676 (Ι
847 604 987 660 Tim.
1021 619 1098 669 vr,
1125 604 1188 658 ll
1213 603 1252 672 ).
1287 601 1354 658 Et
1379 601 1446 656 ad
1473 601 1756 658 Romanos
1787 617 1800 654 :
1833 599 2128 674 Hospitali-

523 711 676 758 tatem
703 707 958 754 sectantes
989 695 1180 768 (Rom.
1223 711 1320 762 xu,
1355 693 1487 766 i5).
1538 695 1604 750 Et
1653 693 1720 748 ad
1767 693 2128 748 Corinthios:

519 791 912 864 Persequimiui
937 789 1244 844 rltaritatem
1275 787 1326 860 (Ι
1359 789 1478 846 Cor.
1513 805 1624 856 xw,
1661 791 1686 842 l
1719 787 1762 860 ).
1795 788 1918 860 Ipsa
1945 797 2129 843 autem

517 887 660 944 visio
689 887 759 942 de
781 901 888 956 qua
917 885 1020 942 tibi
1047 885 1157 940 dixi
1189 883 1404 940 :scribe
1429 885 1718 954 visionem,
1749 893 1804 939 et
1845 883 2130 938 manifesta

519 981 578 1038 in
605 981 776 1048 buxo,
805 989 862 1036 ut
893 981 1066 1052 possit
1097 981 1356 1052 persequi
1385 979 1474 1050 qui
1507 979 1658 1050 legit,
1690 977 1868 1034 adhuc
1897 977 1950 1033 in
1991 987 2130 1032 tent-

521 1090 660 1146 pore
691 1077 990 1130 constituto
1021 1083 1106 1130 est
1135 1115 1150 1141 ,
1193 1073 1264 1130 de
1293 1087 1404 1144 quo
1441 1073 1698 1130 Salvator
1725 1073 1802 1128 ait
1835 1089 1848 1126 :
1886 1070 2136 1144 Tempore

525 1169 835 1242 acceptabili
861 1167 882 1242 [
903 1169 986 1223 Al.
1019 1167 1264 1241 accepto]
1291 1167 1532 1222 exaudiui
1553 1175 1618 1234 te,
1651 1177 1702 1222 et
1735 1167 1790 1222 in
1821 1167 1908 1222 die
1947 1165 2136 1222 salutis

527 1261 818 1316 uuaitiatns
867 1277 979 1316 sum
1031 1261 1122 1316 tibi
1157 1258 1324 1332 (Isai.
1383 1277 1530 1324 χιιι,
1561 1257 1650 1330 8).
1699 1259 1764 1314 Εῑ
1819 1259 2034 1315 orietur
2082 1259 2133 1314 in

527 1354 1006 1412 consummatione
1036 1353 1248 1422 mundi,
1285 1363 1340 1408 et
1371 1355 1422 1408 in
1453 1365 1696 1410 extrema
1729 1351 1842 1408 diei
1887 1351 2044 1420 hora,
2069 1351 2138 1408 de

521 1465 630 1520 qua
661 1449 902 1519 loquitur
943 1455 1000 1503 et
1041 1447 1325 1503 Joannes:
1355 1445 1564 1512 Filioli,
1603 1429 1739 1500 nilne
1785 1445 1916 1500 hora
1967 1445 2138 1498 noris-

526 1545 662 1598 sima
689 1551 764 1598 est
795 1543 816 1616 (
847 1543 866 1596 l
893 1540 1052 1598 Joan.
1107 1557 1166 1608 tt,
1203 1543 1334 1612 18).
1388 1541 1460 1596 Ει
1511 1555 1620 1596 non
1659 1541 1860 1596 frustra
1909 1539 2133 1594 veniet:

527 1635 766 1691 salvabit
795 1635 940 1690 enim
965 1634 1189 1700 multos,
1223 1643 1418 1690 etcum
1449 1633 1696 1704 reliquiis
1729 1631 2012 1687 lsraelitici
2039 1645 2134 1700 p0-

525 1727 644 1798 puli
671 1729 836 1800 61]
865 1725 1274 1782 multitudinem
1303 1725 1548 1798 gentium
1575 1725 1948 1796 congregabit.
1979 1723 2134 1794 Quod

2229 513 2466 584 pritnum
2499 513 2840 584 interpretati
2869 511 3284 580 suntvisionem,
3319 514 3480 568 etiam
3517 509 3572 568 in
3623 509 3820 583 reliquis

2228 603 2550 662 femininum
2577 619 2748 678 genus
2781 619 2984 676 ponere
3033 605 3278 676 visionis,
3313 613 3368 660 ιη
3415 603 3679 662 dicerent
3701 651 3714 673 ,
3743 623 3820 660 ex-

2229 707 2406 770 specta
2433 713 2544 752 eam
2575 715 2592 753 :
2627 699 2751 770 quia
2778 699 2984 752 veniens
3005 699 3168 756 veniet
3193 715 3206 754 :
3239 699 3376 770 quod
3403 693 3446 754 si
3479 717 3538 754 se
3565 699 3819 757 subtraxe-

2233 791 2319 856 rit,
2347 807 2448 846 non
2477 789 2700 864 placebit
2723 791 2913 846 animo
2949 805 3078 846 mete
3105 793 3158 846 in
3187 807 3278 858 ea,
3315 791 3364 846 id
3393 797 3502 858 est,
3535 791 3590 844 in
3633 793 3822 848 visione.

2237 883 2348 939 lloc
2373 893 2692 956 prepterea,
2725 899 2792 942 ne
2848 883 2994 958 quod
3042 883 3372 955 sciebamus,
3397 883 3720 942 videremur
3755 893 3826 944 ta-

2235 989 2384 1034 cere.
2411 977 2682 1036 Cancrum
2715 993 2822 1035 non
2855 979 3048 1050 ignoro
3091 977 3392 1036 secundum
3433 979 3830 1050 interpretatio-

2237 1085 2360 1130 nem
2391 1087 2584 1129 eorum
2621 1085 2786 1142 posse
2805 1083 2860 1128 et
2885 1073 2958 1128 ita
2985 1069 3156 1144 accipi
3193 1071 3427 1130 :Scribe
3471 1071 3740 1130 visionem
3781 1075 3826 1130 iu

2235 1179 2336 1236 qua
2357 1165 2612 1222 Christus
2643 1167 3062 1238 repromittitur,
3097 1177 3148 1222 et
3181 1167 3486 1238 prophetiae
3519 1179 3628 1222 tum
3657 1169 3744 1224 vel
3786 1171 3828 1224 in

2237 1261 2406 1328 buxo,
2439 1261 2522 1317 vel
2555 1261 2606 1316 in
2640 1261 2860 1328 tabulis,
2891 1263 3000 1328 vel,
3039 1263 3098 1316 ut
3139 1259 3509 1334 Symmachus
3547 1261 3828 1330 transtulit,

2238 1353 2468 1426 paginis,
2503 1353 2646 1408 hunc
2675 1361 2798 1408 texe
2819 1367 3156 1422 sermonem,
3185 1353 3328 1424 quod
3359 1361 3616 1426 tempore
3645 1355 3830 1408 consti-

2241 1453 2402 1514 tuto,
2457 1455 2512 1500 et
2561 1447 2612 1500 in
2661 1447 3136 1502 conSummatione
3189 1445 3376 1502 mundi
3427 1447 3626 1502 veniat
3680 1443 3830 1502 Filius

2239 1555 2416 1607 meus,
2449 1541 2540 1612 qui
2572 1541 2746 1596 salch
2777 1553 2908 1597 oves
2935 1539 3175 1610 perditas
3197 1537 3392 1598 domus
3415 1539 3614 1608 Israel,
3641 1551 3694 1596 et
3715 1543 3830 1597 alias

2239 1651 2456 1708 quoque
2495 1651 2626 1692 oves
2655 1637 2892 1708 antiquis
2923 1635 3120 1692 ovibus
3149 1637 3392 1708 capulet,
3419 1647 3474 1693 et
3507 1653 3678 1692 unum
3731 1637 3832 1693 eiii.

2241 1731 2392 1788 ciens
2419 1747 2636 1804 gregem
2659 1733 2854 1804 jungat
2893 1731 3027 1788 duas
3057 1733 3266 1804 virgas,
3299 1747 3438 1804 quas
3467 1731 3764 1800 Ezechiel,
3789 1733 3832 1790 id

527 1823 572 1876 si
607 1822 892 1892 paululum
923 1835 984 1876 se
1009 1821 1372 1885 subtraxerit,
1399 1829 1454 1876 et
1477 1819 1620 1876 votis
1649 1821 1777 1886 tuis,
1813 1819 2008 1886 lector,
2045 1821 2134 1888 qui
2165 1813 2214 1874 Β
2241 1835 2346 1894 est,
2371 1827 2532 1880 virtus
2559 1825 2678 1892 Dei,
2703 1827 2942 1882 sociatus
2985 1835 3042 1880 et
3094 1827 3198 1882 sibi
3223 1827 3454 1884 invicem
3511 1827 3834 1886 cohzercotes

525 1915 714 1986 legere
739 1913 948 1984 iuberis
971 1913 1026 1968 in
1053 1913 1220 1980 buxo,
1253 1923 1308 1968 et
1335 1911 1394 1968 in
1425 1911 1644 1978 tabulis,
1677 1927 1816 1982 quas
1869 1911 2138 1982 propheta

525 2009 846 2080 descripsit,
901 2007 1088 2064 venire
1135 2007 1344 2064 tardius
1395 2009 1532 2064 visio
1585 2007 1842 2078 coeperit,
1883 2011 2140 2076 exspecta

529 2119 650 2160 eam
687 2121 698 2158 :
729 2103 854 2174 quia
883 2103 1116 2158 veniens
1137 2103 1344 2170 veniet,
1375 2111 1428 2158 et
1449 2117 1556 2158 non
1583 2101 1840 2158 tardabit.
1869 2101 1926 2158 Si
1956 2109 2138 2158 autent

533 2199 864 2256 dubitaverit
886 2197 1023 2254 ﬁdes
1049 2207 1162 2264 tua,
1195 2208 1250 2252 et
1273 2199 1552 2268 putaveris
1577 2211 1686 2254 non
1735 2199 1958 2254 evenire
1997 2193 2138 2264 quod

531 2293 802 2364 spondeo,
835 2291 1062 2348 habebis
1087 2307 1186 2362 pro
1211 2290 1406 2364 grandi
1429 2305 1590 2362 paena
1617 2289 1760 2363 quod
1791 2305 1926 2345 mete
1945 2289 2142 2344 animm

529 2385 872 2454 displicebis.
913 2381 1106 2439 Justus
1135 2391 1316 2438 autem
1347 2383 1438 2454 qui
1465 2383 1640 2440 credit
1679 2381 1864 2438 verbis
1895 2383 2054 2446 meis,
2087 2389 2144 2436 et

533 2479 602 2534 de
633 2479 716 2534 his
739 2493 844 2534 non
873 2479 1104 2550 ambigit
1127 2495 1246 2549 quae
1277 2477 1572 2548 polliceor,
1605 2477 1828 2534 habebit
1853 2479 2138 2548 praemium

532 2583 560 2612 ιι
595 2575 760 2630 vitam
789 2575 1204 2644 sempiternam.
1243 2573 1356 2630 Nec
1387 2575 1574 2630 statim
1595 2575 1766 2632 debes
1797 2589 2028 2644 arguere
2055 2573 2142 2630 vel

533 2667 592 2724 in
625 2677 676 2724 te
709 2667 1112 2734 interﬁciendo,
1139 2667 1222 2722 vel
1246 2667 1300 2722 in
1323 2667 1418 2724 illo
1439 2665 1768 2722 vivlticando
1793 2707 1808 2732 ,
1833 2667 1976 2736 quod
1999 2665 2142 2736 apud

533 2777 623 2818 me
645 2761 896 2834 acceptio
919 2776 1280 2832 personarutn
1327 2761 1418 2828 sit,
1461 2759 1586 2830 quia
1615 2759 1732 2830 ipse
1759 2759 2144 2816 viviﬁcationis

533 2869 650 2910 suae
679 2869 842 2910 causa
865 2863 970 2920 est,
1005 2853 1096 2926 qui
1122 2869 1190 2910 ex
1221 2853 1330 2908 ﬁde
1367 2867 1466 2908 sua
1501 2851 1634 2906 vivit
1665 2851 1846 2906 :sicut
1877 2861 1932 2906 tu
1965 2863 2030 2906 ex
2079 2865 2146 2906 eo

537 2949 684 3020 quod
711 2959 761 3004 te
781 2948 1126 3016 subtraxisti,
1159 2955 1214 3002 et
1263 2947 1492 3004 credere
1541 2945 1786 3012 uoluisti,
1817 2945 2144 3016 diSplicuisti

543 3045 742 3100 animat
775 3059 933 3100 meat.
969 3043 1256 3100 Manifesta
1311 3051 1494 3098 autem
1549 3041 1602 3096 in
1657 3041 1742 3096 his
1785 3041 1854 3097 de
1911 3043 2145 3096 adventu

539 3137 746 3194 Christi
777 3137 1066 3208 prophetia
1115 3147 1220 3194 est.
1279 3135 1436 3192 Unde
1483 3145 1540 3192 et
1591 3136 1872 3208 proposita
1913 3135 2146 3206 quaestio

2245 1927 2392 1974 tonet
2419 1921 2472 1974 in
2511 1919 2818 1990 prophetali
2849 1935 3008 1976 manu
3039 1917 3232 1992 (Ezec.
3265 1920 3400 1994 vn).
3435 1919 3600 1988 Quod
3649 1921 3692 1976 si
3725 1937 3836 1992 pau-

2241 2013 2436 2076 lulum,
2471 2029 2502 2066 ο
2535 2011 2830 2082 propheta,
2855 2013 2940 2068 vel
2970 2023 3048 2078 ιιι,
3079 2013 3276 2084 pupuie
3302 2014 3402 2086 (ex
3427 2013 3592 2084 cujus
3625 2029 3832 2084 persona

2241 2103 2490 2160 dubitare
2521 2105 2668 2160 visus
2699 2113 2784 2160 est
2809 2113 2862 2160 et
2895 2105 3158 2176 prepbeta
3191 2107 3470 2176 meus),se
3519 2105 3834 2164 subtraxerit

2243 2195 2510 2262 Christus,
2549 2207 2602 2252 et
2629 2198 2778 2252 visus
2809 2197 2974 2252 fuerit
3005 2197 3288 2256 retardare
3309 2243 3324 2266 ,
3367 2209 3638 2269 c‘xspecta
3683 2201 3832 2268 illum,

2245 2291 2470 2344 veniens
2499 2287 2644 2344 enim
2669 2291 2868 2358 veniet,
2898 2299 2952 2344 et
2983 2307 3090 2344 non
3117 2289 3390 2360 tardabit;
3423 2301 3480 2348 et
3513 2303 3710 2348 cattera
3733 2311 3832 2365 quae

2239 2381 2352 2450 jam
2383 2395 2548 2452 supra
2581 2381 2954 2452 exposuimus.
2979 2381 3150 2436 Porro
3193 2381 3338 2453 quod
3369 2385 3676 2454 Apostolus
3713 2385 3834 2442 LXX

2245 2473 2414 2544 magis
2441 2475 2754 2530 testimonio
2783 2475 2988 2530 abusus
3017 2485 3096 2530 est
3121 2519 3134 2540 ,
3163 2475 3230 2530 ad
3257 2475 3542 2532 lictnauos
3563 2477 3796 2534 scribens
3820 2497 3830 2532 ε

2245 2563 2272 2604 b
2289 2565 2480 2620 Justus
2497 2577 2672 2621 autem
2691 2583 2754 2622 ex
2767 2569 2876 2638 ﬁde
2893 2585 3006 2624 mea
3023 2571 3072 2622 vi
3079 2579 3158 2623 vet
3173 2569 3352 2642 (Rom,
3375 2583 3416 2636 ι,
3447 2569 3538 2642 l7)
3551 2615 3564 2634 ,
3589 2577 3646 2628 et
3667 2587 3764 2626 non
3781 2589 3834 2628 eo

2245 2663 2388 2732 quod
2405 2661 2638 2717 habetur
2655 2663 2706 2717 in
2723 2663 3014 2728 llebralco,
3033 2675 3196 2720 causa
3215 2665 3506 2734 perspicua
3521 2675 3626 2722 est.
3645 2665 3834 2722 Scribe»

2245 2755 2340 2812 bat
2365 2757 2512 2812 cuitu
2547 2759 2842 2826 Romanis,
2877 2761 2966 2830 qui
2995 2757 3630 2830 Scripturasﬂebraicas
3653 2761 3834 2816 [πεδάρ-

2249 2851 2410 2906 bant:
2443 2865 2544 2906 nec
2573 2859 2692 2908 erat
2725 2853 2774 2906 ei
2805 2863 2940 2908 cura
2965 2851 3034 2906 de
3059 2849 3627 2922 verbis,cumsensus
3649 2857 3832 2910 essetin

2249 2953 2390 3014 tuto,
2407 2945 2736 3002 ctdamnum
2751 2961 2816 3002 ex
2835 2961 2902 3002 eo
2917 2947 3466 3018 prmscnsdisputatio
3483 2963 3598 3003 non
3613 2943 3830 3003 haberet.

2249 3039 2502 3110 Alioquin
2525 3039 3116 3111 ubicumquediverSus
3139 3049 3222 3096 est
3245 3051 3534 3108 sensus,et
3557 3041 3832 3098 aliterscri-

2251 3137 2500 3202 ptumest
2525 3134 2580 3188 in
2605 3133 3060 3200 llebraico,aliter
3083 3133 3132 3188 lu
3157 3133 3322 3200 LXX,
3357 3139 3484 3190 nota
3519 3149 3642 3192 eum
3669 3135 3740 3190 uti
3765 3133 3832 3188 bis

543 3235 802 3302 solvitur,
835 3233 978 3304 quod
1001 3233 1178 3288 donec
1201 3231 1288 3288 ille
1327 3233 1531 3296 veniat,
1561 3229 1816 3300 iniquitas
1835 3229 2146 3284 dominetur
2173 3213 2222 3278 Ct
2253 3227 2580 3282 tostimoniis
2625 3241 2746 3296 qum
2775 3243 2804 3280 a
2833 3225 3136 3282 Gamaliele
3155 3227 3380 3284 doctore
3399 3227 3546 3300 legis
3568 3227 3830 3284 didicerat.

539 3327 594 3382 in
627 3325 852 3394 mundo,
887 3333 942 3382 et
975 3325 1242 3394 judicium
1275 3341 1382 3380 non
1427 3325 1708 3394 perveniat
1743 3323 1812 3380 ad
1857 3323 2018 3379 linem
2052 3333 2146 3378 :et

541 3433 704 3474 verus
725 3417 1232 3472 Nabuchodonosor
1253 3417 1434 3486 capiat
1463 3425 1578 3472 rete
1601 3431 1702 3472 suo
1737 3425 1792 3472 et
1815 3429 2012 3488 sagena
2041 3417 2142 3472 lto-

546 3511 724 3568 mines
747 3512 900 3582 quasi
927 3511 1244 3582 pisciculos,
1263 3518 1318 3566 et
1345 3509 1672 3566 rationabile
1699 3509 1818 3582 [AL
1853 3507 2146 3582 rationale]

547 3603 754 3660 animal
782 3605 936 3676 quasi
971 3603 1190 3674 reptile,
1219 3617 1326 3658 non
1351 3603 1556 3660 habens
1597 3603 1918 3674 principem.
1973 3603 2150 3658 Porro

547 3699 692 3768 quod
717 3713 816 3768 pro
837 3697 1052 3752 visione
1075 3696 1416 3766 interpretati
1437 3711 1650 3760 sumus,
1673 3699 1796 3768 quia
1819 3695 1992 3750 adhuc
2011 3697 2148 3750 visus

549 3793 732 3866 procul
763 3809 780 3846 :
813 3803 860 3848 et
887 3793 932 3848 si
959 3809 1158 3846 moram
1181 3793 1380 3864 fecerit,
1399 3801 1634 3864 exspecta
1661 3791 1830 3860 illum,
1865 3791 1918 3846 id
1941 3803 2044 3858 eat,
2067 3791 2116 3846 vi
2133 3819 2148 3832 -

551 3903 668 3942 sum
703 3905 716 3940 :
751 3901 862 3942 non
895 3895 1052 3958 putet
1079 3885 1276 3954 aliquis
1299 3899 1486 3940 errore
1519 3885 1786 3952 deceptus
1819 3901 1916 3952 pro
1945 3885 2154 3940 visione

553 3995 674 4052 qua:
697 3991 784 4036 est
835 3981 1054 4048 generis
1111 3979 1383 4042 feminini,
1411 3979 1584 4032 visum
1645 3979 1914 4048 posuisse,
1947 3977 2038 4046 qui
2071 3989 2156 4032 est

551 4071 772 4144 generis
795 4071 1103 4136 masculini,
1131 4083 1182 4124 et
1223 4071 1402 4124 minus
1435 4071 1692 4126 usitatum
1728 4081 1812 4125 est
1857 4071 1908 4125 itt
1937 4069 2152 4124 Latino.

554 4163 838 4236 Siquidem
872 4179 1042 4220 llAZON
1075 4163 1244 4252 (πει-ι)
1271 4207 1286 4230 ,
1319 4163 1464 4234 quod
1519 4163 1712 4234 Aquila
1765 4163 2158 4232 interpretatur

557 4257 933 4336 ὃραματισμὸν,
961 4257 1102 4326 apud
1131 4255 1390 4310 Hebraeos
1431 4271 1632 4326 genere
1677 4257 1976 4312 masculino
2025 4259 2160 4312 visus

557 4351 780 4416 dicitur,
809 4359 864 4406 et
895 4365 1064 4422 usque
1087 4349 1154 4405 ad
1203 4351 1362 4406 linem
1395 4351 1496 4404 Sub
1521 4351 1712 4406 eodem
1745 4365 1946 4422 genere
1997 4353 2164 4408 visio-

561 4443 666 4512 nis,
698 4441 750 4498 id
779 4453 886 4506 est,
921 4443 1080 4508 visus,
1121 4443 1420 4496 masculina
1451 4441 1744 4498 declinatio
1787 4455 2160 4500 conservatur.

561 4537 916 4608 Septuaginta
947 4545 1126 4592 autem
1153 4537 1602 4594 dicentes.scribe
1627 4537 1876 4592 visionem
1899 4547 1988 4594 :et
2017 4549 2165 4609 post-

2321 3321 2516 3392 (Vers.
2541 3325 2576 3376 5
2603 3335 2756 3392 seqq.
2789 3321 2810 3392 )
2843 3321 2908 3374 Et
2931 3321 3192 3391 quomodo
3221 3323 3396 3376 vinum
3421 3331 3692 3394 potantem
3717 3321 3832 3376 deci-

2249 3415 2344 3486 pit,
2377 3415 2450 3468 sic
2475 3415 2570 3468 erit
2597 3415 2676 3468 vir
2701 3413 2974 3486 superbus,
3015 3423 3062 3466 et
3095 3429 3200 3468 non
3227 3415 3588 3482 dccorabitur,
3613 3415 3700 3486 qui
3717 3411 3830 3468 dila-

2253 3507 2378 3560 tavit
2399 3507 2550 3572 quasi
2579 3507 2814 3576 infernus
2839 3507 3068 3560 animum
3093 3521 3262 3574 suam,
3297 3517 3348 3562 et
3395 3509 3514 3580 ipse
3539 3507 3684 3580 quasi
3703 3523 3832 3572 iners,

2251 3609 2298 3654 et
2325 3617 2430 3656 non
2459 3589 2798 3668 udintpletur.
2831 3599 2898 3654 Et
2925 3612 2948 3640 ο
2973 3599 3308 3674 congregabit
3349 3603 3416 3656 ad
3439 3617 3492 3658 se
3539 3611 3710 3656 omnes
3729 3615 3832 3671 gett-

2255 3705 2352 3762 tes.
2381 3705 2428 3750 et
2459 3693 2778 3750 coaccrrttbit
2801 3695 2870 3748 ad
2893 3711 2948 3750 se
2969 3711 3142 3750 otnnes
3173 3697 3414 3768 papulas.
3455 3693 3726 3767 Numquid
3753 3711 3832 3748 non

2255 3805 2432 3846 omnes
2445 3791 2534 3844 isti
2549 3807 2704 3860 super
2721 3805 2838 3844 eunt
2849 3789 3152 3860 parabolant
3167 3799 3388 3856 sument,
3405 3797 3450 3844 et
3465 3789 3722 3862 loquelam
3733 3787 3833 3844 mni-

2255 3893 2486 3960 gmatum
2501 3887 2630 3958 ejus,
2647 3895 2694 3940 et
2705 3887 2932 3940 dicetur:
2945 3883 3032 3940 Vw
3045 3885 3188 3956 eiqui
3205 3885 3520 3956 multiplicat
3539 3901 3640 3940 non
3653 3899 3834 3938 summ-

2255 3991 2458 4048 quequo
2469 3989 2910 4048 aggravatcontra
2921 3995 2976 4034 se
2997 3979 3214 4034 densum
3236 3979 3445 4033 lutum?
3473 3977 3726 4051 numquid
3749 3991 3828 4032 non

2257 4071 2420 4144 613
2451 4081 2662 4142 repente
2689 4081 3000 4144 consurgent
3025 4073 3116 4144 qui
3147 4071 3416 4126 rnordeant
3439 4079 3526 4126 te:
3559 4081 3606 4127 et
3635 4071 3828 4126 suscita-

2261 4167 2452 4222 buntur
2479 4165 2766 4220 lacerantes
2807 4175 2890 4232 te,
2941 4175 2990 4221 et
3033 4167 3202 4222 crisin
3237 4167 3476 4238 rapinam
3501 4163 3616 4221 eis?
3647 4159 3766 4233 Quia
3791 4173 3830 4218 tu

2261 4259 2504 4332 spoliasti
2533 4269 2708 4330 gentes
2729 4260 2922 4314 multas
2945 4303 2960 4328 ,
3001 4259 3300 4330 spoliabant
3341 4267 3392 4314 te
3419 4273 3600 4314 omnes
3627 4259 3710 4330 qui
3735 4255 3830 4310 reli-

2263 4355 2354 4426 qui
2399 4353 2590 4424 fuerint
2635 4355 2698 4410 de
2731 4355 2938 4426 populis
2961 4363 3172 4427 propter
3205 4357 3502 4428 sanguinem
3531 4355 3770 4420 hominis,
3795 4361 3830 4406 rt

2267 4451 2594 4524 iniquitatem
2633 4461 2812 4516 terrm,
2855 4451 3078 4506 civitatis
3112 4459 3158 4506 et
3185 4449 3412 4506 omnium
3441 4449 3770 4504 habitantium
3791 4449 3828 4498 in

2269 4561 2352 4599 ea.
2401 4541 2574 4598 LXX:
2625 4543 2728 4608 Qui
2759 4551 2934 4598 autem
2965 4557 3222 4612 arrogans
3245 4551 3318 4597 est
3349 4553 3396 4596 et
3417 4547 3747 4610 contemptor,
3774 4537 3832 4590 rir

565 4645 652 4696 ea,
703 4631 747 4684 si
777 4630 1046 4702 defecerit,
1079 4631 1274 4684 sustine
1299 4647 1416 4684 eum
1449 4647 1468 4684 :
1505 4632 1630 4702 quia
1657 4634 1860 4686 veniens
1907 4635 2088 4700 veniit,
2119 4643 2164 4690 et
2191 4615 2244 4676 Β
2269 4635 2558 4704 superbus,
2593 4635 2728 4688 nihil
2765 4635 3002 4706 perducit
3031 4637 3100 4688 ad
3129 4633 3282 4702 ﬁnem
3307 4649 3326 4688 .'
3355 4635 3442 4700 qui
3469 4633 3702 4688 dilatarit
3725 4627 3830 4684 sicut

565 4741 670 4778 non
713 4725 980 4778 tardabit:
1013 4725 1056 4778 si
1097 4723 1410 4778 subtraxerit
1459 4741 1532 4794 se,
1565 4741 1666 4778 non
1713 4725 1934 4796 placebit
1981 4729 2168 4784 auium:

569 4833 698 4874 utea:
719 4819 770 4872 in
797 4833 880 4884 eo,
909 4819 1140 4888 pr'tnunt
1171 4819 1514 4886 interpretati
1535 4819 1942 4876 suntvisionem
1965 4837 2166 4890 genere

571 4913 860 4982 fetttiuino,
893 4928 1012 4982 quae
1035 4912 1176 4982 apud
1211 4913 1490 4980 Hebraeos,
1521 4923 1578 4968 ut
1599 4913 1856 4983 diximus,
1885 4917 2166 4972 masculini

2271 4729 2514 4800 infernus
2541 4727 2768 4780 animum
2803 4743 2974 4794 suam,
3009 4735 3054 4780 et
3081 4729 3176 4782 iste
3196 4727 3348 4795 quasi
3374 4741 3511 4780 mors
3529 4768 3542 4792 ,
3569 4741 3666 4780 non
3695 4721 3834 4776 adun-

2273 4821 2462 4892 pletur.
2499 4819 2564 4874 Et
2585 4819 2924 4892 congregabit
2949 4819 3016 4872 ad
3045 4835 3100 4874 se
3127 4835 3308 4874 omnes
3335 4829 3508 4890 gentes
3529 4861 3544 4886 ,
3579 4827 3624 4872 et
3649 4811 3830 4886 accipiet

2273 4913 2341 4966 ad
2379 4929 2434 4968 se
2473 4929 2650 4966 omnes
2687 4913 2948 4984 populos:
2987 4929 3160 4968 nonne
3185 4914 3426 4968 universa
3455 4913 3568 4968 Ita'c
3595 4911 3828 4966 adversum

571 5017 674 5062 est.
707 5007 910 5062 Deinde
929 5005 1224 5060 secundum
1267 5007 1588 5062 llubraicum
1631 5021 1828 5078 genus,
1861 5009 1950 5064 ubi
2001 5009 2170 5064 decli-

573 5113 732 5160 ltatttl‘
769 5101 1072 5158 masculine
1093 5143 1108 5168 ,
1135 5101 1336 5154 sustine
1362 5117 1480 5154 eum
1499 5142 1514 5166 ,
1537 5109 1586 5154 et
1611 5117 1712 5154 non
1736 5101 1958 5172 placebit
1977 5103 2168 5158 animae

573 5215 700 5254 meta
721 5199 776 5254 in
795 5215 874 5266 eo,
903 5197 1008 5268 ipsi
1031 5211 1252 5268 quoque
1281 5195 1584 5251 masculino
1617 5211 1816 5266 genere
1861 5195 2170 5254 declinave.

2273 5031 2390 5068 eunt
2417 5011 2724 5084 parabolam
2745 5021 2942 5067 sttmcnt
2961 5055 2974 5074 ,
3009 5021 3052 5066 et
3083 5011 3492 5084 prepositionem
3517 5009 3588 5064 ad
3609 5005 3828 5064 narratio-

2275 5123 2390 5162 nem
2411 5107 2522 5176 ejus
2543 5149 2558 5172 ,
2585 5113 2632 5160 et
2673 5105 2880 5160 (licent:
2919 5103 3012 5158 Va:
3039 5103 3128 5174 qui
3157 5101 3470 5176 multiplicat
3495 5103 3596 5158 sibi
3620 5117 3724 5173 quis
3749 5111 3828 5152 non

2275 5211 2396 5254 sunt
2439 5215 2534 5252 sua
2553 5213 2574 5252 :
2613 5213 2878 5270 usquean
2909 5207 3158 5270 aggravet
3189 5207 3424 5268 torquem
3454 5213 3598 5252 snam
3622 5195 3831 5268 grai-iter,

647 5347 670 5376 α
701 5337 756 5392 lu
783 5337 1006 5408 Regina:
1039 5349 1169 5408 ms.,
1191 5333 1458 5406 prn’mt'ttm
1493 5329 1698 5408 nomine
1728 5331 1884 5384 vitam
1909 5333 2176 5408 sempiter-

575 5427 714 5466 nam.
753 5403 1056 5462 Nec'statitn
1087 5403 1238 5462 debes
1277 5419 1494 5476 arguere
1533 5403 1612 5458 vel
1663 5403 1716 5456 in
1763 5413 1810 5456 te
1863 5403 2168 5475 reﬁciendo,

572 5483 654 5538 vel
679 5481 732 5536 in
765 5481 878 5548 illo,
893 5493 1000 5534 etc.

649 5551 676 5592 ι)
735 5539 1126 5622 Hieronymus,
1157 5549 1334 5622 inquéit
1365 5539 1638 5622 Victorius
1663 5591 1676 5612 ,
1703 5553 1810 5622 tam
1855 5543 1944 5600 hic
1965 5587 1980 5612 ,
2009 5561 2168 5616 quant

577 5625 752 5682 Galat.
789 5639 868 5688 Ill,
906 5615 1134 5678 testatur
1167 5619 1308 5675 LXX
1337 5621 1622 5688 scripsisse
1655 5635 1666 5668 :
1697 5615 1879 5670 Justus
1917 5615 2088 5670 autem
2109 5633 2172 5672 ex

577 5699 684 5762 [ide
711 5711 826 5750 mea
845 5695 998 5750 vivet.
1019 5693 1192 5762 Quam
1217 5693 1504 5746 lectionem
1527 5688 1934 5762 antiquissimus
1959 5689 2170 5744 Vatica-

577 5757 684 5822 nus
733 5767 906 5822 codex
955 5757 1178 5820 retinuit
1233 5781 1246 5816 :
1301 5763 1502 5819 habent
1553 5757 1752 5818 enituit
1791 5757 1846 5816 δὲ
1881 5759 2068 5822 δίκαιος
2117 5763 2168 5816 ἐκ

573 5841 802 5900 πίστεώς
831 5857 932 5910 μου
977 5841 1196 5904 ζήσεται
1225 5851 1242 5900 t
1271 5849 1340 5890 ex
1393 5849 1502 5906 quo
1550 5841 1776 5904 apparet
1819 5829 1980 5888 Rom.
2029 5847 2046 5888 1
2097 5833 2168 5887 ita

2283 5347 2498 5402 quoque
2529 5331 2814 5402 legendum
2851 5345 2994 5384 essm
3023 5329 3378 5402 llrltra‘orum
3399 5339 3576 5402 autem
3607 5343 3638 5382 ι
3673 5321 3830 5382 scribi-

2281 5399 2368 5458 tur
2397 5399 2423 5456 τ’
2439 5399 2622 5456 Justus
2643 5413 2818 5455 autem
2841 5417 2982 5455 turus
3011 5417 3076 5455 ea:
3101 5401 3370 5468 ﬁclevivet,
3403 5399 3568 5455 veluti
3615 5413 3708 5451 vox
3747 5413 3824 5466 μου

2279 5490 2344 5530 ex
2393 5475 2750 5542 seq-uentibus
2789 5473 3042 5546 pendeat,
3075 5473 3218 5546 sicut
3261 5473 3458 5546 pendet
3513 5469 3663 5546 Num.
3713 5479 3824 5546 xxv:

2277 5549 2328 5602 ἓν
2349 5555 2422 5620 τῷ
2455 5547 2680 5612 ζηλῶσαὲ
2705 5543 2800 5620 pou
2827 5547 2921 5620 ron
2943 5545 3102 5610 ζῆλον.
3135 5543 3451 5620 Similitudo
3463 5543 3568 5616 jod
3599 5551 3652 5596 et
3677 5553 3760 5592 vati
3783 5543 3824 5588 in

2279 5615 2410 5674 νοω
2453 5615 3092 5690 .nmxn'diversitatem
3135 5615 3392 5690 ittduxi_t._
3469 5615 3475 5616 ⁷
3595 5683 3651 5690 ,,,
3764 5677 3772 5690 .

2355 5701 2375 5728 ο
2404 5691 2488 5746 Att.
2515 5689 2838 5743 ilcbraicum
2871 5695 2928 5742 et
2951 5685 3233 5756 Vulgatatn
3263 5687 3560 5744 editionem
3595 5683 3826 5740 Victorius

2281 5759 2554 5826 rescribit,
2585 5757 2952 5834 Congrc-gavit,
2977 5767 3030 5816 et
3055 5761 3398 5814 coacervavit.

3819 6089 3912 6340 tl
3955 6265 3957 6339 .
