4050 6342
551 267 693 327 19.95

1777 265 1835 322 S.
1877 265 2155 324 EUSEBII
2193 261 2574 321 HIERONYMI

3693 255 3809 318 1298

541 385 687 438 nicas
717 379 891 436 Filius
913 379 1138 434 hominis
1160 378 1380 434 inveniet
1401 378 1557 447 ﬁdem
1582 394 1738 452 super
1764 390 1952 435 terram
1983 381 2136 454 (Luc.
2167 383 2217 442 Α
2246 379 2382 451 tum]
2407 378 2730 434 crudelitate
2761 373 3060 433 bacchatus
3086 386 3170 440 es,
3197 378 3278 442 ut,
3300 370 3347 426 si
3375 369 3810 442 dicipotest,lapi-

542 493 709 543 xvnt,
741 475 850 546 8)?
909 475 1207 530 Possumus
1257 488 1475 546 quoque
1525 474 1826 530 secumlum
1876 474 2139 530 Joannem

541 569 847 639 apostolum
881 567 995 639 (qui
1021 565 1255 622 scribit:
1304 566 1454 622 Sicut
1485 567 1704 622 audistis
1731 567 1853 636 quia
1881 566 2142 620 Antichri-

541 671 656 716 stus
682 661 867 727 veniet,
902 676 1037 714 nunc
1061 669 1236 714 autem
1264 659 1568 714 Antichristi
1590 660 1741 714 multi
1763 668 1882 714 sunt
1905 659 1945 730 (l
1977 659 2134 714 Joan.

533 753 757 826 ",18):
803 753 951 810 unde
1005 762 1060 808 et
1109 753 1493 824 cognoscimus
1536 753 1796 819 quoniam
1843 751 2140 807 novissima

536 847 675 902 hora
723 847 829 918 est)
881 861 1074 902 omnes
1125 847 1452 912 haereticos,
1500 857 1552 900 et
1591 847 1905 902 universum
1945 845 2138 915 dogma

534 959 858 1016 perversum
892 945 1264 1014 arrogantium
1306 942 1408 997 sibi
1435 942 1722 998 scientiam
1751 985 1764 1006 ,
1800 950 1855 997 et
1879 941 2144 1009 simplicia

533 1046 705 1095 tatem
738 1037 1000 1094 Ecclesire
1029 1037 1525 1098 contemnentium.
1558 1038 1647 1108 qui
1669 1037 1806 1091 nihil
1837 1036 2142 1106 perducunt

533 1131 602 1187 ad
627 1132 789 1186 tinem
815 1174 830 1197 ,
883 1131 980 1187 sed
1011 1141 1036 1169 ⁸
1067 1131 1415 1189 delectantur
1455 1131 1720 1187 mortibus
1749 1131 2136 1200 plurimorum,

529 1237 856 1298 arrogantes
891 1226 1141 1299 616m
1169 1225 1438 1297 superbos
1465 1226 1686 1296 dicere,
1718 1235 1772 1280 et
1804 1233 1974 1280 totam
2007 1239 2139 1281 con-

531 1318 822 1374 tinentiam
855 1319 1083 1388 capituli
1117 1335 1285 1390 super
1308 1337 1502 1376 eorum
1541 1320 1966 1391 intelligentiam
2000 1327 2138 1376 tem-

530 1429 764 1484 perare:
799 1416 889 1485 qui
923 1431 1052 1471 vere
1085 1415 1457 1485 multiplicant
1481 1415 1584 1471 sibi
1611 1430 1719 1471 nou
1744 1429 1875 1480 sua,
1901 1424 1955 1470 et
1979 1415 2136 1484 quasi

526 1509 920 1579 gravissimum
970 1510 1145 1564 lutum
1191 1519 1245 1564 et
1286 1510 1652 1580 ponderosam
1704 1518 1997 1580 torquem,
2027 1524 2136 1580 qua

527 1600 924 1670 pertrahantur
969 1602 1037 1658 ad
1088 1617 1279 1672 ptenas
1306 1646 1321 1670 ,
1357 1603 1458 1659 sibi
1493 1601 1520 1641 δ
1553 1615 1978 1675 congregantes,
2009 1617 2138 1673 spo-

525 1694 669 1750 liant
697 1705 891 1766 gentes
921 1696 1159 1762 multas,
1206 1705 1262 1752 et
1286 1696 1576 1752 ell‘undunt
1600 1697 1923 1768 sanguinem
1961 1695 2137 1751 homi-

2243 474 2338 529 des
2367 473 2606 528 civitatis
2631 481 2686 528 et
2711 471 2858 542 ligna
2889 469 3151 537 parietum
3182 481 3321 537 quos
3346 464 3674 526 subvenisti.
3693 475 3810 518 tuam

2242 567 2500 624 ferociam
2529 568 2827 623 clamitent.
2860 565 2994 620 Tale
3025 563 3153 636 quid
3186 572 3242 618 et
3281 561 3539 616 Dominus
3583 561 3633 614 in
3667 559 3815 616 Evan-

2242 663 2382 733 gelio
2411 671 2601 718 contra
2636 661 2945 717 Pharisaaos
2984 659 3360 730 obiurgantes,
3404 671 3579 728 quare
3609 671 3707 711 non
3750 657 3816 710 ia-

2242 763 2494 824 creparet
2521 770 2718 824 pueros
2745 755 3109 809 acclamantes
3131 752 3233 806 sibi
3264 766 3278 804 :
3313 749 3529 804 Osanna
3559 749 3609 802 in
3630 749 3817 803 excelsis

2242 851 2354 920 ﬁlio
2389 851 2578 915 David,
2609 852 2904 906 benedictus
2936 850 3025 920 qui
3080 849 3215 903 venit
3263 848 3318 902 in
3363 846 3572 900 nomine
3613 843 3816 912 Domini,

2245 943 2457 999 Osanna
2485 946 2536 999 in
2564 944 2798 1000 excelsis.
2835 942 2956 998 Non
2987 941 3210 1014 legistis,
3231 938 3428 1010 inquit,
3459 939 3581 1008 quia
3602 939 3820 1010 scriptum

2237 1048 2316 1094 est
2345 1037 2520 1110 (Psal.
2569 1053 2696 1104 vrtt,
2730 1038 2785 1108 5)
2818 1055 2830 1090 :
2885 1035 2965 1090 Ex
3008 1050 3096 1089 ore
3143 1033 3425 1104 infantium
3455 1041 3503 1085 et
3536 1031 3813 1086 lactentiunt

2240 1133 2503 1203 perfeciin
2532 1131 2778 1186 laudem?
2813 1129 2877 1184 Et
2905 1130 2952 1184 si
2991 1129 3078 1181 isti
3107 1127 3386 1191 tacuerint,
3417 1123 3620 1196 lapides
3649 1123 3820 1178 clama-

2240 1225 2366 1279 bunt
2395 1223 2609 1295 (Matth.
2659 1240 2782 1289 ut,
2835 1223 2890 1289 9,
2937 1220 3050 1292 16).
3100 1220 3254 1276 Licet
3303 1220 3453 1275 enim
3506 1215 3738 1288 plerique
3763 1217 3819 1271 ita

2240 1320 2649 1392 intelligendum
2680 1325 2908 1389 putent:
2940 1316 2987 1372 si
3013 1315 3187 1372 Juda-i
3223 1314 3523 1380 tacuerint,
3555 1311 3817 1366 multitudo

2239 1428 2328 1469 me
2351 1414 2596 1484 gentium
2628 1409 2976 1466 confitebitur
3007 1425 3019 1462 :
3055 1421 3234 1464 tamen
3269 1410 3387 1462 haec
3415 1415 3504 1462 est
3535 1404 3820 1474 expressior

2239 1515 2295 1562 et
2336 1504 2516 1560 verior
2571 1501 2981 1575 intelligentia:
3034 1501 3254 1559 etiamsi
3307 1499 3564 1555 homines
3610 1509 3822 1554 Iacerent

2239 1598 2349 1672 [Αι.
2405 1597 2666 1671 taceant],
2715 1607 2770 1654 et
2817 1598 3095 1668 signorum
3143 1610 3391 1652 meorum
3445 1593 3818 1649 multitudinem

2241 1697 2426 1767 lingua
2455 1695 2707 1750 invidens
2740 1710 2847 1749 non
2896 1693 3178 1764 loquatur;
3221 1700 3403 1747 tamen
3459 1687 3666 1758 lapides
3715 1689 3819 1757 ipsi,

523 1801 678 1853 num,
727 1797 783 1842 et
829 1788 1168 1858 impietatem
1219 1799 1484 1846 exercent
1534 1790 1585 1845 in
1636 1789 1945 1846 Ecclesium
1992 1790 2130 1846 etin
2161 1783 2290 1846 Bct
2348 1789 2700 1845 lundameuta
2748 1803 3067 1855 murorum,
3122 1797 3176 1843 et
3230 1785 3502 1856 parietum
3563 1783 3820 1838 aediﬁcatio

521 1894 715 1936 omnes
732 1879 1076 1937 habitatores
1097 1883 1236 1952 ejus.
1264 1881 1374 1939 Sed
1393 1883 1588 1954 reliqui
1611 1883 1823 1954 populi,
1860 1882 2136 1938 Ecclesia-

522 1974 648 2030 slici
677 1973 936 2030 videlicet
957 1974 1082 2038 viri,
1113 1977 1206 2046 qui
1237 1991 1343 2032 non
1369 1977 1572 2032 iuerint
1596 1992 1786 2033 eorum
1815 1991 2006 2032 errore
2033 1975 2131 2032 de-

523 2069 670 2139 cepti
696 2112 710 2136 ,
759 2068 942 2125 subito
990 2081 1364 2142 consurgent,
1413 2079 1468 2127 et
1501 2070 1845 2143 evigilabunt
1879 2071 2034 2142 quasi
2065 2069 2133 2126 de

521 2164 675 2235 gravi
721 2178 956 2233 somno,
1001 2173 1058 2221 et
1102 2165 1436 2222 mordebant
1463 2181 1593 2234 eos,
1635 2176 1694 2223 et
1725 2165 2134 2220 insidiabuntur

520 2255 638 2311 illis
662 2297 678 2323 ,
730 2265 788 2312 et
831 2256 1112 2314 habebunt
1143 2273 1238 2313 eos
1279 2257 1331 2312 in
1365 2257 1628 2328 praedam.
1666 2257 1898 2321 Quidam
1935 2264 2134 2325 putattt

524 2349 631 2406 hoc
658 2351 807 2422 quod
843 2352 1044 2408 dicitur
1068 2370 1081 2408 :
1139 2352 1232 2408 Va:
1261 2353 1348 2424 qui
1374 2348 1858 2424 multiplicant'sibi
1883 2369 1998 2424 qua:
2027 2367 2130 2407 non

520 2455 646 2501 sunt
675 2463 770 2502 sua
791 2488 805 2514 ,
839 2456 895 2504 et
925 2457 1123 2504 caetera
1143 2491 1158 2515 ,
1203 2447 1274 2504 de
1305 2448 1565 2504 divitibus
1595 2463 1761 2520 posse
1784 2449 1992 2520 accipi,
2041 2449 2130 2518 qui

519 2539 942 2610 possessionum
969 2541 1238 2597 terminos
1261 2542 1513 2608 dilatant,
1545 2550 1600 2598 et
1623 2558 1686 2597 ea
1710 2557 1832 2614 qua:
1863 2557 1972 2599 non
2004 2549 2134 2596 sunt

517 2633 796 2703 hominis,
851 2635 1090 2692 hominis
1137 2637 1472 2693 arbitrantes
1498 2682 1512 2706 ,
1552 2648 1890 2709 congregant
1928 2639 2073 2708 sibi,
2099 2655 2128 2693 a

521 2728 723 2800 quibus
755 2729 938 2785 subito
967 2730 1367 2802 relinquentur.
1403 2731 1557 2799 Quod
1582 2743 1764 2788 autem
1799 2749 1906 2788 non
1935 2737 2006 2789 sit
2030 2733 2127 2788 bo-

517 2825 706 2891 minis,
724 2824 1165 2891 idest,animalis
1197 2827 1564 2894 rationabilis,
1597 2837 1814 2884 terrena
1833 2829 2126 2899 possessio,

2237 1899 2412 1941 meam
2444 1891 2702 1953 poterunt
2747 1880 3179 1951 magnitudinem
3229 1891 3560 1951 personare.
3593 1875 3738 1944 Quod
3775 1889 3820 1932 ut

2235 1978 2636 2050 signiﬁcantius
2678 1976 2795 2042 liat,
2846 1990 3115 2046 ponamus
3148 1974 3472 2029 litteratura:
3508 1988 3716 2043 quoque
3738 1987 3818 2027 sat-

2233 2072 2432 2128 cularis
2456 2072 2728 2142 exempla.
2759 2071 2986 2139 Crispus
3013 2067 3359 2141 (Sallustius)
3389 2068 3632 2138 loquitur
3655 2069 3702 2122 in
3726 2068 3819 2123 his-

2233 2168 2389 2224 toriis
2418 2184 2431 2221 :
2472 2186 2492 2220 ‹
2524 2165 2810 2238 Saguntini
2843 2165 2948 2221 [ide
2977 2173 3142 2236 atque
3171 2162 3430 2219 utrumuis
3466 2161 3817 2234 cinclyti,przc

2235 2260 2562 2317 mortalibus
2593 2306 2607 2329 ,
2659 2259 2838 2315 studio
2897 2257 3108 2328 majore
3161 2272 3329 2328 quam
3379 2255 3601 2324 opibus,
3649 2254 3816 2324 quippe

2231 2356 2373 2427 apud
2419 2371 2557 2426 quos
2589 2353 2696 2427 [Αι.
2733 2351 2912 2426 queis]
2945 2353 3108 2408 etiam
3143 2362 3254 2406 tum
3297 2351 3570 2408 semiruta
3616 2351 3813 2414 moenia,

2231 2451 2426 2508 domus
2480 2452 2731 2517 intectas,
2792 2451 3138 2520 parietesque
3189 2446 3524 2517 templorum
3580 2445 3813 2512 ambusti,

2231 2559 2428 2600 manus
2457 2545 2691 2599 Punicas
2715 2542 3089 2599 ostentabant.
3125 2561 3144 2595 ι
3172 2541 3362 2596 Simile
3389 2539 3524 2610 quid
3557 2549 3610 2593 et
3637 2538 3816 2594 Tullius

2231 2638 2299 2693 ad
2323 2639 2595 2694 Ctesarem
2619 2654 2718 2707 pro
2745 2635 3004 2692 Marcello
3031 2652 3085 2689 ε(
3114 2634 3382 2701 Parietes,
3404 2633 3625 2690 medius
3655 2632 3812 2687 lidius!

2229 2731 2316 2804 (ut
2347 2729 2484 2785 mibi
2515 2729 2756 2800 videtur)
2783 2729 2946 2799 hujus
2974 2727 3143 2783 curia:
3168 2727 3265 2782 tibi
3290 2727 3501 2798 gratias
3532 2739 3689 2796 agere
3710 2737 3814 2794 ges-

2233 2824 2394 2890 tiunt,
2425 2821 2569 2892 quod
2603 2821 2755 2878 brevi
2794 2830 3044 2891 tempore
3083 2818 3268 2875 futura
3295 2818 3368 2872 sit
3405 2817 3502 2872 illa
3553 2817 3814 2871 auctoritas

518 2925 576 2973 et
623 2917 887 2973 Dominus
932 2919 1300 2986 demonstrat,
1334 2922 1558 2978 dicens:
1610 2921 1671 2978 Si
1717 2923 1770 2976 in
1812 2923 1986 2978 alieno
2029 2939 2133 2977 non
2232 2918 2283 2972 in
2318 2917 2404 2974 his
2433 2917 2697 2987 majorum
2757 2931 2978 2972 suorum
3031 2923 3086 2971 et
3135 2915 3252 2970 suis
3297 2913 3553 2969 sedibus.
3594 2931 3614 2965 ι
3664 2911 3812 2966 Porro

518 3009 690 3078 fuistis
703 3009 906 3080 ﬁdeles,
931 3011 1071 3082 quod
1095 3023 1320 3067 vestrum
1346 3023 1446 3082 est,
1474 3015 1594 3086 quis
1624 3015 1770 3069 dabit
1798 3015 1940 3070 vobis
1972 3015 2128 3086 (Luc.
2228 3011 2376 3084 quod
2405 3028 2506 3068 nos
2543 3011 2887 3080 interpretati
2935 3024 3124 3065 sumus
3149 3025 3164 3063 :
3207 3007 3274 3063 Et
3304 3008 3510 3082 lignum
3535 3007 3670 3079 quod
3704 3005 3814 3058 inter

515 3104 671 3174 xw)?
713 3112 993 3176 totumque
1040 3107 1267 3176 capituli
1317 3116 1518 3163 textum
1553 3124 1716 3180 super
1757 3108 1859 3165 hac
1892 3125 2127 3180 persona
2163 3174 2198 3182 _
2222 3112 2505 3182 juncturas
2539 3106 2881 3174 tediﬁciorum
2911 3115 3006 3169 est,
3036 3101 3368 3176 respondebit
3402 3115 3421 3156 :
3476 3116 3574 3170 pro
3602 3114 3705 3170 quo
3730 3097 3812 3153 Se-

514 3199 844 3257 edisserunt.
880 3174 989 3258 Sed
1004 3174 1188 3260 nescio
1209 3219 1279 3258 an
1310 3205 1525 3274 possint
1545 3174 1864 3276 quaestionis
1890 3174 1945 3262 et
1973 3206 2124 3262 solu-
2152 3174 2201 3238 δ
2222 3174 2510 3272 ptttaginta
2543 3209 2845 3270 posuerunt
2874 3216 2887 3252 :
2919 3196 2985 3252 Et
3013 3174 3309 3253 scarabatus
3331 3196 3396 3249 de
3431 3193 3577 3265 ligno
3605 3194 3811 3264 loquetur

519 3293 688 3348 tionis
713 3295 1050 3364 prepltcticat
1076 3295 1326 3351 ordinem
1357 3312 1606 3353 servare.

593 3387 774 3460 (Vera.
803 3389 883 3460 9.)
925 3389 1014 3446 Va:
1043 3392 1132 3462 qui
1171 3402 1450 3464 congregat
1493 3393 1769 3448 avaritiam
1805 3393 2003 3448 malam
2033 3395 2129 3450 do-

518 3483 626 3536 ntui
655 3499 793 3537 suat:
827 3493 881 3535 ttt
929 3483 994 3537 sit
1039 3485 1094 3538 in
1140 3485 1344 3540 excelso
1393 3486 1548 3540 nidus
1579 3488 1728 3557 ejus,
1757 3496 1806 3540 et
1835 3487 2046 3542 liberari
2074 3505 2129 3541 se

523 3584 670 3643 putat
719 3577 784 3629 de
835 3592 990 3630 manu
1040 3576 1202 3631 mali:
1253 3579 1491 3650 cogitasti
1536 3579 1897 3650 confusionem
1947 3579 2130 3635 domui

519 3679 657 3726 tua-3:
689 3671 966 3726 concidisti
998 3673 1218 3744 populos
1239 3674 1454 3740 multos,
1483 3684 1529 3728 et
1551 3675 1776 3747 peccavit
1805 3677 1986 3729 anima
2015 3685 2124 3729 tua.

523 3766 662 3834 Quia
707 3766 842 3837 lapis
889 3767 954 3822 de
996 3770 1196 3840 pariete
1222 3768 1489 3835 clamabit,
1519 3778 1565 3823 el
1596 3770 1795 3840 lignum
1823 3769 1962 3841 quod
1995 3771 2129 3824 inter

506 3861 791 3933 jttncturas
817 3861 1169 3931 ardiﬁciorum
1199 3871 1298 3930 est,
1335 3863 1686 3931 respondebit.
1745 3861 1920 3918 LXX:
1966 3863 2011 3918 0
2038 3865 2128 3934 qui

520 3953 839 4025 multiplicat
862 3955 1137 4008 avaritiam
1167 3955 1359 4008 ntalant
1391 3955 1572 4009 domui
1597 3972 1738 4021 stuc,
1787 3964 1840 4009 ut
1888 3965 2044 4025 ponat
2073 3958 2128 4010 in

516 4047 720 4100 excelso
760 4046 942 4100 nidum
993 4063 1166 4112 suum,
1227 4056 1276 4101 et
1323 4059 1539 4101 eruatur
1569 4049 1632 4102 de
1654 4047 2123 4113 manumalorum,

518 4139 756 4211 cogitasti
787 4141 1144 4210 confusionem
1175 4141 1355 4196 domui
1379 4151 1517 4197 tum:
1558 4143 1924 4215 consumpsisti
1957 4159 2128 4212 papu-

521 4235 600 4288 tos
627 4233 854 4288 multos:
880 4243 928 4288 et
955 4235 1184 4304 peccavit
1209 4235 1391 4288 aninta
1421 4244 1550 4302 tua;
1591 4244 1801 4308 propter
1819 4235 1958 4306 quod
1986 4235 2124 4307 lapis

520 4328 584 4382 de
614 4329 810 4394 pariete
839 4329 1104 4396 clamabit,
1126 4340 1172 4383 et
1197 4328 1484 4384 scarabazus
1512 4329 1575 4382 de
1604 4331 1746 4402 ligno
1772 4331 2010 4400 loquetur
2038 4347 2119 4385 ea.

523 4419 716 4477 Adhuc
758 4421 824 4476 ad
875 4421 1050 4493 ipsum
1083 4437 1266 4478 sermo
1294 4432 1409 4488 est,
1440 4421 1529 4493 qui
1558 4423 1662 4476 sibi
1690 4433 1975 4479 coacervet
2002 4439 2120 4478 ma-

525 4515 577 4568 la
603 4553 618 4580 ,
670 4523 726 4568 ct
771 4515 1081 4570 divitiarum
1129 4515 1528 4572 multitudinem
1560 4531 1666 4570 non
1697 4517 1964 4588 intelligat
1993 4532 2122 4573 cau-

525 4621 640 4661 sam
667 4621 788 4662 esse
825 4609 998 4663 ruina:
1028 4624 1140 4663 suae
1168 4609 1393 4676 domus;
1423 4609 1692 4680 simulque
1715 4626 1812 4680 per
1844 4611 2126 4681 metapho-

527 4716 644 4755 ram
672 4703 942 4771 superbiaa
969 4705 1234 4776 arguitur,
1267 4705 1409 4776 quod
1423 4705 1488 4761 ad
1505 4707 1690 4761 avium
1713 4707 2123 4762 similitudinem

524 4793 578 4847 iu
629 4793 846 4849 excelso
887 4797 1128 4865 posuerit
1169 4797 1358 4852 nidum
1399 4814 1587 4864 suum,
1641 4807 1696 4854 et
1737 4798 2030 4854 arbitratus
2055 4799 2126 4855 sit

525 4887 642 4943 erui
673 4904 731 4944 se
776 4889 844 4944 de
893 4905 1057 4944 manu
1100 4891 1249 4955 mali,
1302 4891 1354 4945 id
1388 4902 1492 4956 est,
1523 4907 1815 4961 numquam
1852 4893 2042 4948 venire
2071 4894 2124 4948 in

525 4981 760 5036 hosﬁum
811 4992 1172 5053 potestatem:
1222 4984 1366 5055 quod
1407 4985 1686 5054 superbiae
1714 4987 2036 5050 consilium,
2069 4995 2126 5041 et

523 5091 786 5146 arrogans
809 5077 1068 5145 cogitatio
1094 5077 1253 5133 linem
1287 5079 1474 5133 habuit
1499 5078 1872 5149 ignominiam.
1895 5081 2125 5136 Interfe-

525 5169 642 5223 cisti
662 5171 888 5239 populos
911 5170 1136 5236 tnultos,
1167 5171 1298 5225 etin
1319 5170 1444 5224 aliis
1467 5171 1780 5226 occidendis
1796 5184 1982 5228 contra
2009 5174 2126 5227 aui-

527 5280 668 5318 tnam
697 5265 860 5336 617
905 5275 1048 5321 tuam
1080 5265 1376 5331 desaevisti,
1401 5275 1456 5321 et
1485 5243 1536 5320 in
1573 5277 1716 5320 tanta
1752 5267 1860 5338 [AL
1896 5269 1950 5323 in
2006 5279 2124 5324 tan-

599 5415 622 5441 η
663 5403 718 5457 lu
752 5403 960 5475 aliquot
990 5420 1121 5458 mss.
1143 5445 1158 5470 ,
1189 5405 1280 5458 sed
1309 5405 1626 5458 delectentur
1666 5405 1923 5460 morsibus
1954 5406 2123 5476 pluri-

543 5493 747 5531 norum.

526 5496 747 5532 morum.

594 5550 619 5586 ιι
671 5548 1010 5618 Ms.llegin.,
1039 5549 1136 5603 sibi
1159 5558 1494 5622 congregant,
1541 5549 1644 5603 sive
1673 5549 1896 5620 spoliant
1919 5559 2118 5619 gentes,

525 5630 632 5675 (τις.

527 5762 546 5766 η
594 5702 623 5766 _"-_
665 5691 753 5766 Es,
784 5708 910 5759 uno,
967 5693 1130 5766 quod,
1167 5693 1358 5766 sciam,
1423 5691 1777 5766 Hieronymo
1816 5691 1968 5748 locus
2015 5693 2118 5751 iste

517 5762 755 5817 Sillustii
781 5762 1095 5819 recensetur
1122 5765 1174 5818 in
1219 5762 1669 5834 Fragmenton
1724 5763 1864 5820 libro
1904 5781 1980 5820 vt.
2017 5766 2116 5822 Le-

515 5835 694 5902 gimus
720 5848 848 5889 vero
881 5849 978 5889 nos
1007 5850 1036 5890 e
1063 5835 1287 5906 Regium
1318 5849 1446 5902 tns.,
1471 5837 1655 5908 inclyti
1673 5853 1782 5908 prae
1811 5837 2114 5894 mortalibus

2228 3314 2308 3364 ea,
2371 3294 2715 3351 manifestius
2774 3309 2928 3350 more
2971 3309 3074 3350 suo
3130 3290 3410 3348 transtulit
3459 3289 3808 3362 Symmachus,

2230 3396 2315 3449 καὶ
2361 3391 2654 3466 συνδεσμὸς
2684 3390 2956 3464 οἰκοδομῆς
2988 3391 3183 3457 ξύλινος
3213 3390 3585 3463 ἀποφθίγξεται
3611 3386 3750 3448 αὐτὰ,
3768 3380 3810 3437 id

2229 3495 2334 3552 cst,
2367 3497 2412 3539 et
2426 3487 2680 3558 junctum
2703 3485 2916 3555 aediﬁcii
2946 3485 3121 3555 lignea
3149 3484 3386 3554 loquetur
3416 3499 3501 3535 ea.
3534 3476 3811 3535 Theodotio

2227 3597 2466 3654 quoque,
2501 3585 2584 3638 καὶ
2617 3580 2904 3654 συνδεσμὸς
2946 3581 3098 3646 ξύλου
3136 3579 3397 3654 φθέγξεται
3426 3578 3598 3634 αὐτάς
3627 3587 3808 3629 necnon

2228 3686 2284 3734 et
2305 3678 2492 3749 quinta
2521 3676 2712 3742 editio,
2741 3678 2829 3732 καὶ
2859 3673 3150 3748 συνδεσμὸς
3176 3672 3333 3741 ξύλου
3371 3673 3636 3746 φθέγξεται
3663 3667 3807 3725 una:

2228 3787 2349 3844 qua:
2381 3784 2434 3828 et
2464 3772 2596 3842 ipsa:
2623 3770 3114 3840 interpretationes
3139 3785 3265 3826 cum
3309 3764 3630 3839 Symmachi
3658 3772 3710 3818 et
3735 3775 3809 3817 no-

2228 3872 2340 3919 stra
2374 3863 2826 3934 interpretatione
2854 3863 3225 3926 concordant;
3261 3859 3410 3932 quod
3461 3861 3606 3916 enim
3656 3858 3808 3926 lingua

2232 3955 2495 4013 llebraica
2531 3947 2734 4012 dicitur:
2760 3971 2987 4014 CHAPIIIS
3037 3957 3238 4028 (Dim),
3291 3956 3496 4025 lignum
3544 3950 3804 4022 signiﬁcat,

2227 4052 2368 4123 quod
2401 4051 2467 4105 ad
2505 4051 2868 4107 continendos
2907 4052 3150 4121 parietes
3205 4050 3258 4104 in
3311 4049 3499 4105 medio
3553 4053 3807 4102 structum

2228 4147 2481 4215 ponitur;
2511 4154 2567 4200 et
2593 4147 2753 4215 vulgo
2775 4146 2917 4214 apud
2951 4145 3173 4202 Graecos
3202 4143 3514 4213 appellatur
3534 4142 3804 4214 ἱμάντωσις.

2229 4238 2343 4293 lloc
2366 4247 2448 4294 est
2470 4253 2603 4309 ergo
2623 4238 2777 4308 juxta
2801 4237 3082 4294 historiam
3104 4235 3253 4309 quod
3292 4234 3637 4306 prophetalis
3657 4243 3806 4288 sermo

2225 4333 2392 4406 618
2427 4331 2705 4402 signiﬁcat
2735 4348 2748 4384 :
2778 4330 2985 4401 lapides
3018 4330 3284 4401 parietum
3308 4328 3404 4397 qui
3433 4344 3464 4382 a
3496 4337 3551 4383 te
3579 4321 3808 4382 destructi

2226 4436 2376 4492 sunt,
2408 4436 2463 4482 et
2493 4425 2640 4498 ligna
2663 4441 2854 4481 eorum
2887 4425 3135 4480 ambusta
3171 4434 3317 4480 tuam
3339 4421 3718 4479 crudelitatem
3742 4432 3808 4473 se

2233 4521 2458 4576 nabunt.
2490 4519 2712 4586 Reperi,
2736 4519 2983 4588 exceptis
2998 4517 3240 4589 quinque
3260 4514 3618 4578 editiouibus,
3647 4512 3697 4567 id
3719 4518 3806 4575 est,

2232 4613 2466 4684 Aquilze,
2512 4610 2850 4683 Symmachi,
2880 4611 3252 4681 Septuaginta,
3305 4605 3713 4673 Theodotionis,
3765 4610 3808 4658 et

2231 4708 2444 4776 quinta,
2490 4705 2546 4760 in
2575 4703 2866 4760 duodecim
2902 4702 3186 4773 prophetis
3228 4712 3283 4756 et
3309 4701 3448 4756 duas
3477 4701 3614 4755 alias
3637 4694 3808 4754 editio-

2230 4816 2352 4866 nes,
2389 4801 2441 4854 in
2471 4814 2702 4870 quarum
2733 4815 2836 4852 una
2860 4799 3130 4868 scriptum
3153 4809 3240 4852 eSt
3273 4814 3286 4850 :
3313 4795 3454 4864 Quia
3477 4795 3609 4866 lapis
3635 4794 3694 4848 de
3713 4790 3804 4865 [Μ.

2225 4893 2305 4965 in)
2334 4895 2529 4966 pariete
2558 4893 2802 4948 clamabit
2827 4893 2979 4963 quasi
3007 4892 3196 4970 vermis
3224 4891 3279 4945 in
3313 4891 3456 4961 ligno
3491 4890 3734 4960 loquens:
3763 4891 3806 4938 et

2230 4991 2282 5044 itt
2308 4991 2482 5043 altera
2528 5005 2542 5042 ε
2595 4986 2758 5057 Lapis
2812 4988 2946 5041 enim
2999 4986 3064 5041 de
3111 4987 3308 5056 pariete
3353 4984 3728 5057 vociferabitur,
3764 4985 3804 5030 et

2231 5079 2258 5117 ἀ
2286 5082 2485 5146 σκώληξ
2513 5081 2577 5135 de
2625 5081 2765 5152 ligno
2813 5081 3050 5150 loquetur
3092 5096 3173 5134 ea.
3217 5078 3325 5135 Sed
3375 5087 3431 5133 et
3459 5075 3652 5145 Aquila
3679 5066 3804 5127 aliud

2233 5175 2488 5246 quiddam
2521 5189 2686 5245 quam
2715 5190 2815 5228 nos
2847 5173 3082 5230 diximus
3110 5174 3312 5244 posuit,
3338 5175 3421 5229 καὶ
3442 5174 3603 5247 μάζα,
3638 5169 3685 5223 id
3708 5176 3798 5229 est,
3831 5241 3834 5243 ἓ

2232 5281 2278 5325 et
2301 5288 2472 5325 ntassa
2497 5271 2561 5324 de
2598 5268 2739 5340 ligno
2769 5269 3121 5338 respondebit.
3167 5267 3414 5336 Quorum
3453 5257 3801 5334 interpretatio

2227 5409 2624 5481 stndiogmajore
2650 5424 2825 5470 quam,
2859 5416 2964 5463 etc.
3006 5407 3212 5481 Vulgati
3238 5406 3358 5481 libri
3387 5405 3498 5481 alii,
3525 5402 3699 5481 inclyti
3725 5411 3799 5467 per

2231 5478 2529 5533 mortalium
2568 5481 2797 5533 studium
2839 5483 3096 5544 maiores;
3139 5479 3418 5545 Martium,
3468 5478 3684 5546 inclyti,
3723 5485 3800 5541 per

2228 5553 2405 5606 mortis
2436 5552 2665 5604 studium
2694 5555 2914 5623 majores
2932 5595 2946 5618 ,
2972 5563 3079 5605 etc.

2299 5623 2324 5658 ά
2368 5623 2421 5676 lu
2455 5623 2645 5693 llegin.
2677 5617 2788 5678 ms:
2816 5623 2902 5678 hic
2936 5617 3110 5690 atque
3153 5622 3295 5677 infra
3334 5621 3522 5687 κολεὸς,
3549 5617 3686 5693 quod
3709 5621 3793 5693 est.

2227 5695 2481 5764 capsula,
2534 5685 2743 5760 caleas,
2805 5709 2900 5763 pro
2947 5685 3184 5762 σκῶληξ,
3244 5694 3295 5749 id
3345 5705 3428 5750 est
3459 5735 3472 5759 ,
3509 5685 3710 5753 vermis,
3733 5685 3795 5739 le-

2226 5768 2388 5838 gitur.

3824 6197 3890 6322 Δ
