4050 6342
218 340 227 347 ’
289 326 423 382 1297

1121 319 1775 379 COMMENTARIORUM
1814 319 1881 375 IN
1921 316 2195 375 ABACUC
2236 318 2367 375 LIB.
2408 318 2451 375 Ι.
2492 318 2645 376 CAP.
2693 320 2756 376 ll.

3452 325 3590 382 1298

275 440 405 513 quid
432 439 534 496 sibi
566 440 713 505 velit,
760 441 810 494 in
856 438 1209 510 Septuaginta
1243 439 1627 495 translatorum
1660 437 1877 506 exposi—
1903 434 1955 494 Α
1983 450 2073 488 rus
2100 435 2244 489 enim
2286 438 2349 490 de
2390 436 2533 507 ligno
2583 438 2820 509 loquetur
2868 457 2947 504 ea,
3000 454 3104 495 non
3156 439 3482 512 intelligitur
3535 442 3592 497 in

275 535 423 590 tione
450 532 712 593 dicemus.
756 531 808 586 in
847 531 1046 603 quibus
1083 546 1180 599 pro
1207 547 1304 599 me,
1350 547 1380 583 ο
1411 529 1646 599 positum
1676 537 1779 597 est,
1824 536 1880 583 et

270 626 529 697 dirigitur
556 639 740 680 sermo
781 625 869 680 vel
900 625 966 678 ad
996 623 1277 679 diabolum
1331 623 1418 678 vel
1447 622 1874 687 Antichristnm,

270 720 359 775 vel
407 720 472 773 ad
508 719 818 785 haereticos,
871 719 963 786 qui
1014 717 1385 786 multiplicant
1433 716 1537 771 sibi
1589 714 1875 769 avaritiam

268 814 489 869 malam.
522 812 661 867 Mala
707 820 888 866 autem
935 810 1136 865 dicitur
1180 809 1432 876 avaritia,
1476 811 1541 864 ad
1574 810 1880 866 distinctio-

269 923 394 964 nem
423 906 602 970 boum,
637 914 695 959 ut
723 904 794 959 sit
818 904 958 959 bona
986 904 1213 958 avaritia
1246 904 1493 959 doctoris
1527 903 1876 959 Ecclesiasti-

267 1004 350 1067 ci,
384 1001 476 1073 qui
502 1014 795 1072 numquam
848 999 1080 1054 satiatur
1123 999 1474 1054 multitudine
1514 1007 1870 1068 sectatorum,

266 1104 323 1151 et
351 1102 551 1164 quanto
584 1094 767 1165 plures
797 1092 1046 1146 habuerit
1076 1092 1396 1162 discipulos,
1427 1100 1578 1146 tanto
1609 1093 1782 1162 magis
1807 1092 1872 1147 ad

261 1190 528 1245 doctrina:
557 1188 795 1243 studium
824 1188 1149 1243 concitetur.
1185 1186 1276 1241 Var
1317 1201 1446 1257 ergo
1475 1186 1523 1241 ei
1571 1186 1659 1257 qui
1694 1186 1876 1240 multi-

257 1285 426 1356 plicat
457 1285 559 1340 sibi
591 1285 872 1339 avaritiam
900 1282 1220 1352 pessimam,
1265 1291 1321 1336 ut
1361 1289 1658 1352 congreget
1686 1279 1872 1335 domui

258 1394 374 1434 suae
425 1378 808 1433 conventicula
859 1392 1133 1445 perversa,
1168 1386 1224 1431 et
1270 1384 1435 1446 ponat
1462 1376 1516 1430 in
1548 1376 1658 1431 alto
1689 1375 1872 1431 nidum

258 1486 441 1535 suum,
478 1479 537 1526 ut
585 1481 806 1525 eruatur
853 1469 921 1524 de
975 1483 1136 1524 manu
1188 1470 1479 1523 malorum.
1538 1468 1873 1524 Pollicentur

255 1569 403 1621 enim
436 1576 487 1620 et
513 1564 765 1620 diabolus
796 1573 850 1621 et
872 1562 1243 1619 Antichristns
1274 1572 1329 1618 et
1362 1563 1630 1630 haeretici,
1663 1579 1756 1619 eos
1780 1564 1873 1635 qui

254 1675 414 1714 suum
446 1658 641 1725 dogma
680 1658 1001 1727 suscipiant,
1056 1656 1172 1713 fore
1219 1656 1272 1712 in
1303 1656 1621 1713 caelestibus
1655 1670 1872 1727 posses-

255 1768 416 1808 snros
450 1768 615 1825 regna
671 1754 964 1818 cmlornm,
1023 1761 1079 1807 et
1135 1751 1401 1822 gehennae
1455 1752 1706 1807 incendia
1762 1768 1869 1808 non

1982 528 2203 594 bonam,
2236 528 2330 607 sed
2364 530 2416 585 in
2450 530 2645 585 malam
2677 542 2908 601 partem,
2945 533 2996 588 id
3031 544 3135 602 est,
3172 535 3422 606 loquetur
3461 549 3591 589 ava—

1979 623 2161 677 ritiam
2220 625 2510 693 pessimam
2568 626 2983 695 multiplicantis
3031 628 3294 685 adversus
3362 629 3588 687 domum

1981 730 2156 779 suam,
2209 726 2263 772 et
2314 717 2696 774 confusionem
2752 720 2982 787 diaboli,
3035 735 3088 777 et
3132 734 3331 779 caetera
3368 739 3492 795 quae
3522 723 3593 781 de

1979 814 2267 883 iniquitate
2296 814 2415 884 ejus
2440 825 2497 871 et
2525 817 2732 872 scelere
2763 828 3185 887 przecesserunt.
3216 821 3373 887 Quod
3402 831 3585 877 autem

1978 906 2053 960 ait
2080 907 2297 977 Aquila,
2328 918 2375 962 ct
2402 926 2573 964 massa
2597 911 2659 964 de
2684 911 2824 983 ligno
2850 912 3199 981 respondebit,
3228 914 3463 970 Massam
3494 930 3585 971 re-

1978 998 2204 1055 ferimus
2232 1001 2297 1055 ad
2327 1002 2482 1056 illum
2509 1016 2753 1071 sensum,
2803 1021 2963 1075 quem
3013 1006 3282 1063 Dominus
3319 1010 3503 1078 posuit
3533 1009 3589 1065 in

1978 1090 2321 1159 Evangelio:
2374 1090 2559 1148 Cavete
2599 1094 2739 1148 vobis
2791 1112 2824 1150 a
2879 1101 3133 1166 fermento
3190 1099 3588 1156 Pharisaeorum

1976 1180 2189 1253 (Matth.
2224 1200 2349 1250 xvr,
2402 1185 2515 1255 ll).
2549 1186 2793 1257 Cumque
2843 1187 3156 1245 dubitarent
3209 1192 3467 1263 apostoli,
3530 1200 3589 1246 et

1973 1276 2231 1346 quidnam
2259 1287 2426 1346 esset,
2460 1279 2604 1334 scire
2637 1296 2742 1334 non
2789 1290 3035 1351 possent,
3088 1282 3442 1355 Evangelista
3499 1286 3585 1342 in-

1975 1376 2305 1439 terpretatus
2331 1379 2436 1435 est,
2471 1372 2660 1427 dicens
2688 1392 2701 1426 :
2749 1372 2972 1428 Dixerat
2998 1385 3170 1430 autem
3194 1378 3264 1430 eis
3295 1376 3358 1430 de
3384 1378 3585 1433 doctri-

1972 1479 2042 1517 na
2067 1462 2474 1520 Pharisaeorum.
2519 1466 2687 1523 Recte
2715 1468 2879 1540 igitur
2906 1469 3158 1525 doctrina
3188 1470 3581 1529 haereticorum

1972 1556 2041 1613 de
2072 1558 2216 1629 ligno
2250 1560 2487 1632 loquitur
2519 1580 2533 1615 :
2576 1563 2736 1618 aliter
2765 1566 2909 1620 enim
2945 1568 3276 1636 persuadere
3318 1585 3426 1624 non
3455 1586 3584 1642 pos-

1970 1664 2121 1719 sunt,
2158 1655 2256 1710 nisi
2284 1656 2516 1726 gloriam
2563 1658 2692 1728 ligni
2733 1675 2844 1713 sua:
2874 1661 3219 1731 perversitati
3267 1663 3578 1732 praeferant.

1973 1745 2195 1801 Necnon
2229 1757 2285 1802 ct
2314 1748 2446 1804 illud
2474 1750 2624 1821 quod
2653 1750 2969 1807 dixeramus
2997 1771 3008 1806 :
3046 1753 3183 1819 Quia
3218 1756 3354 1825 lapis
3380 1757 3444 1809 de
3486 1773 3582 1827 pa-

253 1862 535 1903 sensurOs.
574 1848 639 1902 Et
677 1862 799 1902 cum
833 1846 951 1902 haec
992 1847 1428 1918 repromiseriut,
1462 1848 1751 1903 consilium
1785 1849 1858 1919 ip-
1895 1831 1944 1893 B
1970 1839 2097 1893 ﬂete
2124 1841 2290 1913 620
2335 1841 2599 1909 clamabit,
2643 1844 2774 1898 sicut
2826 1846 3010 1899 vermis
3064 1846 3119 1899 in
3173 1847 3314 1919 ligno
3359 1846 3577 1920 loquens

253 1957 439 2001 sorum
470 1944 537 1999 ad
591 1945 893 2016 perfectum
934 1944 1121 1999 venire
1170 1959 1275 1999 non
1329 1945 1563 2014 poterit:
1623 1943 1719 1998 sed
1765 1945 1869 1998 erit

251 2040 540 2096 consilium
573 2038 913 2095 confusionis
950 2046 1005 2093 et
1033 2038 1349 2109 ignominia:
1381 2037 1576 2093 domus
1609 2036 1720 2109 |Al.
1769 2037 1866 2093 do-

252 2134 388 2207 mui]
420 2151 631 2203 eorum,
665 2146 944 2205 postquam
973 2150 1091 2203 qme
1117 2133 1330 2189 fuerant
1351 2133 1701 2203 repromissa,
1734 2132 1865 2186 falsa

253 2230 370 2300 ipse
399 2245 579 2285 rerum
609 2229 730 2283 linis
760 2228 1085 2291 ostenderit,
1117 2242 1238 2283 cum
1268 2226 1376 2299 [AL
1414 2226 1565 2298 tunc]
1607 2225 1864 2297 probabi-

254 2335 342 2380 tur
371 2324 706 2380 confusionis
748 2339 871 2379 esse
912 2324 1226 2390 consilium,
1257 2338 1364 2377 non
1396 2322 1616 2378 salutis.
1650 2322 1774 2389 Iste,
1807 2330 1864 2375 ut

250 2417 505 2487 diximus,
568 2417 941 2488 perversitatis
991 2417 1183 2471 doctor
1238 2416 1577 2486 consumpsit
1632 2414 1861 2486 pepulos

254 2511 474 2577 multos,
503 2521 555 2566 et
582 2520 789 2582 quanto
826 2511 1011 2580 plures
1068 2509 1255 2564 habuit
1303 2510 1356 2563 in
1416 2509 1676 2563 comitatu
1736 2522 1857 2575 suo,

252 2612 401 2658 tanto
430 2604 601 2673 magis
626 2603 860 2674 deliquit
904 2612 1092 2658 contra
1123 2604 1360 2656 animam
1394 2616 1568 2656 suam.
1617 2600 1859 2670 Denique

252 2696 514 2751 Ecclesiae
542 2696 658 2765 ejus
688 2695 915 2765 lapides,
943 2703 997 2751 et
1023 2696 1291 2772 κάνθαρος,
1327 2693 1379 2748 id
1424 2702 1532 2760 est,
1566 2692 1857 2747 scarabaaus

248 2790 317 2846 de
360 2791 529 2862 ligno,
557 2790 867 2845 clamabunt
914 2797 1103 2844 contra
1158 2788 1441 2844 avaritiam
1494 2787 1737 2858 superbi,
1794 2803 1859 2842 eo

249 2884 393 2954 quod
418 2899 611 2940 omnes
637 2892 826 2954 gentes
851 2898 945 2937 sua
974 2882 1331 2953 persuasione
1360 2881 1662 2951 decepi-rit.
1696 2879 1858 2951 Lapi-

249 2976 368 3044 des,
393 2977 590 3033 stolida
618 2978 781 3033 Corda
813 2977 1151 3032 credentium
1185 2976 1446 3031 doctrinis
1476 2975 1854 3031 lurreticorum

250 3088 537 3145 possumus
568 3073 888 3142 intelligere,
919 3079 975 3125 et
1002 3071 1337 3125 scarabmum
1369 3070 1435 3123 de
1463 3069 1635 3139 ligno,
1682 3070 1854 3137 magi-

247 3182 392 3225 stros
434 3184 678 3240 quosque
739 3181 1050 3236 perversos,
1102 3164 1191 3236 qui
1251 3163 1427 3233 turpis
1482 3162 1620 3217 lucri
1678 3162 1851 3233 gratia

246 3263 410 3335 619
438 3270 779 3317 assumentes
821 3258 1266 3332 prtedicationem
1315 3259 1514 3321 cruris,
1562 3256 1853 3326 loquuntur

246 3371 311 3411 ex
356 3366 531 3411 utero.
569 3355 709 3410 Dens
736 3354 879 3410 enim
912 3368 1100 3408 eorum
1128 3360 1319 3407 venter
1346 3359 1451 3413 est,
1485 3359 1539 3405 et
1566 3350 1743 3403 omnia
1772 3350 1853 3405 ci-

246 3448 435 3504 borum
464 3464 628 3505 causa
656 3448 880 3516 faciunt,
913 3448 1005 3519 qui
1028 3447 1352 3517 rediguntur
1381 3447 1433 3500 in
1462 3455 1675 3501 stercus
1700 3445 1850 3516 (quia

246 3543 549 3599 scarabieus
577 3543 659 3598 vel
693 3542 987 3598 cantharus
1014 3540 1217 3595 vermis
1249 3549 1332 3594 cst
1370 3538 1676 3610 stercoris);
1706 3547 1761 3593 et
1783 3538 1850 3593 ad

246 3634 347 3691 hoc
375 3644 581 3691 tantum
610 3645 893 3690 assumunt
920 3649 1163 3699 crucem,
1198 3639 1257 3686 ut
1278 3632 1559 3687 avaritiam
1583 3642 1635 3686 et
1662 3646 1851 3701 super-

242 3727 384 3784 biam
417 3728 660 3799 magistri
710 3729 791 3781 sui
822 3726 1023 3781 diaboli
1066 3725 1302 3780 doceant
1348 3739 1446 3780 ore
1492 3724 1734 3794 vipereo.
1792 3724 1849 3779 Si

243 3822 457 3892 quando
478 3821 681 3879 videris
708 3822 1091 3877 haereticorum
1119 3821 1450 3891 quempiam,
1477 3820 1630 3890 quasi
1652 3835 1843 3875 recon-

242 3916 350 3972 dita
385 3928 437 3972 et
466 3916 676 3972 occulta
710 3915 968 3986 mysteria
997 3926 1188 3969 contra
1224 3914 1522 3968 Eeclesiam
1574 3914 1745 3983 loqui,
1792 3923 1847 3969 et

242 4012 460 4067 domum
492 4009 693 4064 diaboli
725 4009 911 4064 domui
943 4007 1200 4079 praeferre
1230 4006 1457 4074 Christi,
1489 4007 1657 4062 dicito
1688 4026 1700 4061 :
1745 4006 1848 4062 La-

242 4103 324 4173 pis
353 4102 419 4157 de
467 4101 677 4173 pariete
706 4102 919 4166 clamat,
973 4110 1026 4155 et
1068 4099 1361 4154 cantharus
1389 4100 1458 4154 de
1489 4100 1635 4170 ligno
1668 4100 1844 4170 loqui-

244 4205 346 4251 tur.
381 4193 516 4264 chi
548 4195 601 4249 in
634 4195 913 4265 cujusdam
944 4193 1239 4258 volumine,
1283 4203 1571 4264 prepterca
1619 4194 1847 4248 Cantha-

241 4307 358 4346 rum
390 4306 558 4363 super
588 4289 866 4345 hrrreticis
898 4290 1148 4359 intelligi,
1182 4289 1302 4359 quia
1333 4289 1584 4357 dogmata
1612 4288 1845 4344 habeant

240 4387 467 4439 stercori
497 4384 886 4451 comparanda.
931 4380 1089 4436 Unde
1133 4390 1187 4436 et
1229 4380 1547 4450 Apostolus,
1579 4380 1844 4437 doctrina:

242 4477 443 4531 veteris
475 4490 715 4529 errorem
744 4475 877 4529 dicit
906 4490 964 4530 se
993 4484 1276 4542 repntasse
1305 4473 1357 4527 in
1388 4473 1619 4542 scybala,
1651 4475 1701 4527 id
1733 4483 1836 4541 est,

241 4575 292 4629 in
324 4582 550 4627 stercora
598 4569 868 4638 (Philipp.
919 4568 1026 4635 in).
1059 4568 1174 4623 Non
1222 4568 1363 4638 quod
1412 4566 1523 4622 Lex
1573 4578 1750 4635 vetns,
1782 4577 1840 4622 ut

1973 1935 2080 2006 [AL
2130 1936 2405 2008 loquitur],
2460 1939 2544 1992 vel
2597 1939 2732 2007 lapis
2776 1939 2842 1991 de
2886 1941 3083 2010 pariete
3107 1940 3495 2011 vociferabitur,
3528 1951 3579 1996 et

1974 2029 2171 2094 σκώληξ
2232 2030 2296 2083 de
2342 2030 2484 2101 ligno
2521 2031 2757 2101 loquetur
2792 2050 2872 2101 ea,
2903 2034 3123 2104 quidam
3157 2052 3188 2091 e
3220 2040 3431 2093 nostris
3458 2053 3582 2094 ver-

1970 2139 2111 2177 mcm
2143 2124 2196 2178 in
2244 2124 2392 2194 ligno
2426 2125 2742 2196 loquentem
2770 2127 2923 2183 illum
2957 2144 3080 2186 esse
3112 2130 3285 2199 aiunt,
3318 2132 3411 2203 qui
3442 2133 3580 2192 dicit

1969 2215 2020 2270 in
2053 2216 2263 2286 psalmo
2292 2233 2304 2270 :
2337 2216 2448 2288 Ego
2476 2229 2647 2274 autem
2673 2237 2786 2274 sum
2815 2224 3001 2277 rermis
3030 2234 3079 2278 et
3106 2241 3208 2279 non
3254 2226 3406 2281 homo
3447 2227 3567 2300 (Ps.

1966 2325 2095 2374 χχι,
2128 2310 2182 2380 7)
2204 2326 2217 2376 ;
2243 2320 2298 2365 et
2326 2326 2481 2367 avem
2513 2314 2757 2369 vocalem
2787 2315 2854 2369 ad
2881 2316 3124 2384 ejusdem
3159 2334 3449 2390 personam
3478 2338 3567 2378 re-

1964 2402 2170 2469 ferunt,
2203 2404 2295 2473 qui
2326 2404 2401 2458 ait
2435 2421 2448 2456 :
2481 2405 2677 2461 Factus
2708 2424 2823 2460 sum
2871 2411 3025 2479 quasi
3076 2427 3251 2480 passer
3296 2413 3569 2471 solitarius

1963 2498 2015 2551 in
2042 2505 2173 2551 tecto
2202 2496 2382 2566 (Psal.
2416 2513 2506 2566 c1,
2534 2500 2616 2570 8),
2650 2508 2709 2555 et
2743 2512 2944 2557 caetera
2978 2502 3067 2559 his
3094 2506 3316 2561 similia.

2035 2588 2221 2662 (Vers.
2253 2590 2320 2645 l2
2347 2592 2532 2662 seqq.)
2580 2591 2675 2647 Va:
2700 2595 2791 2664 qui
2822 2594 3049 2665 cediﬁcat
3082 2597 3342 2654 civitatem
3374 2601 3428 2655 in
3454 2619 3577 2657 son-

1959 2683 2223 2753 guinibus,
2256 2693 2306 2738 et
2334 2695 2601 2757 pra’parat
2642 2685 2822 2739 urbem
2847 2687 2902 2741 in
2942 2688 3214 2759 iniquitate
3246 2709 3264 2745 :
3314 2696 3571 2765 numquid

1961 2793 2063 2831 non
2090 2776 2199 2831 luec
2222 2788 2339 2831 sunt
2365 2796 2397 2832 a
2440 2777 2668 2833 Domino
2698 2783 3061 2837 exercituum?
3092 2784 3398 2841 laborabunt
3436 2790 3573 2843 enim

1958 2869 2137 2940 papuli
2162 2870 2216 2924 in
2234 2871 2398 2925 multo
2422 2872 2560 2943 igne,
2594 2882 2641 2927 et
2666 2885 2841 2945 gentes
2866 2876 2919 2930 in
2945 2893 3185 2947 vacuum,
3210 2890 3257 2935 et
3284 2881 3567 2952 deﬁcient:

1956 2966 2081 3033 quia
2128 2965 2411 3036 replebitur
2452 2978 2610 3032 terra,
2634 2979 2691 3023 ut
2730 2982 3049 3042 cognoscant
3078 2974 3307 3047 gloriam
3355 2976 3573 3033 Domini

1955 3058 2107 3127 quasi
2144 3074 2295 3129 aqua:
2342 3060 2631 3128 aperientes
2660 3078 2820 3118 mare.
2865 3063 3011 3119 LXX
3048 3083 3060 3120 :
3110 3067 3195 3122 Va:
3221 3070 3315 3138 qui
3341 3071 3571 3141 aediﬁcat

1957 3151 2211 3204 cititalem
2241 3152 2293 3203 in
2325 3153 2685 3223 sanguinibus,
2709 3165 2755 3209 et
2787 3168 3051 3228 praeparat
3073 3159 3249 3214 urbem
3274 3162 3329 3215 in
3358 3163 3556 3231 iniqui-
3646 3178 3653 3181 ‘

1958 3241 2147 3297 tatibus
2172 3259 2190 3297 :
2219 3260 2387 3299 nonne
2428 3245 2537 3300 haec
2580 3256 2699 3301 sunt
2746 3264 2777 3301 a
2818 3246 3049 3305 Domino
3093 3256 3490 3325 omnipotente?
3517 3267 3566 3311 et

1957 3338 2251 3410 defecerunt
2276 3340 2460 3411 populi
2484 3341 2635 3396 multi
2662 3343 2715 3396 in
2744 3345 2886 3417 igne,
2911 3355 2960 3399 et
2987 3357 3162 3418 gentes
3205 3350 3383 3404 multa:
3403 3366 3563 3405 coan-

1953 3445 2176 3506 gustatre
2200 3447 2360 3491 sunt:
2391 3438 2513 3507 quia
2547 3440 2829 3512 replebitur
2855 3449 2991 3497 terra
3035 3452 3094 3496 ut
3136 3456 3413 3515 cognoscat
3443 3446 3564 3519 glo-

1952 3528 2086 3582 riam
2137 3527 2373 3595 Domini,
2434 3532 2584 3602 quasi
2624 3549 2814 3601 aquam
2865 3535 2935 3588 ad
2982 3537 3317 3606 aperiendum
3365 3542 3556 3597 maria.

1953 3620 2097 3677 Nulli
2143 3623 2365 3677 dubium
2410 3634 2495 3679 est
2542 3626 2672 3697 quin
2700 3627 2855 3696 juxta
2887 3627 3125 3685 litteram
3157 3631 3336 3687 adhuc
3365 3643 3559 3689 contra

1951 3713 2465 3772 Nabuchodonosor
2523 3718 2776 3789 loquatur
2832 3736 3015 3776 sermo
3060 3723 3445 3794 propheticus;
3503 3735 3561 3782 et

1953 3810 2169 3879 plangat
2199 3824 2322 3864 eum
2350 3810 2492 3881 quod
2526 3812 2759 3868 aedificet
2808 3813 3144 3885 Babylonem
3195 3818 3247 3871 in
3277 3818 3558 3888 sanguini-

1951 3902 2072 3965 bus,
2105 3911 2160 3957 et
2181 3902 2541 3973 plurimorum
2572 3906 2743 3961 ruinis
2791 3922 2854 3962 ac
2882 3910 3145 3964 mortibus
3175 3910 3322 3965 illius
3351 3913 3555 3968 moenia

1949 4010 2248 4054 conSIruat.
2280 4000 2380 4068 Qui
2412 4002 2536 4073 quia
2572 4003 2673 4057 hoc
2703 4002 2894 4059 fecerit
2940 4005 3083 4072 urbi,
3128 4022 3289 4074 quam
3324 4009 3377 4062 in
3424 4024 3556 4063 san-

1947 4095 2199 4165 guinibus
2238 4106 2643 4165 construxerat,
2684 4107 2868 4168 postea
2902 4115 3025 4169 quae
3073 4114 3103 4153 a
3137 4100 3369 4156 Domino
3418 4100 3558 4158 infc-

1947 4200 2157 4258 rantur,
2194 4193 2479 4248 auscultat.
2511 4194 2769 4261 Sequitur
2788 4195 2934 4249 eriim
2965 4212 2979 4249 :
3009 4193 3282 4266 Numquid
3314 4212 3416 4249 non
3447 4197 3557 4253 haec

1946 4297 1978 4333 a
2007 4280 2229 4337 Domino
2255 4293 2376 4338 sunt
2404 4286 2756 4339 exercituum?
2784 4284 2834 4339 id
2863 4294 2965 4349 est,
2989 4301 3110 4355 qua:
3132 4286 3411 4341 dicuntur.
3441 4288 3553 4343 La-

1947 4373 2198 4429 borabunt
2228 4377 2407 4449 pepuli
2430 4379 2483 4431 in
2512 4378 2678 4432 multo
2704 4379 2843 4449 igne,
2878 4386 2925 4432 et
2953 4386 3128 4449 gentes
3151 4379 3203 4432 in
3225 4394 3472 4449 vacuum,
3496 4383 3553 4438 id

1944 4476 2047 4535 est,
2081 4469 2299 4525 incensa
2324 4470 2621 4542 Babylone,
2655 4470 2854 4524 frustra
2885 4470 3064 4539 populi
3106 4470 3453 4538 laborabunt,
3501 4484 3559 4531 et

1945 4562 2186 4617 nitentur
2229 4564 2281 4616 in
2322 4564 2584 4633 nihilum,
2660 4575 2713 4618 et
2795 4564 3042 4619 deficient
3116 4566 3301 4636 populi
3376 4570 3558 4639 gentis

240 4664 522 4721 Manichmi
555 4630 907 4723 arbitrantur.
943 4630 1010 4715 ad
1054 4630 1527 4729 comparationem
1560 4660 1836 4731 Evangelii
1867 4630 1921 4690 D
1946 4656 2269 4712 Chaldaicae.
2316 4658 2450 4723 Quia
2484 4658 2784 4728 replebitur
2834 4667 2975 4713 terra
3009 4669 3069 4714 ut
3097 4673 3394 4733 cognoscat
3437 4666 3556 4734 glo-

238 4757 457 4828 scybala
486 4761 828 4824 computetur
857 4752 1022 4824 (quod
1072 4752 1293 4824 impium
1346 4753 1666 4819 estdicere,
1718 4768 1840 4809 cum

239 4850 395 4906 unius
412 4850 504 4905 Dei
546 4858 832 4919 utrumque
858 4847 929 4901 sit
955 4845 1410 4915 Testamentum),
1442 4846 1539 4900 sed
1567 4846 1708 4916 quod
1740 4846 1840 4902 do-

240 4942 428 4997 ctrinae
488 4937 928 5002 Phariszcorum,
986 4946 1042 4992 et
1101 4946 1368 5007 przecepta
1418 4937 1727 5007 hominum,
1788 4948 1843 4993 et

243 5027 969 5108 υειιῑοτοςὶε(δευτερώσεις)
1000 5029 1310 5085 ,Ιιιάειεοιτιιιη
1361 5039 1603 5085 stercora
1653 5031 1842 5087 dican-

243 5139 327 5184 tur
368 5127 437 5182 ab
470 5126 756 5195 Apostolo.
787 5124 915 5180 Scio
945 5123 1233 5194 quemdam
1278 5124 1346 5180 de
1393 5125 1676 5190 fratribus,
1706 5126 1842 5196 lapi-

239 5223 382 5287 dem,
435 5221 523 5292 qui
563 5221 631 5275 de
673 5220 880 5291 pariete
908 5218 1251 5285 clamaverit,
1286 5220 1625 5275 intellexisse
1656 5221 1841 5276 Domi-

240 5332 366 5371 num
397 5315 756 5382 Salvatorem,
790 5322 844 5368 et
867 5313 1199 5369 scarabzeum
1231 5313 1300 5369 de
1328 5315 1474 5385 ligno
1504 5316 1835 5385 loquentem,

238 5413 500 5465 latronem
524 5409 614 5480 qui
649 5409 937 5464 Dominum
979 5408 1442 5478 blaSphemaverit
1475 5428 1486 5463 :
1540 5412 1683 5480 quod
1713 5412 1839 5467 licet

239 5507 323 5576 pie
349 5507 521 5575 possit
561 5503 828 5573 intelligi:
881 5511 1060 5557 tamen
1114 5503 1391 5573 quomodo
1420 5517 1543 5557 eum
1582 5505 1839 5560 universo

239 5597 540 5671 prophetia!
571 5604 827 5651 contextu
855 5595 1027 5665 possit
1056 5596 1250 5666 aptari,
1281 5612 1387 5649 non
1426 5596 1665 5651 invenio.
1700 5596 1841 5651 Sunt

239 5691 482 5750 nonnulli
514 5691 603 5761 qui
638 5698 829 5760 putent
858 5691 1182 5746 cantharum
1222 5691 1293 5746 de
1319 5690 1465 5757 ligno
1497 5693 1834 5763 loquentem,

238 5799 293 5846 et
317 5787 386 5844 ad
415 5785 717 5843 Salvatoris
749 5800 1043 5857 personam
1072 5785 1263 5843 referri
1315 5803 1493 5857 posse,
1545 5787 1689 5859 quod
1740 5788 1838 5843 im-

239 5885 385 5957 pium
414 5896 537 5939 esse
564 5896 628 5937 ex
659 5879 852 5937 ordine
882 5881 1004 5953 ipso
1030 5884 1306 5938 sermonis
1334 5895 1581 5955 apparet.
1612 5883 1839 5939 Cantha-

1945 4751 2081 4806 riam
2128 4751 2361 4818 Domini,
2406 4753 2456 4807 id
2506 4762 2612 4819 est,
2659 4768 2782 4807 cum
2832 4753 3074 4825 Babylon
3134 4758 3293 4813 fuerit
3337 4774 3552 4826 eversa,

1946 4845 2232 4901 manifesta
2267 4847 2357 4901 fiet
2386 4847 2642 4901 omnibus
2690 4849 2927 4917 potentia
2976 4849 3196 4906 virtutis
3238 4852 3353 4921 Dei,
3398 4856 3554 4923 quasi

1944 4956 2099 5011 aqua:
2128 4941 2445 5009 Operientes
2473 4956 2623 4997 mare
2658 4958 2670 4994 :
2703 4941 2783 4996 sic
2810 4942 3227 5012 gloriaDomini
3262 4957 3402 5000 terra
3428 4945 3552 5000 uni-

1944 5049 2101 5089 versa
2130 5034 2514 5105 complebitur,
2560 5036 2699 5091 sicut
2746 5051 2900 5107 aqua:
2948 5038 3167 5093 alveum
3223 5049 3278 5093 et
3324 5038 3554 5097 fundum

1944 5137 2233 5198 contegunt
2265 5129 2451 5184 maris.
2482 5127 2608 5184 Haac
2628 5130 3127 5200 utdiximus,juxta
3152 5132 3552 5189 litteram.Cae-

1945 5232 2117 5277 ternm
2150 5223 2625 5293 persnicuumest,
2673 5225 2816 5294 quod
2865 5236 2922 5280 et
2969 5225 3239 5291 diabolus,
3288 5238 3343 5282 et
3393 5226 3553 5284 Anti-

1943 5317 2205 5382 christus,
2235 5325 2289 5371 et
2316 5316 2697 5373 haereticorum
2728 5334 2980 5386 perversa
3010 5319 3253 5375 doctrina
3277 5320 3554 5379 aedificent

1942 5411 2216 5465 civitatem
2249 5410 2301 5464 in
2339 5411 2721 5480 sanguinihus,
2754 5411 2804 5465 id
2836 5421 2940 5478 est,
2983 5410 3281 5467 Ecclesium
3313 5429 3468 5469 suam
3490 5415 3549 5471 in

1942 5521 2129 5561 eorum
2169 5519 2305 5576 quos
2332 5505 2687 5575 deceperunt,
2728 5506 2970 5576 interitu,
3006 5515 3061 5562 et
3101 5516 3411 5579 prmparent
3449 5525 3546 5565 ur-

1944 5602 2065 5658 bem
2098 5602 2150 5656 in
2176 5600 2571 5671 iniquitatibus,
2603 5602 2886 5671 loquentes
2913 5612 3099 5657 contra
3143 5602 3316 5659 Deum
3351 5605 3550 5676 iniqui-

1944 5705 2133 5763 tatem,
2162 5706 2216 5752 et
2247 5705 2516 5767 ponentes
2563 5696 2615 5749 in
2646 5695 2866 5751 excelso
2896 5711 2958 5751 os
3006 5713 3184 5753 suum.
3227 5697 3378 5767 Quod
3423 5714 3547 5756 cum

1942 5790 2197 5856 fecerint,
2258 5788 2544 5844 manifeste
2606 5787 2961 5854 ostenditur,
3019 5790 3141 5860 quia
3215 5806 3280 5847 ex
3350 5799 3553 5848 semet-

1942 5885 2075 5957 ipsis
2121 5884 2391 5940 aediticent
2451 5881 2723 5937 civitatem
2776 5883 2830 5937 in
2878 5884 3254 5955 sanguinibus,
3307 5894 3363 5942 et
3415 5894 3558 5958 prte-
