4050 6342
278 253 414 314 15111

1097 255 1756 324 COMMENTARIORUM
1795 263 1863 330 ΙΝ
1901 263 2176 332 ΑΒΛΟΙΙΟ
2215 269 2346 330 LIB.
2389 271 2432 330 Ι.
2475 271 2630 332 CAP.
2673 273 2740 334 ll.

3447 285 3589 350 15οΞ

273 378 360 428 tus
387 377 458 430 est
487 369 772 468 ignominia
799 387 892 444 pro
919 371 1108 448 gloria,
1139 383 1198 432 ut
1223 375 1580 438 subaudiatur
1627 377 1870 456 amicus,
1903 383 1948 450 Α
1981 387 2128 452 ptum
2153 391 2234 438 est
2253 399 2370 444 ston
2389 385 2636 460 tutntur),
2657 389 2710 444 id
2727 399 2834 460 est,
2851 393 3114 450 turbidam
3127 401 3290 468 atque
3311 411 3588 460 caenosam:

274 471 330 518 ci
359 464 664 538 proximus,
699 465 814 522 sive
845 479 1074 526 consors
1105 469 1278 538 regni,
1314 468 1404 542 qui
1431 479 1608 536 tuum,
1639 487 1669 524 ο
1697 469 1877 530 Nabu-

273 555 640 622 chodonosor,
669 557 898 618 calicem
929 560 1086 618 bibit.
1113 559 1268 620 Unde
1294 563 1420 634 quia
1454 563 1734 626 inebriasti
1759 565 1876 634 plu-

271 649 464 716 rimos,
490 659 544 710 tu
567 665 782 724 quoque
801 653 930 710 bibe
950 654 1018 710 de
1045 655 1212 720 calice
1237 657 1448 712 Domini
1475 667 1528 716 et
1553 657 1873 730 consepire:

271 743 697 802 circumdaheris
746 747 1030 818 suppliciis
1077 747 1316 806 dextera:
1369 749 1604 818 Domini,
1650 761 1705 816 et
1749 767 1874 816 eum

271 835 564 906 ignominia
591 839 824 900 vomitus
854 839 932 896 tui
959 841 1140 896 omnia
1173 857 1296 912 qua:
1325 841 1708 914 absorbneras,
1743 860 1873 918 ege-

271 945 382 996 res,
413 943 466 986 et
493 931 559 988 de
589 933 804 994 sublimi
836 933 1002 1004 gloria
1035 935 1100 992 ad
1147 935 1336 992 ultima
1377 937 1664 994 deduceris
1709 939 1874 996 mala.

273 1023 408 1090 Quia
433 1023 684 1100 iniquitas
709 1025 896 1082 Libani
921 1030 1116 1098 aperiet
1146 1037 1227 1096 te;
1257 1031 1532 1102 superbia,
1561 1031 1754 1106 inquit,
1785 1041 1874 1092 tua

267 1125 326 1174 et
369 1119 582 1174 eversio
627 1121 830 1192 templi,
879 1133 930 1182 et
960 1123 1147 1196 rapina
1175 1124 1470 1188 sanctuarii
1505 1135 1554 1182 te
1583 1125 1876 1198 depopula~

269 1213 416 1270 bitur
467 1223 630 1294 atque
677 1218 926 1276 vastabit.
985 1217 1050 1274 Et
1095 1220 1219 1290 quia
1277 1220 1446 1276 semel
1503 1221 1877 1282 nominaverat

270 1315 510 1374 montem
545 1307 832 1378 Libanum,
879 1311 980 1368 sub
1025 1311 1270 1382 ejusdem
1319 1313 1676 1372 translatione
1725 1313 1876 1368 victi-

269 1415 410 1468 mas,
441 1410 494 1456 et
523 1400 812 1468 sacrificia,
845 1403 930 1458 vel
983 1413 1130 1460 certe
1184 1403 1588 1466 multitudinem
1640 1407 1876 1484 populo-

271 1507 412 1558 rum,
459 1509 580 1566 quae
631 1493 908 1560 interiecta
966 1505 1048 1554 est
1093 1497 1146 1552 in
1185 1495 1512 1566 Jerusalem,
1547 1499 1874 1560 animalibus

275 1588 360 1640 vel
393 1586 580 1644 bestiis
609 1597 913 1659 comparat,
942 1591 1166 1648 dicens:
1203 1591 1270 1646 Et
1308 1593 1518 1648 vastitas
1565 1593 1872 1650 animalium

269 1679 523 1752 apprime:
552 1687 618 1734 te.
650 1681 766 1744 Hoc
801 1693 982 1750 autem
1029 1700 1190 1746 omne
1221 1685 1470 1756 patieris,
1501 1687 1622 1758 quia
1653 1691 1874 1746 vastasti

1981 477 2226 548 quamvis
2245 478 2388 534 enim
2407 478 2474 536 de
2497 483 2748 554 paradiso
2767 485 3172 558 Scripturarum
3191 489 3412 558 ﬂumina
3429 491 3589 564 diu.

1979 569 2054 640 pti
2077 571 2224 628 exire
2250 572 2538 630 credantur
2561 593 2576 630 :
2603 583 2780 646 tamen
2803 579 2924 652 quia
2953 581 3340 644 conculcantur
3359 583 3586 654 pedibus

1979 662 2296 736 Pharaonis,
2331 667 2682 738 perdiderunt
2711 673 3052 744 splendorem
3081 695 3262 748 suum,
3295 689 3350 736 et
3379 681 3582 738 violata

1977 756 2092 812 luto
2119 757 2394 836 Egyptio,
2426 777 2580 822 versa
2603 772 2728 830 sunt
2759 765 2810 820 in
2833 773 3125 838 torrentes,
3151 771 3221 828 de
3241 773 3436 842 quibus
3455 789 3584 832 san-

1977 859 2095 908 ctus
2115 853 2256 922 quod
2279 855 2535 922 evaserit,
2561 857 2863 926 gratulatur
2883 861 3101 920 dicens:
3139 863 3442 930 Torrentem
3461 883 3580 938 per-

1979 946 2398 1002 transivitanima
2413 957 2588 1006 nostra
2603 949 2720 1024 (Ps.
2741 968 2928 1022 curn,
2947 956 3024 1026 5).
3045 956 3196 1024 Quod
3217 961 3262 1014 si
3279 962 3402 1030 quis
3420 975 3592 1034 oppo-

1977 1037 2148 1094 suerit
2176 1047 2472 1096 torrentem
2501 1041 2722 1112 Corath,
2748 1045 2816 1100 de
2841 1061 2952 1118 quo
2979 1047 3118 1106 bibit
3149 1049 3292 1108 Elias
3325 1051 3426 1124 (ΙΙΙ
3453 1052 3582 1128 Reg.

1981 1128 2103 1200 i7):
2137 1139 2188 1186 et
2217 1139 2512 1190 torrentem
2541 1135 2726 1204 alium,
2755 1137 2824 1198 de
2849 1155 2954 1214 quo
2979 1141 3238 1200 Dominus
3263 1145 3398 1202 bibit
3419 1145 3472 1202 in
3499 1149 3586 1212 via

1979 1223 2088 1294 (ita
2117 1225 2258 1278 enim
2295 1229 2554 1298 scriptum
2583 1241 2702 1290 est:
2735 1230 2814 1286 De
2843 1242 3068 1294 torrente
3098 1237 3150 1290 in
3183 1237 3263 1292 ria
3291 1239 3422 1298 bibet
3447 1239 3469 1310 [
3491 1239 3585 1296 Ps.

1979 1331 2090 1382 ent,
2119 1317 2224 1390 7]),
2255 1319 2358 1376 hoc
2379 1321 2690 1392 dicendum,
2713 1323 2839 1396 quia
2880 1327 3208 1400 quicumque
3254 1329 3308 1384 in
3353 1329 3592 1404 Egypto

1981 1409 2164 1482 fuerit,
2181 1421 2236 1468 et
2251 1413 2302 1468 in
2325 1414 2406 1468 via
2425 1413 2582 1486 hujus
2601 1417 2810 1488 saeculi,
2827 1421 3072 1490 quamvis
3089 1420 3592 1496 MoysesetAaron,

1979 1506 2228 1576 quamvis
2257 1507 2872 1586 6251eremiassitet
2917 1513 3084 1582 Elias,
3129 1525 3312 1572 tamen
3359 1499 3588 1576 necesse

1979 1607 2058 1652 est
2075 1613 2194 1652 eum
2211 1599 2278 1656 de
2293 1601 2680 1660 tentationibus
2699 1603 2920 1676 Egypti
2963 1615 3020 1662 et
3043 1605 3356 1662 solitudinis
3377 1606 3590 1678 bibere,

1979 1691 2122 1748 unde
2145 1703 2200 1748 et
2227 1693 2438 1750 Domini
2463 1709 2646 1750 sermo
2675 1697 2766 1766 qui
2797 1697 2867 1752 ob
2891 1697 2996 1754 hoc
3025 1712 3248 1758 carnem
3277 1713 3596 1770 assumpse-

267 1773 486 1844 Jndam,
517 1776 830 1834 subvertisti
861 1787 1064 1836 terram
1097 1781 1562 1854 repromissionis,
1595 1793 1654 1840 et
1683 1783 1874 1840 civita-
1903 1789 1950 1856 Β
1979 1795 2083 1854 rat,
2119 1795 2174 1846 ut
2203 1787 2418 1844 biberet
2447 1787 2514 1844 de
2547 1799 2808 1858 torrente,
2835 1793 3194 1852 considerans
3243 1793 3592 1864 majestatem

269 1877 376 1928 tem
417 1867 722 1926 Jerusalem
767 1887 1064 1944 omnesque
1107 1873 1442 1930 habitatores
1487 1875 1626 1948 ejus.
1667 1887 1692 1912 ⁸
1717 1877 1876 1936 Adivi

267 1959 456 2016 Liddae
481 1961 769 2034 quemdam
798 1963 866 2018 de
895 1963 1160 2034 Hebraeis,
1197 1967 1284 2036 qui
1317 1967 1534 2038 sapiens
1561 1969 1700 2038 apud
1728 1969 1872 2038 illos,

265 2065 322 2112 et
351 2055 667 2130 δευτερῶτης
693 2059 1014 2126 Vocabatur,
1049 2069 1360 2124 narrantem
1393 2063 1766 2136 hujuscemodi
1799 2064 1876 2120 la-

267 2151 450 2204 bulam
485 2151 801 2222 :Sedecias,
852 2153 1064 2226 inquit,
1113 2169 1142 2208 a
1195 2153 1700 2214 Nabuchodonosor
1745 2173 1874 2230 rege

263 2251 502 2298 eaicatus
532 2243 586 2298 in
619 2243 902 2314 Reblatha,
937 2247 1038 2300 hoc
1083 2255 1186 2312 est,
1219 2247 1544 2314 Antiochiae,
1595 2249 1874 2322 variisque

265 2339 461 2394 irrisus
507 2339 704 2406 modis,
755 2339 950 2394 ductus
1001 2349 1085 2396 est
1113 2340 1444 2412 Babylonem
1481 2341 1580 2414 (IV
1607 2341 1738 2416 Reg.
1775 2345 1870 2418 23;

261 2433 454 2486 Jerem.
485 2433 601 2504 '59).
637 2431 740 2490 Ubi
782 2449 902 2490 cum
945 2435 1182 2506 quadam
1227 2435 1318 2492 die
1367 2435 1873 2502 Nabuchodonosor

261 2527 498 2592 convivii
529 2527 666 2590 festa
698 2527 1024 2596 celebraret,
1061 2529 1230 2600 jussit
1277 2529 1328 2584 ei
1379 2529 1514 2590 dare
1565 2531 1868 2602 potionem,

261 2636 366 2694 qua
395 2623 606 2690 iratista,
641 2629 831 2686 venter
861 2622 1100 2698 potantis
1125 2625 1428 2680 solveretur
1451 2625 1504 2684 in
1537 2624 1775 2684 ﬂuxum:
1807 2641 1870 2686 ac

263 2715 444 2770 subito
479 2717 846 2784 introductum
893 2727 1021 2774 ante
1065 2733 1158 2772 ora
1207 2719 1570 2790 epulantium,
1621 2719 1869 2792 compul-

267 2823 494 2881 sumque
539 2809 591 2864 vi
637 2809 844 2866 ventris
891 2809 1154 2882 pollutum
1184 2825 1307 2870 esse
1333 2809 1498 2884 62η
1523 2821 1784 2878 stercore,
1817 2820 1872 2870 et

263 2904 368 2960 hoc
393 2919 513 2960 esse
544 2903 686 2976 quod
717 2918 860 2958 nunc
893 2903 980 2960 hic
1011 2903 1286 2974 Scriptura
1318 2905 1465 2964 dicat
1491 2923 1503 2958 :
1543 2905 1636 2960 Va:
1655 2907 1744 2976 qui
1771 2923 1868 2978 p0-

261 3005 370 3050 tum
399 2996 487 3050 dat
509 2995 676 3050 amico
706 3013 822 3066 suo,
855 2997 1056 3050 mittens
1097 2997 1168 3070 fel
1209 3015 1359 3052 suum
1407 3007 1452 3052 et
1483 2999 1760 3066 inebrians,
1813 3009 1868 3054 ut

261 3089 476 3162 aspiciat
525 3089 810 3144 nuditatem
857 3093 990 3162 ejus,
1041 3098 1086 3144 et
1137 3091 1474 3162 ignominiam
1521 3107 1614 3162 pro
1653 3090 1866 3164 gloria:

1981 1893 2134 1934 suam
2159 1879 2324 1938 dixit:
2351 1879 2536 1948 Pater,
2562 1883 2608 1938 si
2629 1883 2876 1956 possibile
2895 1895 2992 1954 est,
3021 1895 3248 1944 transeat
3267 1889 3408 1944 calix
3427 1889 3526 1944 istc
3559 1905 3592 1948 α

1983 1989 2060 2028 me
2083 1973 2244 2046 (Mat.
2269 1991 2417 2048 xxvi,
2437 1973 2554 2048 59).
2579 1977 2820 2040 Rursum
2839 1979 3030 2036 videns
3049 1995 3110 2036 se
3125 1981 3312 2038 essein
3331 1981 3592 2056 Egypto,

1979 2073 2030 2122 et
2063 2081 2229 2138 aquas
2259 2083 2364 2122 non
2399 2083 2558 2138 posse
2589 2069 2866 2144 mundari,
2899 2072 3002 2128 nisi
3025 2073 3142 2144 ipse
3173 2081 3442 2148 putasset,
3469 2075 3548 2130 ait
3575 2091 3590 2128 :

1989 2159 2356 2218 Verumtamen
2389 2179 2494 2218 non
2523 2163 2658 2222 sicut
2683 2181 2778 2238 ego
2811 2167 2948 2234 volo,
2974 2167 3064 2222 sed
3094 2169 3228 2224 sicut
3249 2175 3306 2222 tu
3335 2169 3430 2230 vis,
3462 2169 3594 2228 Haec

1981 2263 2294 2324 propterea,
2319 2245 2444 2330 quia
2485 2256 2736 2322 diabolus
2763 2259 3132 2322 subversione
3160 2269 3216 2316 et
3247 2261 3446 2332 poculo
3481 2273 3596 2318 tur-

1979 2347 2106 2404 bido
2147 2363 2213 2404 ae
2227 2351 2499 2420 perversis
2522 2352 2828 2424 quibusque
2851 2353 3120 2414 doctrinis
3142 2355 3382 2418 inebriet
3403 2359 3590 2428 proxi-

1977 2457 2118 2510 mos,
2151 2443 2200 2498 id
2233 2455 2340 2512 est,
2371 2445 2642 2510 rationale
2668 2447 2896 2514 animal,
2925 2455 2980 2504 et
3007 2449 3168 2514 faciat
3191 2465 3286 2510 eos
3325 2466 3461 2522 quos
3491 2451 3588 2508 de-

1975 2535 2204 2604 ceperit,
2235 2537 2515 2610 respicere
2549 2538 2614 2598 ad
2645 2539 2939 2612 speluncas
2971 2555 3118 2596 suas.
3149 2541 3410 2604 Ecclesiae
3438 2545 3586 2610 enim

1976 2625 2228 2698 dogmata
2255 2629 2425 2686 libera
2455 2639 2583 2694 sunt
2609 2649 2621 2688 :
2649 2631 2740 2688 die
2767 2637 3123 2702 gratulantur
3143 2642 3200 2690 et
3223 2633 3452 2696 lumine.
3489 2635 3592 2710 Qui

1975 2731 2148 2776 autem
2179 2723 2523 2792 inebriantur,
2559 2734 2708 2780 nocte
2738 2725 3062 2782 inebriantur
3091 2727 3144 2800 (l‘
3167 2725 3356 2788 Thess.
3401 2744 3455 2796 ν,
3483 2729 3540 2800 7)
3573 2747 3587 2784 ;

1973 2823 2030 2870 et
2058 2815 2148 2884 qui
2181 2831 2274 2871 eos
2309 2817 2600 2884 inebriant,
2647 2831 2756 2876 non
2783 2817 2992 2876 ducunt
3035 2820 3090 2874 in
3137 2819 3278 2876 atria
3329 2821 3546 2882 Domini
3573 2863 3588 2892 ,

1973 2923 2096 2980 qum
2125 2908 2271 2962 nulla
2326 2917 2596 2966 tectorum
2638 2923 2962 2984 premuntur
2991 2913 3204 2982 umbra,
3237 2913 3334 2972 sed
3367 2915 3420 2970 in
3465 2929 3592 2990 Spe-

1973 3003 2182 3058 tuncas.
2213 3003 2488 3060 Fecerunt
2512 3005 2660 3060 enim
2683 3006 2904 3062 domum
2935 3005 3112 3062 Patris
3139 3023 3260 3078 quae
3287 3005 3462 3062 fuerat
3489 3008 3588 3064 do-

1975 3111 2091 3150 mus
2115 3097 2400 3164 orationis,
2427 3097 2718 3170 speluncas
2749 3097 3028 3154 latronum
3057 3099 3274 3172 (Matth.
3305 3099 3442 3172 xxi),
3469 3100 3588 3170 pol-

261 3181 404 3256 quod
428 3181 636 3238 scilicet
665 3181 758 3236 ille
787 3183 876 3254 qui
909 3197 1004 3238 rex
1029 3181 1438 3252 potentissimus
1461 3181 1638 3238 fuerat
1665 3183 1730 3238 ad
1763 3183 1869 3242 tale
1896 3177 1940 3240 C
1975 3189 2204 3246 licentes
2237 3191 2572 3250 initiationes
2609 3191 2868 3260 quasdam
2899 3199 2955 3248 et
2987 3191 3273 3266 mysteria,
3307 3203 3362 3248 et
3397 3207 3588 3258 recon-

261 3275 501 3330 dedecus
533 3291 630 3346 per
657 3291 778 3336 eum
809 3275 874 3328 sit
909 3275 1196 3338 deductus.
1227 3275 1382 3330 Unde
1415 3283 1470 3330 et
1497 3277 1867 3340 comminatur

263 3371 310 3426 ei
341 3369 482 3424 Deus
505 3369 646 3450 quod
671 3379 720 3434 et
753 3369 868 3438 ipse
893 3369 1160 3426 bibiturus
1185 3370 1254 3424 sit
1283 3369 1658 3438 hujuscemodi
1693 3369 1868 3442 potio-

263 3479 406 3532 nem,
442 3475 496 3520 et
525 3479 782 3536 passurus
811 3465 1012 3528 omnia,
1063 3481 1182 3532 qua:
1227 3479 1418 3536 passus
1463 3473 1546 3520 est
1585 3465 1863 3528 Sedeeias.

263 3557 374 3612 lloc
405 3573 562 3628 quam
591 3557 876 3614 ridiculum
908 3559 1000 3624 sit,
1037 3573 1122 3614 me
1167 3565 1398 3622 tacente,
1430 3558 1775 3628 cognoscitis.
1809 3557 1864 3626 Si

261 3653 404 3714 enim
449 3651 592 3724 quod
621 3651 894 3722 sequitur:
929 3649 1054 3704 Bibe
1083 3659 1137 3702 tu
1165 3667 1388 3722 quoque,
1421 3659 1468 3704 et
1497 3651 1790 3728 consepire,
1817 3659 1864 3702 et

261 3747 594 3802 circumdabit
633 3754 682 3808 te
708 3745 848 3800 calin:
873 3747 1098 3800 dea'tera’
1129 3743 1362 3810 Domini,
1393 3753 1442 3800 et
1465 3747 1682 3800 romitus
1711 3746 1864 3816 igno-

261 3841 435 3896 minia:
459 3857 612 3914 super
639 3841 856 3914 gloriam
891 3849 1052 3900 luant,
1089 3855 1195 3894 non
1227 3838 1294 3892 de
1325 3839 1494 3894 calice
1531 3837 1864 3914 intelligunt,

259 3933 354 3990 sed
383 3933 452 3988 de
479 3933 658 4000 malis,
701 3947 819 4004 qua:
877 3931 1148 3986 bibiturus
1191 3939 1276 3986 est
1319 3929 1862 3986 NabuchodonOsor:

260 4039 390 4096 ergo
421 4035 474 4080 et
499 4023 590 4080 ille
621 4023 758 4079 calix
789 4039 896 4094 quo
923 4023 1166 4080 Sedecim
1197 4025 1542 4096 propinatum
1579 4031 1680 4088 est,
1725 4023 1864 4078 mala

260 4129 386 4176 sunt
413 4121 788 4192 intelligenda,
821 4135 950 4188 non,
983 4129 1043 4176 ut
1083 4119 1160 4174 illi
1189 4119 1400 4186 volunt,
1420 4117 1740 4198 καθαρτικὸν.
1771 4117 1865 4174 Sin

260 4223 438 4270 autem
484 4214 672 4270 dicunt
717 4229 842 4268 vere
883 4213 1108 4282 factum,
1140 4223 1192 4268 et;
1226 4221 1580 4282 temperatam
1613 4211 1866 4282 hujusce-

263 4309 404 4364 modi
450 4309 750 4378 potionem,
779 4319 835 4364 ut
861 4323 1022 4380 supra
1056 4309 1216 4364 retuli
1247 4327 1258 4362 :
1293 4325 1424 4378 ergo
1465 4319 1520 4362 et
1569 4307 1706 4362 calix
1763 4309 1865 4364 iste

259 4416 415 4472 quem
445 4401 714 4456 bibiturus
737 4411 818 4454 est
843 4401 1366 4482 Nabuchodonosor,
1399 4403 1683 4478 καθαρτικῷ
1715 4401 1861 4456 msti-

261 4495 492 4558 maudus
539 4505 622 4556 est
656 4495 882 4564 plenus,
935 4505 992 4550 ut
1041 4497 1180 4560 Deus
1227 4497 1452 4552 Sabaoth
1499 4507 1552 4550 et
1605 4497 1864 4554 Dominus

1969 3283 2079 3338 dita
2112 3283 2396 3360 Solnmque
2425 3283 2695 3348 haereticis
2725 3273 2856 3344 nota
2889 3293 3124 3352 secreta,
3157 3286 3224 3344 de
3253 3285 3450 3358 quibus
3497 3285 3582 3342 lo.-

1969 3377 2154 3444 qnitnr
2179 3385 2232 3430 et
2259 3373 2427 3430 Isaias
2457 3393 2468 3428 :
2505 3375 2574 3428 Et
2595 3376 2900 3448 manufacta
2929 3377 3104 3430 omnia
3134 3376 3470 3446 abscondent,
3503 3377 3586 3434 in-

1969 3469 2190 3536 ferentes
2217 3469 2268 3522 in
2297 3469 2572 3540 speluncas
2622 3479 2672 3524 et
2701 3471 2754 3526 in
2795 3471 3050 3526 seissuras
3081 3480 3346 3546 petrarum
3371 3481 3415 3524 et
3441 3471 3584 3542 fora.-

1971 3563 2110 3616 mina
2139 3571 2290 3618 terra:
2315 3559 2474 3628 (Isai.
2511 3577 2568 3630 ιι,
2607 3563 2692 3630 18,
2729 3561 2839 3634 19).
2895 3563 3014 3618 Non
3049 3563 3422 3636 ingrediantur
3450 3579 3580 3640 ergo

1971 3656 2020 3708 in
2049 3655 2339 3724 speluncas
2365 3655 2780 3722 haereticorum,
2813 3671 2913 3712 nec
2933 3655 3336 3712 abscondantur
3367 3657 3462 3726 ibi,
3491 3657 3587 3724 ubi

1971 3751 2168 3818 impius
2215 3747 2348 3804 Saul
2385 3757 2632 3804 stercora
2663 3748 3038 3804 doctrinarum
3083 3765 3306 3806 suarum
3359 3765 3584 3822 egerere

1969 3843 2254 3898 consuevit
2287 3841 2328 3914 (l
2367 3841 2494 3916 Reg.
2531 3843 2682 3916 xxiv)
2717 3859 2730 3896 :
2779 3842 2872 3898 sed
2905 3843 3078 3912 magis
3121 3843 3484 3898 ascendamus
3511 3841 3580 3910 ad

1969 3937 2282 4006 Speluncam
2315 3937 2586 3992 excvlsam
2621 3937 2820 3991 montis
2855 3935 3004 4004 Sina,
3039 3937 3128 3992 ubi
3161 3949 3214 3992 et
3256 3937 3401 4002 Elius
3445 3937 3584 4006 vidit

1969 4029 2257 4086 Dominum
2299 4029 2344 4098 (l
2395 4029 2525 4102 Reg.
2575 4029 2714 4110 xui),
2749 4041 2804 4084 et
2845 4031 3064 4102 Moyses
3113 4031 3420 4102 posteriora
3461 4031 3582 4106 ejus

1969 4135 2094 4178 ante
2127 4121 2410 4196 conspexit
2441 4121 2643 4186 (Exod.
2687 4123 2904 4194 xxxtn).
2939 4123 3002 4176 Et
3039 4121 3204 4176 lsaias
3234 4123 3302 4178 de
3345 4123 3578 4178 Domino

1969 4218 2298 4272 clamitans:
2345 4215 2450 4270 Hic
2498 4217 2772 4286 habitabit,
2825 4217 2940 4288 ait,
2987 4219 3042 4269 in
3091 4215 3338 4286 spelunca
3379 4215 3581 4272 excelsa

1968 4309 2127 4380 (Isai.
2167 4325 2336 4376 xxxn,
2371 4307 2488 4380 16).
2521 4309 2576 4362 Si
2621 4307 2746 4380 quis
2777 4317 2956 4364 autem
2987 4325 3099 4364 non
3128 4309 3293 4364 habet
3321 4309 3578 4386 poculum

1969 4405 2246 4468 turbidum
2279 4413 2332 4458 et
2363 4403 2668 4464 doctrinam
2701 4403 3042 4468 hmreticam,
3090 4415 3142 4468 et
3173 4403 3436 4474 magister
3477 4405 3576 4460 Ec-

1969 4501 2150 4562 clesia:
2175 4509 2278 4568 est,
2304 4509 2360 4558 et
2387 4501 2569 4564 omnia
2597 4499 2724 4554 facit
2753 4499 2932 4568 turpis
2963 4497 3103 4552 lucri
3131 4497 3326 4570 gratia,
3361 4507 3416 4552 et
3447 4513 3574 4554 ven-

259 4589 605 4658 onmipotens
661 4603 758 4660 pro
806 4587 1040 4642 vindicta
1101 4603 1290 4660 magna
1355 4587 1864 4646 Nabuchodonosor
1899 4581 1944 4640 Ι)
1972 4595 2050 4649 dit
2083 4593 2364 4650 columbas
2395 4593 2448 4648 in
2484 4592 2706 4662 templo,
2751 4591 2854 4656 hoc
2881 4601 2964 4646 est
3003 4589 3142 4658 dona
3185 4589 3362 4654 sancti
3399 4591 3574 4668 Spiri-

259 4681 848 4754 ριτορίηθικαθαρτικὸν,
874 4687 928 4736 et
943 4678 1106 4734 faciat
1132 4695 1254 4744 enim
1279 4693 1378 4734 suo
1399 4689 1644 4736 stercore
1669 4681 1858 4750 pollui.

263 4773 374 4828 Hoc
395 4771 654 4838 adversus
678 4771 954 4828 Judaicam
983 4771 1348 4828 traditionem.
1367 4771 1658 4838 Veniamus
1679 4783 1860 4828 autem

259 4869 326 4924 ad
357 4867 766 4938 intelligentiam
799 4865 1158 4946 spiritualem.
1185 4865 1276 4920 Vat
1307 4865 1424 4934 tibi,
1467 4865 1701 4936 diabole,
1747 4867 1864 4924 sive

263 4963 614 5032 Antichriste,
641 4965 728 5022 vel
761 4963 1138 5032 hiereticorum
1169 4965 1362 5036 (togata
1401 4979 1738 5034 perversum,
1773 4965 1862 5036 qui

261 5057 524 5128 doctrinis
555 5057 660 5112 tuis
687 5067 742 5124 et
773 5059 996 5128 potione
1049 5057 1258 5120 turbida
1307 5057 1542 5112 inebrins
1587 5057 1706 5130 (Al.
1749 5059 1862 5124 ine-

259 5149 444 5206 brians
473 5159 520 5204 et
549 5152 870 5206 subvertens
901 5157 948 5204 et
977 5147 1104 5220 das]
1141 5149 1366 5220 pepulos
1391 5151 1771 5222 deceptorum,
1811 5159 1867 5206 et

261 5245 530 5300 subvenis
553 5245 790 5316 priorem
821 5243 1006 5310 ﬁdem,
1040 5245 1175 5312 dans
1203 5245 1282 5298 eis
1306 5245 1604 5312 potionem,
1641 5255 1753 5300 non
1795 5245 1864 5300 de

259 5339 426 5404 Siloa,
469 5352 576 5394 non
625 5337 693 5404 de
733 5337 996 5408 Jordane,
1027 5353 1134 5404 non
1167 5337 1232 5392 de
1261 5337 1500 5402 fontibus
1544 5337 1730 5408 lsrtel,
1767 5337 1862 5395 sed

261 5431 328 5488 de
377 5441 618 5490 torrente
665 5431 904 5496 Cedron,
939 5440 994 5486 cl
1025 5431 1092 5486 de
1133 5429 1358 5496 ﬂtttnine
1385 5431 1626 5504 Angpti,
1658 5431 1724 5488 dc
1753 5429 1888 5504 quoi

259 5525 524 5581 Jereurias
567 5525 740 5580 dicit:
791 5523 928 5590 Quid
977 5523 1070 5576 tibi
1108 5531 1156 5577 et
1205 5525 1298 5576 ria:
1341 5523 1583 5596 .Jfgypti,
1626 5535 1680 5578 ut
1719 5523 1862 5579 bibas

259 5637 447 5692 aquam
473 5617 618 5675 Gean
647 5617 952 5692 (1ινθηι.ιι,
987 5615 1116 5690 £8)?
1145 5633 1244 5690 pro
1275 5635 1380 5689 quo
1405 5619 1458 5672 in
1485 5619 1714 5674 licbrteo
1735 5621 1864 5676 scri-

337 5813 360 5840 ίι
395 5801 584 5876 Regia.
611 5819 662 5864 tu
746 5819 870 5862 cum
903 5805 1168 5878 Victoria,
1199 5805 1388 5868 Audivi
1415 5807 1624 5880 Liddw,
1651 5817 1758 5868 etc.

1969 4697 2084 4750 tus,
2113 4695 2168 4742 et
2191 4687 2244 4740 iu
2283 4685 2544 4752 cathedra
2585 4682 2912 4750 sacerdotali
2939 4683 3138 4738 liberas
3163 4683 3394 4752 sull'ocat
3417 4699 3568 4754 aves,

1965 4779 2070 4834 istc
2101 4793 2208 4834 non
2243 4775 2372 4832 facit
2419 4775 2639 4846 quidem
2681 4773 2904 4834 domum
2951 4773 3218 4830 orationis
3253 4775 3570 4848 speluncam

1965 4873 2274 4944 latronum,
2314 4871 2408 4928 sed
2433 4869 2566 4926 facit
2601 4871 2824 4932 dntnum
2849 4869 3032 4924 Patris
3064 4869 3286 4926 domum
3321 4869 3572 4950 negoria.

1967 4967 2154 5022 tionis.
2205 4968 2334 5022 Post
2383 4967 2498 5024 lucc
2545 4966 2838 5036 sequitur:
2883 4965 3228 5020 Saturitatem
3271 4966 3570 5038 ignominia:

1969 5076 2060 5128 pro
2091 5059 2264 5128 gloria
2293 5057 2404 5114 bibe
2427 5069 2500 5124 tu,
2533 5067 2580 5112 et
2603 5073 2934 5122 commovere,
2961 5059 3012 5120 id
3045 5069 3166 5128 est,
3199 5075 3231 5112 ο
3263 5057 3504 5126 diabolo,
3537 5071 3572 5126 ρ

1967 5153 2159 5223 dogma
2183 5167 2520 5224 perversum,
2542 5167 2574 5206 ο
2599 5153 2874 5222 harretice,
2903 5152 2994 5222 qui
3019 5161 3070 5206 te
3091 5151 3320 5224 putabas
3343 5151 3570 5220 calicem

1967 5261 2090 5304 esse
2119 5261 2370 5312 aureum,
2401 5261 2510 5318 quo
2542 5245 2880 5314 inebriantur
2911 5259 3104 5300 omnes
3139 5251 3354 5330 sentes,
3397 5254 3450 5297 ut
3491 5243 3572 5304 vi:

1967 5339 2161 5410 derent
2185 5339 2474 5410 speluncas
2499 5349 2552 5408 et
2577 5347 2790 5406 secreta
2821 5346 2936 5408 tua,
2971 5353 3070 5414 pro
3089 5337 3275 5408 gloria!
3301 5337 3568 5406 magnitu-

1966 5433 2094 5500 dine
2143 5435 2356 5504 replere
2406 5435 2696 5494 saturitate
2737 5431 3068 5502 ignominia»,
3101 5441 3154 5486 et
3209 5439 3462 5510 reputare
3515 5429 3568 5484 in

1965 5541 2060 5582 vas
2089 5527 2250 5582 tictile
2279 5541 2448 5597 opera
2479 5541 2734 5580 manuum
2765 5525 2916 5594 ﬁguli
2951 5543 2962 5578 :
2989 5525 3110 5580 bibe
3141 5531 3196 5578 et
3225 5533 3278 5576 tu
3309 5523 3378 5579 de
3399 5523 3571 5578 calice

1967 5619 2228 5686 Domini,
2275 5621 2346 5676 de
2393 5635 2504 5689 quo
2549 5619 2604 5674 in
2651 5617 2864 5688 psalmo
2903 5617 3070 5688 σεο
3115 5615 3322 5673 dicitur
3363 5635 3374 5670 :
3411 5615 3566 5670 Calia‘.
