  <div class='ocr_page' id='page_1' title='image "/cluster/home/n/w/nwhite01/storage/ocr_20150623/25/hvd.32044015471394/659.png"; bbox 0 0 4028 6342; ppageno 0'>
   <div class='ocr_carea' id='block_1_1' title="bbox 520 278 661 334">
    <p class='ocr_par' dir='ltr' id='par_1_1' title="bbox 520 278 661 334">
     <span class='ocr_line' id='line_1_1' title="bbox 520 278 661 334; baseline 0 0"><span class='ocrx_word' id='word_1_1' title='bbox 520 278 661 334; x_wconf 75' lang='grc'><strong>1305</strong></span> 
     </span>
    </p>
   </div>
   <div class='ocr_carea' id='block_1_2' title="bbox 1781 270 2571 328">
    <p class='ocr_par' dir='ltr' id='par_1_2' title="bbox 1781 270 2571 328">
     <span class='ocr_line' id='line_1_2' title="bbox 1781 270 2571 328; baseline 0 -2"><span class='ocrx_word' id='word_1_2' title='bbox 1781 275 1841 326; x_wconf 79' lang='lat' dir='ltr'><strong>S.</strong></span> <span class='ocrx_word' id='word_1_3' title='bbox 1885 271 2154 328; x_wconf 79' lang='lat' dir='ltr'><strong>EUSEBII</strong></span> <span class='ocrx_word' id='word_1_4' title='bbox 2191 270 2449 328; x_wconf 74' lang='lat' dir='ltr'><strong>HIERON</strong></span> <span class='ocrx_word' id='word_1_5' title='bbox 2459 270 2571 326; x_wconf 78' lang='grc' dir='ltr'><strong>ΥΜΙ</strong></span> 
     </span>
    </p>
   </div>
   <div class='ocr_carea' id='block_1_3' title="bbox 3676 273 3795 328">
    <p class='ocr_par' dir='ltr' id='par_1_3' title="bbox 3676 273 3795 328">
     <span class='ocr_line' id='line_1_3' title="bbox 3676 273 3795 328; baseline 0 0"><span class='ocrx_word' id='word_1_6' title='bbox 3676 273 3795 328; x_wconf 70' lang='grc' dir='ltr'><strong>15οί</strong></span> 
     </span>
    </p>
   </div>
   <div class='ocr_carea' id='block_1_4' title="bbox 510 391 3794 464">
    <p class='ocr_par' dir='ltr' id='par_1_4' title="bbox 510 391 3794 464">
     <span class='ocr_line' id='line_1_4' title="bbox 510 391 3794 464; baseline -0.001 -16"><span class='ocrx_word' id='word_1_7' title='bbox 510 397 565 448; x_wconf 88' lang='lat' dir='ltr'><strong>itt</strong></span> <span class='ocrx_word' id='word_1_8' title='bbox 615 411 772 448; x_wconf 84' lang='lat' dir='ltr'><strong>mauu</strong></span> <span class='ocrx_word' id='word_1_9' title='bbox 807 392 1053 462; x_wconf 88' lang='lat' dir='ltr'><strong>Domini,</strong></span> <span class='ocrx_word' id='word_1_10' title='bbox 1099 395 1206 448; x_wconf 80' lang='lat' dir='ltr'><strong>vini</strong></span> <span class='ocrx_word' id='word_1_11' title='bbox 1255 396 1378 448; x_wconf 85' lang='lat' dir='ltr'><strong>meri</strong></span> <span class='ocrx_word' id='word_1_12' title='bbox 1423 396 1607 463; x_wconf 85' lang='lat' dir='ltr'><strong>plenus</strong></span> <span class='ocrx_word' id='word_1_13' title='bbox 1659 393 1842 459; x_wconf 75' lang='lat' dir='ltr'><strong>mixto,</strong></span> <span class='ocrx_word' id='word_1_14' title='bbox 1873 403 1916 446; x_wconf 91' lang='lat' dir='ltr'><strong>et</strong></span> <span class='ocrx_word' id='word_1_15' title='bbox 1961 391 2113 446; x_wconf 84' lang='lat' dir='ltr'><strong>incli-</strong></span> <span class='ocrx_word' id='word_1_16' title='bbox 2141 392 2362 464; x_wconf 69' lang='lat' dir='ltr'><strong>Aquod</strong></span> <span class='ocrx_word' id='word_1_17' title='bbox 2396 406 2540 447; x_wconf 91' lang='lat' dir='ltr'><strong>nunc</strong></span> <span class='ocrx_word' id='word_1_18' title='bbox 2583 392 2959 462; x_wconf 84' lang='lat' dir='ltr'><strong>exposuimus,</strong></span> <span class='ocrx_word' id='word_1_19' title='bbox 3003 392 3057 448; x_wconf 88' lang='lat' dir='ltr'><strong>id</strong></span> <span class='ocrx_word' id='word_1_20' title='bbox 3091 402 3174 449; x_wconf 88' lang='lat' dir='ltr'><strong>est</strong></span> <span class='ocrx_word' id='word_1_21' title='bbox 3220 409 3232 446; x_wconf 90' lang='lat'><strong><em>:</em></strong></span> <span class='ocrx_word' id='word_1_22' title='bbox 3276 391 3362 448; x_wconf 69' lang='lat' dir='ltr'><strong>Var</strong></span> <span class='ocrx_word' id='word_1_23' title='bbox 3388 394 3478 464; x_wconf 88' lang='lat' dir='ltr'><strong>qui</strong></span> <span class='ocrx_word' id='word_1_24' title='bbox 3516 401 3686 464; x_wconf 86' lang='lat' dir='ltr'><strong>potum</strong></span> <span class='ocrx_word' id='word_1_25' title='bbox 3721 393 3794 445; x_wconf 87' lang='lat' dir='ltr'><strong>dat</strong></span> 
     </span>
    </p>
   </div>
   <div class='ocr_carea' id='block_1_5' title="bbox 508 487 2113 556">
    <p class='ocr_par' dir='ltr' id='par_1_5' title="bbox 508 487 2113 556">
     <span class='ocr_line' id='line_1_5' title="bbox 508 487 2113 556; baseline -0.004 -12"><span class='ocrx_word' id='word_1_26' title='bbox 508 491 648 544; x_wconf 83' lang='lat' dir='ltr'><strong>navit</strong></span> <span class='ocrx_word' id='word_1_27' title='bbox 679 506 742 544; x_wconf 72' lang='lat' dir='ltr'><strong>ea:</strong></span> <span class='ocrx_word' id='word_1_28' title='bbox 767 488 864 544; x_wconf 86' lang='lat' dir='ltr'><strong>hoc</strong></span> <span class='ocrx_word' id='word_1_29' title='bbox 883 492 938 544; x_wconf 87' lang='lat' dir='ltr'><strong>in</strong></span> <span class='ocrx_word' id='word_1_30' title='bbox 963 488 1098 544; x_wconf 90' lang='lat' dir='ltr'><strong>illud</strong></span> <span class='ocrx_word' id='word_1_31' title='bbox 1122 505 1142 543; x_wconf 90' lang='lat'><strong><em>:</em></strong></span> <span class='ocrx_word' id='word_1_32' title='bbox 1163 495 1512 542; x_wconf 69' lang='lat' dir='ltr'><strong>verumtamen</strong></span> <span class='ocrx_word' id='word_1_33' title='bbox 1532 487 1633 555; x_wconf 67' lang='lat' dir='ltr'><strong>fter.</strong></span> <span class='ocrx_word' id='word_1_34' title='bbox 1653 487 1700 556; x_wconf 85' lang='lat' dir='ltr'><strong>ej</strong></span> <span class='ocrx_word' id='word_1_35' title='bbox 1708 504 1765 541; x_wconf 83' lang='lat' dir='ltr'><strong>ns</strong></span> <span class='ocrx_word' id='word_1_36' title='bbox 1788 502 1889 540; x_wconf 87' lang='lat' dir='ltr'><strong>non</strong></span> <span class='ocrx_word' id='word_1_37' title='bbox 1915 495 1986 540; x_wconf 85' lang='lat' dir='ltr'><strong>est</strong></span> <span class='ocrx_word' id='word_1_38' title='bbox 2003 487 2113 539; x_wconf 77' lang='lat' dir='ltr'><strong>exi-</strong></span> 
     </span>
    </p>
   </div>
   <div class='ocr_carea' id='block_1_6' title="bbox 509 582 2118 655">
    <p class='ocr_par' dir='ltr' id='par_1_6' title="bbox 509 582 2118 655">
     <span class='ocr_line' id='line_1_6' title="bbox 509 582 2118 655; baseline -0.004 -16"><span class='ocrx_word' id='word_1_39' title='bbox 509 585 690 639; x_wconf 84' lang='lat' dir='ltr'><strong>nanita</strong></span> <span class='ocrx_word' id='word_1_40' title='bbox 717 583 891 655; x_wconf 85' lang='lat' dir='ltr'><strong>(Psal.</strong></span> <span class='ocrx_word' id='word_1_41' title='bbox 915 600 1096 650; x_wconf 74' lang='lat' dir='ltr'><strong>Lxxtv,</strong></span> <span class='ocrx_word' id='word_1_42' title='bbox 1128 583 1207 653; x_wconf 88' lang='lat'><strong>9).</strong></span> <span class='ocrx_word' id='word_1_43' title='bbox 1234 583 1301 637; x_wconf 89' lang='lat' dir='ltr'><strong>Et</strong></span> <span class='ocrx_word' id='word_1_44' title='bbox 1331 598 1361 637; x_wconf 88' lang='lat' dir='ltr'><strong>a</strong></span> <span class='ocrx_word' id='word_1_45' title='bbox 1392 583 1556 652; x_wconf 89' lang='lat' dir='ltr'><strong>priori</strong></span> <span class='ocrx_word' id='word_1_46' title='bbox 1587 582 1858 636; x_wconf 74' lang='lat' dir='ltr'><strong>Sententia</strong></span> <span class='ocrx_word' id='word_1_47' title='bbox 1876 595 2118 635; x_wconf 91' lang='lat' dir='ltr'><strong>commo-</strong></span> 
     </span>
    </p>
   </div>
   <div class='ocr_carea' id='block_1_7' title="bbox 514 677 2115 748">
    <p class='ocr_par' dir='ltr' id='par_1_7' title="bbox 514 677 2115 748">
     <span class='ocr_line' id='line_1_7' title="bbox 514 677 2115 748; baseline 0.001 -18"><span class='ocrx_word' id='word_1_48' title='bbox 514 693 670 742; x_wconf 83' lang='lat' dir='ltr'><strong>vere,</strong></span> <span class='ocrx_word' id='word_1_49' title='bbox 697 691 750 732; x_wconf 87' lang='lat' dir='ltr'><strong>et</strong></span> <span class='ocrx_word' id='word_1_50' title='bbox 783 679 890 733; x_wconf 91' lang='lat' dir='ltr'><strong>noli</strong></span> <span class='ocrx_word' id='word_1_51' title='bbox 925 687 1118 748; x_wconf 89' lang='lat' dir='ltr'><strong>putare</strong></span> <span class='ocrx_word' id='word_1_52' title='bbox 1148 681 1298 731; x_wconf 89' lang='lat' dir='ltr'><strong>tirtna</strong></span> <span class='ocrx_word' id='word_1_53' title='bbox 1331 693 1454 732; x_wconf 57' lang='lat' dir='ltr'><strong>esse</strong></span> <span class='ocrx_word' id='word_1_54' title='bbox 1482 686 1536 732; x_wconf 91' lang='lat' dir='ltr'><strong>et</strong></span> <span class='ocrx_word' id='word_1_55' title='bbox 1559 677 1802 736; x_wconf 84' lang='lat' dir='ltr'><strong>stabilia,</strong></span> <span class='ocrx_word' id='word_1_56' title='bbox 1838 677 1890 731; x_wconf 93' lang='lat' dir='ltr'><strong>in</strong></span> <span class='ocrx_word' id='word_1_57' title='bbox 1920 677 2115 747; x_wconf 90' lang='lat' dir='ltr'><strong>quibus</strong></span> 
     </span>
    </p>
   </div>
   <div class='ocr_carea' id='block_1_8' title="bbox 511 769 2112 842">
    <p class='ocr_par' dir='ltr' id='par_1_8' title="bbox 511 769 2112 842">
     <span class='ocr_line' id='line_1_8' title="bbox 511 769 2112 842; baseline 0 -18"><span class='ocrx_word' id='word_1_58' title='bbox 511 772 746 841; x_wconf 90' lang='lat' dir='ltr'><strong>primum</strong></span> <span class='ocrx_word' id='word_1_59' title='bbox 803 784 947 826; x_wconf 88' lang='lat' dir='ltr'><strong>stare</strong></span> <span class='ocrx_word' id='word_1_60' title='bbox 985 771 1246 842; x_wconf 91' lang='lat' dir='ltr'><strong>cupiebas</strong></span> <span class='ocrx_word' id='word_1_61' title='bbox 1277 789 1289 824; x_wconf 83' lang='lat'><strong>:</strong></span> <span class='ocrx_word' id='word_1_62' title='bbox 1323 771 1451 841; x_wconf 83' lang='lat' dir='ltr'><strong>quia</strong></span> <span class='ocrx_word' id='word_1_63' title='bbox 1483 769 1844 826; x_wconf 76' lang='lat' dir='ltr'><strong>circumdedit</strong></span> <span class='ocrx_word' id='word_1_64' title='bbox 1893 781 1944 826; x_wconf 89' lang='lat' dir='ltr'><strong>te</strong></span> <span class='ocrx_word' id='word_1_65' title='bbox 1973 771 2112 824; x_wconf 76' lang='lat' dir='ltr'><strong>calix</strong></span> 
     </span>
    </p>
   </div>
   <div class='ocr_carea' id='block_1_9' title="bbox 510 862 2114 934">
    <p class='ocr_par' dir='ltr' id='par_1_9' title="bbox 510 862 2114 934">
     <span class='ocr_line' id='line_1_9' title="bbox 510 862 2114 934; baseline -0.001 -16"><span class='ocrx_word' id='word_1_66' title='bbox 510 864 752 919; x_wconf 74' lang='lat' dir='ltr'><strong>dextera:</strong></span> <span class='ocrx_word' id='word_1_67' title='bbox 798 866 905 934; x_wconf 78' lang='grc' dir='ltr'><strong>(Αι.</strong></span> <span class='ocrx_word' id='word_1_68' title='bbox 955 864 1206 933; x_wconf 82' lang='lat' dir='ltr'><strong>dextera)</strong></span> <span class='ocrx_word' id='word_1_69' title='bbox 1263 864 1492 917; x_wconf 82' lang='lat' dir='ltr'><strong>Domini.</strong></span> <span class='ocrx_word' id='word_1_70' title='bbox 1539 863 1712 918; x_wconf 88' lang='lat' dir='ltr'><strong>Porro</strong></span> <span class='ocrx_word' id='word_1_71' title='bbox 1761 863 1883 930; x_wconf 82' lang='lat' dir='ltr'><strong>quia</strong></span> <span class='ocrx_word' id='word_1_72' title='bbox 1935 862 2114 933; x_wconf 90' lang='lat' dir='ltr'><strong>propi-</strong></span> 
     </span>
    </p>
   </div>
   <div class='ocr_carea' id='block_1_10' title="bbox 509 956 2117 1026">
    <p class='ocr_par' dir='ltr' id='par_1_10' title="bbox 509 956 2117 1026">
     <span class='ocr_line' id='line_1_10' title="bbox 509 956 2117 1026; baseline 0 -16"><span class='ocrx_word' id='word_1_73' title='bbox 509 958 650 1011; x_wconf 88' lang='lat' dir='ltr'><strong>nasti</strong></span> <span class='ocrx_word' id='word_1_74' title='bbox 685 957 938 1026; x_wconf 80' lang='lat' dir='ltr'><strong>proximo</strong></span> <span class='ocrx_word' id='word_1_75' title='bbox 971 967 1067 1011; x_wconf 88' lang='lat' dir='ltr'><strong>tuo</strong></span> <span class='ocrx_word' id='word_1_76' title='bbox 1098 957 1456 1011; x_wconf 86' lang='lat' dir='ltr'><strong>subversione</strong></span> <span class='ocrx_word' id='word_1_77' title='bbox 1488 956 1727 1022; x_wconf 84' lang='lat' dir='ltr'><strong>turbida,</strong></span> <span class='ocrx_word' id='word_1_78' title='bbox 1766 957 2117 1026; x_wconf 83' lang='lat' dir='ltr'><strong>congregabi-</strong></span> 
     </span>
    </p>
   </div>
   <div class='ocr_carea' id='block_1_11' title="bbox 510 1051 2112 1123">
    <p class='ocr_par' dir='ltr' id='par_1_11' title="bbox 510 1051 2112 1123">
     <span class='ocr_line' id='line_1_11' title="bbox 510 1051 2112 1123; baseline -0.002 -16"><span class='ocrx_word' id='word_1_79' title='bbox 510 1065 598 1107; x_wconf 89' lang='lat' dir='ltr'><strong>tur</strong></span> <span class='ocrx_word' id='word_1_80' title='bbox 621 1054 914 1123; x_wconf 81' lang='lat' dir='ltr'><strong>ignominia</strong></span> <span class='ocrx_word' id='word_1_81' title='bbox 939 1069 1106 1121; x_wconf 84' lang='lat' dir='ltr'><strong>super</strong></span> <span class='ocrx_word' id='word_1_82' title='bbox 1131 1065 1203 1118; x_wconf 93' lang='lat' dir='ltr'><strong>te,</strong></span> <span class='ocrx_word' id='word_1_83' title='bbox 1234 1063 1288 1107; x_wconf 90' lang='lat' dir='ltr'><strong>et</strong></span> <span class='ocrx_word' id='word_1_84' title='bbox 1317 1069 1482 1122; x_wconf 82' lang='lat' dir='ltr'><strong>super</strong></span> <span class='ocrx_word' id='word_1_85' title='bbox 1501 1051 1730 1122; x_wconf 77' lang='lat' dir='ltr'><strong>gloriam</strong></span> <span class='ocrx_word' id='word_1_86' title='bbox 1759 1059 1926 1118; x_wconf 90' lang='lat' dir='ltr'><strong>tuam,</strong></span> <span class='ocrx_word' id='word_1_87' title='bbox 1954 1067 2112 1121; x_wconf 85' lang='lat' dir='ltr'><strong>quam</strong></span> 
     </span>
    </p>
   </div>
   <div class='ocr_carea' id='block_1_12' title="bbox 509 1146 2115 1219">
    <p class='ocr_par' dir='ltr' id='par_1_12' title="bbox 509 1146 2115 1219">
     <span class='ocr_line' id='line_1_12' title="bbox 509 1146 2115 1219; baseline -0.001 -17"><span class='ocrx_word' id='word_1_88' title='bbox 509 1149 743 1219; x_wconf 90' lang='lat' dir='ltr'><strong>primum</strong></span> <span class='ocrx_word' id='word_1_89' title='bbox 777 1161 827 1203; x_wconf 87' lang='lat' dir='ltr'><strong>te</strong></span> <span class='ocrx_word' id='word_1_90' title='bbox 853 1148 1054 1203; x_wconf 87' lang='lat' dir='ltr'><strong>habere</strong></span> <span class='ocrx_word' id='word_1_91' title='bbox 1085 1148 1352 1203; x_wconf 81' lang='lat' dir='ltr'><strong>credebas</strong></span> <span class='ocrx_word' id='word_1_92' title='bbox 1385 1166 1396 1201; x_wconf 94' lang='lat'>:</span> <span class='ocrx_word' id='word_1_93' title='bbox 1432 1147 1681 1218; x_wconf 87' lang='lat' dir='ltr'><strong>istudqtte</strong></span> <span class='ocrx_word' id='word_1_94' title='bbox 1709 1147 1956 1216; x_wconf 89' lang='lat' dir='ltr'><strong>patieris,</strong></span> <span class='ocrx_word' id='word_1_95' title='bbox 1987 1146 2115 1217; x_wconf 84' lang='lat' dir='ltr'><strong>quia</strong></span> 
     </span>
    </p>
   </div>
   <div class='ocr_carea' id='block_1_13' title="bbox 509 1241 2117 1313">
    <p class='ocr_par' dir='ltr' id='par_1_13' title="bbox 509 1241 2117 1313">
     <span class='ocr_line' id='line_1_13' title="bbox 509 1241 2117 1313; baseline -0.001 -17"><span class='ocrx_word' id='word_1_96' title='bbox 509 1243 763 1313; x_wconf 76' lang='lat' dir='ltr'><strong>impietas</strong></span> <span class='ocrx_word' id='word_1_97' title='bbox 791 1242 980 1296; x_wconf 88' lang='lat' dir='ltr'><strong>Libani</strong></span> <span class='ocrx_word' id='word_1_98' title='bbox 1017 1245 1228 1312; x_wconf 78' lang='lat' dir='ltr'><strong>aperiet</strong></span> <span class='ocrx_word' id='word_1_99' title='bbox 1260 1252 1332 1309; x_wconf 89' lang='lat' dir='ltr'><strong>te,</strong></span> <span class='ocrx_word' id='word_1_100' title='bbox 1369 1243 1668 1297; x_wconf 89' lang='lat' dir='ltr'><strong>secundum</strong></span> <span class='ocrx_word' id='word_1_101' title='bbox 1701 1241 1834 1295; x_wconf 88' lang='lat' dir='ltr'><strong>illud</strong></span> <span class='ocrx_word' id='word_1_102' title='bbox 1867 1241 2010 1309; x_wconf 89' lang='lat' dir='ltr'><strong>quod</strong></span> <span class='ocrx_word' id='word_1_103' title='bbox 2035 1241 2117 1294; x_wconf 82' lang='lat' dir='ltr'><strong>di-</strong></span> 
     </span>
    </p>
   </div>
   <div class='ocr_carea' id='block_1_14' title="bbox 509 1335 2109 1408">
    <p class='ocr_par' dir='ltr' id='par_1_14' title="bbox 509 1335 2109 1408">
     <span class='ocr_line' id='line_1_14' title="bbox 509 1335 2109 1408; baseline -0.004 -16"><span class='ocrx_word' id='word_1_104' title='bbox 509 1339 655 1392; x_wconf 89' lang='lat' dir='ltr'><strong>citur</strong></span> <span class='ocrx_word' id='word_1_105' title='bbox 685 1355 697 1390; x_wconf 91' lang='lat'><strong>:</strong></span> <span class='ocrx_word' id='word_1_106' title='bbox 735 1335 798 1389; x_wconf 81' lang='lat' dir='ltr'><strong>Et</strong></span> <span class='ocrx_word' id='word_1_107' title='bbox 823 1339 990 1390; x_wconf 90' lang='lat' dir='ltr'><strong>oratio</strong></span> <span class='ocrx_word' id='word_1_108' title='bbox 1020 1338 1132 1407; x_wconf 86' lang='lat' dir='ltr'><strong>ejus</strong></span> <span class='ocrx_word' id='word_1_109' title='bbox 1155 1337 1246 1406; x_wconf 84' lang='lat' dir='ltr'><strong>ﬁat</strong></span> <span class='ocrx_word' id='word_1_110' title='bbox 1275 1337 1328 1390; x_wconf 87' lang='lat' dir='ltr'><strong>in</strong></span> <span class='ocrx_word' id='word_1_111' title='bbox 1353 1350 1618 1403; x_wconf 85' lang='lat' dir='ltr'><strong>peccatum</strong></span> <span class='ocrx_word' id='word_1_112' title='bbox 1649 1335 1824 1408; x_wconf 66' lang='lat' dir='ltr'><strong>(f’sal.</strong></span> <span class='ocrx_word' id='word_1_113' title='bbox 1858 1350 2010 1398; x_wconf 86' lang='lat' dir='ltr'><strong>cvm,</strong></span> <span class='ocrx_word' id='word_1_114' title='bbox 2037 1336 2109 1404; x_wconf 84' lang='lat'><strong>7).</strong></span> 
     </span>
    </p>
   </div>
   <div class='ocr_carea' id='block_1_15' title="bbox 511 1428 2113 1502">
    <p class='ocr_par' dir='ltr' id='par_1_15' title="bbox 511 1428 2113 1502">
     <span class='ocr_line' id='line_1_15' title="bbox 511 1428 2113 1502; baseline -0.003 -17"><span class='ocrx_word' id='word_1_115' title='bbox 511 1430 752 1486; x_wconf 87' lang='lat' dir='ltr'><strong>Libanus</strong></span> <span class='ocrx_word' id='word_1_116' title='bbox 779 1432 922 1486; x_wconf 87' lang='lat' dir='ltr'><strong>enim</strong></span> <span class='ocrx_word' id='word_1_117' title='bbox 960 1445 1115 1485; x_wconf 84' lang='lat' dir='ltr'><strong>mens</strong></span> <span class='ocrx_word' id='word_1_118' title='bbox 1142 1431 1297 1500; x_wconf 69' lang='lat' dir='ltr'><strong>juxta</strong></span> <span class='ocrx_word' id='word_1_119' title='bbox 1341 1429 1588 1486; x_wconf 80' lang='lat' dir='ltr'><strong>Gra-cum</strong></span> <span class='ocrx_word' id='word_1_120' title='bbox 1639 1445 1946 1483; x_wconf 85' lang='lat' dir='ltr'><strong>sermonem</strong></span> <span class='ocrx_word' id='word_1_121' title='bbox 1980 1428 2113 1502; x_wconf 78' lang='grc' dir='ltr'><strong>ὁμώ-</strong></span> 
     </span>
    </p>
   </div>
   <div class='ocr_carea' id='block_1_16' title="bbox 510 1521 2112 1597">
    <p class='ocr_par' dir='ltr' id='par_1_16' title="bbox 510 1521 2112 1597">
     <span class='ocr_line' id='line_1_16' title="bbox 510 1521 2112 1597; baseline -0.002 -19"><span class='ocrx_word' id='word_1_122' title='bbox 510 1546 667 1597; x_wconf 78' lang='grc' dir='ltr'><strong>νυμος</strong></span> <span class='ocrx_word' id='word_1_123' title='bbox 696 1533 777 1578; x_wconf 81' lang='lat' dir='ltr'><strong>est</strong></span> <span class='ocrx_word' id='word_1_124' title='bbox 807 1525 952 1577; x_wconf 88' lang='lat' dir='ltr'><strong>tlturi</strong></span> <span class='ocrx_word' id='word_1_125' title='bbox 989 1542 1001 1577; x_wconf 95' lang='lat'>:</span> <span class='ocrx_word' id='word_1_126' title='bbox 1040 1524 1164 1576; x_wconf 90' lang='lat' dir='ltr'><strong>tltus</strong></span> <span class='ocrx_word' id='word_1_127' title='bbox 1192 1532 1375 1577; x_wconf 88' lang='lat' dir='ltr'><strong>autent</strong></span> <span class='ocrx_word' id='word_1_128' title='bbox 1408 1524 1666 1594; x_wconf 77' lang='grc' dir='ltr'><strong>σύμϐολον</strong></span> <span class='ocrx_word' id='word_1_129' title='bbox 1698 1533 1782 1576; x_wconf 90' lang='lat' dir='ltr'><strong>est</strong></span> <span class='ocrx_word' id='word_1_130' title='bbox 1813 1521 2112 1590; x_wconf 81' lang='lat' dir='ltr'><strong>spiritualis</strong></span> 
     </span>
    </p>
   </div>
   <div class='ocr_carea' id='block_1_17' title="bbox 511 1614 2115 1689">
    <p class='ocr_par' dir='ltr' id='par_1_17' title="bbox 511 1614 2115 1689">
     <span class='ocr_line' id='line_1_17' title="bbox 511 1614 2115 1689; baseline -0.001 -20"><span class='ocrx_word' id='word_1_131' title='bbox 511 1619 908 1689; x_wconf 79' lang='lat' dir='ltr'><strong>thymiamatis,</strong></span> <span class='ocrx_word' id='word_1_132' title='bbox 946 1617 1089 1687; x_wconf 92' lang='lat' dir='ltr'><strong>quod</strong></span> <span class='ocrx_word' id='word_1_133' title='bbox 1121 1627 1205 1671; x_wconf 88' lang='lat' dir='ltr'><strong>est</strong></span> <span class='ocrx_word' id='word_1_134' title='bbox 1234 1616 1414 1670; x_wconf 91' lang='lat' dir='ltr'><strong>cultus</strong></span> <span class='ocrx_word' id='word_1_135' title='bbox 1442 1617 1554 1670; x_wconf 88' lang='lat' dir='ltr'><strong>Dei.</strong></span> <span class='ocrx_word' id='word_1_136' title='bbox 1585 1616 1792 1670; x_wconf 85' lang='lat' dir='ltr'><strong>Idcirco</strong></span> <span class='ocrx_word' id='word_1_137' title='bbox 1826 1614 2115 1668; x_wconf 77' lang='lat' dir='ltr'><strong>lueretieo-</strong></span> 
     </span>
    </p>
   </div>
   <div class='ocr_carea' id='block_1_18' title="bbox 508 1706 2111 1779">
    <p class='ocr_par' dir='ltr' id='par_1_18' title="bbox 508 1706 2111 1779">
     <span class='ocr_line' id='line_1_18' title="bbox 508 1706 2111 1779; baseline -0.002 -15"><span class='ocrx_word' id='word_1_138' title='bbox 508 1725 630 1765; x_wconf 90' lang='lat' dir='ltr'><strong>rum</strong></span> <span class='ocrx_word' id='word_1_139' title='bbox 661 1725 914 1779; x_wconf 87' lang='lat' dir='ltr'><strong>perversa</strong></span> <span class='ocrx_word' id='word_1_140' title='bbox 956 1711 1131 1764; x_wconf 89' lang='lat' dir='ltr'><strong>oratio</strong></span> <span class='ocrx_word' id='word_1_141' title='bbox 1159 1720 1210 1764; x_wconf 93' lang='lat' dir='ltr'><strong>et</strong></span> <span class='ocrx_word' id='word_1_142' title='bbox 1243 1725 1350 1764; x_wconf 93' lang='lat' dir='ltr'><strong>non</strong></span> <span class='ocrx_word' id='word_1_143' title='bbox 1398 1709 1722 1779; x_wconf 85' lang='lat' dir='ltr'><strong>Evangelica</strong></span> <span class='ocrx_word' id='word_1_144' title='bbox 1756 1706 2111 1776; x_wconf 78' lang='lat' dir='ltr'><strong>simplicitate</strong></span> 
     </span>
    </p>
   </div>
   <div class='ocr_carea' id='block_1_19' title="bbox 2223 485 3802 555">
    <p class='ocr_par' dir='ltr' id='par_1_19' title="bbox 2223 485 3802 555">
     <span class='ocr_line' id='line_1_19' title="bbox 2223 485 3802 555; baseline 0.001 -17"><span class='ocrx_word' id='word_1_145' title='bbox 2223 487 2456 554; x_wconf 76' lang='lat' dir='ltr'><strong>proximo</strong></span> <span class='ocrx_word' id='word_1_146' title='bbox 2483 503 2576 539; x_wconf 87' lang='lat' dir='ltr'><strong>suo</strong></span> <span class='ocrx_word' id='word_1_147' title='bbox 2607 486 2935 540; x_wconf 74' lang='lat' dir='ltr'><strong>subrersione</strong></span> <span class='ocrx_word' id='word_1_148' title='bbox 2966 485 3205 554; x_wconf 86' lang='lat' dir='ltr'><strong>turbida;</strong></span> <span class='ocrx_word' id='word_1_149' title='bbox 3231 498 3282 540; x_wconf 89' lang='lat' dir='ltr'><strong>et</strong></span> <span class='ocrx_word' id='word_1_150' title='bbox 3304 487 3483 555; x_wconf 86' lang='lat' dir='ltr'><strong>priora</strong></span> <span class='ocrx_word' id='word_1_151' title='bbox 3516 486 3616 541; x_wconf 88' lang='lat' dir='ltr'><strong>tria</strong></span> <span class='ocrx_word' id='word_1_152' title='bbox 3639 486 3802 555; x_wconf 87' lang='lat' dir='ltr'><strong>inqui-</strong></span> 
     </span>
    </p>
   </div>
   <div class='ocr_carea' id='block_1_20' title="bbox 2221 577 3800 651">
    <p class='ocr_par' dir='ltr' id='par_1_20' title="bbox 2221 577 3800 651">
     <span class='ocr_line' id='line_1_20' title="bbox 2221 577 3800 651; baseline 0 -19"><span class='ocrx_word' id='word_1_153' title='bbox 2221 580 2322 632; x_wconf 86' lang='lat' dir='ltr'><strong>bus</strong></span> <span class='ocrx_word' id='word_1_154' title='bbox 2352 577 2554 633; x_wconf 90' lang='lat' dir='ltr'><strong>dictum</strong></span> <span class='ocrx_word' id='word_1_155' title='bbox 2585 588 2665 634; x_wconf 90' lang='lat' dir='ltr'><strong>est</strong></span> <span class='ocrx_word' id='word_1_156' title='bbox 2692 597 2703 633; x_wconf 94' lang='lat'>:</span> <span class='ocrx_word' id='word_1_157' title='bbox 2751 577 2838 633; x_wconf 73' lang='lat' dir='ltr'><strong>Va:</strong></span> <span class='ocrx_word' id='word_1_158' title='bbox 2857 579 3279 651; x_wconf 78' lang='lat' dir='ltr'><strong>quitttttltiplicat</strong></span> <span class='ocrx_word' id='word_1_159' title='bbox 3306 580 3404 634; x_wconf 82' lang='lat' dir='ltr'><strong>sibi</strong></span> <span class='ocrx_word' id='word_1_160' title='bbox 3429 596 3550 651; x_wconf 76' lang='lat' dir='ltr'><strong>qua:</strong></span> <span class='ocrx_word' id='word_1_161' title='bbox 3578 596 3676 633; x_wconf 88' lang='lat' dir='ltr'><strong>non</strong></span> <span class='ocrx_word' id='word_1_162' title='bbox 3698 591 3800 633; x_wconf 79' lang='lat' dir='ltr'><strong>sunt</strong></span> 
     </span>
    </p>
   </div>
   <div class='ocr_carea' id='block_1_21' title="bbox 2218 670 3801 743">
    <p class='ocr_par' dir='ltr' id='par_1_21' title="bbox 2218 670 3801 743">
     <span class='ocr_line' id='line_1_21' title="bbox 2218 670 3801 743; baseline -0.001 -18"><span class='ocrx_word' id='word_1_163' title='bbox 2218 688 2336 735; x_wconf 83' lang='lat' dir='ltr'><strong>sua,</strong></span> <span class='ocrx_word' id='word_1_164' title='bbox 2373 681 2427 725; x_wconf 91' lang='lat' dir='ltr'><strong>et</strong></span> <span class='ocrx_word' id='word_1_165' title='bbox 2475 689 2486 726; x_wconf 93' lang='lat'>:</span> <span class='ocrx_word' id='word_1_166' title='bbox 2541 670 2630 724; x_wconf 71' lang='lat' dir='ltr'><strong>Vw</strong></span> <span class='ocrx_word' id='word_1_167' title='bbox 2668 673 2756 736; x_wconf 86' lang='lat' dir='ltr'><strong>qui</strong></span> <span class='ocrx_word' id='word_1_168' title='bbox 2792 682 3064 743; x_wconf 80' lang='lat' dir='ltr'><strong>congregat</strong></span> <span class='ocrx_word' id='word_1_169' title='bbox 3093 673 3368 726; x_wconf 86' lang='lat' dir='ltr'><strong>avaritiam</strong></span> <span class='ocrx_word' id='word_1_170' title='bbox 3411 672 3608 724; x_wconf 88' lang='lat' dir='ltr'><strong>malam</strong></span> <span class='ocrx_word' id='word_1_171' title='bbox 3645 672 3801 724; x_wconf 84' lang='lat' dir='ltr'><strong>domui</strong></span> 
     </span>
    </p>
   </div>
   <div class='ocr_carea' id='block_1_22' title="bbox 2218 765 3802 838">
    <p class='ocr_par' dir='ltr' id='par_1_22' title="bbox 2218 765 3802 838">
     <span class='ocr_line' id='line_1_22' title="bbox 2218 765 3802 838; baseline 0.001 -19"><span class='ocrx_word' id='word_1_172' title='bbox 2218 782 2346 833; x_wconf 76' lang='lat' dir='ltr'><strong>sure,</strong></span> <span class='ocrx_word' id='word_1_173' title='bbox 2395 775 2451 821; x_wconf 89' lang='lat' dir='ltr'><strong>et</strong></span> <span class='ocrx_word' id='word_1_174' title='bbox 2483 784 2492 820; x_wconf 94' lang='lat'><strong>:</strong></span> <span class='ocrx_word' id='word_1_175' title='bbox 2525 765 2617 820; x_wconf 74' lang='lat' dir='ltr'><strong>Vae</strong></span> <span class='ocrx_word' id='word_1_176' title='bbox 2640 767 2728 838; x_wconf 86' lang='lat' dir='ltr'><strong>qui</strong></span> <span class='ocrx_word' id='word_1_177' title='bbox 2749 766 2977 834; x_wconf 81' lang='lat' dir='ltr'><strong>cediﬁcat</strong></span> <span class='ocrx_word' id='word_1_178' title='bbox 3002 769 3259 821; x_wconf 81' lang='lat' dir='ltr'><strong>civitatem</strong></span> <span class='ocrx_word' id='word_1_179' title='bbox 3283 769 3336 821; x_wconf 88' lang='lat' dir='ltr'><strong>in</strong></span> <span class='ocrx_word' id='word_1_180' title='bbox 3366 767 3722 838; x_wconf 86' lang='lat' dir='ltr'><strong>sanguiaibus,</strong></span> <span class='ocrx_word' id='word_1_181' title='bbox 3757 775 3802 820; x_wconf 88' lang='lat' dir='ltr'><strong>et</strong></span> 
     </span>
    </p>
   </div>
   <div class='ocr_carea' id='block_1_23' title="bbox 2222 859 3804 932">
    <p class='ocr_par' dir='ltr' id='par_1_23' title="bbox 2222 859 3804 932">
     <span class='ocr_line' id='line_1_23' title="bbox 2222 859 3804 932; baseline 0.002 -21"><span class='ocrx_word' id='word_1_182' title='bbox 2222 867 2246 895; x_wconf 79' lang='grc' dir='ltr'><strong>ιι</strong></span> <span class='ocrx_word' id='word_1_183' title='bbox 2270 859 2422 928; x_wconf 84' lang='lat' dir='ltr'><strong>juxta</strong></span> <span class='ocrx_word' id='word_1_184' title='bbox 2474 859 2782 929; x_wconf 70' lang='lat' dir='ltr'><strong>historiam,</strong></span> <span class='ocrx_word' id='word_1_185' title='bbox 2826 875 2874 916; x_wconf 92' lang='lat' dir='ltr'><strong>et</strong></span> <span class='ocrx_word' id='word_1_186' title='bbox 2903 861 3056 932; x_wconf 79' lang='lat' dir='ltr'><strong>juxta</strong></span> <span class='ocrx_word' id='word_1_187' title='bbox 3082 877 3384 932; x_wconf 85' lang='lat' dir='ltr'><strong>anagogen,</strong></span> <span class='ocrx_word' id='word_1_188' title='bbox 3417 862 3503 914; x_wconf 83' lang='lat' dir='ltr'><strong>vel</strong></span> <span class='ocrx_word' id='word_1_189' title='bbox 3536 861 3804 915; x_wconf 65' lang='lat' dir='ltr'><strong>adversum</strong></span> 
     </span>
    </p>
   </div>
   <div class='ocr_carea' id='block_1_24' title="bbox 2217 952 3804 1021">
    <p class='ocr_par' dir='ltr' id='par_1_24' title="bbox 2217 952 3804 1021">
     <span class='ocr_line' id='line_1_24' title="bbox 2217 952 3804 1021; baseline 0.002 -13"><span class='ocrx_word' id='word_1_190' title='bbox 2217 952 2760 1021; x_wconf 76' lang='lat' dir='ltr'><strong>Nabncttodmtosttr,</strong></span> <span class='ocrx_word' id='word_1_191' title='bbox 2810 957 2893 1010; x_wconf 91' lang='lat' dir='ltr'><strong>vel</strong></span> <span class='ocrx_word' id='word_1_192' title='bbox 2939 957 3207 1011; x_wconf 81' lang='lat' dir='ltr'><strong>adversus</strong></span> <span class='ocrx_word' id='word_1_193' title='bbox 3251 957 3530 1012; x_wconf 90' lang='lat' dir='ltr'><strong>diabolum</strong></span> <span class='ocrx_word' id='word_1_194' title='bbox 3574 966 3626 1012; x_wconf 91' lang='lat' dir='ltr'><strong>et</strong></span> <span class='ocrx_word' id='word_1_195' title='bbox 3661 955 3804 1012; x_wconf 81' lang='lat' dir='ltr'><strong>Anti-</strong></span> 
     </span>
    </p>
   </div>
   <div class='ocr_carea' id='block_1_25' title="bbox 2217 1048 3615 1121">
    <p class='ocr_par' dir='ltr' id='par_1_25' title="bbox 2217 1048 3615 1121">
     <span class='ocr_line' id='line_1_25' title="bbox 2217 1048 3615 1121; baseline 0 -17"><span class='ocrx_word' id='word_1_196' title='bbox 2217 1048 2477 1104; x_wconf 75' lang='lat' dir='ltr'><strong>chi-istum</strong></span> <span class='ocrx_word' id='word_1_197' title='bbox 2509 1060 2561 1104; x_wconf 89' lang='lat' dir='ltr'><strong>et</strong></span> <span class='ocrx_word' id='word_1_198' title='bbox 2587 1049 2882 1107; x_wconf 67' lang='lat' dir='ltr'><strong>haereticos</strong></span> <span class='ocrx_word' id='word_1_199' title='bbox 2913 1066 3073 1120; x_wconf 81' lang='lat' dir='ltr'><strong>posse</strong></span> <span class='ocrx_word' id='word_1_200' title='bbox 3106 1051 3392 1121; x_wconf 66' lang='lat' dir='ltr'><strong>aequaliter</strong></span> <span class='ocrx_word' id='word_1_201' title='bbox 3411 1051 3615 1121; x_wconf 88' lang='lat' dir='ltr'><strong>accipi.</strong></span> 
     </span>
    </p>
   </div>
   <div class='ocr_carea' id='block_1_26' title="bbox 2291 1142 3806 1216">
    <p class='ocr_par' dir='ltr' id='par_1_26' title="bbox 2291 1142 3806 1216">
     <span class='ocr_line' id='line_1_26' title="bbox 2291 1142 3806 1216; baseline 0.001 -20"><span class='ocrx_word' id='word_1_202' title='bbox 2291 1142 2470 1213; x_wconf 82' lang='lat' dir='ltr'><strong>(Vers.</strong></span> <span class='ocrx_word' id='word_1_203' title='bbox 2525 1143 2641 1212; x_wconf 76' lang='lat' dir='ltr'><strong>t8.)</strong></span> <span class='ocrx_word' id='word_1_204' title='bbox 2686 1144 2824 1210; x_wconf 83' lang='lat' dir='ltr'><strong>Quid</strong></span> <span class='ocrx_word' id='word_1_205' title='bbox 2869 1143 3080 1213; x_wconf 87' lang='lat' dir='ltr'><strong>prodest</strong></span> <span class='ocrx_word' id='word_1_206' title='bbox 3115 1144 3396 1216; x_wconf 83' lang='lat' dir='ltr'><strong>sculptile,</strong></span> <span class='ocrx_word' id='word_1_207' title='bbox 3435 1145 3563 1215; x_wconf 86' lang='lat' dir='ltr'><strong>quia</strong></span> <span class='ocrx_word' id='word_1_208' title='bbox 3609 1143 3806 1214; x_wconf 84' lang='lat' dir='ltr'><strong>sculpsit</strong></span> 
     </span>
    </p>
   </div>
   <div class='ocr_carea' id='block_1_27' title="bbox 2217 1235 3806 1309">
    <p class='ocr_par' dir='ltr' id='par_1_27' title="bbox 2217 1235 3806 1309">
     <span class='ocr_line' id='line_1_27' title="bbox 2217 1235 3806 1309; baseline -0.001 -19"><span class='ocrx_word' id='word_1_209' title='bbox 2217 1235 2350 1290; x_wconf 86' lang='lat' dir='ltr'><strong>illud</strong></span> <span class='ocrx_word' id='word_1_210' title='bbox 2375 1238 2524 1305; x_wconf 90' lang='lat' dir='ltr'><strong>ﬁctor</strong></span> <span class='ocrx_word' id='word_1_211' title='bbox 2553 1254 2697 1304; x_wconf 86' lang='lat' dir='ltr'><strong>suus,</strong></span> <span class='ocrx_word' id='word_1_212' title='bbox 2743 1238 3006 1308; x_wconf 81' lang='lat' dir='ltr'><strong>conﬂatile</strong></span> <span class='ocrx_word' id='word_1_213' title='bbox 3050 1247 3101 1292; x_wconf 85' lang='lat' dir='ltr'><strong>et</strong></span> <span class='ocrx_word' id='word_1_214' title='bbox 3131 1239 3412 1306; x_wconf 83' lang='lat' dir='ltr'><strong>imaginem</strong></span> <span class='ocrx_word' id='word_1_215' title='bbox 3445 1238 3674 1309; x_wconf 85' lang='lat' dir='ltr'><strong>falsam?</strong></span> <span class='ocrx_word' id='word_1_216' title='bbox 3700 1237 3806 1308; x_wconf 83' lang='lat' dir='ltr'><strong>quia</strong></span> 
     </span>
    </p>
   </div>
   <div class='ocr_carea' id='block_1_28' title="bbox 2215 1331 3806 1404">
    <p class='ocr_par' dir='ltr' id='par_1_28' title="bbox 2215 1331 3806 1404">
     <span class='ocr_line' id='line_1_28' title="bbox 2215 1331 3806 1404; baseline -0.003 -18"><span class='ocrx_word' id='word_1_217' title='bbox 2215 1332 2439 1399; x_wconf 83' lang='lat' dir='ltr'><strong>speravit</strong></span> <span class='ocrx_word' id='word_1_218' title='bbox 2483 1333 2538 1384; x_wconf 89' lang='lat' dir='ltr'><strong>in</strong></span> <span class='ocrx_word' id='word_1_219' title='bbox 2587 1331 2834 1404; x_wconf 81' lang='lat' dir='ltr'><strong>ﬁgmento</strong></span> <span class='ocrx_word' id='word_1_220' title='bbox 2865 1333 3012 1398; x_wconf 80' lang='lat' dir='ltr'><strong>ﬁctor</strong></span> <span class='ocrx_word' id='word_1_221' title='bbox 3039 1335 3175 1403; x_wconf 87' lang='lat' dir='ltr'><strong>ejus,</strong></span> <span class='ocrx_word' id='word_1_222' title='bbox 3223 1341 3279 1384; x_wconf 92' lang='lat' dir='ltr'><strong>ut</strong></span> <span class='ocrx_word' id='word_1_223' title='bbox 3310 1335 3502 1402; x_wconf 84' lang='lat' dir='ltr'><strong>faceret</strong></span> <span class='ocrx_word' id='word_1_224' title='bbox 3548 1332 3806 1385; x_wconf 84' lang='lat' dir='ltr'><strong>simulacra</strong></span> 
     </span>
    </p>
   </div>
   <div class='ocr_carea' id='block_1_29' title="bbox 2218 1424 3805 1496">
    <p class='ocr_par' dir='ltr' id='par_1_29' title="bbox 2218 1424 3805 1496">
     <span class='ocr_line' id='line_1_29' title="bbox 2218 1424 3805 1496; baseline -0.001 -18"><span class='ocrx_word' id='word_1_225' title='bbox 2218 1435 2378 1478; x_wconf 87' lang='lat' dir='ltr'><strong>muta.</strong></span> <span class='ocrx_word' id='word_1_226' title='bbox 2415 1424 2558 1479; x_wconf 78' lang='lat' dir='ltr'><strong>LXX</strong></span> <span class='ocrx_word' id='word_1_227' title='bbox 2589 1445 2601 1478; x_wconf 91' lang='lat'>:</span> <span class='ocrx_word' id='word_1_228' title='bbox 2637 1425 2775 1492; x_wconf 85' lang='lat' dir='ltr'><strong>Quid</strong></span> <span class='ocrx_word' id='word_1_229' title='bbox 2806 1427 3012 1493; x_wconf 80' lang='lat' dir='ltr'><strong>prodest</strong></span> <span class='ocrx_word' id='word_1_230' title='bbox 3044 1427 3303 1496; x_wconf 75' lang='lat' dir='ltr'><strong>sculptile,</strong></span> <span class='ocrx_word' id='word_1_231' title='bbox 3339 1428 3464 1489; x_wconf 85' lang='lat' dir='ltr'><strong>quia</strong></span> <span class='ocrx_word' id='word_1_232' title='bbox 3495 1427 3805 1493; x_wconf 79' lang='lat' dir='ltr'><strong>sculpserunt</strong></span> 
     </span>
    </p>
   </div>
   <div class='ocr_carea' id='block_1_30' title="bbox 2215 1517 3806 1591">
    <p class='ocr_par' dir='ltr' id='par_1_30' title="bbox 2215 1517 3806 1591">
     <span class='ocr_line' id='line_1_30' title="bbox 2215 1517 3806 1591; baseline -0.001 -20"><span class='ocrx_word' id='word_1_233' title='bbox 2215 1517 2351 1571; x_wconf 80' lang='lat' dir='ltr'><strong>illud</strong></span> <span class='ocrx_word' id='word_1_234' title='bbox 2382 1534 2401 1582; x_wconf 91' lang='lat'><strong>;</strong></span> <span class='ocrx_word' id='word_1_235' title='bbox 2430 1521 2779 1587; x_wconf 88' lang='lat' dir='ltr'><strong>formaverunt</strong></span> <span class='ocrx_word' id='word_1_236' title='bbox 2809 1519 2940 1571; x_wconf 87' lang='lat' dir='ltr'><strong>illud</strong></span> <span class='ocrx_word' id='word_1_237' title='bbox 2971 1519 3250 1588; x_wconf 75' lang='lat' dir='ltr'><strong>conﬂatile,</strong></span> <span class='ocrx_word' id='word_1_238' title='bbox 3285 1519 3566 1591; x_wconf 86' lang='lat' dir='ltr'><strong>imaginem</strong></span> <span class='ocrx_word' id='word_1_239' title='bbox 3595 1517 3806 1589; x_wconf 78' lang='lat' dir='ltr'><strong>falsam?</strong></span> 
     </span>
    </p>
   </div>
   <div class='ocr_carea' id='block_1_31' title="bbox 2216 1610 3806 1684">
    <p class='ocr_par' dir='ltr' id='par_1_31' title="bbox 2216 1610 3806 1684">
     <span class='ocr_line' id='line_1_31' title="bbox 2216 1610 3806 1684; baseline -0.001 -21"><span class='ocrx_word' id='word_1_240' title='bbox 2216 1612 2340 1680; x_wconf 88' lang='lat' dir='ltr'><strong>quia</strong></span> <span class='ocrx_word' id='word_1_241' title='bbox 2384 1610 2598 1680; x_wconf 88' lang='lat' dir='ltr'><strong>conﬁdit</strong></span> <span class='ocrx_word' id='word_1_242' title='bbox 2630 1610 2781 1680; x_wconf 86' lang='lat' dir='ltr'><strong>ﬁctor</strong></span> <span class='ocrx_word' id='word_1_243' title='bbox 2819 1611 2876 1664; x_wconf 85' lang='lat' dir='ltr'><strong>in</strong></span> <span class='ocrx_word' id='word_1_244' title='bbox 2927 1612 3172 1684; x_wconf 85' lang='lat' dir='ltr'><strong>ﬁgmento</strong></span> <span class='ocrx_word' id='word_1_245' title='bbox 3212 1629 3328 1679; x_wconf 82' lang='lat' dir='ltr'><strong>suo,</strong></span> <span class='ocrx_word' id='word_1_246' title='bbox 3379 1623 3434 1664; x_wconf 89' lang='lat' dir='ltr'><strong>ut</strong></span> <span class='ocrx_word' id='word_1_247' title='bbox 3482 1613 3639 1681; x_wconf 80' lang='lat' dir='ltr'><strong>faciat</strong></span> <span class='ocrx_word' id='word_1_248' title='bbox 3681 1610 3806 1663; x_wconf 87' lang='lat' dir='ltr'><strong>idola</strong></span> 
     </span>
    </p>
   </div>
   <div class='ocr_carea' id='block_1_32' title="bbox 2217 1704 3808 1778">
    <p class='ocr_par' dir='ltr' id='par_1_32' title="bbox 2217 1704 3808 1778">
     <span class='ocr_line' id='line_1_32' title="bbox 2217 1704 3808 1778; baseline 0.001 -21"><span class='ocrx_word' id='word_1_249' title='bbox 2217 1715 2380 1758; x_wconf 84' lang='lat' dir='ltr'><strong>muta.</strong></span> <span class='ocrx_word' id='word_1_250' title='bbox 2418 1704 2832 1772; x_wconf 86' lang='lat' dir='ltr'><strong>Consequenter</strong></span> <span class='ocrx_word' id='word_1_251' title='bbox 2860 1705 3237 1776; x_wconf 79' lang='lat' dir='ltr'><strong>superioribus</strong></span> <span class='ocrx_word' id='word_1_252' title='bbox 3277 1707 3384 1778; x_wconf 78' lang='lat' dir='ltr'><strong>(Al.</strong></span> <span class='ocrx_word' id='word_1_253' title='bbox 3434 1707 3489 1761; x_wconf 86' lang='lat' dir='ltr'><strong>in</strong></span> <span class='ocrx_word' id='word_1_254' title='bbox 3531 1705 3808 1777; x_wconf 86' lang='lat' dir='ltr'><strong>superiori-</strong></span> 
     </span>
    </p>
   </div>
   <div class='ocr_carea' id='block_1_33' title="bbox 511 1797 3808 1872">
    <p class='ocr_par' dir='ltr' id='par_1_33' title="bbox 511 1797 3808 1872">
     <span class='ocr_line' id='line_1_33' title="bbox 511 1797 3808 1872; baseline -0.001 -16"><span class='ocrx_word' id='word_1_255' title='bbox 511 1801 745 1863; x_wconf 88' lang='lat' dir='ltr'><strong>directa,</strong></span> <span class='ocrx_word' id='word_1_256' title='bbox 780 1802 859 1856; x_wconf 88' lang='lat' dir='ltr'><strong>eis</strong></span> <span class='ocrx_word' id='word_1_257' title='bbox 890 1812 1135 1857; x_wconf 86' lang='lat' dir='ltr'><strong>vertetur</strong></span> <span class='ocrx_word' id='word_1_258' title='bbox 1163 1803 1213 1856; x_wconf 92' lang='lat' dir='ltr'><strong>in</strong></span> <span class='ocrx_word' id='word_1_259' title='bbox 1237 1810 1546 1872; x_wconf 86' lang='lat' dir='ltr'><strong>peccatum,</strong></span> <span class='ocrx_word' id='word_1_260' title='bbox 1577 1809 1634 1856; x_wconf 88' lang='lat' dir='ltr'><strong>et</strong></span> <span class='ocrx_word' id='word_1_261' title='bbox 1664 1801 1912 1871; x_wconf 86' lang='lat' dir='ltr'><strong>impietas</strong></span> <span class='ocrx_word' id='word_1_262' title='bbox 1932 1799 2112 1854; x_wconf 91' lang='lat' dir='ltr'><strong>cultus</strong></span> <span class='ocrx_word' id='word_1_263' title='bbox 2143 1808 2188 1868; x_wconf 80' lang='grc' dir='ltr'>Β</span> <span class='ocrx_word' id='word_1_264' title='bbox 2217 1799 2340 1862; x_wconf 79' lang='lat' dir='ltr'><strong>bus‘;</strong></span> <span class='ocrx_word' id='word_1_265' title='bbox 2375 1798 2442 1852; x_wconf 90' lang='lat' dir='ltr'><strong>de</strong></span> <span class='ocrx_word' id='word_1_266' title='bbox 2471 1797 2974 1854; x_wconf 61' lang='lat' dir='ltr'><strong>Nabuchodonosor</strong></span> <span class='ocrx_word' id='word_1_267' title='bbox 3002 1799 3226 1867; x_wconf 63' lang='lat' dir='ltr'><strong>dicitur,</strong></span> <span class='ocrx_word' id='word_1_268' title='bbox 3256 1800 3398 1870; x_wconf 88' lang='lat' dir='ltr'><strong>qttod</strong></span> <span class='ocrx_word' id='word_1_269' title='bbox 3434 1801 3724 1856; x_wconf 84' lang='lat' dir='ltr'><strong>fabricatus</strong></span> <span class='ocrx_word' id='word_1_270' title='bbox 3747 1798 3808 1853; x_wconf 89' lang='lat' dir='ltr'><strong>sit</strong></span> 
     </span>
    </p>
   </div>
   <div class='ocr_carea' id='block_1_34' title="bbox 514 1893 2111 1965">
    <p class='ocr_par' dir='ltr' id='par_1_34' title="bbox 514 1893 2111 1965">
     <span class='ocr_line' id='line_1_34' title="bbox 514 1893 2111 1965; baseline -0.003 -16"><span class='ocrx_word' id='word_1_271' title='bbox 514 1896 607 1950; x_wconf 87' lang='lat' dir='ltr'><strong>Dei</strong></span> <span class='ocrx_word' id='word_1_272' title='bbox 648 1895 859 1965; x_wconf 89' lang='lat' dir='ltr'><strong>operiet</strong></span> <span class='ocrx_word' id='word_1_273' title='bbox 893 1910 1006 1951; x_wconf 87' lang='lat' dir='ltr'><strong>eos.</strong></span> <span class='ocrx_word' id='word_1_274' title='bbox 1059 1895 1212 1950; x_wconf 86' lang='lat' dir='ltr'><strong>Unde</strong></span> <span class='ocrx_word' id='word_1_275' title='bbox 1249 1896 1494 1965; x_wconf 91' lang='lat' dir='ltr'><strong>sequitur</strong></span> <span class='ocrx_word' id='word_1_276' title='bbox 1528 1913 1538 1948; x_wconf 93' lang='lat'>:</span> <span class='ocrx_word' id='word_1_277' title='bbox 1577 1894 1642 1947; x_wconf 83' lang='lat' dir='ltr'><strong>Et</strong></span> <span class='ocrx_word' id='word_1_278' title='bbox 1683 1895 1888 1948; x_wconf 83' lang='lat' dir='ltr'><strong>miseria</strong></span> <span class='ocrx_word' id='word_1_279' title='bbox 1924 1893 2111 1947; x_wconf 86' lang='lat' dir='ltr'><strong>bestia-</strong></span> 
     </span>
    </p>
   </div>
   <div class='ocr_carea' id='block_1_35' title="bbox 506 1987 2112 2060">
    <p class='ocr_par' dir='ltr' id='par_1_35' title="bbox 506 1987 2112 2060">
     <span class='ocr_line' id='line_1_35' title="bbox 506 1987 2112 2060; baseline -0.001 -18"><span class='ocrx_word' id='word_1_280' title='bbox 506 2005 626 2042; x_wconf 85' lang='lat' dir='ltr'><strong>rum</strong></span> <span class='ocrx_word' id='word_1_281' title='bbox 651 1990 862 2043; x_wconf 79' lang='lat' dir='ltr'><strong>terrebit</strong></span> <span class='ocrx_word' id='word_1_282' title='bbox 892 1998 940 2043; x_wconf 87' lang='lat' dir='ltr'><strong>te</strong></span> <span class='ocrx_word' id='word_1_283' title='bbox 967 2000 1178 2059; x_wconf 85' lang='lat' dir='ltr'><strong>pr0pter</strong></span> <span class='ocrx_word' id='word_1_284' title='bbox 1203 1989 1506 2060; x_wconf 86' lang='lat' dir='ltr'><strong>sanguinem</strong></span> <span class='ocrx_word' id='word_1_285' title='bbox 1536 1987 1818 2053; x_wconf 81' lang='lat' dir='ltr'><strong>hominum,</strong></span> <span class='ocrx_word' id='word_1_286' title='bbox 1845 1997 1893 2042; x_wconf 87' lang='lat' dir='ltr'><strong>et</strong></span> <span class='ocrx_word' id='word_1_287' title='bbox 1929 1987 2112 2059; x_wconf 85' lang='lat' dir='ltr'><strong>impie-</strong></span> 
     </span>
    </p>
   </div>
   <div class='ocr_carea' id='block_1_36' title="bbox 509 2083 2105 2152">
    <p class='ocr_par' dir='ltr' id='par_1_36' title="bbox 509 2083 2105 2152">
     <span class='ocr_line' id='line_1_36' title="bbox 509 2083 2105 2152; baseline 0 -16"><span class='ocrx_word' id='word_1_288' title='bbox 509 2093 642 2137; x_wconf 83' lang='lat' dir='ltr'><strong>tates</strong></span> <span class='ocrx_word' id='word_1_289' title='bbox 669 2093 839 2150; x_wconf 58' lang='lat' dir='ltr'><strong>terrai,</strong></span> <span class='ocrx_word' id='word_1_290' title='bbox 875 2094 920 2137; x_wconf 87' lang='lat' dir='ltr'><strong>et</strong></span> <span class='ocrx_word' id='word_1_291' title='bbox 947 2085 1194 2152; x_wconf 86' lang='lat' dir='ltr'><strong>civitatis,</strong></span> <span class='ocrx_word' id='word_1_292' title='bbox 1228 2094 1275 2137; x_wconf 88' lang='lat' dir='ltr'><strong>et</strong></span> <span class='ocrx_word' id='word_1_293' title='bbox 1304 2085 1532 2138; x_wconf 88' lang='lat' dir='ltr'><strong>omnium</strong></span> <span class='ocrx_word' id='word_1_294' title='bbox 1563 2084 1906 2137; x_wconf 76' lang='lat' dir='ltr'><strong>habitantium</strong></span> <span class='ocrx_word' id='word_1_295' title='bbox 1936 2083 1989 2135; x_wconf 85' lang='lat' dir='ltr'><strong>in</strong></span> <span class='ocrx_word' id='word_1_296' title='bbox 2027 2099 2105 2136; x_wconf 81' lang='lat' dir='ltr'><strong>ea.</strong></span> 
     </span>
    </p>
   </div>
   <div class='ocr_carea' id='block_1_37' title="bbox 506 2175 2113 2247">
    <p class='ocr_par' dir='ltr' id='par_1_37' title="bbox 506 2175 2113 2247">
     <span class='ocr_line' id='line_1_37' title="bbox 506 2175 2113 2247; baseline -0.002 -15"><span class='ocrx_word' id='word_1_297' title='bbox 506 2175 576 2232; x_wconf 83' lang='lat' dir='ltr'><strong>Et</strong></span> <span class='ocrx_word' id='word_1_298' title='bbox 601 2185 685 2230; x_wconf 89' lang='lat' dir='ltr'><strong>est</strong></span> <span class='ocrx_word' id='word_1_299' title='bbox 713 2191 907 2232; x_wconf 88' lang='lat' dir='ltr'><strong>sensus</strong></span> <span class='ocrx_word' id='word_1_300' title='bbox 937 2195 949 2230; x_wconf 92' lang='lat'><strong>:</strong></span> <span class='ocrx_word' id='word_1_301' title='bbox 985 2177 1094 2232; x_wconf 83' lang='lat' dir='ltr'><strong>Eos</strong></span> <span class='ocrx_word' id='word_1_302' title='bbox 1123 2190 1262 2247; x_wconf 90' lang='lat' dir='ltr'><strong>quos</strong></span> <span class='ocrx_word' id='word_1_303' title='bbox 1285 2177 1391 2231; x_wconf 83' lang='lat' dir='ltr'><strong>tuis</strong></span> <span class='ocrx_word' id='word_1_304' title='bbox 1415 2175 1704 2232; x_wconf 80' lang='lat' dir='ltr'><strong>fraudibus</strong></span> <span class='ocrx_word' id='word_1_305' title='bbox 1737 2176 2022 2246; x_wconf 79' lang='lat' dir='ltr'><strong>decepisti,</strong></span> <span class='ocrx_word' id='word_1_306' title='bbox 2057 2185 2113 2230; x_wconf 90' lang='lat' dir='ltr'><strong>et</strong></span> 
     </span>
    </p>
   </div>
   <div class='ocr_carea' id='block_1_38' title="bbox 510 2267 2109 2335">
    <p class='ocr_par' dir='ltr' id='par_1_38' title="bbox 510 2267 2109 2335">
     <span class='ocr_line' id='line_1_38' title="bbox 510 2267 2109 2335; baseline -0.001 -11"><span class='ocrx_word' id='word_1_307' title='bbox 510 2270 579 2325; x_wconf 89' lang='lat' dir='ltr'><strong>de</strong></span> <span class='ocrx_word' id='word_1_308' title='bbox 610 2269 804 2325; x_wconf 91' lang='lat' dir='ltr'><strong>ovibus</strong></span> <span class='ocrx_word' id='word_1_309' title='bbox 845 2267 1049 2324; x_wconf 85' lang='lat' dir='ltr'><strong>Christi</strong></span> <span class='ocrx_word' id='word_1_310' title='bbox 1079 2268 1256 2324; x_wconf 89' lang='lat' dir='ltr'><strong>fecisti</strong></span> <span class='ocrx_word' id='word_1_311' title='bbox 1288 2283 1410 2324; x_wconf 89' lang='lat' dir='ltr'><strong>esse</strong></span> <span class='ocrx_word' id='word_1_312' title='bbox 1437 2269 1639 2324; x_wconf 89' lang='lat' dir='ltr'><strong>bestias</strong></span> <span class='ocrx_word' id='word_1_313' title='bbox 1673 2278 1794 2324; x_wconf 92' lang='lat' dir='ltr'><strong>tuas</strong></span> <span class='ocrx_word' id='word_1_314' title='bbox 1818 2311 1833 2335; x_wconf 95' lang='lat'><strong>,</strong></span> <span class='ocrx_word' id='word_1_315' title='bbox 1875 2284 1997 2324; x_wconf 91' lang='lat' dir='ltr'><strong>cum</strong></span> <span class='ocrx_word' id='word_1_316' title='bbox 2029 2269 2109 2323; x_wconf 89' lang='lat' dir='ltr'><strong>vi-</strong></span> 
     </span>
    </p>
   </div>
   <div class='ocr_carea' id='block_1_39' title="bbox 506 2363 2110 2434">
    <p class='ocr_par' dir='ltr' id='par_1_39' title="bbox 506 2363 2110 2434">
     <span class='ocr_line' id='line_1_39' title="bbox 506 2363 2110 2434; baseline -0.002 -14"><span class='ocrx_word' id='word_1_317' title='bbox 506 2365 656 2420; x_wconf 90' lang='lat' dir='ltr'><strong>deris</strong></span> <span class='ocrx_word' id='word_1_318' title='bbox 686 2365 739 2419; x_wconf 91' lang='lat' dir='ltr'><strong>in</strong></span> <span class='ocrx_word' id='word_1_319' title='bbox 773 2363 1014 2428; x_wconf 89' lang='lat' dir='ltr'><strong>miseria,</strong></span> <span class='ocrx_word' id='word_1_320' title='bbox 1047 2373 1102 2418; x_wconf 91' lang='lat' dir='ltr'><strong>et</strong></span> <span class='ocrx_word' id='word_1_321' title='bbox 1129 2379 1225 2432; x_wconf 86' lang='lat' dir='ltr'><strong>pro</strong></span> <span class='ocrx_word' id='word_1_322' title='bbox 1255 2377 1446 2418; x_wconf 88' lang='lat' dir='ltr'><strong>errore</strong></span> <span class='ocrx_word' id='word_1_323' title='bbox 1494 2363 1768 2418; x_wconf 86' lang='lat' dir='ltr'><strong>sustinere</strong></span> <span class='ocrx_word' id='word_1_324' title='bbox 1797 2364 2062 2434; x_wconf 89' lang='lat' dir='ltr'><strong>supplicia</strong></span> <span class='ocrx_word' id='word_1_325' title='bbox 2097 2381 2110 2416; x_wconf 91' lang='lat'><strong>:</strong></span> 
     </span>
    </p>
   </div>
   <div class='ocr_carea' id='block_1_40' title="bbox 510 2458 2109 2529">
    <p class='ocr_par' dir='ltr' id='par_1_40' title="bbox 510 2458 2109 2529">
     <span class='ocr_line' id='line_1_40' title="bbox 510 2458 2109 2529; baseline -0.001 -14"><span class='ocrx_word' id='word_1_326' title='bbox 510 2472 638 2515; x_wconf 86' lang='lat' dir='ltr'><strong>tunc</strong></span> <span class='ocrx_word' id='word_1_327' title='bbox 672 2459 990 2526; x_wconf 86' lang='lat' dir='ltr'><strong>terreberis,</strong></span> <span class='ocrx_word' id='word_1_328' title='bbox 1045 2469 1170 2514; x_wconf 91' lang='lat' dir='ltr'><strong>tunc</strong></span> <span class='ocrx_word' id='word_1_329' title='bbox 1198 2459 1430 2529; x_wconf 90' lang='lat' dir='ltr'><strong>jacehis.</strong></span> <span class='ocrx_word' id='word_1_330' title='bbox 1464 2458 1543 2513; x_wconf 86' lang='lat' dir='ltr'><strong>Ac</strong></span> <span class='ocrx_word' id='word_1_331' title='bbox 1572 2473 1641 2514; x_wconf 90' lang='lat' dir='ltr'><strong>ne</strong></span> <span class='ocrx_word' id='word_1_332' title='bbox 1667 2459 1952 2514; x_wconf 88' lang='lat' dir='ltr'><strong>arbitreris</strong></span> <span class='ocrx_word' id='word_1_333' title='bbox 2001 2473 2109 2528; x_wconf 91' lang='lat' dir='ltr'><strong>me,</strong></span> 
     </span>
    </p>
   </div>
   <div class='ocr_carea' id='block_1_41' title="bbox 508 2549 2115 2622">
    <p class='ocr_par' dir='ltr' id='par_1_41' title="bbox 508 2549 2115 2622">
     <span class='ocr_line' id='line_1_41' title="bbox 508 2549 2115 2622; baseline 0.001 -18"><span class='ocrx_word' id='word_1_334' title='bbox 508 2552 634 2622; x_wconf 92' lang='lat' dir='ltr'><strong>quia</strong></span> <span class='ocrx_word' id='word_1_335' title='bbox 682 2550 946 2605; x_wconf 88' lang='lat' dir='ltr'><strong>Libanum</strong></span> <span class='ocrx_word' id='word_1_336' title='bbox 984 2559 1038 2605; x_wconf 90' lang='lat' dir='ltr'><strong>et</strong></span> <span class='ocrx_word' id='word_1_337' title='bbox 1073 2549 1194 2619; x_wconf 92' lang='lat' dir='ltr'><strong>ejus</strong></span> <span class='ocrx_word' id='word_1_338' title='bbox 1238 2549 1441 2606; x_wconf 88' lang='lat' dir='ltr'><strong>bestias</strong></span> <span class='ocrx_word' id='word_1_339' title='bbox 1482 2550 1782 2617; x_wconf 86' lang='lat' dir='ltr'><strong>nominavi,</strong></span> <span class='ocrx_word' id='word_1_340' title='bbox 1830 2550 1898 2605; x_wconf 91' lang='lat' dir='ltr'><strong>de</strong></span> <span class='ocrx_word' id='word_1_341' title='bbox 1939 2550 2115 2606; x_wconf 88' lang='lat' dir='ltr'><strong>brutis</strong></span> 
     </span>
    </p>
   </div>
   <div class='ocr_carea' id='block_1_42' title="bbox 510 2645 2116 2716">
    <p class='ocr_par' dir='ltr' id='par_1_42' title="bbox 510 2645 2116 2716">
     <span class='ocr_line' id='line_1_42' title="bbox 510 2645 2116 2716; baseline 0 -16"><span class='ocrx_word' id='word_1_342' title='bbox 510 2646 864 2710; x_wconf 87' lang='lat' dir='ltr'><strong>animalibus,</strong></span> <span class='ocrx_word' id='word_1_343' title='bbox 895 2654 948 2699; x_wconf 90' lang='lat' dir='ltr'><strong>et</strong></span> <span class='ocrx_word' id='word_1_344' title='bbox 978 2660 1086 2700; x_wconf 90' lang='lat' dir='ltr'><strong>non</strong></span> <span class='ocrx_word' id='word_1_345' title='bbox 1115 2645 1184 2700; x_wconf 89' lang='lat' dir='ltr'><strong>de</strong></span> <span class='ocrx_word' id='word_1_346' title='bbox 1219 2645 1533 2700; x_wconf 90' lang='lat' dir='ltr'><strong>hominibus</strong></span> <span class='ocrx_word' id='word_1_347' title='bbox 1573 2645 1740 2716; x_wconf 82' lang='lat' dir='ltr'><strong>loqui,</strong></span> <span class='ocrx_word' id='word_1_348' title='bbox 1774 2645 2116 2700; x_wconf 81' lang='lat' dir='ltr'><strong>manifestius</strong></span> 
     </span>
    </p>
   </div>
   <div class='ocr_carea' id='block_1_43' title="bbox 509 2739 2112 2810">
    <p class='ocr_par' dir='ltr' id='par_1_43' title="bbox 509 2739 2112 2810">
     <span class='ocr_line' id='line_1_43' title="bbox 509 2739 2112 2810; baseline -0.001 -14"><span class='ocrx_word' id='word_1_349' title='bbox 509 2742 611 2796; x_wconf 88' lang='lat' dir='ltr'><strong>tibi</strong></span> <span class='ocrx_word' id='word_1_350' title='bbox 640 2742 765 2796; x_wconf 90' lang='lat' dir='ltr'><strong>dtco</strong></span> <span class='ocrx_word' id='word_1_351' title='bbox 792 2759 806 2796; x_wconf 90' lang='lat'><strong>:</strong></span> <span class='ocrx_word' id='word_1_352' title='bbox 833 2741 1142 2797; x_wconf 88' lang='lat' dir='ltr'><strong>Sustinebis</strong></span> <span class='ocrx_word' id='word_1_353' title='bbox 1173 2740 1308 2804; x_wconf 72' lang='lat' dir='ltr'><strong>htec,</strong></span> <span class='ocrx_word' id='word_1_354' title='bbox 1340 2740 1462 2810; x_wconf 91' lang='lat' dir='ltr'><strong>quia</strong></span> <span class='ocrx_word' id='word_1_355' title='bbox 1496 2741 1795 2795; x_wconf 90' lang='lat' dir='ltr'><strong>multorum</strong></span> <span class='ocrx_word' id='word_1_356' title='bbox 1833 2739 2112 2794; x_wconf 88' lang='lat' dir='ltr'><strong>hominum</strong></span> 
     </span>
    </p>
   </div>
   <div class='ocr_carea' id='block_1_44' title="bbox 507 2834 2117 2907">
    <p class='ocr_par' dir='ltr' id='par_1_44' title="bbox 507 2834 2117 2907">
     <span class='ocr_line' id='line_1_44' title="bbox 507 2834 2117 2907; baseline -0.001 -16"><span class='ocrx_word' id='word_1_357' title='bbox 507 2837 693 2891; x_wconf 88' lang='lat' dir='ltr'><strong>fudisti</strong></span> <span class='ocrx_word' id='word_1_358' title='bbox 720 2836 1039 2907; x_wconf 83' lang='lat' dir='ltr'><strong>sanguinem</strong></span> <span class='ocrx_word' id='word_1_359' title='bbox 1069 2883 1082 2906; x_wconf 92' lang='lat'><strong>,</strong></span> <span class='ocrx_word' id='word_1_360' title='bbox 1115 2851 1253 2907; x_wconf 89' lang='lat' dir='ltr'><strong>quos</strong></span> <span class='ocrx_word' id='word_1_361' title='bbox 1293 2836 1404 2891; x_wconf 90' lang='lat' dir='ltr'><strong>Deo</strong></span> <span class='ocrx_word' id='word_1_362' title='bbox 1430 2834 1606 2906; x_wconf 89' lang='lat' dir='ltr'><strong>perire</strong></span> <span class='ocrx_word' id='word_1_363' title='bbox 1635 2835 1832 2891; x_wconf 83' lang='lat' dir='ltr'><strong>fecisti.</strong></span> <span class='ocrx_word' id='word_1_364' title='bbox 1867 2836 1929 2890; x_wconf 88' lang='lat' dir='ltr'><strong>Et</strong></span> <span class='ocrx_word' id='word_1_365' title='bbox 1957 2850 2117 2890; x_wconf 84' lang='lat' dir='ltr'><strong>exer-</strong></span> 
     </span>
    </p>
   </div>
   <div class='ocr_carea' id='block_1_45' title="bbox 512 2931 2112 3002">
    <p class='ocr_par' dir='ltr' id='par_1_45' title="bbox 512 2931 2112 3002">
     <span class='ocr_line' id='line_1_45' title="bbox 512 2931 2112 3002; baseline -0.001 -16"><span class='ocrx_word' id='word_1_366' title='bbox 512 2931 674 2987; x_wconf 88' lang='lat' dir='ltr'><strong>cuisti</strong></span> <span class='ocrx_word' id='word_1_367' title='bbox 707 2932 1039 3002; x_wconf 89' lang='lat' dir='ltr'><strong>impietatem</strong></span> <span class='ocrx_word' id='word_1_368' title='bbox 1074 2933 1125 2985; x_wconf 91' lang='lat' dir='ltr'><strong>itt</strong></span> <span class='ocrx_word' id='word_1_369' title='bbox 1157 2939 1302 2986; x_wconf 89' lang='lat' dir='ltr'><strong>terra</strong></span> <span class='ocrx_word' id='word_1_370' title='bbox 1331 2931 1659 2996; x_wconf 77' lang='lat' dir='ltr'><strong>viventium,</strong></span> <span class='ocrx_word' id='word_1_371' title='bbox 1691 2931 1744 2985; x_wconf 92' lang='lat' dir='ltr'><strong>in</strong></span> <span class='ocrx_word' id='word_1_372' title='bbox 1776 2940 1918 2984; x_wconf 88' lang='lat' dir='ltr'><strong>terra</strong></span> <span class='ocrx_word' id='word_1_373' title='bbox 1960 2945 2112 2984; x_wconf 57' lang='lat' dir='ltr'><strong>man.</strong></span> 
     </span>
    </p>
   </div>
   <div class='ocr_carea' id='block_1_46' title="bbox 511 3025 2116 3096">
    <p class='ocr_par' dir='ltr' id='par_1_46' title="bbox 511 3025 2116 3096">
     <span class='ocr_line' id='line_1_46' title="bbox 511 3025 2116 3096; baseline 0 -14"><span class='ocrx_word' id='word_1_374' title='bbox 511 3036 818 3096; x_wconf 80' lang='lat' dir='ltr'><strong>Sttetorum,</strong></span> <span class='ocrx_word' id='word_1_375' title='bbox 842 3036 897 3082; x_wconf 89' lang='lat' dir='ltr'><strong>et</strong></span> <span class='ocrx_word' id='word_1_376' title='bbox 926 3027 1180 3096; x_wconf 89' lang='lat' dir='ltr'><strong>impietas</strong></span> <span class='ocrx_word' id='word_1_377' title='bbox 1208 3035 1295 3079; x_wconf 88' lang='lat' dir='ltr'><strong>ttta</strong></span> <span class='ocrx_word' id='word_1_378' title='bbox 1328 3026 1382 3080; x_wconf 93' lang='lat' dir='ltr'><strong>in</strong></span> <span class='ocrx_word' id='word_1_379' title='bbox 1411 3027 1634 3080; x_wconf 83' lang='lat' dir='ltr'><strong>civitate</strong></span> <span class='ocrx_word' id='word_1_380' title='bbox 1661 3041 1873 3096; x_wconf 90' lang='lat' dir='ltr'><strong>quoque</strong></span> <span class='ocrx_word' id='word_1_381' title='bbox 1905 3025 2116 3082; x_wconf 90' lang='lat' dir='ltr'><strong>Domini</strong></span> 
     </span>
    </p>
   </div>
   <div class='ocr_carea' id='block_1_47' title="bbox 511 3118 2113 3190">
    <p class='ocr_par' dir='ltr' id='par_1_47' title="bbox 511 3118 2113 3190">
     <span class='ocr_line' id='line_1_47' title="bbox 511 3118 2113 3190; baseline -0.002 -13"><span class='ocrx_word' id='word_1_382' title='bbox 511 3121 762 3188; x_wconf 74' lang='lat' dir='ltr'><strong>desaevit,</strong></span> <span class='ocrx_word' id='word_1_383' title='bbox 791 3122 841 3175; x_wconf 91' lang='lat' dir='ltr'><strong>id</strong></span> <span class='ocrx_word' id='word_1_384' title='bbox 874 3131 976 3188; x_wconf 72' lang='grc' dir='ltr'><strong>εει,</strong></span> <span class='ocrx_word' id='word_1_385' title='bbox 1012 3121 1068 3176; x_wconf 90' lang='lat' dir='ltr'><strong>in</strong></span> <span class='ocrx_word' id='word_1_386' title='bbox 1099 3120 1341 3176; x_wconf 80' lang='lat' dir='ltr'><strong>Ecclesia</strong></span> <span class='ocrx_word' id='word_1_387' title='bbox 1370 3120 1518 3188; x_wconf 89' lang='lat' dir='ltr'><strong>ejus;</strong></span> <span class='ocrx_word' id='word_1_388' title='bbox 1547 3120 1854 3190; x_wconf 87' lang='lat' dir='ltr'><strong>multosque</strong></span> <span class='ocrx_word' id='word_1_389' title='bbox 1885 3121 1973 3190; x_wconf 86' lang='lat' dir='ltr'><strong>qui</strong></span> <span class='ocrx_word' id='word_1_390' title='bbox 2014 3118 2113 3173; x_wconf 85' lang='lat' dir='ltr'><strong>ha-</strong></span> 
     </span>
    </p>
   </div>
   <div class='ocr_carea' id='block_1_48' title="bbox 2217 1892 3806 1965">
    <p class='ocr_par' dir='ltr' id='par_1_48' title="bbox 2217 1892 3806 1965">
     <span class='ocr_line' id='line_1_48' title="bbox 2217 1892 3806 1965; baseline 0 -17"><span class='ocrx_word' id='word_1_391' title='bbox 2217 1902 2447 1948; x_wconf 87' lang='lat' dir='ltr'><strong>statttam</strong></span> <span class='ocrx_word' id='word_1_392' title='bbox 2499 1893 2628 1947; x_wconf 90' lang='lat' dir='ltr'><strong>idoli</strong></span> <span class='ocrx_word' id='word_1_393' title='bbox 2661 1892 2774 1960; x_wconf 88' lang='lat' dir='ltr'><strong>Bel,</strong></span> <span class='ocrx_word' id='word_1_394' title='bbox 2821 1904 2876 1948; x_wconf 88' lang='lat' dir='ltr'><strong>et</strong></span> <span class='ocrx_word' id='word_1_395' title='bbox 2901 1894 3142 1963; x_wconf 90' lang='lat' dir='ltr'><strong>posuerit</strong></span> <span class='ocrx_word' id='word_1_396' title='bbox 3187 1911 3307 1950; x_wconf 87' lang='lat' dir='ltr'><strong>eam</strong></span> <span class='ocrx_word' id='word_1_397' title='bbox 3335 1896 3386 1950; x_wconf 91' lang='lat' dir='ltr'><strong>in</strong></span> <span class='ocrx_word' id='word_1_398' title='bbox 3419 1911 3613 1965; x_wconf 89' lang='lat' dir='ltr'><strong>campo</strong></span> <span class='ocrx_word' id='word_1_399' title='bbox 3636 1893 3806 1949; x_wconf 85' lang='lat' dir='ltr'><strong>Dura:</strong></span> 
     </span>
    </p>
   </div>
   <div class='ocr_carea' id='block_1_49' title="bbox 2216 1985 3808 2061">
    <p class='ocr_par' dir='ltr' id='par_1_49' title="bbox 2216 1985 3808 2061">
     <span class='ocr_line' id='line_1_49' title="bbox 2216 1985 3808 2061; baseline 0.003 -22"><span class='ocrx_word' id='word_1_400' title='bbox 2216 1985 2242 2023; x_wconf 69' lang='grc' dir='ltr'><strong>ιι</strong></span> <span class='ocrx_word' id='word_1_401' title='bbox 2265 1986 2400 2054; x_wconf 84' lang='lat' dir='ltr'><strong>sive,</strong></span> <span class='ocrx_word' id='word_1_402' title='bbox 2426 1997 2479 2040; x_wconf 91' lang='lat' dir='ltr'><strong>ut</strong></span> <span class='ocrx_word' id='word_1_403' title='bbox 2502 1986 2554 2041; x_wconf 92' lang='lat' dir='ltr'><strong>in</strong></span> <span class='ocrx_word' id='word_1_404' title='bbox 2581 1986 2811 2042; x_wconf 76' lang='lat' dir='ltr'><strong>Hebrzeo</strong></span> <span class='ocrx_word' id='word_1_405' title='bbox 2833 1990 3101 2057; x_wconf 90' lang='lat' dir='ltr'><strong>scriptum</strong></span> <span class='ocrx_word' id='word_1_406' title='bbox 3118 1999 3223 2056; x_wconf 87' lang='lat' dir='ltr'><strong>est,</strong></span> <span class='ocrx_word' id='word_1_407' title='bbox 3245 1987 3389 2044; x_wconf 82' lang='lat' dir='ltr'><strong>Doro</strong></span> <span class='ocrx_word' id='word_1_408' title='bbox 3407 2006 3574 2060; x_wconf 86' lang='lat' dir='ltr'><strong>super</strong></span> <span class='ocrx_word' id='word_1_409' title='bbox 3590 2006 3690 2061; x_wconf 90' lang='lat' dir='ltr'><strong>quo</strong></span> <span class='ocrx_word' id='word_1_410' title='bbox 3708 1990 3808 2060; x_wconf 68' lang='lat' dir='ltr'><strong>plc-</strong></span> 
     </span>
    </p>
   </div>
   <div class='ocr_carea' id='block_1_50' title="bbox 2219 2082 3806 2158">
    <p class='ocr_par' dir='ltr' id='par_1_50' title="bbox 2219 2082 3806 2158">
     <span class='ocr_line' id='line_1_50' title="bbox 2219 2082 3806 2158; baseline 0.002 -21"><span class='ocrx_word' id='word_1_411' title='bbox 2219 2083 2338 2137; x_wconf 88' lang='lat' dir='ltr'><strong>nius</strong></span> <span class='ocrx_word' id='word_1_412' title='bbox 2385 2083 2435 2137; x_wconf 92' lang='lat' dir='ltr'><strong>in</strong></span> <span class='ocrx_word' id='word_1_413' title='bbox 2492 2082 2716 2140; x_wconf 79' lang='lat' dir='ltr'><strong>Daniele</strong></span> <span class='ocrx_word' id='word_1_414' title='bbox 2767 2084 2995 2154; x_wconf 85' lang='lat' dir='ltr'><strong>legimus</strong></span> <span class='ocrx_word' id='word_1_415' title='bbox 3032 2088 3197 2158; x_wconf 83' lang='lat' dir='ltr'><strong>(Dan.</strong></span> <span class='ocrx_word' id='word_1_416' title='bbox 3244 2093 3345 2158; x_wconf 86' lang='lat' dir='ltr'><strong>In).</strong></span> <span class='ocrx_word' id='word_1_417' title='bbox 3378 2087 3606 2143; x_wconf 84' lang='lat' dir='ltr'><strong>Miratur</strong></span> <span class='ocrx_word' id='word_1_418' title='bbox 3650 2087 3806 2156; x_wconf 85' lang='lat' dir='ltr'><strong>itaque</strong></span> 
     </span>
    </p>
   </div>
   <div class='ocr_carea' id='block_1_51' title="bbox 2220 2176 3804 2253">
    <p class='ocr_par' dir='ltr' id='par_1_51' title="bbox 2220 2176 3804 2253">
     <span class='ocr_line' id='line_1_51' title="bbox 2220 2176 3804 2253; baseline 0.002 -22"><span class='ocrx_word' id='word_1_419' title='bbox 2220 2176 2496 2242; x_wconf 85' lang='lat' dir='ltr'><strong>Scriptura</strong></span> <span class='ocrx_word' id='word_1_420' title='bbox 2521 2178 2667 2247; x_wconf 87' lang='lat' dir='ltr'><strong>regis</strong></span> <span class='ocrx_word' id='word_1_421' title='bbox 2695 2180 2985 2233; x_wconf 87' lang='lat' dir='ltr'><strong>amentiam</strong></span> <span class='ocrx_word' id='word_1_422' title='bbox 3009 2191 3059 2234; x_wconf 86' lang='lat' dir='ltr'><strong>et</strong></span> <span class='ocrx_word' id='word_1_423' title='bbox 3085 2181 3392 2246; x_wconf 88' lang='lat' dir='ltr'><strong>stultitiam,</strong></span> <span class='ocrx_word' id='word_1_424' title='bbox 3421 2182 3550 2252; x_wconf 87' lang='lat' dir='ltr'><strong>quia</strong></span> <span class='ocrx_word' id='word_1_425' title='bbox 3575 2183 3684 2253; x_wconf 89' lang='lat' dir='ltr'><strong>ipse</strong></span> <span class='ocrx_word' id='word_1_426' title='bbox 3707 2182 3804 2249; x_wconf 82' lang='lat' dir='ltr'><strong>jus-</strong></span> 
     </span>
    </p>
   </div>
   <div class='ocr_carea' id='block_1_52' title="bbox 2218 2271 3807 2340">
    <p class='ocr_par' dir='ltr' id='par_1_52' title="bbox 2218 2271 3807 2340">
     <span class='ocr_line' id='line_1_52' title="bbox 2218 2271 3807 2340; baseline 0.003 -16"><span class='ocrx_word' id='word_1_427' title='bbox 2218 2271 2351 2324; x_wconf 85' lang='lat' dir='ltr'><strong>serit</strong></span> <span class='ocrx_word' id='word_1_428' title='bbox 2373 2278 2604 2325; x_wconf 88' lang='lat' dir='ltr'><strong>statuam</strong></span> <span class='ocrx_word' id='word_1_429' title='bbox 2631 2287 2852 2327; x_wconf 88' lang='lat' dir='ltr'><strong>auream</strong></span> <span class='ocrx_word' id='word_1_430' title='bbox 2881 2272 3022 2340; x_wconf 85' lang='lat' dir='ltr'><strong>fieri,</strong></span> <span class='ocrx_word' id='word_1_431' title='bbox 3050 2284 3105 2329; x_wconf 89' lang='lat' dir='ltr'><strong>et</strong></span> <span class='ocrx_word' id='word_1_432' title='bbox 3138 2273 3296 2329; x_wconf 86' lang='lat' dir='ltr'><strong>fictor</strong></span> <span class='ocrx_word' id='word_1_433' title='bbox 3318 2274 3560 2330; x_wconf 86' lang='lat' dir='ltr'><strong>confidat</strong></span> <span class='ocrx_word' id='word_1_434' title='bbox 3583 2274 3633 2329; x_wconf 87' lang='lat' dir='ltr'><strong>itt</strong></span> <span class='ocrx_word' id='word_1_435' title='bbox 3660 2274 3807 2328; x_wconf 54' lang='lat' dir='ltr'><strong>simu-</strong></span> 
     </span>
    </p>
   </div>
   <div class='ocr_carea' id='block_1_53' title="bbox 2222 2362 3806 2439">
    <p class='ocr_par' dir='ltr' id='par_1_53' title="bbox 2222 2362 3806 2439">
     <span class='ocr_line' id='line_1_53' title="bbox 2222 2362 3806 2439; baseline 0.003 -22"><span class='ocrx_word' id='word_1_436' title='bbox 2222 2364 2368 2417; x_wconf 88' lang='lat' dir='ltr'><strong>lacro</strong></span> <span class='ocrx_word' id='word_1_437' title='bbox 2393 2362 2534 2433; x_wconf 87' lang='lat' dir='ltr'><strong>quod</strong></span> <span class='ocrx_word' id='word_1_438' title='bbox 2567 2365 2729 2418; x_wconf 78' lang='lat' dir='ltr'><strong>tinxit</strong></span> <span class='ocrx_word' id='word_1_439' title='bbox 2758 2383 2771 2417; x_wconf 88' lang='lat'><strong>:</strong></span> <span class='ocrx_word' id='word_1_440' title='bbox 2817 2365 2958 2436; x_wconf 91' lang='lat' dir='ltr'><strong>quod</strong></span> <span class='ocrx_word' id='word_1_441' title='bbox 2999 2367 3216 2435; x_wconf 88' lang='lat' dir='ltr'><strong>quidem</strong></span> <span class='ocrx_word' id='word_1_442' title='bbox 3246 2383 3540 2439; x_wconf 83' lang='lat' dir='ltr'><strong>possumus</strong></span> <span class='ocrx_word' id='word_1_443' title='bbox 3573 2377 3626 2423; x_wconf 86' lang='lat' dir='ltr'><strong>et</strong></span> <span class='ocrx_word' id='word_1_444' title='bbox 3663 2383 3806 2437; x_wconf 86' lang='lat' dir='ltr'><strong>gene-</strong></span> 
     </span>
    </p>
   </div>
   <div class='ocr_carea' id='block_1_54' title="bbox 2219 2456 3807 2528">
    <p class='ocr_par' dir='ltr' id='par_1_54' title="bbox 2219 2456 3807 2528">
     <span class='ocr_line' id='line_1_54' title="bbox 2219 2456 3807 2528; baseline 0 -16"><span class='ocrx_word' id='word_1_445' title='bbox 2219 2456 2407 2512; x_wconf 89' lang='lat' dir='ltr'><strong>raliter</strong></span> <span class='ocrx_word' id='word_1_446' title='bbox 2428 2466 2616 2511; x_wconf 89' lang='lat' dir='ltr'><strong>contra</strong></span> <span class='ocrx_word' id='word_1_447' title='bbox 2646 2471 2837 2512; x_wconf 90' lang='lat' dir='ltr'><strong>omnes</strong></span> <span class='ocrx_word' id='word_1_448' title='bbox 2863 2457 3134 2514; x_wconf 88' lang='lat' dir='ltr'><strong>idolorum</strong></span> <span class='ocrx_word' id='word_1_449' title='bbox 3157 2460 3413 2528; x_wconf 85' lang='lat' dir='ltr'><strong>accipere</strong></span> <span class='ocrx_word' id='word_1_450' title='bbox 3437 2461 3690 2516; x_wconf 81' lang='lat' dir='ltr'><strong>cultores.</strong></span> <span class='ocrx_word' id='word_1_451' title='bbox 3713 2457 3807 2514; x_wconf 82' lang='lat' dir='ltr'><strong>Nec</strong></span> 
     </span>
    </p>
   </div>
   <div class='ocr_carea' id='block_1_55' title="bbox 2221 2551 3805 2620">
    <p class='ocr_par' dir='ltr' id='par_1_55' title="bbox 2221 2551 3805 2620">
     <span class='ocr_line' id='line_1_55' title="bbox 2221 2551 3805 2620; baseline 0.002 -20"><span class='ocrx_word' id='word_1_452' title='bbox 2221 2557 2471 2618; x_wconf 90' lang='lat' dir='ltr'><strong>putemus</strong></span> <span class='ocrx_word' id='word_1_453' title='bbox 2522 2565 2684 2603; x_wconf 91' lang='lat' dir='ltr'><strong>unum</strong></span> <span class='ocrx_word' id='word_1_454' title='bbox 2734 2565 2857 2605; x_wconf 88' lang='lat' dir='ltr'><strong>esse</strong></span> <span class='ocrx_word' id='word_1_455' title='bbox 2899 2551 3041 2620; x_wconf 91' lang='lat' dir='ltr'><strong>quod</strong></span> <span class='ocrx_word' id='word_1_456' title='bbox 3087 2553 3375 2619; x_wconf 88' lang='lat' dir='ltr'><strong>sculpitur,</strong></span> <span class='ocrx_word' id='word_1_457' title='bbox 3426 2563 3484 2607; x_wconf 89' lang='lat' dir='ltr'><strong>et</strong></span> <span class='ocrx_word' id='word_1_458' title='bbox 3543 2551 3805 2608; x_wconf 86' lang='lat' dir='ltr'><strong>conflatur.</strong></span> 
     </span>
    </p>
   </div>
   <div class='ocr_carea' id='block_1_56' title="bbox 2219 2641 3808 2716">
    <p class='ocr_par' dir='ltr' id='par_1_56' title="bbox 2219 2641 3808 2716">
     <span class='ocr_line' id='line_1_56' title="bbox 2219 2641 3808 2716; baseline 0.002 -20"><span class='ocrx_word' id='word_1_459' title='bbox 2219 2641 2563 2710; x_wconf 89' lang='lat' dir='ltr'><strong>Sculpturam</strong></span> <span class='ocrx_word' id='word_1_460' title='bbox 2595 2641 2794 2712; x_wconf 88' lang='lat' dir='ltr'><strong>quippe</strong></span> <span class='ocrx_word' id='word_1_461' title='bbox 2815 2659 3106 2712; x_wconf 87' lang='lat' dir='ltr'><strong>possumus</strong></span> <span class='ocrx_word' id='word_1_462' title='bbox 3135 2645 3187 2698; x_wconf 87' lang='lat' dir='ltr'><strong>itt</strong></span> <span class='ocrx_word' id='word_1_463' title='bbox 3220 2645 3496 2716; x_wconf 87' lang='lat' dir='ltr'><strong>lapidibus</strong></span> <span class='ocrx_word' id='word_1_464' title='bbox 3525 2658 3576 2701; x_wconf 89' lang='lat' dir='ltr'><strong>et</strong></span> <span class='ocrx_word' id='word_1_465' title='bbox 3603 2645 3655 2700; x_wconf 92' lang='lat' dir='ltr'><strong>in</strong></span> <span class='ocrx_word' id='word_1_466' title='bbox 3685 2658 3808 2700; x_wconf 88' lang='lat' dir='ltr'><strong>mar-</strong></span> 
     </span>
    </p>
   </div>
   <div class='ocr_carea' id='block_1_57' title="bbox 2221 2734 3808 2805">
    <p class='ocr_par' dir='ltr' id='par_1_57' title="bbox 2221 2734 3808 2805">
     <span class='ocr_line' id='line_1_57' title="bbox 2221 2734 3808 2805; baseline 0.003 -17"><span class='ocrx_word' id='word_1_467' title='bbox 2221 2734 2462 2788; x_wconf 86' lang='lat' dir='ltr'><strong>moribus</strong></span> <span class='ocrx_word' id='word_1_468' title='bbox 2484 2734 2733 2805; x_wconf 73' lang='lat' dir='ltr'><strong>accipere</strong></span> <span class='ocrx_word' id='word_1_469' title='bbox 2765 2754 2777 2789; x_wconf 93' lang='lat'>:</span> <span class='ocrx_word' id='word_1_470' title='bbox 2803 2736 3102 2791; x_wconf 83' lang='lat' dir='ltr'><strong>conflatura</strong></span> <span class='ocrx_word' id='word_1_471' title='bbox 3127 2753 3258 2793; x_wconf 86' lang='lat' dir='ltr'><strong>vero</strong></span> <span class='ocrx_word' id='word_1_472' title='bbox 3284 2739 3334 2792; x_wconf 92' lang='lat' dir='ltr'><strong>in</strong></span> <span class='ocrx_word' id='word_1_473' title='bbox 3369 2738 3456 2794; x_wconf 88' lang='lat' dir='ltr'><strong>bis</strong></span> <span class='ocrx_word' id='word_1_474' title='bbox 3487 2739 3710 2795; x_wconf 88' lang='lat' dir='ltr'><strong>metallis</strong></span> <span class='ocrx_word' id='word_1_475' title='bbox 3739 2739 3808 2792; x_wconf 90' lang='lat' dir='ltr'><strong>iu-</strong></span> 
     </span>
    </p>
   </div>
   <div class='ocr_carea' id='block_1_58' title="bbox 2223 2828 3807 2902">
    <p class='ocr_par' dir='ltr' id='par_1_58' title="bbox 2223 2828 3807 2902">
     <span class='ocr_line' id='line_1_58' title="bbox 2223 2828 3807 2902; baseline 0.002 -21"><span class='ocrx_word' id='word_1_476' title='bbox 2223 2828 2519 2897; x_wconf 82' lang='lat' dir='ltr'><strong>telligitur,</strong></span> <span class='ocrx_word' id='word_1_477' title='bbox 2563 2844 2682 2899; x_wconf 80' lang='lat' dir='ltr'><strong>quze</strong></span> <span class='ocrx_word' id='word_1_478' title='bbox 2718 2829 2852 2884; x_wconf 89' lang='lat' dir='ltr'><strong>solvi</strong></span> <span class='ocrx_word' id='word_1_479' title='bbox 2902 2840 3126 2899; x_wconf 90' lang='lat' dir='ltr'><strong>possunt</strong></span> <span class='ocrx_word' id='word_1_480' title='bbox 3170 2841 3335 2902; x_wconf 88' lang='lat' dir='ltr'><strong>atque</strong></span> <span class='ocrx_word' id='word_1_481' title='bbox 3365 2833 3635 2899; x_wconf 88' lang='lat' dir='ltr'><strong>conflari;</strong></span> <span class='ocrx_word' id='word_1_482' title='bbox 3677 2831 3807 2887; x_wconf 81' lang='lat' dir='ltr'><strong>verbi</strong></span> 
     </span>
    </p>
   </div>
   <div class='ocr_carea' id='block_1_59' title="bbox 2221 2921 3808 3000">
    <p class='ocr_par' dir='ltr' id='par_1_59' title="bbox 2221 2921 3808 3000">
     <span class='ocr_line' id='line_1_59' title="bbox 2221 2921 3808 3000; baseline 0.003 -25"><span class='ocrx_word' id='word_1_483' title='bbox 2221 2921 2415 2993; x_wconf 89' lang='lat' dir='ltr'><strong>gratia,</strong></span> <span class='ocrx_word' id='word_1_484' title='bbox 2444 2939 2599 2989; x_wconf 90' lang='lat' dir='ltr'><strong>auro,</strong></span> <span class='ocrx_word' id='word_1_485' title='bbox 2633 2934 2878 2995; x_wconf 82' lang='lat' dir='ltr'><strong>argento,</strong></span> <span class='ocrx_word' id='word_1_486' title='bbox 2911 2941 3041 2993; x_wconf 74' lang='lat' dir='ltr'><strong>tere,</strong></span> <span class='ocrx_word' id='word_1_487' title='bbox 3076 2925 3315 2994; x_wconf 86' lang='lat' dir='ltr'><strong>plumbo.</strong></span> <span class='ocrx_word' id='word_1_488' title='bbox 3358 2938 3677 3000; x_wconf 88' lang='lat' dir='ltr'><strong>stannoque.</strong></span> <span class='ocrx_word' id='word_1_489' title='bbox 3712 2926 3808 2980; x_wconf 83' lang='lat' dir='ltr'><strong>Hoc</strong></span> 
     </span>
    </p>
   </div>
   <div class='ocr_carea' id='block_1_60' title="bbox 2222 3016 3808 3090">
    <p class='ocr_par' dir='ltr' id='par_1_60' title="bbox 2222 3016 3808 3090">
     <span class='ocr_line' id='line_1_60' title="bbox 2222 3016 3808 3090; baseline 0.002 -20"><span class='ocrx_word' id='word_1_490' title='bbox 2222 3016 2425 3070; x_wconf 91' lang='lat' dir='ltr'><strong>dictum</strong></span> <span class='ocrx_word' id='word_1_491' title='bbox 2454 3016 2554 3082; x_wconf 91' lang='lat' dir='ltr'><strong>sit,</strong></span> <span class='ocrx_word' id='word_1_492' title='bbox 2587 3026 2646 3071; x_wconf 92' lang='lat' dir='ltr'><strong>ut</strong></span> <span class='ocrx_word' id='word_1_493' title='bbox 2669 3017 2826 3087; x_wconf 79' lang='lat' dir='ltr'><strong>juxta</strong></span> <span class='ocrx_word' id='word_1_494' title='bbox 2859 3018 3214 3088; x_wconf 89' lang='lat' dir='ltr'><strong>tropologiam</strong></span> <span class='ocrx_word' id='word_1_495' title='bbox 3243 3021 3382 3075; x_wconf 87' lang='lat' dir='ltr'><strong>scire</strong></span> <span class='ocrx_word' id='word_1_496' title='bbox 3410 3022 3678 3088; x_wconf 75' lang='lat' dir='ltr'><strong>po~simtts</strong></span> <span class='ocrx_word' id='word_1_497' title='bbox 3696 3017 3808 3090; x_wconf 88' lang='lat' dir='ltr'><strong>quid</strong></span> 
     </span>
    </p>
   </div>
   <div class='ocr_carea' id='block_1_61' title="bbox 2224 3110 3806 3189">
    <p class='ocr_par' dir='ltr' id='par_1_61' title="bbox 2224 3110 3806 3189">
     <span class='ocr_line' id='line_1_61' title="bbox 2224 3110 3806 3189; baseline 0.003 -25"><span class='ocrx_word' id='word_1_498' title='bbox 2224 3110 2294 3165; x_wconf 89' lang='lat' dir='ltr'><strong>sit</strong></span> <span class='ocrx_word' id='word_1_499' title='bbox 2323 3111 2464 3165; x_wconf 90' lang='lat' dir='ltr'><strong>inter</strong></span> <span class='ocrx_word' id='word_1_500' title='bbox 2491 3112 2744 3182; x_wconf 87' lang='lat' dir='ltr'><strong>sculptile</strong></span> <span class='ocrx_word' id='word_1_501' title='bbox 2774 3121 2936 3183; x_wconf 87' lang='lat' dir='ltr'><strong>atque</strong></span> <span class='ocrx_word' id='word_1_502' title='bbox 2966 3114 3262 3169; x_wconf 68' lang='lat' dir='ltr'><strong>conflatile.</strong></span> <span class='ocrx_word' id='word_1_503' title='bbox 3303 3116 3476 3189; x_wconf 73' lang='lat'><strong>628</strong></span> <span class='ocrx_word' id='word_1_504' title='bbox 3506 3115 3744 3187; x_wconf 82' lang='lat' dir='ltr'><strong>Legimus</strong></span> <span class='ocrx_word' id='word_1_505' title='bbox 3762 3115 3806 3168; x_wconf 90' lang='lat' dir='ltr'><strong>in</strong></span> 
     </span>
    </p>
   </div>
   <div class='ocr_carea' id='block_1_62' title="bbox 511 3205 3808 3284">
    <p class='ocr_par' dir='ltr' id='par_1_62' title="bbox 511 3205 3808 3284">
     <span class='ocr_line' id='line_1_62' title="bbox 511 3205 3808 3284; baseline -0.002 -16"><span class='ocrx_word' id='word_1_506' title='bbox 511 3214 762 3268; x_wconf 86' lang='lat' dir='ltr'><strong>bitabant</strong></span> <span class='ocrx_word' id='word_1_507' title='bbox 789 3216 842 3267; x_wconf 94' lang='lat' dir='ltr'><strong>in</strong></span> <span class='ocrx_word' id='word_1_508' title='bbox 875 3229 961 3280; x_wconf 91' lang='lat' dir='ltr'><strong>ea,</strong></span> <span class='ocrx_word' id='word_1_509' title='bbox 993 3213 1286 3284; x_wconf 89' lang='lat' dir='ltr'><strong>impietatis</strong></span> <span class='ocrx_word' id='word_1_510' title='bbox 1310 3221 1414 3265; x_wconf 77' lang='lat' dir='ltr'><strong>tua:</strong></span> <span class='ocrx_word' id='word_1_511' title='bbox 1438 3211 1615 3266; x_wconf 82' lang='lat' dir='ltr'><strong>fecisti</strong></span> <span class='ocrx_word' id='word_1_512' title='bbox 1647 3226 1767 3266; x_wconf 90' lang='lat' dir='ltr'><strong>esse</strong></span> <span class='ocrx_word' id='word_1_513' title='bbox 1799 3212 2114 3282; x_wconf 79' lang='lat' dir='ltr'><strong>participes.</strong></span> <span class='ocrx_word' id='word_1_514' title='bbox 2147 3206 2193 3270; x_wconf 87' lang='lat' dir='ltr'>C</span> <span class='ocrx_word' id='word_1_515' title='bbox 2228 3205 2648 3261; x_wconf 86' lang='lat' dir='ltr'><strong>Denteronomio</strong></span> <span class='ocrx_word' id='word_1_516' title='bbox 2683 3223 2696 3261; x_wconf 92' lang='lat'><strong>:</strong></span> <span class='ocrx_word' id='word_1_517' title='bbox 2733 3205 3049 3261; x_wconf 84' lang='lat' dir='ltr'><strong>Maledictus</strong></span> <span class='ocrx_word' id='word_1_518' title='bbox 3073 3210 3240 3262; x_wconf 87' lang='lat' dir='ltr'><strong>omnis</strong></span> <span class='ocrx_word' id='word_1_519' title='bbox 3265 3213 3352 3277; x_wconf 85' lang='lat' dir='ltr'><strong>qui</strong></span> <span class='ocrx_word' id='word_1_520' title='bbox 3385 3210 3564 3279; x_wconf 74' lang='lat' dir='ltr'><strong>fecerit</strong></span> <span class='ocrx_word' id='word_1_521' title='bbox 3593 3208 3808 3275; x_wconf 70' lang='lat' dir='ltr'><strong>sculptile</strong></span> 
     </span>
    </p>
   </div>
   <div class='ocr_carea' id='block_1_63' title="bbox 513 3303 2115 3375">
    <p class='ocr_par' dir='ltr' id='par_1_63' title="bbox 513 3303 2115 3375">
     <span class='ocr_line' id='line_1_63' title="bbox 513 3303 2115 3375; baseline -0.001 -15"><span class='ocrx_word' id='word_1_522' title='bbox 513 3305 628 3362; x_wconf 83' lang='lat' dir='ltr'><strong>Hoc</strong></span> <span class='ocrx_word' id='word_1_523' title='bbox 655 3307 758 3362; x_wconf 88' lang='lat' dir='ltr'><strong>sub</strong></span> <span class='ocrx_word' id='word_1_524' title='bbox 804 3321 1034 3375; x_wconf 91' lang='lat' dir='ltr'><strong>persona</strong></span> <span class='ocrx_word' id='word_1_525' title='bbox 1075 3306 1454 3360; x_wconf 73' lang='lat' dir='ltr'><strong>haereticorum</strong></span> <span class='ocrx_word' id='word_1_526' title='bbox 1486 3303 1686 3360; x_wconf 90' lang='lat' dir='ltr'><strong>dictum</strong></span> <span class='ocrx_word' id='word_1_527' title='bbox 1718 3305 1808 3359; x_wconf 90' lang='lat' dir='ltr'><strong>sit.</strong></span> <span class='ocrx_word' id='word_1_528' title='bbox 1848 3304 2115 3359; x_wconf 77' lang='lat' dir='ltr'><strong>Ca-ternm</strong></span> 
     </span>
    </p>
   </div>
   <div class='ocr_carea' id='block_1_64' title="bbox 468 3399 2117 3482">
    <p class='ocr_par' dir='ltr' id='par_1_64' title="bbox 468 3399 2117 3482">
     <span class='ocr_line' id='line_1_64' title="bbox 468 3399 2117 3482; baseline -0.002 -25"><span class='ocrx_word' id='word_1_529' title='bbox 468 3469 481 3482; x_wconf 59' lang='grc' dir='ltr'><strong> </strong></span> <span class='ocrx_word' id='word_1_530' title='bbox 508 3402 556 3457; x_wconf 91' lang='lat' dir='ltr'><strong>si</strong></span> <span class='ocrx_word' id='word_1_531' title='bbox 604 3403 852 3456; x_wconf 92' lang='lat' dir='ltr'><strong>volumus</strong></span> <span class='ocrx_word' id='word_1_532' title='bbox 889 3401 957 3455; x_wconf 88' lang='lat' dir='ltr'><strong>de</strong></span> <span class='ocrx_word' id='word_1_533' title='bbox 1005 3401 1347 3456; x_wconf 85' lang='lat' dir='ltr'><strong>Attticltristo</strong></span> <span class='ocrx_word' id='word_1_534' title='bbox 1373 3399 1714 3470; x_wconf 81' lang='lat' dir='ltr'><strong>intelligere;</strong></span> <span class='ocrx_word' id='word_1_535' title='bbox 1759 3399 1874 3456; x_wconf 83' lang='lat' dir='ltr'><strong>sive</strong></span> <span class='ocrx_word' id='word_1_536' title='bbox 1905 3400 1973 3455; x_wconf 88' lang='lat' dir='ltr'><strong>de</strong></span> <span class='ocrx_word' id='word_1_537' title='bbox 2000 3399 2117 3454; x_wconf 86' lang='lat' dir='ltr'><strong>dia-</strong></span> 
     </span>
    </p>
   </div>
   <div class='ocr_carea' id='block_1_65' title="bbox 513 3492 2116 3565">
    <p class='ocr_par' dir='ltr' id='par_1_65' title="bbox 513 3492 2116 3565">
     <span class='ocr_line' id='line_1_65' title="bbox 513 3492 2116 3565; baseline 0 -16"><span class='ocrx_word' id='word_1_538' title='bbox 513 3495 640 3550; x_wconf 91' lang='lat' dir='ltr'><strong>bolo</strong></span> <span class='ocrx_word' id='word_1_539' title='bbox 670 3495 758 3565; x_wconf 92' lang='lat' dir='ltr'><strong>qui</strong></span> <span class='ocrx_word' id='word_1_540' title='bbox 785 3505 1112 3565; x_wconf 83' lang='lat' dir='ltr'><strong>Operaturus</strong></span> <span class='ocrx_word' id='word_1_541' title='bbox 1143 3503 1222 3548; x_wconf 90' lang='lat' dir='ltr'><strong>est</strong></span> <span class='ocrx_word' id='word_1_542' title='bbox 1257 3495 1307 3547; x_wconf 92' lang='lat' dir='ltr'><strong>in</strong></span> <span class='ocrx_word' id='word_1_543' title='bbox 1341 3492 1703 3557; x_wconf 78' lang='lat' dir='ltr'><strong>Anticltristo,</strong></span> <span class='ocrx_word' id='word_1_544' title='bbox 1737 3503 1791 3548; x_wconf 91' lang='lat' dir='ltr'><strong>et</strong></span> <span class='ocrx_word' id='word_1_545' title='bbox 1818 3495 1919 3548; x_wconf 86' lang='lat' dir='ltr'><strong>iste</strong></span> <span class='ocrx_word' id='word_1_546' title='bbox 1948 3493 2116 3549; x_wconf 89' lang='lat' dir='ltr'><strong>calice</strong></span> 
     </span>
    </p>
   </div>
   <div class='ocr_carea' id='block_1_66' title="bbox 510 3585 2113 3657">
    <p class='ocr_par' dir='ltr' id='par_1_66' title="bbox 510 3585 2113 3657">
     <span class='ocr_line' id='line_1_66' title="bbox 510 3585 2113 3657; baseline 0 -15"><span class='ocrx_word' id='word_1_547' title='bbox 510 3602 632 3651; x_wconf 89' lang='lat' dir='ltr'><strong>suo,</strong></span> <span class='ocrx_word' id='word_1_548' title='bbox 659 3603 766 3657; x_wconf 87' lang='lat' dir='ltr'><strong>quo</strong></span> <span class='ocrx_word' id='word_1_549' title='bbox 789 3586 995 3641; x_wconf 86' lang='lat' dir='ltr'><strong>Christi</strong></span> <span class='ocrx_word' id='word_1_550' title='bbox 1028 3587 1210 3656; x_wconf 89' lang='lat' dir='ltr'><strong>cupiet</strong></span> <span class='ocrx_word' id='word_1_551' title='bbox 1239 3587 1561 3642; x_wconf 87' lang='lat' dir='ltr'><strong>subvertere</strong></span> <span class='ocrx_word' id='word_1_552' title='bbox 1589 3585 1960 3656; x_wconf 92' lang='lat' dir='ltr'><strong>disciplinam,</strong></span> <span class='ocrx_word' id='word_1_553' title='bbox 1993 3587 2113 3643; x_wconf 91' lang='lat' dir='ltr'><strong>ine-</strong></span> 
     </span>
    </p>
   </div>
   <div class='ocr_carea' id='block_1_67' title="bbox 508 3681 2116 3753">
    <p class='ocr_par' dir='ltr' id='par_1_67' title="bbox 508 3681 2116 3753">
     <span class='ocr_line' id='line_1_67' title="bbox 508 3681 2116 3753; baseline 0.001 -16"><span class='ocrx_word' id='word_1_554' title='bbox 508 3681 715 3737; x_wconf 87' lang='lat' dir='ltr'><strong>briabit</strong></span> <span class='ocrx_word' id='word_1_555' title='bbox 771 3682 1054 3751; x_wconf 88' lang='lat' dir='ltr'><strong>plurimos,</strong></span> <span class='ocrx_word' id='word_1_556' title='bbox 1096 3689 1155 3736; x_wconf 90' lang='lat' dir='ltr'><strong>ut</strong></span> <span class='ocrx_word' id='word_1_557' title='bbox 1202 3681 1338 3737; x_wconf 90' lang='lat' dir='ltr'><strong>ebrii</strong></span> <span class='ocrx_word' id='word_1_558' title='bbox 1381 3681 1791 3752; x_wconf 83' lang='lat' dir='ltr'><strong>inegrediantur</strong></span> <span class='ocrx_word' id='word_1_559' title='bbox 1829 3683 2116 3753; x_wconf 76' lang='lat' dir='ltr'><strong>Speluncas</strong></span> 
     </span>
    </p>
   </div>
   <div class='ocr_carea' id='block_1_68' title="bbox 511 3774 2114 3847">
    <p class='ocr_par' dir='ltr' id='par_1_68' title="bbox 511 3774 2114 3847">
     <span class='ocr_line' id='line_1_68' title="bbox 511 3774 2114 3847; baseline 0 -16"><span class='ocrx_word' id='word_1_560' title='bbox 511 3776 673 3845; x_wconf 85' lang='lat' dir='ltr'><strong>ejus:</strong></span> <span class='ocrx_word' id='word_1_561' title='bbox 709 3775 804 3830; x_wconf 89' lang='lat' dir='ltr'><strong>sed</strong></span> <span class='ocrx_word' id='word_1_562' title='bbox 853 3785 1138 3845; x_wconf 81' lang='lat' dir='ltr'><strong>pOSIquam</strong></span> <span class='ocrx_word' id='word_1_563' title='bbox 1183 3775 1306 3829; x_wconf 85' lang='lat' dir='ltr'><strong>linis</strong></span> <span class='ocrx_word' id='word_1_564' title='bbox 1336 3774 1645 3844; x_wconf 85' lang='lat' dir='ltr'><strong>advenerit,</strong></span> <span class='ocrx_word' id='word_1_565' title='bbox 1707 3791 1807 3845; x_wconf 91' lang='lat' dir='ltr'><strong>pro</strong></span> <span class='ocrx_word' id='word_1_566' title='bbox 1845 3792 1904 3831; x_wconf 91' lang='lat' dir='ltr'><strong>ea</strong></span> <span class='ocrx_word' id='word_1_567' title='bbox 1943 3776 2114 3847; x_wconf 82' lang='lat' dir='ltr'><strong>gloria</strong></span> 
     </span>
    </p>
   </div>
   <div class='ocr_carea' id='block_1_69' title="bbox 509 3868 2114 3940">
    <p class='ocr_par' dir='ltr' id='par_1_69' title="bbox 509 3868 2114 3940">
     <span class='ocr_line' id='line_1_69' title="bbox 509 3868 2114 3940; baseline 0.001 -18"><span class='ocrx_word' id='word_1_568' title='bbox 509 3884 615 3940; x_wconf 89' lang='lat' dir='ltr'><strong>qua</strong></span> <span class='ocrx_word' id='word_1_569' title='bbox 667 3883 727 3923; x_wconf 87' lang='lat' dir='ltr'><strong>se</strong></span> <span class='ocrx_word' id='word_1_570' title='bbox 785 3868 1247 3938; x_wconf 85' lang='lat' dir='ltr'><strong>magnificaverat,</strong></span> <span class='ocrx_word' id='word_1_571' title='bbox 1281 3868 1598 3936; x_wconf 89' lang='lat' dir='ltr'><strong>implebitur</strong></span> <span class='ocrx_word' id='word_1_572' title='bbox 1636 3868 1956 3936; x_wconf 81' lang='lat' dir='ltr'><strong>ignominia.</strong></span> <span class='ocrx_word' id='word_1_573' title='bbox 2007 3869 2114 3924; x_wconf 88' lang='lat' dir='ltr'><strong>lut-</strong></span> 
     </span>
    </p>
   </div>
   <div class='ocr_carea' id='block_1_70' title="bbox 511 3960 2118 4032">
    <p class='ocr_par' dir='ltr' id='par_1_70' title="bbox 511 3960 2118 4032">
     <span class='ocr_line' id='line_1_70' title="bbox 511 3960 2118 4032; baseline 0.002 -18"><span class='ocrx_word' id='word_1_574' title='bbox 511 3961 754 4032; x_wconf 85' lang='lat' dir='ltr'><strong>plebitnr</strong></span> <span class='ocrx_word' id='word_1_575' title='bbox 786 3971 993 4028; x_wconf 88' lang='lat' dir='ltr'><strong>autem,</strong></span> <span class='ocrx_word' id='word_1_576' title='bbox 1027 3961 1150 4031; x_wconf 90' lang='lat' dir='ltr'><strong>quia</strong></span> <span class='ocrx_word' id='word_1_577' title='bbox 1183 3961 1330 4014; x_wconf 90' lang='lat' dir='ltr'><strong>bibet</strong></span> <span class='ocrx_word' id='word_1_578' title='bbox 1353 3960 1750 4030; x_wconf 86' lang='lat' dir='ltr'><strong>suppliciorum</strong></span> <span class='ocrx_word' id='word_1_579' title='bbox 1779 3963 2030 4030; x_wconf 88' lang='lat' dir='ltr'><strong>calicem,</strong></span> <span class='ocrx_word' id='word_1_580' title='bbox 2064 3970 2118 4018; x_wconf 88' lang='lat' dir='ltr'><strong>et</strong></span> 
     </span>
    </p>
   </div>
   <div class='ocr_carea' id='block_1_71' title="bbox 511 4055 2113 4126">
    <p class='ocr_par' dir='ltr' id='par_1_71' title="bbox 511 4055 2113 4126">
     <span class='ocr_line' id='line_1_71' title="bbox 511 4055 2113 4126; baseline 0.001 -15"><span class='ocrx_word' id='word_1_581' title='bbox 511 4056 976 4124; x_wconf 85' lang='lat' dir='ltr'><strong>centmovebitur,</strong></span> <span class='ocrx_word' id='word_1_582' title='bbox 1001 4069 1344 4126; x_wconf 77' lang='lat' dir='ltr'><strong>nequaqttam</strong></span> <span class='ocrx_word' id='word_1_583' title='bbox 1369 4055 1555 4110; x_wconf 81' lang='lat' dir='ltr'><strong>firmus</strong></span> <span class='ocrx_word' id='word_1_584' title='bbox 1579 4055 1632 4110; x_wconf 91' lang='lat' dir='ltr'><strong>in</strong></span> <span class='ocrx_word' id='word_1_585' title='bbox 1653 4056 1854 4110; x_wconf 88' lang='lat' dir='ltr'><strong>malitia</strong></span> <span class='ocrx_word' id='word_1_586' title='bbox 1878 4072 1994 4126; x_wconf 91' lang='lat' dir='ltr'><strong>sua,</strong></span> <span class='ocrx_word' id='word_1_587' title='bbox 2021 4058 2113 4114; x_wconf 88' lang='lat' dir='ltr'><strong>sed</strong></span> 
     </span>
    </p>
   </div>
   <div class='ocr_carea' id='block_1_72' title="bbox 512 4147 2112 4215">
    <p class='ocr_par' dir='ltr' id='par_1_72' title="bbox 512 4147 2112 4215">
     <span class='ocr_line' id='line_1_72' title="bbox 512 4147 2112 4215; baseline 0.004 -14"><span class='ocrx_word' id='word_1_588' title='bbox 512 4147 781 4215; x_wconf 65' lang='lat' dir='ltr'><strong>trepidus,</strong></span> <span class='ocrx_word' id='word_1_589' title='bbox 815 4158 866 4202; x_wconf 88' lang='lat' dir='ltr'><strong>et</strong></span> <span class='ocrx_word' id='word_1_590' title='bbox 898 4162 1023 4201; x_wconf 90' lang='lat' dir='ltr'><strong>sero</strong></span> <span class='ocrx_word' id='word_1_591' title='bbox 1053 4147 1344 4214; x_wconf 75' lang='lat' dir='ltr'><strong>pmnitens.</strong></span> <span class='ocrx_word' id='word_1_592' title='bbox 1390 4149 1763 4204; x_wconf 82' lang='lat' dir='ltr'><strong>Circumdahit</strong></span> <span class='ocrx_word' id='word_1_593' title='bbox 1793 4151 1936 4206; x_wconf 89' lang='lat' dir='ltr'><strong>enim</strong></span> <span class='ocrx_word' id='word_1_594' title='bbox 1989 4167 2112 4208; x_wconf 90' lang='lat' dir='ltr'><strong>eum</strong></span> 
     </span>
    </p>
   </div>
   <div class='ocr_carea' id='block_1_73' title="bbox 511 4240 2115 4313">
    <p class='ocr_par' dir='ltr' id='par_1_73' title="bbox 511 4240 2115 4313">
     <span class='ocr_line' id='line_1_73' title="bbox 511 4240 2115 4313; baseline 0.002 -17"><span class='ocrx_word' id='word_1_595' title='bbox 511 4241 656 4296; x_wconf 80' lang='lat' dir='ltr'><strong>calix</strong></span> <span class='ocrx_word' id='word_1_596' title='bbox 699 4240 936 4295; x_wconf 76' lang='lat' dir='ltr'><strong>dexterae</strong></span> <span class='ocrx_word' id='word_1_597' title='bbox 973 4240 1211 4308; x_wconf 90' lang='lat' dir='ltr'><strong>Domini,</strong></span> <span class='ocrx_word' id='word_1_598' title='bbox 1244 4242 1332 4309; x_wconf 89' lang='lat' dir='ltr'><strong>qui</strong></span> <span class='ocrx_word' id='word_1_599' title='bbox 1373 4250 1457 4296; x_wconf 87' lang='lat' dir='ltr'><strong>est</strong></span> <span class='ocrx_word' id='word_1_600' title='bbox 1513 4243 1772 4297; x_wconf 87' lang='lat' dir='ltr'><strong>Dominus</strong></span> <span class='ocrx_word' id='word_1_601' title='bbox 1803 4255 1968 4313; x_wconf 89' lang='lat' dir='ltr'><strong>atque</strong></span> <span class='ocrx_word' id='word_1_602' title='bbox 1999 4246 2115 4300; x_wconf 87' lang='lat' dir='ltr'><strong>Sal-</strong></span> 
     </span>
    </p>
   </div>
   <div class='ocr_carea' id='block_1_74' title="bbox 511 4332 2113 4404">
    <p class='ocr_par' dir='ltr' id='par_1_74' title="bbox 511 4332 2113 4404">
     <span class='ocr_line' id='line_1_74' title="bbox 511 4332 2113 4404; baseline 0.004 -16"><span class='ocrx_word' id='word_1_603' title='bbox 511 4343 690 4396; x_wconf 89' lang='lat' dir='ltr'><strong>vator,</strong></span> <span class='ocrx_word' id='word_1_604' title='bbox 735 4334 954 4403; x_wconf 80' lang='lat' dir='ltr'><strong>quando</strong></span> <span class='ocrx_word' id='word_1_605' title='bbox 989 4332 1325 4387; x_wconf 76' lang='lat' dir='ltr'><strong>interfecerit</strong></span> <span class='ocrx_word' id='word_1_606' title='bbox 1359 4349 1483 4389; x_wconf 90' lang='lat' dir='ltr'><strong>eum</strong></span> <span class='ocrx_word' id='word_1_607' title='bbox 1517 4336 1713 4404; x_wconf 91' lang='lat' dir='ltr'><strong>spiritu</strong></span> <span class='ocrx_word' id='word_1_608' title='bbox 1757 4337 1869 4392; x_wconf 90' lang='lat' dir='ltr'><strong>oris</strong></span> <span class='ocrx_word' id='word_1_609' title='bbox 1906 4341 2012 4400; x_wconf 87' lang='lat' dir='ltr'><strong>sui.</strong></span> <span class='ocrx_word' id='word_1_610' title='bbox 2059 4349 2113 4395; x_wconf 88' lang='lat' dir='ltr'><strong>et</strong></span> 
     </span>
    </p>
   </div>
   <div class='ocr_carea' id='block_1_75' title="bbox 512 4426 2110 4500">
    <p class='ocr_par' dir='ltr' id='par_1_75' title="bbox 512 4426 2110 4500">
     <span class='ocr_line' id='line_1_75' title="bbox 512 4426 2110 4500; baseline 0.003 -17"><span class='ocrx_word' id='word_1_611' title='bbox 512 4428 849 4484; x_wconf 82' lang='lat' dir='ltr'><strong>destruxerit</strong></span> <span class='ocrx_word' id='word_1_612' title='bbox 890 4428 1052 4500; x_wconf 72' lang='lat'><strong>627</strong></span> <span class='ocrx_word' id='word_1_613' title='bbox 1085 4426 1482 4482; x_wconf 90' lang='lat' dir='ltr'><strong>illumiuatione</strong></span> <span class='ocrx_word' id='word_1_614' title='bbox 1526 4430 1792 4485; x_wconf 84' lang='lat' dir='ltr'><strong>adventus</strong></span> <span class='ocrx_word' id='word_1_615' title='bbox 1823 4432 1931 4486; x_wconf 91' lang='lat' dir='ltr'><strong>sui.</strong></span> <span class='ocrx_word' id='word_1_616' title='bbox 1960 4431 2110 4488; x_wconf 87' lang='lat' dir='ltr'><strong>Tunc</strong></span> 
     </span>
    </p>
   </div>
   <div class='ocr_carea' id='block_1_76' title="bbox 513 4520 2107 4592">
    <p class='ocr_par' dir='ltr' id='par_1_76' title="bbox 513 4520 2107 4592">
     <span class='ocr_line' id='line_1_76' title="bbox 513 4520 2107 4592; baseline 0.003 -16"><span class='ocrx_word' id='word_1_617' title='bbox 513 4523 694 4578; x_wconf 90' lang='lat' dir='ltr'><strong>omnis</strong></span> <span class='ocrx_word' id='word_1_618' title='bbox 733 4520 1028 4591; x_wconf 85' lang='lat' dir='ltr'><strong>ignominia</strong></span> <span class='ocrx_word' id='word_1_619' title='bbox 1059 4535 1218 4587; x_wconf 88' lang='lat' dir='ltr'><strong>quam</strong></span> <span class='ocrx_word' id='word_1_620' title='bbox 1270 4520 1372 4576; x_wconf 89' lang='lat' dir='ltr'><strong>sibi</strong></span> <span class='ocrx_word' id='word_1_621' title='bbox 1411 4521 1836 4591; x_wconf 88' lang='lat' dir='ltr'><strong>cogitationibus</strong></span> <span class='ocrx_word' id='word_1_622' title='bbox 1861 4568 1875 4591; x_wconf 93' lang='lat'><strong>,</strong></span> <span class='ocrx_word' id='word_1_623' title='bbox 1929 4523 2107 4592; x_wconf 86' lang='lat' dir='ltr'><strong>factis,</strong></span> 
     </span>
    </p>
   </div>
   <div class='ocr_carea' id='block_1_77' title="bbox 2225 3301 3806 3376">
    <p class='ocr_par' dir='ltr' id='par_1_77' title="bbox 2225 3301 3806 3376">
     <span class='ocr_line' id='line_1_77' title="bbox 2225 3301 3806 3376; baseline 0.002 -24"><span class='ocrx_word' id='word_1_624' title='bbox 2225 3309 2271 3353; x_wconf 85' lang='lat' dir='ltr'><strong>et</strong></span> <span class='ocrx_word' id='word_1_625' title='bbox 2293 3301 2573 3370; x_wconf 83' lang='lat' dir='ltr'><strong>ronflatile,</strong></span> <span class='ocrx_word' id='word_1_626' title='bbox 2604 3318 2732 3371; x_wconf 86' lang='lat' dir='ltr'><strong>opus</strong></span> <span class='ocrx_word' id='word_1_627' title='bbox 2758 3319 3000 3356; x_wconf 88' lang='lat' dir='ltr'><strong>utanunm</strong></span> <span class='ocrx_word' id='word_1_628' title='bbox 3025 3304 3263 3373; x_wconf 87' lang='lat' dir='ltr'><strong>artiﬁcis,</strong></span> <span class='ocrx_word' id='word_1_629' title='bbox 3299 3315 3346 3358; x_wconf 89' lang='lat' dir='ltr'><strong>et</strong></span> <span class='ocrx_word' id='word_1_630' title='bbox 3368 3307 3599 3376; x_wconf 86' lang='lat' dir='ltr'><strong>posuerit</strong></span> <span class='ocrx_word' id='word_1_631' title='bbox 3621 3305 3742 3359; x_wconf 87' lang='lat' dir='ltr'><strong>illud</strong></span> <span class='ocrx_word' id='word_1_632' title='bbox 3762 3305 3806 3356; x_wconf 87' lang='lat' dir='ltr'><strong>in</strong></span> 
     </span>
    </p>
   </div>
   <div class='ocr_carea' id='block_1_78' title="bbox 2222 3391 3806 3468">
    <p class='ocr_par' dir='ltr' id='par_1_78' title="bbox 2222 3391 3806 3468">
     <span class='ocr_line' id='line_1_78' title="bbox 2222 3391 3806 3468; baseline 0.004 -24"><span class='ocrx_word' id='word_1_633' title='bbox 2222 3391 2524 3446; x_wconf 87' lang='lat' dir='ltr'><strong>abscondito</strong></span> <span class='ocrx_word' id='word_1_634' title='bbox 2564 3392 2744 3464; x_wconf 85' lang='lat' dir='ltr'><strong>(Deut.</strong></span> <span class='ocrx_word' id='word_1_635' title='bbox 2779 3411 2949 3458; x_wconf 78' lang='lat' dir='ltr'><strong>xxvtt,</strong></span> <span class='ocrx_word' id='word_1_636' title='bbox 3003 3394 3111 3467; x_wconf 73' lang='lat'><strong>15).</strong></span> <span class='ocrx_word' id='word_1_637' title='bbox 3160 3398 3423 3468; x_wconf 88' lang='lat' dir='ltr'><strong>Sculptile</strong></span> <span class='ocrx_word' id='word_1_638' title='bbox 3469 3408 3523 3454; x_wconf 88' lang='lat' dir='ltr'><strong>et</strong></span> <span class='ocrx_word' id='word_1_639' title='bbox 3563 3395 3806 3454; x_wconf 76' lang='lat' dir='ltr'><strong>conﬂdile</strong></span> 
     </span>
    </p>
   </div>
   <div class='ocr_carea' id='block_1_79' title="bbox 2222 3489 3806 3562">
    <p class='ocr_par' dir='ltr' id='par_1_79' title="bbox 2222 3489 3806 3562">
     <span class='ocr_line' id='line_1_79' title="bbox 2222 3489 3806 3562; baseline 0.002 -23"><span class='ocrx_word' id='word_1_640' title='bbox 2222 3500 2368 3551; x_wconf 90' lang='lat' dir='ltr'><strong>reor,</strong></span> <span class='ocrx_word' id='word_1_641' title='bbox 2401 3489 2651 3556; x_wconf 84' lang='lat' dir='ltr'><strong>dogmata</strong></span> <span class='ocrx_word' id='word_1_642' title='bbox 2683 3502 2805 3543; x_wconf 89' lang='lat' dir='ltr'><strong>esse</strong></span> <span class='ocrx_word' id='word_1_643' title='bbox 2851 3504 3130 3557; x_wconf 76' lang='lat' dir='ltr'><strong>perversa,</strong></span> <span class='ocrx_word' id='word_1_644' title='bbox 3179 3507 3300 3560; x_wconf 76' lang='lat' dir='ltr'><strong>qua:</strong></span> <span class='ocrx_word' id='word_1_645' title='bbox 3327 3491 3396 3546; x_wconf 90' lang='lat' dir='ltr'><strong>ab</strong></span> <span class='ocrx_word' id='word_1_646' title='bbox 3446 3492 3532 3547; x_wconf 90' lang='lat' dir='ltr'><strong>bis</strong></span> <span class='ocrx_word' id='word_1_647' title='bbox 3558 3508 3588 3547; x_wconf 92' lang='lat' dir='ltr'><strong>a</strong></span> <span class='ocrx_word' id='word_1_648' title='bbox 3635 3490 3806 3562; x_wconf 87' lang='lat' dir='ltr'><strong>quibus</strong></span> 
     </span>
    </p>
   </div>
   <div class='ocr_carea' id='block_1_80' title="bbox 2221 3579 3807 3656">
    <p class='ocr_par' dir='ltr' id='par_1_80' title="bbox 2221 3579 3807 3656">
     <span class='ocr_line' id='line_1_80' title="bbox 2221 3579 3807 3656; baseline 0.001 -20"><span class='ocrx_word' id='word_1_649' title='bbox 2221 3579 2360 3636; x_wconf 90' lang='lat' dir='ltr'><strong>facta</strong></span> <span class='ocrx_word' id='word_1_650' title='bbox 2384 3590 2527 3645; x_wconf 84' lang='lat' dir='ltr'><strong>sunt,</strong></span> <span class='ocrx_word' id='word_1_651' title='bbox 2551 3582 2868 3639; x_wconf 88' lang='lat' dir='ltr'><strong>adorantur.</strong></span> <span class='ocrx_word' id='word_1_652' title='bbox 2895 3583 3034 3639; x_wconf 80' lang='lat' dir='ltr'><strong>Vide</strong></span> <span class='ocrx_word' id='word_1_653' title='bbox 3056 3583 3242 3640; x_wconf 84' lang='lat' dir='ltr'><strong>Arium</strong></span> <span class='ocrx_word' id='word_1_654' title='bbox 3266 3587 3566 3656; x_wconf 85' lang='lat' dir='ltr'><strong>sculpsisse</strong></span> <span class='ocrx_word' id='word_1_655' title='bbox 3592 3586 3686 3641; x_wconf 88' lang='lat' dir='ltr'><strong>sibi</strong></span> <span class='ocrx_word' id='word_1_656' title='bbox 3709 3583 3807 3638; x_wconf 57' lang='lat' dir='ltr'><strong>ideo</strong></span> 
     </span>
    </p>
   </div>
   <div class='ocr_carea' id='block_1_81' title="bbox 2224 3676 3807 3752">
    <p class='ocr_par' dir='ltr' id='par_1_81' title="bbox 2224 3676 3807 3752">
     <span class='ocr_line' id='line_1_81' title="bbox 2224 3676 3807 3752; baseline 0.003 -22"><span class='ocrx_word' id='word_1_657' title='bbox 2224 3676 2332 3730; x_wconf 92' lang='lat' dir='ltr'><strong>lum</strong></span> <span class='ocrx_word' id='word_1_658' title='bbox 2360 3686 2628 3732; x_wconf 70' lang='lat' dir='ltr'><strong>creaturae</strong></span> <span class='ocrx_word' id='word_1_659' title='bbox 2653 3722 2666 3747; x_wconf 96' lang='lat'><strong>,</strong></span> <span class='ocrx_word' id='word_1_660' title='bbox 2697 3687 2752 3733; x_wconf 82' lang='lat' dir='ltr'><strong>et</strong></span> <span class='ocrx_word' id='word_1_661' title='bbox 2777 3678 3038 3734; x_wconf 79' lang='lat' dir='ltr'><strong>adorasse</strong></span> <span class='ocrx_word' id='word_1_662' title='bbox 3062 3679 3202 3749; x_wconf 90' lang='lat' dir='ltr'><strong>quod</strong></span> <span class='ocrx_word' id='word_1_663' title='bbox 3236 3681 3489 3752; x_wconf 87' lang='lat' dir='ltr'><strong>sculpsit.</strong></span> <span class='ocrx_word' id='word_1_664' title='bbox 3520 3680 3685 3738; x_wconf 88' lang='lat' dir='ltr'><strong>Cerne</strong></span> <span class='ocrx_word' id='word_1_665' title='bbox 3713 3679 3807 3735; x_wconf 88' lang='lat' dir='ltr'><strong>Ett—</strong></span> 
     </span>
    </p>
   </div>
   <div class='ocr_carea' id='block_1_82' title="bbox 2221 3772 3802 3844">
    <p class='ocr_par' dir='ltr' id='par_1_82' title="bbox 2221 3772 3802 3844">
     <span class='ocr_line' id='line_1_82' title="bbox 2221 3772 3802 3844; baseline -0.001 -19"><span class='ocrx_word' id='word_1_666' title='bbox 2221 3772 2460 3826; x_wconf 91' lang='lat' dir='ltr'><strong>nomium</strong></span> <span class='ocrx_word' id='word_1_667' title='bbox 2501 3774 2770 3829; x_wconf 77' lang='lat' dir='ltr'><strong>conﬂasse</strong></span> <span class='ocrx_word' id='word_1_668' title='bbox 2817 3774 3108 3844; x_wconf 83' lang='lat' dir='ltr'><strong>imaginem</strong></span> <span class='ocrx_word' id='word_1_669' title='bbox 3151 3775 3366 3843; x_wconf 89' lang='lat' dir='ltr'><strong>falsam,</strong></span> <span class='ocrx_word' id='word_1_670' title='bbox 3411 3787 3472 3831; x_wconf 88' lang='lat' dir='ltr'><strong>et</strong></span> <span class='ocrx_word' id='word_1_671' title='bbox 3517 3772 3802 3832; x_wconf 73' lang='lat' dir='ltr'><strong>conﬂationi</strong></span> 
     </span>
    </p>
   </div>
   <div class='ocr_carea' id='block_1_83' title="bbox 2220 3859 3804 3938">
    <p class='ocr_par' dir='ltr' id='par_1_83' title="bbox 2220 3859 3804 3938">
     <span class='ocr_line' id='line_1_83' title="bbox 2220 3859 3804 3938; baseline -0.002 -18"><span class='ocrx_word' id='word_1_672' title='bbox 2220 3880 2335 3920; x_wconf 87' lang='lat' dir='ltr'><strong>suae</strong></span> <span class='ocrx_word' id='word_1_673' title='bbox 2362 3859 2590 3922; x_wconf 85' lang='lat' dir='ltr'><strong>curvare</strong></span> <span class='ocrx_word' id='word_1_674' title='bbox 2615 3868 2906 3923; x_wconf 86' lang='lat' dir='ltr'><strong>cervicem.</strong></span> <span class='ocrx_word' id='word_1_675' title='bbox 2947 3867 3347 3938; x_wconf 89' lang='lat' dir='ltr'><strong>Signanterque</strong></span> <span class='ocrx_word' id='word_1_676' title='bbox 3386 3868 3668 3938; x_wconf 89' lang='lat' dir='ltr'><strong>Scriptura</strong></span> <span class='ocrx_word' id='word_1_677' title='bbox 3704 3885 3716 3922; x_wconf 92' lang='lat'><strong>:</strong></span> <span class='ocrx_word' id='word_1_678' title='bbox 3747 3863 3804 3918; x_wconf 87' lang='lat' dir='ltr'><strong>Et</strong></span> 
     </span>
    </p>
   </div>
   <div class='ocr_carea' id='block_1_84' title="bbox 2222 3959 3806 4031">
    <p class='ocr_par' dir='ltr' id='par_1_84' title="bbox 2222 3959 3806 4031">
     <span class='ocr_line' id='line_1_84' title="bbox 2222 3959 3806 4031; baseline -0.003 -18"><span class='ocrx_word' id='word_1_679' title='bbox 2222 3970 2395 4030; x_wconf 83' lang='lat' dir='ltr'><strong>ponet,</strong></span> <span class='ocrx_word' id='word_1_680' title='bbox 2445 3959 2637 4031; x_wconf 87' lang='lat' dir='ltr'><strong>inquit,</strong></span> <span class='ocrx_word' id='word_1_681' title='bbox 2673 3959 2808 4014; x_wconf 84' lang='lat' dir='ltr'><strong>illud</strong></span> <span class='ocrx_word' id='word_1_682' title='bbox 2851 3961 2905 4014; x_wconf 88' lang='lat' dir='ltr'><strong>in</strong></span> <span class='ocrx_word' id='word_1_683' title='bbox 2957 3960 3276 4016; x_wconf 85' lang='lat' dir='ltr'><strong>abscondito.</strong></span> <span class='ocrx_word' id='word_1_684' title='bbox 3323 3960 3540 4016; x_wconf 86' lang='lat' dir='ltr'><strong>Habent</strong></span> <span class='ocrx_word' id='word_1_685' title='bbox 3585 3959 3717 4016; x_wconf 87' lang='lat' dir='ltr'><strong>enim</strong></span> <span class='ocrx_word' id='word_1_686' title='bbox 3759 3967 3806 4011; x_wconf 86' lang='lat' dir='ltr'><strong>et</strong></span> 
     </span>
    </p>
   </div>
   <div class='ocr_carea' id='block_1_85' title="bbox 2221 4052 3802 4126">
    <p class='ocr_par' dir='ltr' id='par_1_85' title="bbox 2221 4052 3802 4126">
     <span class='ocr_line' id='line_1_85' title="bbox 2221 4052 3802 4126; baseline -0.004 -17"><span class='ocrx_word' id='word_1_687' title='bbox 2221 4054 2324 4124; x_wconf 89' lang='lat' dir='ltr'><strong>ipsi</strong></span> <span class='ocrx_word' id='word_1_688' title='bbox 2345 4055 2491 4124; x_wconf 80' lang='lat' dir='ltr'><strong>orgia</strong></span> <span class='ocrx_word' id='word_1_689' title='bbox 2520 4069 2637 4116; x_wconf 86' lang='lat' dir='ltr'><strong>sua,</strong></span> <span class='ocrx_word' id='word_1_690' title='bbox 2669 4062 2723 4109; x_wconf 88' lang='lat' dir='ltr'><strong>et</strong></span> <span class='ocrx_word' id='word_1_691' title='bbox 2749 4055 2902 4125; x_wconf 88' lang='lat' dir='ltr'><strong>quasi</strong></span> <span class='ocrx_word' id='word_1_692' title='bbox 2931 4065 2951 4092; x_wconf 78' lang='grc' dir='ltr'>ε</span> <span class='ocrx_word' id='word_1_693' title='bbox 2985 4069 3083 4124; x_wconf 91' lang='lat' dir='ltr'><strong>pro</strong></span> <span class='ocrx_word' id='word_1_694' title='bbox 3107 4053 3363 4124; x_wconf 87' lang='lat' dir='ltr'><strong>perfectis</strong></span> <span class='ocrx_word' id='word_1_695' title='bbox 3385 4055 3685 4126; x_wconf 88' lang='lat' dir='ltr'><strong>quibusque</strong></span> <span class='ocrx_word' id='word_1_696' title='bbox 3709 4052 3802 4107; x_wconf 86' lang='lat' dir='ltr'><strong>dis-</strong></span> 
     </span>
    </p>
   </div>
   <div class='ocr_carea' id='block_1_86' title="bbox 2218 4145 3804 4220">
    <p class='ocr_par' dir='ltr' id='par_1_86' title="bbox 2218 4145 3804 4220">
     <span class='ocr_line' id='line_1_86' title="bbox 2218 4145 3804 4220; baseline -0.005 -16"><span class='ocrx_word' id='word_1_697' title='bbox 2218 4149 2418 4218; x_wconf 89' lang='lat' dir='ltr'><strong>cipulis</strong></span> <span class='ocrx_word' id='word_1_698' title='bbox 2451 4149 2669 4203; x_wconf 84' lang='lat' dir='ltr'><strong>tradunt</strong></span> <span class='ocrx_word' id='word_1_699' title='bbox 2695 4149 3012 4204; x_wconf 90' lang='lat' dir='ltr'><strong>abscondita</strong></span> <span class='ocrx_word' id='word_1_700' title='bbox 3042 4159 3410 4213; x_wconf 85' lang='lat' dir='ltr'><strong>sacramenta,</strong></span> <span class='ocrx_word' id='word_1_701' title='bbox 3438 4165 3563 4220; x_wconf 75' lang='lat' dir='ltr'><strong>qua:</strong></span> <span class='ocrx_word' id='word_1_702' title='bbox 3584 4148 3629 4203; x_wconf 88' lang='lat' dir='ltr'><strong>si</strong></span> <span class='ocrx_word' id='word_1_703' title='bbox 3648 4147 3707 4200; x_wconf 89' lang='lat' dir='ltr'><strong>ad</strong></span> <span class='ocrx_word' id='word_1_704' title='bbox 3736 4145 3804 4198; x_wconf 83' lang='lat' dir='ltr'><strong>lu-</strong></span> 
     </span>
    </p>
   </div>
   <div class='ocr_carea' id='block_1_87' title="bbox 2218 4242 3798 4312">
    <p class='ocr_par' dir='ltr' id='par_1_87' title="bbox 2218 4242 3798 4312">
     <span class='ocr_line' id='line_1_87' title="bbox 2218 4242 3798 4312; baseline -0.003 -18"><span class='ocrx_word' id='word_1_705' title='bbox 2218 4255 2335 4294; x_wconf 88' lang='lat' dir='ltr'><strong>cem</strong></span> <span class='ocrx_word' id='word_1_706' title='bbox 2372 4244 2758 4309; x_wconf 76' lang='lat' dir='ltr'><strong>prOCesseriut,</strong></span> <span class='ocrx_word' id='word_1_707' title='bbox 2794 4242 2979 4296; x_wconf 89' lang='lat' dir='ltr'><strong>statim</strong></span> <span class='ocrx_word' id='word_1_708' title='bbox 3008 4242 3153 4312; x_wconf 89' lang='lat' dir='ltr'><strong>quod</strong></span> <span class='ocrx_word' id='word_1_709' title='bbox 3184 4242 3306 4295; x_wconf 83' lang='lat' dir='ltr'><strong>fit-ta</strong></span> <span class='ocrx_word' id='word_1_710' title='bbox 3333 4253 3484 4308; x_wconf 81' lang='lat' dir='ltr'><strong>sunt,</strong></span> <span class='ocrx_word' id='word_1_711' title='bbox 3507 4249 3798 4312; x_wconf 84' lang='lat' dir='ltr'><strong>arguuntur.</strong></span> 
     </span>
    </p>
   </div>
   <div class='ocr_carea' id='block_1_88' title="bbox 2217 4335 3798 4408">
    <p class='ocr_par' dir='ltr' id='par_1_88' title="bbox 2217 4335 3798 4408">
     <span class='ocr_line' id='line_1_88' title="bbox 2217 4335 3798 4408; baseline -0.004 -17"><span class='ocrx_word' id='word_1_712' title='bbox 2217 4335 2362 4391; x_wconf 75' lang='lat' dir='ltr'><strong>Nihil</strong></span> <span class='ocrx_word' id='word_1_713' title='bbox 2396 4337 2558 4407; x_wconf 90' lang='lat' dir='ltr'><strong>igitur</strong></span> <span class='ocrx_word' id='word_1_714' title='bbox 2589 4338 2669 4393; x_wconf 90' lang='lat' dir='ltr'><strong>eis</strong></span> <span class='ocrx_word' id='word_1_715' title='bbox 2719 4337 2962 4408; x_wconf 89' lang='lat' dir='ltr'><strong>proderit</strong></span> <span class='ocrx_word' id='word_1_716' title='bbox 3001 4338 3279 4406; x_wconf 84' lang='lat' dir='ltr'><strong>seulptnra</strong></span> <span class='ocrx_word' id='word_1_717' title='bbox 3309 4348 3364 4392; x_wconf 88' lang='lat' dir='ltr'><strong>et</strong></span> <span class='ocrx_word' id='word_1_718' title='bbox 3413 4337 3664 4392; x_wconf 85' lang='lat' dir='ltr'><strong>conflatio</strong></span> <span class='ocrx_word' id='word_1_719' title='bbox 3697 4347 3798 4389; x_wconf 88' lang='lat' dir='ltr'><strong>sna.</strong></span> 
     </span>
    </p>
   </div>
   <div class='ocr_carea' id='block_1_89' title="bbox 2217 4427 3800 4502">
    <p class='ocr_par' dir='ltr' id='par_1_89' title="bbox 2217 4427 3800 4502">
     <span class='ocr_line' id='line_1_89' title="bbox 2217 4427 3800 4502; baseline -0.003 -17"><span class='ocrx_word' id='word_1_720' title='bbox 2217 4429 2527 4501; x_wconf 87' lang='lat' dir='ltr'><strong>Sculptura,</strong></span> <span class='ocrx_word' id='word_1_721' title='bbox 2563 4448 2682 4502; x_wconf 69' lang='lat' dir='ltr'><strong>qua:</strong></span> <span class='ocrx_word' id='word_1_722' title='bbox 2721 4430 2953 4486; x_wconf 88' lang='lat' dir='ltr'><strong>refertur</strong></span> <span class='ocrx_word' id='word_1_723' title='bbox 2979 4431 3046 4485; x_wconf 87' lang='lat' dir='ltr'><strong>ad</strong></span> <span class='ocrx_word' id='word_1_724' title='bbox 3083 4430 3312 4500; x_wconf 89' lang='lat' dir='ltr'><strong>lapides,</strong></span> <span class='ocrx_word' id='word_1_725' title='bbox 3359 4432 3413 4486; x_wconf 90' lang='lat' dir='ltr'><strong>in</strong></span> <span class='ocrx_word' id='word_1_726' title='bbox 3445 4430 3531 4486; x_wconf 90' lang='lat' dir='ltr'><strong>his</strong></span> <span class='ocrx_word' id='word_1_727' title='bbox 3556 4427 3800 4500; x_wconf 81' lang='lat' dir='ltr'><strong>dogmati-</strong></span> 
     </span>
    </p>
   </div>
   <div class='ocr_carea' id='block_1_90' title="bbox 2218 4522 3801 4594">
    <p class='ocr_par' dir='ltr' id='par_1_90' title="bbox 2218 4522 3801 4594">
     <span class='ocr_line' id='line_1_90' title="bbox 2218 4522 3801 4594; baseline -0.003 -16"><span class='ocrx_word' id='word_1_728' title='bbox 2218 4524 2316 4578; x_wconf 90' lang='lat' dir='ltr'><strong>bus</strong></span> <span class='ocrx_word' id='word_1_729' title='bbox 2353 4523 2692 4592; x_wconf 65' lang='lat' dir='ltr'><strong>intelligitur,</strong></span> <span class='ocrx_word' id='word_1_730' title='bbox 2723 4539 2842 4594; x_wconf 76' lang='lat' dir='ltr'><strong>qua:</strong></span> <span class='ocrx_word' id='word_1_731' title='bbox 2871 4523 3154 4579; x_wconf 87' lang='lat' dir='ltr'><strong>stultitiam</strong></span> <span class='ocrx_word' id='word_1_732' title='bbox 3183 4522 3352 4593; x_wconf 88' lang='lat' dir='ltr'><strong>prima</strong></span> <span class='ocrx_word' id='word_1_733' title='bbox 3378 4522 3556 4579; x_wconf 89' lang='lat' dir='ltr'><strong>fronte</strong></span> <span class='ocrx_word' id='word_1_734' title='bbox 3598 4523 3801 4576; x_wconf 87' lang='lat' dir='ltr'><strong>demon-</strong></span> 
     </span>
    </p>
   </div>
   <div class='ocr_carea' id='block_1_91' title="bbox 507 4613 3801 4689">
    <p class='ocr_par' dir='ltr' id='par_1_91' title="bbox 507 4613 3801 4689">
     <span class='ocr_line' id='line_1_91' title="bbox 507 4613 3801 4689; baseline -0.001 -18"><span class='ocrx_word' id='word_1_735' title='bbox 507 4616 852 4672; x_wconf 85' lang='lat' dir='ltr'><strong>sermontbus</strong></span> <span class='ocrx_word' id='word_1_736' title='bbox 880 4615 1257 4686; x_wconf 83' lang='lat' dir='ltr'><strong>congregavit,</strong></span> <span class='ocrx_word' id='word_1_737' title='bbox 1286 4616 1470 4670; x_wconf 86' lang='lat' dir='ltr'><strong>veniet</strong></span> <span class='ocrx_word' id='word_1_738' title='bbox 1508 4631 1671 4683; x_wconf 91' lang='lat' dir='ltr'><strong>super</strong></span> <span class='ocrx_word' id='word_1_739' title='bbox 1691 4616 1919 4687; x_wconf 88' lang='lat' dir='ltr'><strong>gloriam</strong></span> <span class='ocrx_word' id='word_1_740' title='bbox 1951 4620 2068 4689; x_wconf 90' lang='lat' dir='ltr'><strong>ejus</strong></span> <span class='ocrx_word' id='word_1_741' title='bbox 2095 4639 2107 4675; x_wconf 91' lang='lat'>:</span> <span class='ocrx_word' id='word_1_742' title='bbox 2139 4613 2192 4672; x_wconf 90' lang='lat' dir='ltr'><strong>D</strong></span> <span class='ocrx_word' id='word_1_743' title='bbox 2217 4626 2414 4671; x_wconf 90' lang='lat' dir='ltr'><strong>strant.</strong></span> <span class='ocrx_word' id='word_1_744' title='bbox 2450 4615 2715 4670; x_wconf 87' lang='lat' dir='ltr'><strong>Conflatio</strong></span> <span class='ocrx_word' id='word_1_745' title='bbox 2742 4628 2825 4671; x_wconf 89' lang='lat' dir='ltr'><strong>est</strong></span> <span class='ocrx_word' id='word_1_746' title='bbox 2857 4616 2951 4680; x_wconf 91' lang='lat' dir='ltr'><strong>ibi,</strong></span> <span class='ocrx_word' id='word_1_747' title='bbox 2983 4617 3072 4670; x_wconf 90' lang='lat' dir='ltr'><strong>ubi</strong></span> <span class='ocrx_word' id='word_1_748' title='bbox 3095 4617 3272 4686; x_wconf 88' lang='lat' dir='ltr'><strong>aliqua</strong></span> <span class='ocrx_word' id='word_1_749' title='bbox 3307 4617 3522 4672; x_wconf 89' lang='lat' dir='ltr'><strong>videtur</strong></span> <span class='ocrx_word' id='word_1_750' title='bbox 3547 4631 3664 4672; x_wconf 89' lang='lat' dir='ltr'><strong>esse</strong></span> <span class='ocrx_word' id='word_1_751' title='bbox 3680 4615 3801 4670; x_wconf 83' lang='lat' dir='ltr'><strong>ratio</strong></span> 
     </span>
    </p>
   </div>
   <div class='ocr_carea' id='block_1_92' title="bbox 505 4708 2110 4781">
    <p class='ocr_par' dir='ltr' id='par_1_92' title="bbox 505 4708 2110 4781">
     <span class='ocr_line' id='line_1_92' title="bbox 505 4708 2110 4781; baseline 0.001 -16"><span class='ocrx_word' id='word_1_752' title='bbox 505 4720 565 4765; x_wconf 92' lang='lat' dir='ltr'><strong>ut</strong></span> <span class='ocrx_word' id='word_1_753' title='bbox 602 4719 861 4780; x_wconf 89' lang='lat' dir='ltr'><strong>quantum</strong></span> <span class='ocrx_word' id='word_1_754' title='bbox 887 4721 1015 4762; x_wconf 88' lang='lat' dir='ltr'><strong>ante</strong></span> <span class='ocrx_word' id='word_1_755' title='bbox 1056 4709 1348 4777; x_wconf 82' lang='lat' dir='ltr'><strong>putabatur</strong></span> <span class='ocrx_word' id='word_1_756' title='bbox 1388 4708 1642 4781; x_wconf 89' lang='lat' dir='ltr'><strong>inclytus,</strong></span> <span class='ocrx_word' id='word_1_757' title='bbox 1678 4717 1886 4764; x_wconf 88' lang='lat' dir='ltr'><strong>tantum</strong></span> <span class='ocrx_word' id='word_1_758' title='bbox 1925 4722 2110 4780; x_wconf 88' lang='lat' dir='ltr'><strong>postea</strong></span> 
     </span>
    </p>
   </div>
   <div class='ocr_carea' id='block_1_93' title="bbox 510 4799 2109 4872">
    <p class='ocr_par' dir='ltr' id='par_1_93' title="bbox 510 4799 2109 4872">
     <span class='ocr_line' id='line_1_93' title="bbox 510 4799 2109 4872; baseline 0.002 -16"><span class='ocrx_word' id='word_1_759' title='bbox 510 4800 801 4872; x_wconf 87' lang='lat' dir='ltr'><strong>ignominia</strong></span> <span class='ocrx_word' id='word_1_760' title='bbox 828 4801 1022 4869; x_wconf 91' lang='lat' dir='ltr'><strong>plenus</strong></span> <span class='ocrx_word' id='word_1_761' title='bbox 1051 4799 1141 4854; x_wconf 88' lang='lat' dir='ltr'><strong>sit.</strong></span> <span class='ocrx_word' id='word_1_762' title='bbox 1169 4800 1573 4871; x_wconf 79' lang='lat' dir='ltr'><strong>Blasphemavit</strong></span> <span class='ocrx_word' id='word_1_763' title='bbox 1591 4803 1734 4857; x_wconf 90' lang='lat' dir='ltr'><strong>enim</strong></span> <span class='ocrx_word' id='word_1_764' title='bbox 1760 4803 1812 4856; x_wconf 90' lang='lat' dir='ltr'><strong>in</strong></span> <span class='ocrx_word' id='word_1_765' title='bbox 1838 4803 2026 4870; x_wconf 86' lang='lat' dir='ltr'><strong>Deum,</strong></span> <span class='ocrx_word' id='word_1_766' title='bbox 2057 4814 2109 4859; x_wconf 81' lang='lat' dir='ltr'><strong>et</strong></span> 
     </span>
    </p>
   </div>
   <div class='ocr_carea' id='block_1_94' title="bbox 508 4894 2109 4964">
    <p class='ocr_par' dir='ltr' id='par_1_94' title="bbox 508 4894 2109 4964">
     <span class='ocr_line' id='line_1_94' title="bbox 508 4894 2109 4964; baseline 0.002 -15"><span class='ocrx_word' id='word_1_767' title='bbox 508 4896 761 4964; x_wconf 87' lang='lat' dir='ltr'><strong>impietas</strong></span> <span class='ocrx_word' id='word_1_768' title='bbox 787 4909 946 4964; x_wconf 90' lang='lat' dir='ltr'><strong>quam</strong></span> <span class='ocrx_word' id='word_1_769' title='bbox 988 4896 1233 4948; x_wconf 84' lang='lat' dir='ltr'><strong>exercuit</strong></span> <span class='ocrx_word' id='word_1_770' title='bbox 1269 4895 1322 4948; x_wconf 91' lang='lat' dir='ltr'><strong>in</strong></span> <span class='ocrx_word' id='word_1_771' title='bbox 1351 4894 1578 4962; x_wconf 76' lang='lat' dir='ltr'><strong>Libano,</strong></span> <span class='ocrx_word' id='word_1_772' title='bbox 1613 4897 1826 4964; x_wconf 90' lang='lat' dir='ltr'><strong>operiet</strong></span> <span class='ocrx_word' id='word_1_773' title='bbox 1860 4912 2003 4963; x_wconf 91' lang='lat' dir='ltr'><strong>eum,</strong></span> <span class='ocrx_word' id='word_1_774' title='bbox 2055 4910 2109 4952; x_wconf 91' lang='lat' dir='ltr'><strong>et</strong></span> 
     </span>
    </p>
   </div>
   <div class='ocr_carea' id='block_1_95' title="bbox 506 4986 2106 5057">
    <p class='ocr_par' dir='ltr' id='par_1_95' title="bbox 506 4986 2106 5057">
     <span class='ocr_line' id='line_1_95' title="bbox 506 4986 2106 5057; baseline 0.004 -19"><span class='ocrx_word' id='word_1_775' title='bbox 506 4986 798 5042; x_wconf 78' lang='lat' dir='ltr'><strong>multorum</strong></span> <span class='ocrx_word' id='word_1_776' title='bbox 831 4986 1108 5040; x_wconf 88' lang='lat' dir='ltr'><strong>hominum</strong></span> <span class='ocrx_word' id='word_1_777' title='bbox 1141 4987 1309 5055; x_wconf 87' lang='lat' dir='ltr'><strong>furor,</strong></span> <span class='ocrx_word' id='word_1_778' title='bbox 1343 4987 1433 5057; x_wconf 92' lang='lat' dir='ltr'><strong>qui</strong></span> <span class='ocrx_word' id='word_1_779' title='bbox 1473 4986 1764 5041; x_wconf 84' lang='lat' dir='ltr'><strong>adversum</strong></span> <span class='ocrx_word' id='word_1_780' title='bbox 1800 4988 1890 5041; x_wconf 87' lang='lat' dir='ltr'><strong>Dei</strong></span> <span class='ocrx_word' id='word_1_781' title='bbox 1923 4988 2106 5044; x_wconf 87' lang='lat' dir='ltr'><strong>Eccle-</strong></span> 
     </span>
    </p>
   </div>
   <div class='ocr_carea' id='block_1_96' title="bbox 507 5079 2108 5149">
    <p class='ocr_par' dir='ltr' id='par_1_96' title="bbox 507 5079 2108 5149">
     <span class='ocr_line' id='line_1_96' title="bbox 507 5079 2108 5149; baseline -0.001 -13"><span class='ocrx_word' id='word_1_782' title='bbox 507 5081 642 5136; x_wconf 86' lang='lat' dir='ltr'><strong>siam</strong></span> <span class='ocrx_word' id='word_1_783' title='bbox 675 5079 991 5135; x_wconf 83' lang='lat' dir='ltr'><strong>debacchati</strong></span> <span class='ocrx_word' id='word_1_784' title='bbox 1024 5088 1171 5144; x_wconf 92' lang='lat' dir='ltr'><strong>sunt,</strong></span> <span class='ocrx_word' id='word_1_785' title='bbox 1206 5080 1305 5149; x_wconf 91' lang='lat' dir='ltr'><strong>ipsi</strong></span> <span class='ocrx_word' id='word_1_786' title='bbox 1350 5079 1704 5147; x_wconf 89' lang='lat' dir='ltr'><strong>imputabitur</strong></span> <span class='ocrx_word' id='word_1_787' title='bbox 1731 5098 1744 5133; x_wconf 89' lang='lat'>:</span> <span class='ocrx_word' id='word_1_788' title='bbox 1782 5094 1881 5134; x_wconf 88' lang='lat' dir='ltr'><strong>nec</strong></span> <span class='ocrx_word' id='word_1_789' title='bbox 1911 5083 2108 5149; x_wconf 88' lang='lat' dir='ltr'><strong>poterit</strong></span> 
     </span>
    </p>
   </div>
   <div class='ocr_carea' id='block_1_97' title="bbox 503 5171 2104 5238">
    <p class='ocr_par' dir='ltr' id='par_1_97' title="bbox 503 5171 2104 5238">
     <span class='ocr_line' id='line_1_97' title="bbox 503 5171 2104 5238; baseline -0.002 -8"><span class='ocrx_word' id='word_1_790' title='bbox 503 5177 721 5230; x_wconf 86' lang='lat' dir='ltr'><strong>elevare</strong></span> <span class='ocrx_word' id='word_1_791' title='bbox 751 5173 1046 5235; x_wconf 89' lang='lat' dir='ltr'><strong>cervicem,</strong></span> <span class='ocrx_word' id='word_1_792' title='bbox 1080 5172 1171 5227; x_wconf 90' lang='lat' dir='ltr'><strong>sed</strong></span> <span class='ocrx_word' id='word_1_793' title='bbox 1203 5183 1415 5224; x_wconf 87' lang='lat' dir='ltr'><strong>terrore</strong></span> <span class='ocrx_word' id='word_1_794' title='bbox 1445 5171 1782 5238; x_wconf 88' lang='lat' dir='ltr'><strong>deprimetur</strong></span> <span class='ocrx_word' id='word_1_795' title='bbox 1805 5174 1857 5225; x_wconf 92' lang='lat' dir='ltr'><strong>in</strong></span> <span class='ocrx_word' id='word_1_796' title='bbox 1884 5182 2104 5227; x_wconf 88' lang='lat' dir='ltr'><strong>terram.</strong></span> 
     </span>
    </p>
   </div>
   <div class='ocr_carea' id='block_1_98' title="bbox 504 5264 2106 5333">
    <p class='ocr_par' dir='ltr' id='par_1_98' title="bbox 504 5264 2106 5333">
     <span class='ocr_line' id='line_1_98' title="bbox 504 5264 2106 5333; baseline -0.001 -11"><span class='ocrx_word' id='word_1_797' title='bbox 504 5267 706 5322; x_wconf 75' lang='lat' dir='ltr'><strong>Multos</strong></span> <span class='ocrx_word' id='word_1_798' title='bbox 736 5266 882 5321; x_wconf 88' lang='lat' dir='ltr'><strong>enim</strong></span> <span class='ocrx_word' id='word_1_799' title='bbox 915 5265 1165 5319; x_wconf 90' lang='lat' dir='ltr'><strong>homines</strong></span> <span class='ocrx_word' id='word_1_800' title='bbox 1189 5264 1487 5326; x_wconf 87' lang='lat' dir='ltr'><strong>interfecit,</strong></span> <span class='ocrx_word' id='word_1_801' title='bbox 1526 5274 1580 5317; x_wconf 90' lang='lat' dir='ltr'><strong>et</strong></span> <span class='ocrx_word' id='word_1_802' title='bbox 1608 5273 1775 5320; x_wconf 88' lang='lat' dir='ltr'><strong>totum</strong></span> <span class='ocrx_word' id='word_1_803' title='bbox 1806 5266 2018 5333; x_wconf 88' lang='lat' dir='ltr'><strong>orbem,</strong></span> <span class='ocrx_word' id='word_1_804' title='bbox 2054 5267 2106 5321; x_wconf 93' lang='lat' dir='ltr'><strong>id</strong></span> 
     </span>
    </p>
   </div>
   <div class='ocr_carea' id='block_1_99' title="bbox 501 5356 2109 5430">
    <p class='ocr_par' dir='ltr' id='par_1_99' title="bbox 501 5356 2109 5430">
     <span class='ocr_line' id='line_1_99' title="bbox 501 5356 2109 5430; baseline 0.001 -15"><span class='ocrx_word' id='word_1_805' title='bbox 501 5370 608 5426; x_wconf 90' lang='lat' dir='ltr'><strong>est,</strong></span> <span class='ocrx_word' id='word_1_806' title='bbox 641 5360 934 5415; x_wconf 85' lang='lat' dir='ltr'><strong>Ecclesiatn</strong></span> <span class='ocrx_word' id='word_1_807' title='bbox 961 5356 1161 5412; x_wconf 87' lang='lat' dir='ltr'><strong>Christi</strong></span> <span class='ocrx_word' id='word_1_808' title='bbox 1199 5368 1250 5412; x_wconf 91' lang='lat' dir='ltr'><strong>et</strong></span> <span class='ocrx_word' id='word_1_809' title='bbox 1281 5357 1615 5414; x_wconf 78' lang='lat' dir='ltr'><strong>habitatores</strong></span> <span class='ocrx_word' id='word_1_810' title='bbox 1641 5359 1761 5428; x_wconf 85' lang='lat' dir='ltr'><strong>ejus</strong></span> <span class='ocrx_word' id='word_1_811' title='bbox 1791 5375 1886 5414; x_wconf 89' lang='lat' dir='ltr'><strong>sua</strong></span> <span class='ocrx_word' id='word_1_812' title='bbox 1919 5361 2109 5430; x_wconf 86' lang='lat' dir='ltr'><strong>impie-</strong></span> 
     </span>
    </p>
   </div>
   <div class='ocr_carea' id='block_1_100' title="bbox 502 5451 2103 5528">
    <p class='ocr_par' dir='ltr' id='par_1_100' title="bbox 502 5451 2103 5528">
     <span class='ocr_line' id='line_1_100' title="bbox 502 5451 2103 5528; baseline -0.001 -16"><span class='ocrx_word' id='word_1_813' title='bbox 502 5464 614 5512; x_wconf 85' lang='lat' dir='ltr'><strong>tate</strong></span> <span class='ocrx_word' id='word_1_814' title='bbox 667 5454 922 5509; x_wconf 85' lang='lat' dir='ltr'><strong>vastavit.</strong></span> <span class='ocrx_word' id='word_1_815' title='bbox 975 5451 1266 5509; x_wconf 89' lang='lat' dir='ltr'><strong>Sciendum</strong></span> <span class='ocrx_word' id='word_1_816' title='bbox 1324 5453 1487 5524; x_wconf 86' lang='lat' dir='ltr'><strong>igitur</strong></span> <span class='ocrx_word' id='word_1_817' title='bbox 1532 5463 1586 5509; x_wconf 83' lang='lat' dir='ltr'><strong>et</strong></span> <span class='ocrx_word' id='word_1_818' title='bbox 1639 5454 1743 5510; x_wconf 89' lang='lat' dir='ltr'><strong>hoc</strong></span> <span class='ocrx_word' id='word_1_819' title='bbox 1783 5457 2103 5528; x_wconf 90' lang='lat' dir='ltr'><strong>capitulum,</strong></span> 
     </span>
    </p>
   </div>
   <div class='ocr_carea' id='block_1_101' title="bbox 574 5594 2103 5667">
    <p class='ocr_par' dir='ltr' id='par_1_101' title="bbox 574 5594 2103 5667">
     <span class='ocr_line' id='line_1_101' title="bbox 574 5594 2103 5667; baseline 0.002 -16"><span class='ocrx_word' id='word_1_820' title='bbox 574 5606 598 5633; x_wconf 75' lang='grc'><strong><em>⁸</em></strong></span> <span class='ocrx_word' id='word_1_821' title='bbox 641 5595 815 5651; x_wconf 86' lang='lat' dir='ltr'><strong>Penes</strong></span> <span class='ocrx_word' id='word_1_822' title='bbox 845 5594 1054 5650; x_wconf 82' lang='lat' dir='ltr'><strong>Victor.</strong></span> <span class='ocrx_word' id='word_1_823' title='bbox 1085 5595 1274 5666; x_wconf 88' lang='lat' dir='ltr'><strong>verba,</strong></span> <span class='ocrx_word' id='word_1_824' title='bbox 1306 5604 1356 5649; x_wconf 86' lang='lat' dir='ltr'><strong>et</strong></span> <span class='ocrx_word' id='word_1_825' title='bbox 1377 5597 1535 5667; x_wconf 75' lang='lat' dir='ltr'><strong>juxta</strong></span> <span class='ocrx_word' id='word_1_826' title='bbox 1563 5596 1854 5667; x_wconf 85' lang='lat' dir='ltr'><strong>historiam,</strong></span> <span class='ocrx_word' id='word_1_827' title='bbox 1888 5599 2103 5658; x_wconf 87' lang='lat' dir='ltr'><strong>deside-</strong></span> 
     </span>
    </p>
   </div>
   <div class='ocr_carea' id='block_1_102' title="bbox 501 5681 2098 5814">
    <p class='ocr_par' dir='ltr' id='par_1_102' title="bbox 501 5681 2098 5814">
     <span class='ocr_line' id='line_1_102' title="bbox 501 5681 712 5724; baseline -0.014 0"><span class='ocrx_word' id='word_1_828' title='bbox 501 5681 712 5724; x_wconf 88' lang='lat' dir='ltr'><strong>rantur.</strong></span> 
     </span>
     <span class='ocr_line' id='line_1_103' title="bbox 571 5737 2098 5814; baseline 0.004 -20"><span class='ocrx_word' id='word_1_829' title='bbox 571 5737 596 5776; x_wconf 72' lang='grc' dir='ltr'><strong>ι’</strong></span> <span class='ocrx_word' id='word_1_830' title='bbox 622 5739 826 5814; x_wconf 77' lang='lat' dir='ltr'><strong>_Ve_rba,</strong></span> <span class='ocrx_word' id='word_1_831' title='bbox 857 5741 960 5795; x_wconf 86' lang='lat' dir='ltr'><strong>sive</strong></span> <span class='ocrx_word' id='word_1_832' title='bbox 989 5750 1045 5794; x_wconf 85' lang='lat' dir='ltr'><strong>ut</strong></span> <span class='ocrx_word' id='word_1_833' title='bbox 1069 5740 1123 5794; x_wconf 89' lang='lat' dir='ltr'><strong>in</strong></span> <span class='ocrx_word' id='word_1_834' title='bbox 1150 5739 1366 5796; x_wconf 76' lang='lat' dir='ltr'><strong>Hebrum</strong></span> <span class='ocrx_word' id='word_1_835' title='bbox 1389 5743 1639 5814; x_wconf 82' lang='lat' dir='ltr'><strong>scriptum</strong></span> <span class='ocrx_word' id='word_1_836' title='bbox 1662 5752 1760 5810; x_wconf 85' lang='lat' dir='ltr'><strong>est,</strong></span> <span class='ocrx_word' id='word_1_837' title='bbox 1784 5741 1950 5813; x_wconf 87' lang='lat' dir='ltr'><strong>Dora,</strong></span> <span class='ocrx_word' id='word_1_838' title='bbox 1979 5760 2098 5814; x_wconf 59' lang='lat' dir='ltr'><strong>quas</strong></span> 
     </span>
    </p>
   </div>
   <div class='ocr_carea' id='block_1_103' title="bbox 496 5810 2098 5885">
    <p class='ocr_par' dir='ltr' id='par_1_103' title="bbox 496 5810 2098 5885">
     <span class='ocr_line' id='line_1_104' title="bbox 496 5810 2098 5885; baseline 0.004 -21"><span class='ocrx_word' id='word_1_839' title='bbox 496 5812 637 5878; x_wconf 83' lang='lat' dir='ltr'><strong>apud</strong></span> <span class='ocrx_word' id='word_1_840' title='bbox 673 5810 922 5873; x_wconf 87' lang='lat' dir='ltr'><strong>Martian.</strong></span> <span class='ocrx_word' id='word_1_841' title='bbox 964 5817 1218 5882; x_wconf 88' lang='lat' dir='ltr'><strong>deerant,</strong></span> <span class='ocrx_word' id='word_1_842' title='bbox 1265 5825 1320 5871; x_wconf 90' lang='lat' dir='ltr'><strong>et.</strong></span> <span class='ocrx_word' id='word_1_843' title='bbox 1348 5810 1507 5872; x_wconf 73' lang='lat' dir='ltr'><strong>facile</strong></span> <span class='ocrx_word' id='word_1_844' title='bbox 1552 5815 1623 5868; x_wconf 88' lang='lat' dir='ltr'><strong>ob</strong></span> <span class='ocrx_word' id='word_1_845' title='bbox 1664 5816 1909 5885; x_wconf 85' lang='lat' dir='ltr'><strong>ejusdem</strong></span> <span class='ocrx_word' id='word_1_846' title='bbox 1936 5810 2098 5872; x_wconf 79' lang='lat' dir='ltr'><strong>vocis</strong></span> 
     </span>
    </p>
   </div>
   <div class='ocr_carea' id='block_1_104' title="bbox 2219 4705 3801 4780">
    <p class='ocr_par' dir='ltr' id='par_1_104' title="bbox 2219 4705 3801 4780">
     <span class='ocr_line' id='line_1_105' title="bbox 2219 4705 3801 4780; baseline -0.004 -16"><span class='ocrx_word' id='word_1_847' title='bbox 2219 4709 2500 4780; x_wconf 83' lang='lat' dir='ltr'><strong>sapientiae</strong></span> <span class='ocrx_word' id='word_1_848' title='bbox 2531 4707 2828 4778; x_wconf 83' lang='lat' dir='ltr'><strong>saecularis,</strong></span> <span class='ocrx_word' id='word_1_849' title='bbox 2861 4720 2915 4764; x_wconf 91' lang='lat' dir='ltr'><strong>et</strong></span> <span class='ocrx_word' id='word_1_850' title='bbox 2942 4708 3088 4764; x_wconf 89' lang='lat' dir='ltr'><strong>velut</strong></span> <span class='ocrx_word' id='word_1_851' title='bbox 3115 4708 3347 4777; x_wconf 86' lang='lat' dir='ltr'><strong>quodam</strong></span> <span class='ocrx_word' id='word_1_852' title='bbox 3378 4723 3534 4776; x_wconf 86' lang='lat' dir='ltr'><strong>auro,</strong></span> <span class='ocrx_word' id='word_1_853' title='bbox 3560 4707 3626 4762; x_wconf 88' lang='lat' dir='ltr'><strong>ita</strong></span> <span class='ocrx_word' id='word_1_854' title='bbox 3656 4705 3801 4761; x_wconf 86' lang='lat' dir='ltr'><strong>disci-</strong></span> 
     </span>
    </p>
   </div>
   <div class='ocr_carea' id='block_1_105' title="bbox 2218 4800 3796 4872">
    <p class='ocr_par' dir='ltr' id='par_1_105' title="bbox 2218 4800 3796 4872">
     <span class='ocr_line' id='line_1_106' title="bbox 2218 4800 3796 4872; baseline -0.004 -17"><span class='ocrx_word' id='word_1_855' title='bbox 2218 4801 2379 4872; x_wconf 89' lang='lat' dir='ltr'><strong>plinis</strong></span> <span class='ocrx_word' id='word_1_856' title='bbox 2405 4801 2851 4870; x_wconf 88' lang='lat' dir='ltr'><strong>philosophorum</strong></span> <span class='ocrx_word' id='word_1_857' title='bbox 2879 4809 2931 4854; x_wconf 92' lang='lat' dir='ltr'><strong>et</strong></span> <span class='ocrx_word' id='word_1_858' title='bbox 2955 4801 3247 4870; x_wconf 90' lang='lat' dir='ltr'><strong>splendore</strong></span> <span class='ocrx_word' id='word_1_859' title='bbox 3268 4801 3588 4872; x_wconf 70' lang='lat' dir='ltr'><strong>eloquentia:</strong></span> <span class='ocrx_word' id='word_1_860' title='bbox 3615 4800 3796 4855; x_wconf 88' lang='lat' dir='ltr'><strong>idolum</strong></span> 
     </span>
    </p>
   </div>
   <div class='ocr_carea' id='block_1_106' title="bbox 2215 4889 3797 4963">
    <p class='ocr_par' dir='ltr' id='par_1_106' title="bbox 2215 4889 3797 4963">
     <span class='ocr_line' id='line_1_107' title="bbox 2215 4889 3797 4963; baseline -0.005 -14"><span class='ocrx_word' id='word_1_861' title='bbox 2215 4894 2509 4949; x_wconf 85' lang='lat' dir='ltr'><strong>conflatum</strong></span> <span class='ocrx_word' id='word_1_862' title='bbox 2537 4903 2638 4948; x_wconf 88' lang='lat' dir='ltr'><strong>est.</strong></span> <span class='ocrx_word' id='word_1_863' title='bbox 2675 4892 2819 4947; x_wconf 83' lang='lat' dir='ltr'><strong>Nihil</strong></span> <span class='ocrx_word' id='word_1_864' title='bbox 2850 4909 2978 4963; x_wconf 86' lang='lat' dir='ltr'><strong>ergo</strong></span> <span class='ocrx_word' id='word_1_865' title='bbox 3021 4894 3266 4963; x_wconf 88' lang='lat' dir='ltr'><strong>proderit.</strong></span> <span class='ocrx_word' id='word_1_866' title='bbox 3303 4893 3612 4962; x_wconf 82' lang='lat' dir='ltr'><strong>figmentum</strong></span> <span class='ocrx_word' id='word_1_867' title='bbox 3644 4889 3797 4945; x_wconf 88' lang='lat' dir='ltr'><strong>lictori</strong></span> 
     </span>
    </p>
   </div>
   <div class='ocr_carea' id='block_1_107' title="bbox 2217 4987 3795 5056">
    <p class='ocr_par' dir='ltr' id='par_1_107' title="bbox 2217 4987 3795 5056">
     <span class='ocr_line' id='line_1_108' title="bbox 2217 4987 3795 5056; baseline -0.006 -11"><span class='ocrx_word' id='word_1_868' title='bbox 2217 5005 2334 5045; x_wconf 88' lang='lat' dir='ltr'><strong>suo.</strong></span> <span class='ocrx_word' id='word_1_869' title='bbox 2371 4988 2439 5042; x_wconf 88' lang='lat' dir='ltr'><strong>Et</strong></span> <span class='ocrx_word' id='word_1_870' title='bbox 2467 4997 2675 5042; x_wconf 91' lang='lat' dir='ltr'><strong>mutum</strong></span> <span class='ocrx_word' id='word_1_871' title='bbox 2704 4988 3041 5056; x_wconf 79' lang='lat' dir='ltr'><strong>surdumque</strong></span> <span class='ocrx_word' id='word_1_872' title='bbox 3088 4987 3439 5042; x_wconf 87' lang='lat' dir='ltr'><strong>simulacrum</strong></span> <span class='ocrx_word' id='word_1_873' title='bbox 3473 4990 3795 5043; x_wconf 89' lang='lat' dir='ltr'><strong>adoratorem</strong></span> 
     </span>
    </p>
   </div>
   <div class='ocr_carea' id='block_1_108' title="bbox 2215 5081 3794 5152">
    <p class='ocr_par' dir='ltr' id='par_1_108' title="bbox 2215 5081 3794 5152">
     <span class='ocr_line' id='line_1_109' title="bbox 2215 5081 3794 5152; baseline -0.005 -14"><span class='ocrx_word' id='word_1_874' title='bbox 2215 5099 2372 5138; x_wconf 91' lang='lat' dir='ltr'><strong>suum</strong></span> <span class='ocrx_word' id='word_1_875' title='bbox 2402 5084 2588 5138; x_wconf 89' lang='lat' dir='ltr'><strong>audire</strong></span> <span class='ocrx_word' id='word_1_876' title='bbox 2632 5098 2736 5137; x_wconf 92' lang='lat' dir='ltr'><strong>non</strong></span> <span class='ocrx_word' id='word_1_877' title='bbox 2771 5083 2987 5152; x_wconf 88' lang='lat' dir='ltr'><strong>poterit.</strong></span> <span class='ocrx_word' id='word_1_878' title='bbox 3019 5084 3072 5138; x_wconf 90' lang='lat' dir='ltr'><strong>Si</strong></span> <span class='ocrx_word' id='word_1_879' title='bbox 3102 5082 3319 5152; x_wconf 90' lang='lat' dir='ltr'><strong>quando</strong></span> <span class='ocrx_word' id='word_1_880' title='bbox 3341 5082 3543 5137; x_wconf 90' lang='lat' dir='ltr'><strong>videtis</strong></span> <span class='ocrx_word' id='word_1_881' title='bbox 3579 5081 3794 5150; x_wconf 85' lang='lat' dir='ltr'><strong>aliquem</strong></span> 
     </span>
    </p>
   </div>
   <div class='ocr_carea' id='block_1_109' title="bbox 2211 5174 3792 5244">
    <p class='ocr_par' dir='ltr' id='par_1_109' title="bbox 2211 5174 3792 5244">
     <span class='ocr_line' id='line_1_110' title="bbox 2211 5174 3792 5244; baseline -0.008 -10"><span class='ocrx_word' id='word_1_882' title='bbox 2211 5180 2358 5234; x_wconf 91' lang='lat' dir='ltr'><strong>nolle</strong></span> <span class='ocrx_word' id='word_1_883' title='bbox 2388 5177 2613 5232; x_wconf 77' lang='lat' dir='ltr'><strong>credere</strong></span> <span class='ocrx_word' id='word_1_884' title='bbox 2643 5174 2878 5241; x_wconf 88' lang='lat' dir='ltr'><strong>veritati,</strong></span> <span class='ocrx_word' id='word_1_885' title='bbox 2911 5185 2965 5230; x_wconf 89' lang='lat' dir='ltr'><strong>et</strong></span> <span class='ocrx_word' id='word_1_886' title='bbox 2993 5188 3212 5230; x_wconf 89' lang='lat' dir='ltr'><strong>ostensa</strong></span> <span class='ocrx_word' id='word_1_887' title='bbox 3253 5191 3472 5230; x_wconf 88' lang='lat' dir='ltr'><strong>suorum</strong></span> <span class='ocrx_word' id='word_1_888' title='bbox 3501 5175 3792 5244; x_wconf 88' lang='lat' dir='ltr'><strong>dogmatum</strong></span> 
     </span>
    </p>
   </div>
   <div class='ocr_carea' id='block_1_110' title="bbox 2209 5268 3792 5339">
    <p class='ocr_par' dir='ltr' id='par_1_110' title="bbox 2209 5268 3792 5339">
     <span class='ocr_line' id='line_1_111' title="bbox 2209 5268 3792 5339; baseline -0.006 -13"><span class='ocrx_word' id='word_1_889' title='bbox 2209 5274 2470 5338; x_wconf 87' lang='lat' dir='ltr'><strong>falsitate,</strong></span> <span class='ocrx_word' id='word_1_890' title='bbox 2515 5269 2566 5324; x_wconf 87' lang='lat' dir='ltr'><strong>itt</strong></span> <span class='ocrx_word' id='word_1_891' title='bbox 2601 5276 2780 5337; x_wconf 70' lang='lat' dir='ltr'><strong>empto</strong></span> <span class='ocrx_word' id='word_1_892' title='bbox 2811 5268 2991 5323; x_wconf 88' lang='lat' dir='ltr'><strong>studio</strong></span> <span class='ocrx_word' id='word_1_893' title='bbox 3023 5284 3401 5338; x_wconf 75' lang='lat' dir='ltr'><strong>perseverare,</strong></span> <span class='ocrx_word' id='word_1_894' title='bbox 3453 5283 3681 5339; x_wconf 87' lang='lat' dir='ltr'><strong>congrue</strong></span> <span class='ocrx_word' id='word_1_895' title='bbox 3711 5278 3792 5333; x_wconf 89' lang='lat' dir='ltr'><strong>po-</strong></span> 
     </span>
    </p>
   </div>
   <div class='ocr_carea' id='block_1_111' title="bbox 2211 5361 3790 5434">
    <p class='ocr_par' dir='ltr' id='par_1_111' title="bbox 2211 5361 3790 5434">
     <span class='ocr_line' id='line_1_112' title="bbox 2211 5361 3790 5434; baseline -0.004 -14"><span class='ocrx_word' id='word_1_896' title='bbox 2211 5365 2340 5421; x_wconf 88' lang='lat' dir='ltr'><strong>teris</strong></span> <span class='ocrx_word' id='word_1_897' title='bbox 2367 5365 2548 5419; x_wconf 86' lang='lat' dir='ltr'><strong>dicere</strong></span> <span class='ocrx_word' id='word_1_898' title='bbox 2587 5381 2599 5416; x_wconf 91' lang='lat'>:</span> <span class='ocrx_word' id='word_1_899' title='bbox 2632 5363 2829 5432; x_wconf 87' lang='lat' dir='ltr'><strong>Sperat</strong></span> <span class='ocrx_word' id='word_1_900' title='bbox 2860 5361 2912 5417; x_wconf 89' lang='lat' dir='ltr'><strong>in</strong></span> <span class='ocrx_word' id='word_1_901' title='bbox 2947 5361 3208 5434; x_wconf 86' lang='lat' dir='ltr'><strong>figmento</strong></span> <span class='ocrx_word' id='word_1_902' title='bbox 3236 5380 3358 5430; x_wconf 88' lang='lat' dir='ltr'><strong>suo,</strong></span> <span class='ocrx_word' id='word_1_903' title='bbox 3396 5375 3449 5418; x_wconf 87' lang='lat' dir='ltr'><strong>et</strong></span> <span class='ocrx_word' id='word_1_904' title='bbox 3479 5364 3603 5418; x_wconf 86' lang='lat' dir='ltr'><strong>facit</strong></span> <span class='ocrx_word' id='word_1_905' title='bbox 3635 5361 3790 5417; x_wconf 89' lang='lat' dir='ltr'><strong>simu-</strong></span> 
     </span>
    </p>
   </div>
   <div class='ocr_carea' id='block_1_112' title="bbox 2210 5456 3793 5530">
    <p class='ocr_par' dir='ltr' id='par_1_112' title="bbox 2210 5456 3793 5530">
     <span class='ocr_line' id='line_1_113' title="bbox 2210 5456 3793 5530; baseline -0.006 -15"><span class='ocrx_word' id='word_1_906' title='bbox 2210 5459 2354 5516; x_wconf 86' lang='lat' dir='ltr'><strong>lacra</strong></span> <span class='ocrx_word' id='word_1_907' title='bbox 2385 5468 2527 5514; x_wconf 86' lang='lat' dir='ltr'><strong>muta</strong></span> <span class='ocrx_word' id='word_1_908' title='bbox 2573 5459 2657 5514; x_wconf 89' lang='lat' dir='ltr'><strong>vel</strong></span> <span class='ocrx_word' id='word_1_909' title='bbox 2688 5457 2854 5514; x_wconf 76' lang='lat' dir='ltr'><strong>surda</strong></span> <span class='ocrx_word' id='word_1_910' title='bbox 2903 5475 2917 5512; x_wconf 86' lang='lat'><strong>:</strong></span> <span class='ocrx_word' id='word_1_911' title='bbox 2963 5460 3108 5530; x_wconf 79' lang='grc' dir='ltr'><strong>κωφά</strong></span> <span class='ocrx_word' id='word_1_912' title='bbox 3155 5458 3357 5529; x_wconf 90' lang='lat' dir='ltr'><strong>quippe</strong></span> <span class='ocrx_word' id='word_1_913' title='bbox 3403 5457 3542 5528; x_wconf 88' lang='lat' dir='ltr'><strong>apud</strong></span> <span class='ocrx_word' id='word_1_914' title='bbox 3588 5456 3793 5514; x_wconf 74' lang='lat' dir='ltr'><strong>Graecos</strong></span> 
     </span>
    </p>
   </div>
   <div class='ocr_carea' id='block_1_113' title="bbox 2212 5595 3786 5670">
    <p class='ocr_par' dir='ltr' id='par_1_113' title="bbox 2212 5595 3786 5670">
     <span class='ocr_line' id='line_1_114' title="bbox 2212 5595 3786 5670; baseline -0.007 -13"><span class='ocrx_word' id='word_1_915' title='bbox 2212 5617 2496 5657; x_wconf 89' lang='lat' dir='ltr'><strong>occursum</strong></span> <span class='ocrx_word' id='word_1_916' title='bbox 2560 5600 2790 5656; x_wconf 88' lang='lat' dir='ltr'><strong>solemni</strong></span> <span class='ocrx_word' id='word_1_917' title='bbox 2861 5599 3165 5654; x_wconf 87' lang='lat' dir='ltr'><strong>scribarum</strong></span> <span class='ocrx_word' id='word_1_918' title='bbox 3223 5599 3374 5666; x_wconf 87' lang='lat' dir='ltr'><strong>lapsu</strong></span> <span class='ocrx_word' id='word_1_919' title='bbox 3446 5595 3786 5670; x_wconf 71' lang='lat' dir='ltr'><strong>praetermissa</strong></span> 
     </span>
    </p>
   </div>
   <div class='ocr_carea' id='block_1_114' title="bbox 2205 5668 3785 5743">
    <p class='ocr_par' dir='ltr' id='par_1_114' title="bbox 2205 5668 3785 5743">
     <span class='ocr_line' id='line_1_115' title="bbox 2205 5668 3785 5743; baseline -0.006 -15"><span class='ocrx_word' id='word_1_920' title='bbox 2205 5684 2331 5729; x_wconf 89' lang='lat' dir='ltr'><strong>smtt</strong></span> <span class='ocrx_word' id='word_1_921' title='bbox 2366 5717 2379 5739; x_wconf 92' lang='lat'><strong>,</strong></span> <span class='ocrx_word' id='word_1_922' title='bbox 2420 5691 2450 5727; x_wconf 87' lang='lat' dir='ltr'><strong>e</strong></span> <span class='ocrx_word' id='word_1_923' title='bbox 2493 5673 2629 5743; x_wconf 81' lang='lat' dir='ltr'><strong>Reg.</strong></span> <span class='ocrx_word' id='word_1_924' title='bbox 2663 5690 2766 5726; x_wconf 81' lang='lat' dir='ltr'><strong>ms.</strong></span> <span class='ocrx_word' id='word_1_925' title='bbox 2801 5673 3030 5743; x_wconf 78' lang='lat' dir='ltr'><strong>aliisque</strong></span> <span class='ocrx_word' id='word_1_926' title='bbox 3076 5671 3235 5726; x_wconf 87' lang='lat' dir='ltr'><strong>editis</strong></span> <span class='ocrx_word' id='word_1_927' title='bbox 3284 5668 3785 5727; x_wconf 33' lang='lat' dir='ltr'><strong>libris—sedeamus.</strong></span> 
     </span>
    </p>
   </div>
   <div class='ocr_carea' id='block_1_115' title="bbox 2207 5745 2910 5802">
    <p class='ocr_par' dir='ltr' id='par_1_115' title="bbox 2207 5745 2910 5802">
     <span class='ocr_line' id='line_1_116' title="bbox 2207 5745 2910 5802; baseline -0.007 0"><span class='ocrx_word' id='word_1_928' title='bbox 2207 5745 2368 5802; x_wconf 84' lang='lat' dir='ltr'><strong>Levia</strong></span> <span class='ocrx_word' id='word_1_929' title='bbox 2400 5746 2504 5800; x_wconf 85' lang='lat' dir='ltr'><strong>alia</strong></span> <span class='ocrx_word' id='word_1_930' title='bbox 2538 5746 2910 5801; x_wconf 87' lang='lat' dir='ltr'><strong>emendamus.</strong></span> 
     </span>
    </p>
   </div>
   <div class='ocr_carea' id='block_1_116' title="bbox 2284 5812 3708 5889">
    <p class='ocr_par' dir='ltr' id='par_1_116' title="bbox 2284 5812 3708 5889">
     <span class='ocr_line' id='line_1_117' title="bbox 2284 5812 3708 5889; baseline -0.004 -19"><span class='ocrx_word' id='word_1_931' title='bbox 2284 5829 2305 5855; x_wconf 74' lang='grc' dir='ltr'><em>τ</em></span> <span class='ocrx_word' id='word_1_932' title='bbox 2339 5817 2468 5888; x_wconf 75' lang='lat' dir='ltr'><strong>tteg.</strong></span> <span class='ocrx_word' id='word_1_933' title='bbox 2506 5833 2635 5872; x_wconf 86' lang='lat' dir='ltr'><strong>mss.</strong></span> <span class='ocrx_word' id='word_1_934' title='bbox 2667 5818 2816 5887; x_wconf 84' lang='lat' dir='ltr'><strong>quasi</strong></span> <span class='ocrx_word' id='word_1_935' title='bbox 2843 5818 3126 5887; x_wconf 82' lang='lat' dir='ltr'><strong>perfectus,</strong></span> <span class='ocrx_word' id='word_1_936' title='bbox 3159 5816 3364 5888; x_wconf 87' lang='lat' dir='ltr'><strong>absque</strong></span> <span class='ocrx_word' id='word_1_937' title='bbox 3391 5833 3483 5889; x_wconf 78' lang='lat' dir='ltr'><strong>pro</strong></span> <span class='ocrx_word' id='word_1_938' title='bbox 3508 5812 3708 5871; x_wconf 83' lang='lat' dir='ltr'><strong>vocula.</strong></span> 
     </span>
    </p>
   </div>
  </div>
