4050 6342
379 263 512 318 Ιῦθῖὶ

1201 259 1846 326 COMMENTARIOIKUM
1889 267 1952 324 1N
1995 263 2266 322 ABACUC
2307 263 2436 321 LIB.
2485 267 2526 322 Ι.
2571 265 2725 324 CAP.
2769 267 2832 322 Il.

3529 265 3668 323 1306

371 391 660 452 utrumque
689 379 958 452 significat
993 398 1004 434 :
1051 397 1377 455 quamquam
1411 384 1770 458 Symmachus
1805 387 1968 446 ἄλαλα
1993 385 2046 448 Α
2074 385 2170 440 dus
2223 387 2406 440 exierit
2457 385 2520 438 de
2559 385 2765 441 homine
2791 383 2945 459 (Luc.
2983 401 3060 458 at,
3089 383 3210 458 9.4),
3245 393 3300 441 et
3345 392 3542 440 ctctera
3589 383 3672 442 his

367 475 756 546 interpretans,
787 487 934 532 muta
963 479 1132 547 magis
1161 479 1408 536 videatur
1437 481 1780 540 intellexisse
1807 501 1969 556 quam

367 569 554 626 surda.
579 569 686 624 Nec
707 574 1252 642 moveatquempiam
1283 575 1411 630 illud
1445 575 1632 652 ἰδίωμα
1661 579 1972 648 Scriptura-

367 681 512 732 t‘um,
547 664 616 720 de
647 679 752 736 quo
781 679 925 736 su'pe
953 667 1194 724 diximus
1227 685 1240 722 :
1277 669 1426 736 Quis,
1487 681 1660 740 putas,
1719 673 1892 740 ﬁdelis
1921 683 1970 728 et

367 762 576 828 sapiens
602 761 928 826 dispensator
951 761 1104 832 (Luc.
1149 781 1246 828 xu,
1285 763 1416 832 4'2)?
1461 767 1526 822 Et
1557 767 1610 822 in
1653 767 1762 822 alio
1805 769 1964 826 loco:

369 858 498 924 Quis
521 859 728 930 sapiens
755 867 800 912 et
829 859 1082 930 intelliget
1113 857 1220 933 [AL
1255 861 1526 936 intelligit]
1561 865 1668 918 ἠως
1697 863 1814 936 (Ps.
1855 881 1962 936 cvt,

367 951 505 1022 45)?
534 938 602 1008 e'o
643 953 786 1024 quod
824 955 962 1025 quis,
997 953 1080 1010 vel
1123 955 1270 1026 quid,
1319 971 1420 1026 pro
1463 973 1584 1012 raro
1625 957 1964 1029 accipiatur:

365 1061 494 1106 eum
527 1049 798 1118 posdmns
845 1057 900 1104 et
943 1048 1012 1104 de
1059 1049 1164 1104 alio
1195 1049 1316 1106 loco
1354 1067 1453 1122 pro
1499 1053 1818 1124 impossibili
1863 1055 1966 1112 hoc

363 1139 542 1212 ipsum
595 1142 850 1210 accipere
903 1161 916 1198 :
975 1143 1102 1212 Quis
1151 1161 1242 1200 nos
1303 1147 1568 1220 separabit
1625 1165 1656 1202 a
1715 1147 1966 1204 cltaritate

367 1232 560 1290 Christi
589 1251 606 1289 :
633 1223 924 1304 tribulatio,
955 1253 1023 1292 an
1057 1239 1302 1310 angustia
1343 1239 1520 1310 (Rom.
1576 1257 1694 1308 vm,
1745 1241 1880 1310 55)?
1911 1251 1960 1298 et

365 1337 584 1382 castora.
621 1329 686 1384 Et
711 1327 780 1384 de
811 1329 1066 1399 prmscnti
1103 1331 1345 1400 capitulo
1379 1350 1392 1385 :
1427 1333 1564 1398 Quid
1591 1333 1798 1405 prodest
1827 1335 1968 1388 scul-

363 1421 513 1494 ptile,
536 1423 658 1492 quia
687 1422 904 1492 sculpsit
947 1423 1082 1476 illud
1106 1425 1256 1494 ﬁctor
1281 1427 1442 1480 suus?
1471 1425 1528 1480 In
1561 1437 1788 1498 Utroque
1817 1427 1962 1482 enim

363 1513 776 1584 impossibilitas
803 1515 1232 1580 demonstratur,
1263 1519 1404 1588 quod
1433 1533 1532 1574 nec
1561 1517 1806 1590 Apostoli
1829 1521 1964 1576 cha-

363 1611 580 1666 ritatem
613 1612 722 1668 ulla
753 1611 1033 1668 tribulatio
1081 1623 1134 1668 et
1173 1617 1418 1684 angusda
1453 1613 1698 1670 dividere
1731 1615 1898 1686 possit
1935 1633 1964 1672 a

365 1703 602 1772 Christo,
637 1722 740 1762 nec
771 1707 824 1762 in
855 1707 1014 1762 idolis
1044 1709 1116 1763 sit
1137 1707 1248 1764 ulla
1277 1708 1500 1764 utilitas.

2073 477 2294 534 similia.
2325 477 2562 548 Spiritus
2593 488 2776 534 autem
2809 479 3140 550 ubicumque
3167 479 3320 534 solus
3349 487 3402 532 et
3423 477 3672 535 absolute

2071 575 2190 630 sine
2221 573 2404 646 aliqua
2425 575 2794 632 additamento
2821 575 3040 644 legitur,
3077 591 3298 648 semper
3323 575 3560 633 refertur
3599 577 3666 632 ad

2071 667 2270 722 bonam
2305 677 2534 738 partem,
2575 668 2628 724 id
2679 677 2783 734 est,
2811 669 2878 726 ad
2907 671 3168 740 Spiritum
3195 678 3466 738 sanctum,
3504 679 3562 726 ut
3585 680 3671 728 est

2071 759 2202 816 illud
2249 760 2498 832 Apostoli
2531 779 2546 818 :
2575 761 2676 828 Qui
2721 763 2938 816 seminat
2985 765 3040 818 in
3096 763 3324 832 Spiritu,
3357 763 3422 820 de
3462 765 3668 836 Spiritu

2071 861 2220 908 metet
2242 855 2396 908 vitam
2419 863 2664 909 aeternam
2695 854 2896 920 (Galat.
2927 871 3004 919 vt,
3035 857 3112 928 8).
3147 857 3212 912 Et
3239 857 3404 914 alibi:
3441 853 3668 914 Fructus

2069 947 2233 1020 630
2255 957 2426 1002 autem
2443 949 2674 1022 Spiritus
2695 959 2768 1004 est
2789 949 3034 1014 rharitas,
3051 952 3322 1025 gaudium,
3337 969 3444 1024 paa:
3463 951 3664 1024 (Galat.

2069 1059 2122 1106 v.
2151 1043 2276 1116 2:2);
2309 1057 2362 1100 et
2389 1046 2442 1100 in
2473 1045 2583 1100 alio
2613 1045 2733 1100 loco
2759 1062 2774 1100 :
2801 1045 3004 1120 Spiritu
3029 1047 3314 1116 ambulate,
3341 1055 3386 1101 et
3409 1047 3670 1104 desideria

2067 1139 2238 1194 carnis
2263 1155 2364 1192 non
2407 1137 2682 1212 perﬁcietis
2715 1137 2904 1210 (Ibid,
2931 1138 3042 1210 16).
3067 1139 3252 1212 Neque
3284 1141 3386 1196 hoc
3411 1141 3666 1208 dicimus,

2067 1234 2208 1303 quod
2237 1249 2346 1288 non
2399 1241 2454 1288 et
2493 1233 2730 1304 Spiritus
2759 1246 2982 1290 sanCIus
3009 1251 3134 1292 cum
3165 1235 3536 1292 additamenta
3565 1253 3666 1308 po.

2069 1335 2230 1382 natur
2260 1345 2274 1382 :
2305 1335 2536 1382 vocatur
2565 1329 2708 1384 enim
2737 1337 2792 1386 et
2823 1329 3061 1400 Spiritus
3089 1339 3340 1398 sanctus,
3365 1341 3420 1386 et
3443 1331 3668 1400 spiritus

2069 1423 2406 1492 principalis,
2456 1431 2510 1478 et
2553 1423 2780 1492 Spiritus
2831 1433 3034 1490 rectus,
3077 1435 3134 1480 et
3177 1423 3404 1496 Spiritus
3437 1425 3560 1492 Dei,
3611 1435 3667 1482 et

2068 1525 2284 1582 caetera,
2311 1515 2396 1570 his
2435 1514 2668 1584 similia;
2712 1517 2808 1574 sed
2863 1517 3006 1588 quod
3035 1517 3274 1590 Spiritus
3311 1529 3558 1588 sanctus,
3611 1529 3668 1576 et

2067 1625 2190 1666 cum
2229 1611 2602 1668 additamento
2647 1621 2702 1668 et
2755 1613 2904 1668 solus
2935 1627 3084 1682 saepe
3135 1623 3404 1684 ponatur;
3439 1615 3666 1686 spiritus

2067 1712 2247 1762 autem
2291 1721 2582 1776 pervorsus
2641 1721 2910 1777 nusquam
2953 1707 3058 1764 nisi
3109 1721 3230 1762 cum
3287 1707 3665 1766 additamenta

435 1761 614 1872 (γενέ.
651 1801 736 1868 l9,
779 1761 1530 1874 eo).vte.,;..i'u.ti.-g);..
1571 1761 1962 1878 expergiscere;
1995 1797 2040 1856 B
2071 1761 2242 1856 lectus
2271 1761 2362 1856 sit.
2395 1761 2507 1856 sed
2551 1811 2608 1858 et
2657 1761 2788 1856 illud
2837 1761 3166 1872 dicipotest
3195 1801 3262 1876 (si
3290 1761 3666 1874 gustatis:

361 1909 530 1964 surge,
556 1891 721 1962 lapidi
745 1895 934 1948 tacenti
957 1893 1066 1966 (Al.
1085 1895 1312 1966 jacenti)
1337 1911 1356 1950 :
1380 1875 1760 1966 nuntquiilipse
1779 1899 1962 1952 dooere

361 1985 585 2058 poterit?
605 1987 772 2060 629
797 1985 933 2042 Ecce
960 1987 1058 2042 iste
1083 1997 1356 2059 coopertus
1385 1997 1458 2042 est
1487 2003 1618 2042 auro
1655 1999 1702 2042 et
1723 2001 1954 2060 argento,

365 2089 411 2138 et
445 2079 610 2134 omnis
635 2081 852 2152 spiritus
883 2097 988 2134 non
1025 2089 1100 2136 est
1137 2081 1190 2134 in
1227 2081 1510 2134 visceribus
1541 2085 1676 2154 ejus.
1705 2078 1962 2137 Dominus

361 2183 536 2228 autent
565 2175 618 2228 in
647 2175 838 2246 templo
869 2185 1046 2228 sancto
1073 2191 1167 2230 suo
1195 2191 1212 2228 :
1237 2175 1386 2230 sileat
1415 2192 1446 2228 a
1475 2175 1612 2245 [acie
1657 2175 1770 2246 ejus
1799 2177 1960 2230 omnis

361 2279 520 2324 terra.
555 2268 696 2324 LXX
733 2287 746 2324 :
803 2269 894 2324 Va:
919 2271 1008 2342 qui
1035 2271 1160 2324 dicit
1189 2271 1356 2344 ligno,
1389 2271 1576 2342 evigila
1605 2281 1653 2326 et
1695 2287 1914 2342 exsurge
1941 2288 1958 2326 :

357 2373 405 2418 rt
435 2365 624 2436 lapidi,
651 2365 876 2432 elevare;
917 2375 964 2418 et
989 2365 1160 2438 ipsum
1191 2375 1264 2420 est
1292 2365 1484 2438 imago,
1515 2375 1560 2418 et
1593 2376 1666 2420 cst
1689 2366 1958 2437 productio

357 2458 476 2512 auri
501 2469 548 2512 et
575 2460 798 2532 argenti,
823 2469 872 2514 et
909 2463 1074 2514 omnis
1103 2460 1316 2530 spiritus
1349 2475 1448 2514 non
1477 2468 1550 2514 est
1575 2461 1630 2514 in
1663 2475 1742 2516 eo.
1775 2459 1960 2514 Domi-

357 2569 456 2608 nus
479 2565 652 2608 autem
693 2555 748 2608 in
788 2553 978 2624 templo
1007 2565 1184 2610 sancto
1229 2571 1324 2608 suo
1366 2571 1386 2609 :
1427 2569 1722 2610 revereatur
1765 2573 1798 2608 a
1823 2557 1960 2626 facie

355 2649 470 2720 ejus
509 2648 678 2702 omnis
717 2657 872 2702 terra.
913 2647 980 2704 Et
1011 2647 1116 2704 hoc
1141 2648 1398 2704 similiter
1426 2649 1508 2704 vel
1537 2649 1826 2704 adversum
1853 2649 1958 2704 Na-

357 2743 802 2808 buchodonosor,
831 2743 916 2798 vel
943 2743 1233 2800 adversum
1275 2759 1466 2802 omnes
1491 2745 1586 2816 qui
1627 2753 1960 2802 venerantm-

355 2833 522 2898 idola,
563 2835 738 2906 accipi
769 2843 968 2904 potest.
1001 2835 1066 2890 Et
1097 2837 1422 2892 describitur
1451 2851 1612 2892 error
1641 2837 1914 2894 humanus
1939 2879 1954 2906 ,

353 2931 496 3001 quod
521 2939 828 3001 argentum,
859 2945 1074 2998 aurum,
1111 2947 1352 3004 gemmas
1379 2941 1432 2988 et
1455 2937 1714 3002 sericum,
1757 2935 1956 3004 quibus

355 3023 440 3078 vel
475 3023 758 3088 obvoluta,
807 3023 892 3078 vel
921 3031 946 3061 ι
993 3033 1180 3094 operta
1225 3035 1354 3078 sunt
1389 3025 1554 3094 idola,
1591 3041 1700 3092 pra:
1745 3026 1958 3096 fulgore

355 3117 602 3174 materite
637 3116 772 3174 deos
805 3117 1102 3184 restituant,
1147 3133 1270 3174 cum
1321 3119 1548 3174 formam
1583 3119 1802 3190 quidem
1863 3135 1958 3190 po-

2065 1895 2204 1952 tiose
2231 1895 2478 1965 Spiritum
2529 1911 2846 1966 perversum
2877 1893 2932 1950 in
2971 1895 3074 1952 hoc
3115 1895 3234 1952 loco
3259 1895 3496 1952 voluerit
3521 1897 3668 1952 acci-

2065 1989 2244 2062 pere),
2285 1989 2428 2061 quod
2457 1989 2606 2046 aliud
2627 1989 2702 2044 sit
2733 2007 2747 2048 ;
2787 1988 2970 2044 Omnis
2995 1989 3208 2062 spiritus
3231 2005 3332 2044 non
3373 1998 3448 2044 est
3475 1990 3528 2044 in
3561 2004 3660 2054 eo;

2064 2085 2208 2140 aliud
2237 2086 2280 2140 si
2317 2083 2548 2140 dixisset
2576 2101 2590 2140 :
2627 2083 2810 2138 Omnis
2839 2083 3056 2153 spiritus
3095 2099 3200 2138 uoti
3225 2091 3300 2138 est
3329 2085 3468 2138 circa
3495 2100 3608 2138 eum
3643 2097 3662 2138 :

2063 2189 2240 2252 potest
2267 2181 2416 2236 enim
2443 2179 2686 2236 assidere
2715 2177 3058 2242 simulacris;
3099 2187 3356 2234 caeterum
3403 2179 3665 2234 intrinse-

2061 2289 2158 2328 cus
2189 2287 2308 2328 esse
2361 2289 2466 2328 non
2511 2281 2710 2344 potest.
2740 2271 2896 2328 Unde
2941 2279 2998 2326 et
3035 2269 3232 2341 Aquila
3262 2269 3662 2342 signiﬁcantius

2061 2369 2226 2424 vertit
2257 2367 2584 2424 Hebraicum
2609 2367 2800 2424 dicens
2825 2386 2843 2424 :
2873 2365 2944 2420 Et
2984 2365 3198 2438 spiritus
3225 2367 3338 2438 ejus
3365 2381 3472 2419 non
3509 2375 3582 2419 est
3609 2363 3662 2420 in

2061 2461 2360 2528 uisceribus,
2385 2461 2502 2518 sive
2531 2461 2585 2515 in
2605 2459 2776 2514 medio
2799 2463 2931 2532 ejus.
2967 2457 3260 2527 Propterea
3285 2456 3570 2512 sciendum
3604 2457 3658 2512 in

2059 2553 2382 2622 quibusdam
2439 2551 2720 2610 Hebraicis
2765 2549 3140 2606 voluminibus
3193 2563 3300 2604 non
3341 2563 3464 2604 esse
3509 2548 3666 2604 addi-

2061 2657 2198 2716 tum,
2245 2647 2444 2714 omnis;
2495 2645 2592 2700 sed
2635 2645 2904 2712 absolute,
2955 2645 3200 2714 spiritum
3245 2641 3372 2714 legi.
3417 2641 3572 2712 Quod
3615 2641 3660 2700 si

2059 2740 2178 2812 quis
2209 2741 2422 2796 ratione
2465 2747 2756 2810 superatus
2803 2739 2854 2794 in
2895 2739 3093 2794 bonam
3135 2731 3348 2808 partem
3385 2735 3666 2808 acceperit.

2057 2835 2330 2904 spiritum,
2363 2843 2420 2892 et
2451 2833 2750 2906 quaesierit,
2781 2847 2880 2890 cur
2907 2832 2951 2886 si
2980 2833 3050 2888 de
3092 2831 3300 2902 Spiritu
3327 2841 3520 2886 sancto
3545 2831 3662 2888 dic-

2057 2937 2170 2986 tum
2203 2931 2294 2998 sit,
2325 2946 2450 2986 cum
2471 2929 2846 2986 additameuto
2869 2929 3078 3000 legatur
3105 2943 3120 2982 :
3149 2926 3219 2982 Et
3245 2928 3414 2982 omm’s
3443 2929 3658 2998 spiritus

2057 3040 2164 3079 non
2189 3033 2264 3078 est
2289 3025 2342 3078 iu
2374 3025 2472 3080 eo?
2491 3023 2864 3078 sciatomnem
2889 3021 3162 3092 Spiritum,
3186 3023 3426 3078 diversas
3455 3025 3659 3092 gratias

2057 3117 2284 3190 intelligi
2331 3117 2562 3190 Spiritus
2591 3119 2766 3174 sancti
2800 3135 2814 3174 :
2847 3127 2904 3174 ut
2933 3119 3002 3172 sit
3037 3131 3230 3172 sensus
3259 3135 3273 3174 :
3305 3115 3448 3172 Nihil
3501 3117 3554 3172 in
3595 3131 3656 3172 se

355 3211 518 3268 tuerit
555 3211 748 3268 artifex
779 3213 912 3268 dare
945 3231 958 3267 :
991 3213 1227 3268 animam
1252 3223 1458 3282 autem,
1499 3229 1602 3282 qua
1633 3227 1956 3286 vegetamur
1981 3191 2026 3252 (ἶ
2059 3213 2268 3282 gratiae,
2315 3211 2450 3268 nihil
2495 3213 2696 3283 poterit
2729 3211 2934 3268 habere
2958 3212 3204 3266 virtutis.
3233 3209 3390 3280 Quod
3433 3211 3652 3282 quidem

353 3317 525 3374 artus,
555 3307 890 3376 nequiverit.
921 3306 990 3362 Et
1025 3309 1338 3364 eeontrario
1369 3305 1629 3364 Dominus
1672 3309 1872 3364 dicitur
1897 3308 1950 3366 in

355 3399 554 3470 templo
581 3407 772 3454 sancto
803 3413 902 3454 suo
931 3399 1110 3470 (Psal.
1145 3397 1202 3471 χ)
1235 3417 1248 3458 :
1283 3415 1392 3455 non
1427 3400 1478 3454 in
1525 3401 1730 3472 templo
1761 3415 1952 3456 mann-

251 3521 256 3526 -
345 3489 514 3562 facto,
541 3491 638 3546 sed
662 3492 744 3548 vel
771 3493 822 3546 in
845 3491 1026 3556 oculis,
1057 3491 1142 3548 vel
1175 3493 1228 3548 in
1253 3507 1582 3565 unoquoque
1609 3503 1946 3562 sanctorum,

341 3583 498 3655 juxta
549 3585 854 3656 apostolum
900 3585 1170 3642 dicentem
1223 3606 1236 3642 :
1295 3587 1376 3640 An
1423 3589 1654 3653 nescitis,
1703 3589 1948 3660 quoniam

346 3681 594 3752 templum
641 3679 736 3734 Dei
781 3681 920 3742 estis,
969 3695 1018 3734 et
1055 3681 1270 3750 spiritus
1321 3680 1418 3734 Dei
1469 3681 1664 3736 habitat
1707 3683 1758 3736 in
1809 3683 1946 3738 vobis

345 3773 390 3848 (Ι
437 3771 558 3832 Cor.
609 3791 690 3840 ut,
745 3773 870 3845 l6)?
915 3775 984 3830 Et
1011 3775 1180 3832 alibi:
1217 3775 1448 3848 Corpora
1493 3787 1658 3832 t-estra
1699 3776 1944 3846 templum

345 3869 442 3924 Dei
471 3881 588 3924 sunt
613 3869 656 3942 (Ι
688 3869 808 3924 Cor.
839 3885 914 3932 vt,
949 3869 1072 3942 l9);
1107 3871 1188 3926 vel
1223 3871 1276 3924 in
1307 3869 1468 3938 Filio,
1505 3872 1646 3926 sicut
1677 3873 1792 3940 ipse
1823 3873 1896 3926 ait
1917 3889 1942 3950 l:

347 3959 506 4016 Pater
543 3963 596 4016 iu
635 3979 712 4016 me
751 3979 966 4018 manens
997 4008 1012 4034 ,
1053 3966 1164 4034 ipse
1219 3965 1344 4031 facit
1385 3980 1544 4034 opera
1584 3963 1768 4038 (Joau.
1811 3981 1902 4020 xw
1927 4007 1940 4032 ,

345 4055 458 4126 10).
509 4057 618 4112 Aut
665 4065 812 4114 certe
845 4056 996 4128 juxta
1039 4058 1194 4122 illud,
1235 4059 1380 4130 quod
1419 4061 1592 4116 eteius
1645 4071 1702 4116 et
1747 4069 1940 4130 terras,

343 4147 510 4204 maria
563 4157 620 4204 et
665 4151 978 4208 universum
1019 4153 1276 4208 mundqu
1323 4153 1500 4226 (Virg.
1553 4171 1604 4208 γι
1651 4154 1938 4226 /Eneid.):

435 4285 648 4354 spiritus
665 4287 802 4354 intus
825 4285 912 4354 alit
939 4303 954 4348 ;
977 4295 1234 4352 totamque
1261 4289 1422 4340 infusa
1445 4305 1532 4354 per
1554 4299 1718 4352 artus,

435 4347 576 4399 Mens
599 4351 752 4412 agitat
771 4347 970 4412 molem,
1001 4359 1054 4402 et
1075 4347 1256 4416 magno
1277 4367 1334 4404 se
1361 4347 1570 4419 corpore
1591 4347 1770 4408 miscet
1796 4371 1808 4406 :

338 4497 574 4556 mundus
613 4501 791 4554 omnis
825 4503 916 4572 qui
949 4503 1090 4558 creto
1122 4513 1356 4570 constat,
1387 4515 1442 4560 et
1475 4516 1644 4574 terra,
1687 4519 1740 4564 et
1771 4509 1938 4566 coelo-

2055 3313 2110 3360 et
2131 3304 2284 3374 juxta
2317 3305 2676 3376 tropologiam
2701 3303 2874 3376 magis
2897 3305 3240 3374 intelligitur,
3273 3304 3416 3374 quod
3443 3305 3498 3360 in
3529 3305 3654 3360 uui-

2053 3399 2230 3454 versis
2259 3398 2420 3454 idolis
2451 3398 2830 3454 haereticorum
2861 3407 2918 3454 et
2945 3399 3220 3470 figmentis
3241 3397 3468 3464 diaboli,
3501 3397 3650 3470 nulla

2051 3491 2122 3546 sit
2147 3493 2318 3564 gratia
2351 3493 2592 3562 Spiritus
2621 3493 2832 3558 sancti;
2883 3469 3300 3564 sedimaginem
3347 3469 3654 3548 divinitatis

2049 3595 2106 3640 et
2145 3583 2607 3656 pulchritudinem
2657 3584 2972 3656 dogmatum
3025 3583 3288 3654 praeferre
3337 3583 3652 3652 videantur,

2049 3691 2172 3732 cum
2203 3677 2258 3732 in
2289 3675 2398 3732 illis
2427 3675 2562 3732 nihil
2591 3677 2808 3747 Spit-arts
2851 3677 2922 3732 sit
2965 3685 3022 3732 et
3067 3677 3258 3734 vitale.
3293 3677 3552 3734 Dicamus
3597 3687 3654 3734 et

2049 3769 2202 3836 illud,
2237 3785 2308 3824 ne
2351 3769 2615 3824 lectorem
2645 3769 2930 3824 videamur
2955 3769 3168 3826 celasse
3197 3769 3342 3842 quod
3375 3771 3646 3838 novimus,

2047 3863 2300 3932 spiritum
2323 3873 2378 3918 et
2409 3873 2626 3918 ventum
2667 3863 2806 3932 apud
2855 3863 3114 3920 Hebraeos
3163 3863 3354 3918 eodem
3385 3864 3648 3932 appellari

2047 3955 2334 4022 vocabulo,
2365 3955 2420 4010 id
2447 3965 2552 4022 est,
2590 3971 2694 4010 nos
2737 3955 2910 4028 (rm),
2945 3963 3002 4012 et
3053 3971 3150 4026 pro
3187 3971 3353 4012 sensu
3399 3956 3528 4022 loci,
3559 3957 3647 4012 vel

2045 4049 2300 4122 spiritum
2327 4049 2504 4120 accipi
2529 4051 2728 4116 solere,
2773 4050 2858 4106 vel
2905 4057 3154 4104 ventum.
3201 4050 3346 4120 Ergo
3375 4061 3428 4106 et
3459 4051 3512 4104 in
3541 4050 3648 4106 hoe

2045 4145 2197 4210 loco,
2240 4145 2490 4214 spiritum
2541 4145 2628 4200 vel
2677 4159 2774 4214 pro
2815 4153 2976 4200 vento
3027 4145 3284 4214 accipere
3329 4159 3646 4215 possumus,

2044 4237 2186 4308 quod
2221 4239 2352 4294 nihil
2383 4239 2554 4308 spiret
2605 4239 2658 4294 in
2703 4239 2892 4304 idolis;
2929 4241 3012 4296 vel
3047 4255 3144 4310 pro
3169 4241 3370 4308 anima,
3399 4241 3544 4313 quod
3573 4243 3648 4296 si-

2045 4331 2284 4386 mulacra
2303 4331 2330 4370 ι)
2360 4331 2654 4388 inanimata
2683 4335 2810 4388 sint.
2855 4331 3011 4399 Quod
3039 4343 3222 4388 autem
3253 4336 3484 4404 spiritus
3503 4337 3650 4390 acci-

2041 4423 2220 4494 piatur
2261 4439 2358 4494 pro
2403 4425 2614 4494 anima,
2673 4424 2966 4482 manifeste
3015 4425 3286 4496 signiﬁcat
3345 4427 3650 4486 Salvatoris

2041 4517 2218 4572 oratio
2267 4533 2281 4572 :
2333 4516 2516 4584 Pater,
2563 4519 2618 4572 in
2667 4533 2851 4574 manus
2893 4527 3010 4574 tuas
3055 4521 3354 4574 commendo
3399 4523 3648 4592 spiritum

341 4609 462 4686 rum
493 4591 714 4648 circulis
763 4594 1058 4658 clauditur,
1091 4595 1188 4652 Dei
1221 4598 1416 4654 donius
1447 4616 1570 4657 esse
1597 4603 1936 4674 perhibetur.
1970 4591 2018 4650 D
2045 4623 2214 4662 meum
2237 4607 2390 4676 (Luc.
2423 4623 2580 4672 χχιιι,
2609 4607 2724 4678 46).
2777 4609 2966 4680 Neque
3007 4613 3152 4666 enim
3195 4611 3354 4668 Jesus
3391 4591 3484 4670 aut
3525 4631 3652 4686 per-

342 4685 498 4743 Unde
529 4695 584 4742 et
609 4687 904 4757 Apostolus
955 4687 1430 4746 contidenter:ln
1473 4694 1588 4762 ipso
1633 4695 1792 4762 enim,
1839 4699 1938 4762 ait,

336 4780 572 4844 risimus,
603 4787 650 4834 et
681 4797 958 4849 movemur,
1005 4791 1052 4835 et
1091 4799 1272 4838 sumus
1301 4786 1438 4858 (Art.
1473 4801 1608 4857 xvn,
1639 4791 1756 4852 ‘28).
1781 4791 1938 4859 Quod

339 4875 384 4928 si
411 4875 536 4944 quis
565 4875 907 4944 opposuerit,
955 4879 1236 4946 quomodo
1263 4879 1488 4948 spiritus
1517 4879 1568 4934 in
1621 4881 1784 4940 idolis
1827 4899 1934 4940 non

337 4981 458 5022 esse
515 4967 770 5038 dicatur,
825 4985 948 5026 cum
998 4973 1254 5028 omnibus
1301 4973 1612 5032 simulacris
1663 4979 1942 5036 assideant

337 5055 602 5114 immundi
635 5061 878 5132 spiritus,
925 5064 1100 5119 discat
1147 5065 1440 5137 Scriptura:
1469 5079 1677 5124 sanctae
1705 5087 1938 5126 causae-

339 5153 606 5218 tudinem,
645 5171 940 5226 numquam
997 5159 1254 5228 spiritum
1293 5177 1614 5232 perversum
1661 5163 1932 5232 absolute,

337 5245 434 5300 sed
485 5261 606 5300 cum
652 5247 1030 5306 additamento
1077 5253 1258 5324 aliquo
1291 5257 1544 5326 spiritum
1579 5261 1880 5330 nuncupari
1917 5279 1930 5318 :

335 5338 476 5394 sicut
531 5339 650 5394 ibi:
685 5341 888 5414 Spiritu
941 5345 1306 5414 fornicationis
1355 5349 1558 5404 seducti
1607 5361 1726 5406 sunt
1777 5353 1934 5424 (Osee

337 5443 412 5494 tv,
441 5429 554 5500 1‘2).
579 5431 648 5486 Et
675 5433 728 5488 iu
761 5433 1056 5508 Evangelia
1081 5453 1094 5492 ;
1117 5437 1250 5494 Cum
1271 5449 1440 5506 autem
1465 5445 1682 5516 spiritus
1703 5445 1932 5502 immun-

409 5575 432 5602 τι
462 5573 816 5662 tiorrexinttts
862 5589 1220 5662 opertatupro
1245 5591 1444 5662 aperta
1473 5601 1490 5638 :
1521 5597 1576 5640 et
1613 5603 1760 5662 mox,
1811 5593 1934 5662 quia

331 5653 654 5716 vegetamur,
689 5663 786 5718 pro
815 5649 1020 5720 quibus,
1057 5649 1306 5711 Victot‘io'
1323 5655 1496 5714 facem
1531 5649 1875 5730 praeferente.

2047 4715 2262 4754 versum
2311 4701 2562 4772 spiritum
2587 4701 2754 4772 (quod
2785 4703 3032 4774 cogitare
3059 4719 3274 4776 quoque
3306 4707 3462 4764 nefas
3506 4709 3642 4780 est),

2044 4803 2138 4846 aut
2169 4793 2432 4864 Spiritum
2463 4807 2732 4862 sanctum,
2783 4797 2876 4867 qui
2923 4807 2978 4854 et
3021 4799 3138 4869 ipse
3189 4800 3332 4858 Deus
3359 4811 3464 4869 est,
3499 4803 3644 4860 Patri

2041 4897 2254 4958 poterat
2283 4891 2692 4960 commendare,
2721 4900 2780 4948 et
2819 4909 2924 4948 non
2971 4895 3156 4964 potius
3185 4897 3426 4951 animam
3457 4913 3638 4966 suam,

2039 4981 2108 5036 de
2139 4997 2242 5051 qua
2271 4981 2486 5038 dixerat
2517 4999 2532 5038 :
2571 4983 2754 5040 Tristis
2785 4997 2858 5040 est
2887 4987 3064 5042 anima
3091 5003 3204 5042 mea
3231 5005 3394 5060 usque
3417 4991 3486 5042 ad
3507 5006 3646 5044 mor-

2041 5083 2142 5128 tem
2165 5073 2382 5146 (Matth.
2416 5092 2560 5144 κει-ι,
2587 5077 2678 5144 56,
2711 5089 2756 5132 et
2777 5079 2950 5136 Marc.
2985 5083 3128 5152 xw).
3155 5081 3258 5136 Et:
3285 5081 3452 5136 Nemo
3483 5095 3646 5152 potest

2039 5171 2234 5241 eripere
2281 5171 2510 5224 animum
2561 5189 2730 5226 nteant
2759 5191 2792 5226 tt
2819 5189 2901 5228 me
2933 5191 2951 5228 :
2982 5174 3072 5228 sed
3101 5175 3372 5230 voluntate
3399 5193 3510 5232 mea
3554 5177 3644 5232 dr-

2041 5279 2178 5332 ροιιο
2201 5265 2430 5318 animum
2457 5281 2642 5332 meum,
2659 5275 2704 5321 et
2731 5279 2912 5340 sponte
2943 5285 3054 5322 mea
3073 5285 3286 5324 rursum
3303 5285 3511 5326 assumo
3529 5287 3642 5326 eam

2041 5354 2224 5424 (Joatt.
2253 5373 2304 5424 Χ,
2335 5357 2424 5424 17,
2459 5357 2574 5430 18).

2115 5591 2142 5632 δ
2175 5593 2386 5652 Vitiose
2413 5605 2532 5651 erat
2577 5597 2944 5661 inanimantia,
2993 5595 3138 5666 quod
3191 5599 3362 5654 nostri
3411 5613 3540 5656 mss.
3587 5609 3646 5658 et

2039 5679 2176 5737 quos
2207 5667 2475 5725 Victorius
2507 5667 2805 5737 consuluit,
2835 5667 3124 5740 castigant.
