4050 6342
365 309 504 368 150⁸)

1187 305 1842 366 (ΖΟΜΜΕΝΤΑΒΙΟΒΠΙΙ
1882 305 1948 366 ΙΝ
1988 304 2260 366 ΛΒΑΩΙῚΕ
2297 308 2427 366 LIB.
2469 309 2534 365 Π.
2575 309 2730 367 CAP.
2774 311 2862 367 111.

3521 310 3660 365 1510
3703 315 3708 322 “

358 444 456 484 sua
487 425 712 499 (Supra,
745 439 805 491 tt,
838 422 914 496 6)..
943 421 1110 497 σεε,
1135 422 1200 478 Et
1213 422 1454 480 secundo
1475 440 1488 476 :
1509 421 1604 478 Vat
1629 423 1718 494 qui
1748 437 1963 493 eongre-
1987 425 2044 486 Α
2141 420 2207 476 1η
2249 422 2419 478 medio
2465 440 2724 480 annorum
2754 432 2934 480 notum
2981 423 3158 495 facies.
3192 409 3336 478 LXX
3365 439 3378 476 :
3413 421 3545 477 Cum
3571 440 3665 493 ap—

359 529 446 594 gat
485 518 760 576 avaritiam
787 515 977 572 malam
999 516 1180 574 domui
1202 531 1310 570 sua:
1333 514 1512 586 (Vers.
1550 514 1626 585 9).
1659 513 1727 576 Et
1753 514 1912 570 tertio
1947 532 1960 569 :

373 613 460 670 Va:
483 613 569 684 qui
598 610 828 680 cedi/irai
867 609 1122 664 civitatem
1151 609 1203 664 in
1231 608 1590 680 sanguinibus,
1623 618 1673 664 et
1702 617 1965 681 prwpurat

360 707 540 766 urbem
565 707 619 760 in
646 701 1106 778 iniquitate(i’ers.
1139 699 1250 774 ω).
1288 702 1558 771 thuarto
1595 720 1608 758 :
1649 701 1690 758 γ
1696 717 1741 756 te
1759 703 1847 772 qui
1863 719 1961 773 pa-

363 811 471 856 tum
502 799 591 858 dat
619 797 786 858 amica
829 812 926 852 suo
949 837 962 862 ,
994 796 1198 854 mittens
1224 795 1295 866 fet
1323 812 1471 850 suum
1515 805 1561 850 et
1589 795 1869 852 inebrians.
1902 795 1969 852 Et

361 891 591 964 quinto:
625 889 715 948 Va:
753 890 842 962 qui
871 889 994 946 dicit
1035 888 1196 960 ligno,
1224 889 1578 959 expergiscere
1617 905 1634 942 :
1677 906 1860 960 surge,
1895 889 1971 944 la-

363 989 473 1058 pidi
509 985 716 1050 tacenti.
760 985 827 1040 Et
869 983 1009 1040 siettt
1046 983 1243 1040 timore
1293 982 1620 1054 perterritus
1651 998 1790 1044 sum,
1825 982 1969 1052 quod

363 1084 531 1142 draco
563 1094 790 1150 magnus
823 1077 988 1134 tantis
1012 1077 1327 1134 vulneribus
1353 1075 1751 1134 cottl'odientlus
1775 1077 1866 1142 sit,
1895 1076 1972 1132 sic

363 1172 661 1242 deprecor,
705 1170 967 1238 Domine,
998 1177 1059 1231 ut
1083 1169 1226 1240 quod
1267 1169 1595 1238 promisisti,
1622 1170 1842 1239 expleas
1864 1212 1877 1233 ,
1919 1177 1975 1224 et

368 1267 522 1328 ﬁnito
576 1275 843 1338 tetnpore,
901 1263 1096 1322 reddas
1143 1263 1421 1320 Christum
1485 1274 1653 1318 tuum.
1704 1263 1780 1318 Tu
1829 1261 1972 1318 enim

365 1359 576 1428 dixisti,
611 1359 732 1429 quia
767 1357 944 1416 adhuc
977 1356 1124 1418 visus
1147 1356 1334 1428 procul
1367 1364 1421 1410 et
1447 1356 1730 1426 apparebit
1759 1356 1811 1412 in
1844 1353 1973 1420 fine,

364 1461 419 1510 et
463 1469 570 1514 non
615 1454 930 1510 mentietur.
969 1454 1191 1514 Vivitica
1229 1469 1359 1526 ergo
1401 1453 1544 1526 quod
1588 1453 1862 1522 pollicitus
1892 1468 1974 1516 es,

363 1545 468 1600 hoc
495 1555 610 1612 est,
647 1557 795 1600 tuum
827 1546 989 1616 imple
1020 1547 1389 1617 promissum;
1422 1561 1528 1600 non
1556 1546 1822 1600 moriatur
1851 1544 1980 1606 irri-

364 1648 453 1696 tus
482 1654 662 1704 sermo
695 1648 838 1708 tuus,
870 1639 964 1704 sed
996 1656 1161 1712 opere
1191 1642 1547 1710 compleatur.
1578 1639 1729 1708 Quod
1756 1639 1974 1711 quidem

358 1735 512 1806 juxta
571 1749 670 1796 nos
702 1775 716 1800 ,
766 1746 820 1790 et
871 1734 936 1790 de
990 1736 1394 1794 resurrectione
1455 1731 1762 1792 Salvatoris
1812 1732 1976 1790 intel-

2069 517 2525 589 propinquaoerint
2575 518 2720 586 anni,
2751 521 3098 590 cognosceris.
3137 514 3272 572 Cum
3317 517 3548 583 venerit,
3582 517 3666 570 in-

2069 609 2203 681 quit.
2237 619 2480 676 tempus,
2503 618 2559 668 et
2588 624 2755 680 opere
2782 610 3052 680 promissa
3081 609 3472 679 compleveris,
3503 624 3660 663 mon.

2070 702 2292 766 strabis,
2322 717 2449 760 vera
2476 716 2596 760 esse
2623 717 2744 772 quas
2771 703 3038 771 pollicitus
3057 717 3137 761 es.
3167 702 3292 758 Sive
3312 718 3434 757 cum
3465 717 3665 772 appro-

2072 800 2414 870 pinquaverit
2463 801 2887 868 consummatio,
2925 813 2978 856 et
3035 803 3086 856 in
3135 812 3376 858 extrema
3426 803 3556 857 hora
3599 803 3664 858 ad

2073 893 2401 952 deetruenda
2436 903 2657 964 peccata
2691 896 2903 951 venerit
2937 895 3108 951 Filius
3143 909 3300 962 tuus,
3331 897 3670 953 manifestius

2075 990 2439 1057 cognosceris.
2469 988 2725 1059 Sequitur
2751 1010 2764 1045 :

2147 1081 2277 1139 Cum
2300 1083 2558 1138 aduenerit
2584 1094 2800 1156 tempus,
2827 1085 3253 1139 demonstraberis
3274 1129 3286 1149 ,
3320 1101 3438 1140 cum
3464 1084 3670 1140 turbata

2077 1176 2231 1248 [toti-rit
2253 1176 2428 1235 anima
2463 1193 2598 1231 mea.
2632 1177 2786 1240 Quod
2811 1217 2826 1242 ,
2857 1177 3105 1246 exceptis
3141 1178 3498 1248 Septuaginta
3521 1221 3535 1244 ,
3571 1192 3674 1234 nec

2077 1271 2129 1328 in
2165 1271 2460 1340 llehraico,
2489 1285 2587 1326 nec
2633 1270 2775 1342 apud
2810 1286 3132 1340 quemquam
3173 1271 3404 1327 aliorum
3437 1272 3669 1328 habetur

2077 1361 2454 1429 interpretum.
2481 1363 2545 1420 Et
2571 1363 2652 1418 est
2674 1377 2864 1418 sensus
2892 1382 2904 1417 :
2935 1361 3069 1418 Cum
3099 1363 3310 1418 venerit
3343 1377 3576 1434 tempus,
3602 1363 3672 1420 de

2080 1470 2186 1524 quo
2205 1453 2399 1514 dicitur
2420 1472 2432 1508 :
2456 1453 2725 1524 Tempore
2744 1455 3058 1524 acceptabili
3081 1455 3333 1510 exaudivi
3361 1465 3435 1520 te,
3453 1465 3670 1526 tempus

2079 1546 2347 1606 adventus
2369 1545 2583 1602 Domini
2612 1546 2738 1604 Jcsu
2765 1546 2968 1602 Christi
3001 1546 3065 1613 (ll
3087 1545 3206 1602 Cor.
3234 1564 3306 1612 vr,
3332 1549 3392 1617 2)
3421 1567 3432 1602 :
3468 1558 3621 1615 tunc,
3641 1565 3676 1602 o

2085 1640 2223 1694 lictis
2239 1639 2780 1709 Pater,cognoscetur
2792 1655 2992 1695 nomen
3008 1649 3180 1706 tuum,
3197 1641 3339 1710 quod
3355 1657 3421 1695 ao
3434 1649 3482 1694 te
3496 1642 3675 1695 uocul-

2085 1744 2195 1792 tum
2211 1732 2305 1790 fuit
2321 1732 3265 1800 tt0tninilttls,deuttodicitDominus
3279 1734 3330 1788 in
3349 1734 3675 1802 Evangelio:

363 1829 454 1900 Ιίςί
480 1837 694 1900 potest;
724 1839 779 1890 ut
808 1828 898 1886 ille
923 1829 1013 1902 qui
1043 1844 1138 1902 pro
1168 1828 1324 1886 nobis
1350 1837 1593 1884 mortuus
1620 1836 1722 1890 est,
1749 1841 1976 1882 consltr-
2007 1825 2051 1888 Β
2085 1826 2263 1890 Pater,
2287 1826 2504 1886 revelari
2531 1842 2716 1884 nomen
2746 1834 2889 1886 tuum
2912 1825 3204 1884 hominibus
3225 1825 3404 1897 (Joan.
3437 1841 3568 1892 xvtt,
3599 1827 3678 1896 6).

365 1931 458 1994 gat
514 1936 543 1980 a
600 1923 873 1996 mortuis,
935 1930 989 1980 et
1042 1921 1363 1982 viviticetur.
1415 1919 1575 1976 Juxta
1625 1918 1976 1990 Septuaginta

372 2025 554 2074 autem
589 2015 781 2080 .multo
835 2016 974 2076 alter
1017 2025 1100 2082 est
1147 2031 1378 2086 sensus,
1427 2022 1482 2074 et
1511 2011 1774 2068 debemus
1813 2011 1976 2086 etiam

371 2110 615 2181 Vulgata:
672 2110 927 2174 editionis
968 2110 1408 2182 explanationem
1455 2125 1675 2179 ponere.
1726 2107 1976 2176 Domine,

367 2206 551 2270 audivi
605 2205 660 2266 in
711 2204 1013 2276 Scriptnris
1045 2219 1353 2264 sermonem
1391 2212 1582 2270 tuum,
1614 2211 1668 2259 et
1704 2214 1724 2238 ει
1760 2212 1813 2257 te
1847 2201 1980 2266 mihi

369 2298 538 2354 dante
569 2297 866 2364 auriculam
893 2340 906 2364 ,
935 2297 1086 2374 juxta
1137 2297 1272 2354 illud
1315 2295 1456 2368 quod
1495 2297 1731 2366 loquitur
1762 2295 1926 2350 lsaias
1963 2312 1977 2350 :

370 2391 592 2454 Addidit
617 2391 742 2454 mihi
775 2391 1068 2450 auriculam
1091 2392 1160 2448 ad
1191 2389 1504 2448 audiendum
1529 2386 1683 2458 (Isai.
1718 2404 1773 2454 ι,
1802 2385 1882 2460 5);
1908 2387 1976 2450 ita

371 2482 575 2550 audivi,
609 2493 665 2540 ut
711 2493 765 2544 tu
815 2484 896 2544 vis
927 2482 1102 2546 audiri
1149 2497 1461 2542 sermonem
1497 2490 1668 2538 tuum.
1719 2481 1784 2534 Et
1815 2493 1978 2558 opera

373 2585 464 2630 tua
519 2574 836 2648 diligentius
880 2575 1282 2646 Contemplatus
1333 2573 1425 2646 (ne
1473 2573 1606 2636 mihi
1660 2571 1976 2626 diceretur:

373 2669 550 2740 Opera
595 2678 777 2728 autem
829 2667 1041 2730 Domini
1074 2683 1178 2724 non
1220 2667 1544 2738 respiciunt,
1591 2678 1642 2721 et
1673 2681 1837 2738 opera
1867 2680 1981 2722 ma-

378 2777 542 2820 nuum
591 2762 708 2828 eius
740 2776 845 2828 non
874 2759 1272 2827 considerant),
1316 2776 1381 2818 ex
1423 2760 1690 2818 creaturis
1735 2758 1982 2816 intellexi

377 2856 710 2920 C'eatorent,
745 2865 800 2922 et
831 2870 928 2926 per
959 2856 1166 2926 singula
1200 2870 1322 2926 qum
1361 2854 1570 2921 fecisti,
1604 2863 1658 2908 et
1696 2870 1814 2926 qua:
1845 2871 1983 2928 quo-

379 2949 506 3004 tidie
538 2951 783 3020 operai-is
813 2949 864 3006 in
893 2949 1148 3012 universo
1179 2947 1404 3014 mundo,
1441 2957 1587 3008 totus
1617 2949 1891 3018 obstupui,
1927 2956 1984 3002 et

378 3058 541 3104 sensu
564 3042 917 3108 humanitatis
939 3043 1164 3108 amisso,
1191 3042 1244 3102 in
1269 3050 1513 3102 sanctam
1537 3042 1828 3106 amentiam
1857 3056 1973 3098 sum

378 3149 697 3192 conversus.
727 3135 820 3191 Vel
843 3145 994 3198 certe
1023 3134 1385 3196 admiratione
1407 3135 1676 3204 turbatus,
1711 3135 1762 3192 in
1791 3135 1980 3200 laudes

2081 1917 2237 1986 Quod
2269 1926 2445 1978 autem
2479 1919 2708 1978 infertur
2741 1937 2752 1972 :
2785 1918 2912 1974 Cum
2939 1919 3142 1974 turbata
3165 1920 3320 1989 fuerit
3341 1922 3518 1976 animo
3542 1935 3678 1985 mea,

2081 2015 2219 2084 apul
2248 2011 2394 2076 LXX
2423 2014 2776 2082 interpretum
2804 2014 3104 2070 editionem
3128 2029 3249 2070 cum
3284 2013 3680 2085 posterioribus

2081 2110 2368 2181 oopuIatur
2391 2151 2408 2176 ,
2441 2115 2501 2166 ut
2529 2108 2700 2178 possit
2733 2109 2834 2180 legi
2871 2125 2885 2162 :
2931 2109 3062 2166 Cum
3090 2109 3293 2166 turbata
3323 2109 3476 2180 fuerit
3505 2109 3683 2164 anima

2082 2220 2192 2258 mea
2221 2203 2274 2264 in
2303 2203 2403 2262 ira.
2433 2214 2484 2258 et
2521 2202 2797 2272 hucusque
2825 2202 3105 2260 distinctio
3139 2220 3152 2256 :
3186 2203 3448 2272 deinceps
3481 2201 3683 2256 infera—

2085 2307 2190 2362 tur,
2243 2294 2619 2354 miserioordite
2657 2295 3046 2360 recordaberis;
3098 2294 3242 2364 quod
3293 2295 3501 2350 scilicet
3554 2309 3683 2363 pro-

2085 2389 2259 2460 pheta!
2283 2388 2516 2446 sufficiat
2537 2405 2634 2458 pro
2659 2404 2817 2458 paena
2844 2388 2956 2446 sola
2985 2389 3426 2452 catttttrbatio,et
3454 2387 3518 2443 ad
3544 2389 3681 2452 iram

2083 2482 2373 2544 Deianima
2396 2483 2538 2540 illius
2560 2481 2903 2548 conturbata,
2921 2497 3262 2551 nequaquam
3279 2480 3546 2536 inferatur
3563 2497 3685 2550 sup-

2086 2578 2327 2646 plicium,
2347 2576 2442 2632 sed
2467 2576 2604 2634 iram
2622 2576 2879 2632 excludat
2895 2574 3294 2630 misericordia.
3311 2575 3482 2630 Habet
3501 2585 3683 2630 autem

2063 2678 2139 2724 .et
2159 2671 2234 2726 ira
2260 2669 2355 2726 Dei
2382 2685 2665 2726 mensuras
2693 2688 2702 2722 :
2735 2676 3098 2739 quantum,et
3119 2676 3322 2747 quanto
3342 2676 3610 2736 tempore,
3628 2677 3685 2721 et

2082 2763 2150 2818 oh
2172 2778 2306 2834 quas
2335 2777 2550 2830 causas,
2577 2771 2630 2816 et
2653 2761 2849 2832 quibus
2878 2761 3170 2822 inseratur,
3197 2759 3349 2829 juxta
3379 2758 3510 2814 illud
3541 2757 3683 2829 quod

2082 2857 2343 2926 set-iptum
2363 2864 2449 2910 est
2479 2875 2490 2910 :
2526 2854 2728 2910 Cibabis
2756 2871 2847 2908 nos
2875 2871 3007 2926 pane
3030 2854 3402 2924 lacrymarum,
3421 2865 3468 2908 rt
3489 2851 3684 2920 potabis

2077 2966 2170 3004 nos
2201 2951 2441 3020 farrymis
2467 2950 2523 3004 in
2550 2965 2792 3002 mensura
2825 2947 2943 3018 (Ps.
2975 2963 3158 3013 Lxxtx,
3191 2947 3272 3018 6).
3299 2947 3450 3014 Quod
3482 2947 3528 3002 si
3559 2962 3683 3015 pro-

2085 3042 2245 3110 pheta
2299 3043 2548 3104 lurbnlul‘
2596 3041 2663 3098 ad
2713 3041 2846 3096 iram
2911 3041 3027 3109 Dei,
3061 3051 3117 3095 et
3163 3042 3254 3110 qui
3289 3040 3539 3098 turbatus
3578 3049 3683 3108 est,

2081 3136 2248 3212 636
2301 3139 2553 3206 impetrat
2603 3135 3060 3202 misericordiam,
3115 3134 3243 3205 quid
3293 3149 3390 3190 nos
3439 3148 3684 3203 sperare,

382 3239 503 3284 tuas
532 3229 778 3302 trepidus
803 3245 1027 3306 erumpo
1055 3229 1244 3292 dicens
1279 3247 1290 3282 :
1327 3228 1393 3286 In
1424 3231 1592 3284 medio
1620 3230 1840 3288 duorum
1867 3232 1980 3286 ani-
2005 3215 2053 3280 C
2089 3233 2253 3286 immo
2285 3231 2476 3286 timere
2499 3229 3217 3299 tlebcmtts,quorumomnia
3233 3242 3396 3298 opera
3416 3225 3690 3295 Deidigtta

381 3319 594 3376 molium
616 3323 963 3394 cognosceris.
993 3321 1146 3396 Quod
1169 3322 1321 3380 multi
1344 3330 1533 3400 putant
1563 3320 1630 3376 de
1661 3321 1797 3386 Filio
1821 3322 1983 3380 intell-

383 3415 495 3486 ligi,
529 3425 585 3470 et
605 3417 812 3487 Spiritu
845 3425 1056 3481 sancto,
1082 3429 1149 3474 eo
1178 3414 1322 3486 quod
1358 3415 1515 3476 Pater
1551 3431 1644 3484 per
1672 3414 1866 3468 Filium
1899 3416 1983 3470 in-

382 3510 655 3582 telligatur
681 3519 736 3565 et
761 3509 1048 3579 Spiritum,
1084 3508 1216 3576 Quae
1237 3507 1458 3580 quidem
1479 3519 1535 3564 et
1565 3508 1669 3562 duo
1700 3509 1983 3578 Seraphiqt

382 3601 432 3655 in
465 3601 601 3666 Isaia
635 3600 784 3676 (Cap.
818 3601 915 3670 vn),
951 3609 1008 3656 et
1036 3599 1144 3662 duo
1171 3599 1488 3668 Cherubim,
1513 3600 1678 3656 scribi
1715 3601 1983 3678 interpre-

383 3704 566 3748 tantur
598 3695 649 3748 in
700 3693 892 3760 Exodo
923 3693 1076 3766 (Cap.
1111 3689 1267 3764 xxv),
1301 3708 1424 3763 quae
1470 3704 1661 3756 contra
1706 3709 1764 3748 se
1817 3694 1990 3764 respi-

381 3786 529 3840 ciunt
575 3785 680 3857 [ΑΙ.
718 3785 1014 3856 respiciant
1056 3794 1102 3842 et
1140 3784 1378 3846 habeant
1415 3795 1460 3840 et
1504 3784 1806 3858 velantes],
1849 3787 1986 3841 etin

381 3880 560 3935 medio
591 3880 794 3947 habent
822 3879 1136 3948 oraculum;
1168 3887 1226 3944 et
1250 3881 1302 3932 in
1332 3878 1464 3933 Isaia
1493 3878 1643 3952 (Cap.
1670 3883 1770 3948 v1),
1807 3880 1992 3938 velan-

385 3975 452 4034 tia
482 3983 647 4046 caput
689 3982 743 4028 et
770 3973 938 4054 pedes
969 3973 1206 4044 Domini,
1252 3975 1303 4028 in
1337 3975 1594 4044 prmsenti
1633 3983 1841 4030 tantum
1889 3989 1991 4028 sa:-

381 4067 504 4120 culo
557 4066 759 4138 volent,
807 4075 862 4122 et
891 4065 1028 4121 alter
1066 4066 1133 4120 ad
1164 4067 1396 4126 alterum
1442 4067 1763 4139 mysterium
1815 4067 1988 4126 incla-

382 4171 531 4216 mcnt
555 4160 836 4218 Trinitatis
870 4177 884 4226 ;
918 4169 974 4216 et
1003 4161 1248 4226 mittatur
1277 4177 1417 4218 unus
1439 4163 1506 4216 de
1536 4162 1818 4232 seraphim,
1849 4161 1990 4234 quod

382 4257 772 4332 interpretatur
803 4256 1016 4321 ardens,
1050 4264 1106 4314 et
1141 4256 1322 4312 veniat
1353 4256 1405 4309 in
1442 4265 1637 4318 terram
1669 4268 1723 4310 et
1771 4256 1994 4310 mttndet

382 4349 658 4424 prOpheta:
685 4349 850 4418 labia,
892 4359 950 4404 et
979 4348 1126 4404 dicat
1157 4365 1172 4404 :
1217 4347 1401 4420 Ignem
1436 4351 1548 4402 veni
1591 4350 1792 4404 mittere
1835 4366 1992 4418 super

383 4451 591 4518 terram,
617 4451 666 4496 et
887 4459 1039 4522 quam
1069 4440 1183 4496 volo
1234 4453 1288 4495 ut
1327 4442 1509 4496 ardeat
1539 4441 1694 4518 (Luc.
1746 4458 1844 4510 xtl,
1872 4441 1988 4511 49).

383 4531 496 4588 Hoc
519 4534 792 4592 aestimant
821 4534 934 4600 alii,
967 4543 1022 4588 et
1049 4534 1114 4588 ad
1148 4533 1289 4588 hanc
1310 4534 1820 4612 interpretationem
1853 4538 1991 4594 mul-

387 4628 459 4681 tis
491 4626 893 4708 Spripturarttm
925 4635 1152 4696 utuntur
1181 4625 1524 4692 testimoniis.
1552 4627 1725 4681 Porro
1754 4625 1986 4698 simplex
2016 4615 2070 4678 D

388 4720 802 4792 interpretatio,
831 4732 887 4775 et
909 4720 1096 4792 opinio
1117 4720 1260 4790 vulgi
1306 4719 1374 4778 de
1405 4720 1689 4776 Salvatore
1713 4721 1986 4789 intelligit,

382 4817 529 4888 quod
590 4815 733 4872 inter
791 4816 933 4871 duos
984 4815 1228 4872 latrones
1284 4816 1578 4871 cruciﬁxus
1643 4816 1862 4886 agnitus
1918 4817 1991 4870 sit

382 4909 580 4980 (Marc.
612 4926 705 4978 xv,
740 4920 790 4966 et
819 4909 984 4964 Joan.
1017 4910 1148 4984 δικ),
1179 4910 1280 4980 Qui
1306 4918 1486 4982 autem
1527 4912 1741 4978 melius,
1774 4914 1875 4968 hoc
1905 4911 1988 4978 di.-

383 5015 536 5074 cunt,
570 5005 713 5076 quod
745 5003 799 5062 in
833 5007 1003 5074 prima
1048 5005 1292 5066 Ecclesia
1321 5022 1446 5078 qua:
1478 5006 1546 5062 de
1567 5007 1991 5068 circumcisione

385 5097 519 5166 fuit,
550 5109 607 5155 et
648 5099 717 5155 de
765 5099 1028 5169 praeputio
1058 5111 1408 5176 congregata,
1442 5101 1662 5158 duobus
1695 5102 1906 5172 populis
1935 5118 1994 5158 se

385 5191 508 5249 hinc
565 5193 690 5248 inde
744 5195 1122 5266 cingentibus,
1176 5195 1486 5260 intellectus
1535 5196 1604 5252 sit
1656 5197 1908 5260 Salvator
1941 5205 1994 5253 et

385 5288 650 5348 creditus.
703 5287 846 5350 Sunt
895 5290 984 5358 qui
1034 5287 1143 5344 duo
1194 5290 1476 5356 animalia,
1529 5290 1638 5346 dtto
1689 5292 1994 5361 intelligant

385 5381 770 5451 Testamenta,
808 5396 1006 5436 novum
1037 5391 1093 5437 et
1124 5392 1282 5438 vetus
1303 5425 1317 5449 ,
1363 5399 1488 5452 qua:
1528 5399 1655 5439 vere
1697 5384 1993 5438 animantia

386 5474 497 5528 sint
527 5484 689 5544 atque
717 5474 931 5540 vitalia,
964 5491 1086 5556 quac
1119 5477 1350 5545 spirent,
1380 5485 1434 5530 et
1461 5477 1513 5530 in
1547 5491 1779 5548 quorum
1813 5477 1994 5532 medio

388 5566 650 5622 Dominus
681 5575 1066 5638 cognoscatur.

460 5713 484 5740 ⁸
528 5703 725 5764 lterum
772 5704 1022 5770 Martian.
1057 5716 1104 5760 et
1137 5706 1306 5770 timui.
1341 5707 1501 5774 dqute
1531 5715 1579 5770 te
1618 5707 1743 5770 mihi
1771 5707 1990 5772 auricu-

386 5776 555 5902 largi;ll
581 5786 768 5832 contra
825 5793 958 5840 mss.
1013 5778 1396 5852 editorumque
1445 5780 1679 5842 aliorum
1735 5780 1988 5844 codicum

468 5861 496 5902 e
564 5884 580 5899 .

468 5861 580 5902 em.

2087 3334 2215 3378 sunt
2249 3325 2367 3386 ira?
2407 3323 2560 3391 Quod
2583 3334 2766 3380 autem
2790 3324 3040 3392 sequitur
3069 3327 3223 3392 juxta
3257 3320 3606 3382 Hebraicum.

2161 3416 2290 3478 Cum
2321 3420 2484 3477 iratus
2515 3418 2698 3486 fueris,
2740 3417 3113 3472 misericordiae
3158 3415 3531 3476 recordaberis.
3569 3413 3688 3472 Non

2090 3511 2353 3568 dein-mus
2397 3521 2609 3588 putare,
2653 3511 2901 3576 oblivisci
2928 3512 3096 3574 Deum
3129 3554 3142 3576 ,
3185 3519 3236 3568 ct
3267 3521 3388 3580 post
3422 3510 3553 3564 iram
3582 3521 3694 3564 sua:

2091 3605 2476 3666 misericordia:
2504 3604 2818 3670 recordari;
2851 3604 2945 3666 srd
2987 3604 3132 3674 quod
3161 3619 3260 3658 nos
3285 3617 3407 3656 eum
3442 3604 3495 3658 in
3536 3614 3693 3670 paena

2091 3700 2248 3772 positi
2279 3708 2524 3772 putcttlus
2555 3699 2820 3764 oblivisci,
2851 3702 3003 3770 juxta
3037 3697 3163 3754 illud
3201 3716 3212 3750 :
3241 3695 3539 3765 Usquequo,
3582 3694 3689 3748 Do-

2092 3795 2248 3863 mine,
2281 3794 2591 3856 Oblivisceris
2617 3809 2696 3848 me
2725 3793 2779 3846 in
2808 3792 2963 3862 [mem
2989 3789 3105 3861 (Ps.
3141 3807 3212 3846 xu
3236 3830 3251 3856 ,
3289 3790 3376 3859 l)?
3408 3787 3539 3843 Nam
3568 3796 3622 3840 et
3647 3788 3692 3846 si

2093 3889 2310 3960 quando
2355 3887 2750 3952 tentationihus
2771 3928 2786 3954 ,
2815 3887 2970 3958 quasi
3003 3884 3252 3942 tlttctibus
3280 3882 3596 3953 operimur.
3637 3887 3694 3936 et

2094 3984 2286 4056 rapida
2331 3983 2640 4048 daemonum
2693 3981 2958 4038 adversus
3002 3993 3104 4040 nos
3155 3977 3391 4047 procella
3446 3973 3698 4038 desaevit,

2095 4079 2245 4135 velut
2271 4077 2338 4140 ad
2370 4077 2734 4138 dormientem
2767 4073 3040 4141 loquimur
3069 4089 3081 4127 :
3115 4068 3384 4141 Exsurge,
3418 4067 3545 4140 quid
3577 4066 3700 4120 dor-

2096 4174 2272 4246 mitas,
2326 4169 2584 4230 Domine?
2627 4168 2911 4238 ﬁimulque
2960 4166 3056 4224 Dei
3110 4178 3275 4220 cerne
3304 4159 3693 4218 clementiam:

2097 4284 2203 4328 non
2237 4267 2393 4340 dixit,
2432 4280 2552 4332 cum
2581 4263 2833 4326 intuleris
2865 4259 3156 4338 supplicia,
3183 4253 3578 4318 misericordia)
3610 4266 3699 4306 re-

2095 4360 2450 4428 cordaberis;
2499 4359 2595 4426 sed
2622 4372 2744 4424 eum
2779 4358 2951 4418 iratus
2982 4353 3172 4410 lueris.
3217 4350 3320 4418 Qui
3347 4361 3530 4408 autem
3564 4348 3703 4404 iras-

2098 4457 2261 4526 citur,
2293 4455 2566 4520 interdum
2598 4468 2703 4510 non
2735 4449 2988 4522 percutit,
3023 4447 3120 4502 sed
3146 4444 3524 4504 tantummodo
3549 4461 3699 4504 com-

2099 4550 2357 4610 minatur.
2394 4544 2547 4616 Quod
2575 4553 2634 4604 et
2667 4541 2950 4614 apostolus
2991 4539 3242 4608 sentiens
3275 4539 3351 4594 ait
3378 4556 3391 4591 :
3421 4535 3703 4592 Reuelatur

2095 4641 2235 4702 enim
2259 4641 2337 4702 ira
2363 4639 2460 4696 Dei
2492 4639 2558 4700 de
2591 4635 2720 4702 caelo
2749 4651 2905 4704 super
2929 4650 3134 4694 omnem
3165 4633 3482 4706 impietatem
3525 4641 3572 4686 et
3603 4631 3703 4684 ini-

2093 4733 2339 4804 quitatem
2359 4730 2625 4790 hominum
2649 4728 2830 4802 (Rom.
2860 4743 2898 4796 ι,
2926 4727 3038 4800 18),
3068 4725 3173 4786 Ubi
3193 4739 3378 4788 autem
3402 4725 3698 4794 revelatur,

2095 4843 2202 4882 non
2238 4827 2496 4889 infertur,
2524 4839 2632 4878 non
2657 4822 2926 4894 percutit;
2957 4821 3052 4876 sed
3087 4821 3368 4876 revelatur
3389 4826 3449 4873 ttt
3470 4827 3699 4882 terreat,

2094 4932 2150 4980 et
2175 4922 2382 4982 territis
2408 4936 2516 4980 non
2548 4919 2838 4982 inferatur.

2168 5015 2351 5088 (Vers.
2392 5013 2473 5085 ὅ.)
2518 5011 2659 5068 Deus
2707 5012 2772 5066 ab
2818 5011 3008 5068 Austro
3057 5011 3240 5075 veniet,
3289 5017 3336 5062 et
3370 5007 3599 5060 Sanctus
3630 5006 3693 5059 de

2094 5121 2265 5168 monte
2296 5106 2526 5166 Pharon.
2563 5106 2798 5179 Semper.
2832 5102 2973 5160 LXX
3009 5121 3021 5157 :
3074 5102 3209 5156 Deus
3253 5117 3285 5152 a
3329 5097 3560 5152 Tltentan
3612 5114 3697 5152 ve-

2096 5205 2232 5270 niet,
2267 5213 2312 5256 et
2345 5199 2572 5258 Sanetus
2604 5199 2668 5254 de
2702 5205 2876 5253 monte
2903 5195 3145 5249 umbroso
3173 5201 3220 5247 et
3257 5192 3531 5244 condenso.
3569 5187 3700 5242 Dia-

2095 5293 2520 5368 psa/ntrt.Aqtt'-l:t
2545 5302 2600 5348 et
2621 5288 3085 5364 Symmachus,et
3110 5287 3300 5355 quinta
3327 5284 3494 5338 editio
3519 5282 3698 5350 ipsum

2097 5390 2424 5445 llebraicuttt
2476 5394 2779 5458 posuerunt
2805 5398 3024 5438 THEMAN
3056 5380 3236 5476 (pain)
3273 5397 3286 5432 :
3331 5379 3480 5433 solus
3520 5377 3701 5431 Theo-

2098 5484 2247 5540 d0tio
2301 5484 2432 5554 quid
2482 5481 2820 5552 significaret
2873 5475 3133 5548 Thr-man,
3167 5475 3562 5546 interpretatus
3599 5479 3706 5537 est,

2098 5578 2288 5640 dicens
2319 5576 2344 5614 ιδ
2378 5590 2562 5642 suom,
2607 5572 2668 5628 ab
2700 5573 2890 5628 Austro
2913 5570 3098 5635 veniet,
3129 5579 3178 5622 et
3203 5577 3414 5630 sanctus
3443 5565 3505 5624 de
3531 5571 3705 5622 marite

2171 5711 2198 5752 ι’
2241 5711 2351 5774 Hoc
2383 5710 2544 5772 modo
2573 5709 2760 5782 legunt
2797 5721 2930 5772 mss.
2963 5704 3184 5770 codices
3216 5721 3228 5760 :
3271 5703 3322 5758 in
3357 5703 3588 5762 licbra‘o
3621 5708 3705 5766 est

2099 5788 2233 5867 mira
2264 5805 2466 5872 ΕιυαΙι,
2516 5803 2662 5877 quod
2688 5800 2998 5859 Theodotio
3021 5800 3240 5872 legebat
3265 5781 3466 5867 nassa,
3495 5797 3696 5855 Ειοξηι.
