4050 6342
451 288 584 344 1511

1708 287 1766 344 S.
1809 283 2082 344 EUSEBII
2124 283 2508 342 HIERONYMI

2866 334 2893 367 ,
3633 290 3758 348 l5t9.

445 405 698 477 Pharon,
729 408 786 463 in
819 408 995 478 ﬁnem.
1027 407 1104 464 Ex
1145 423 1259 480 quo
1291 406 1653 479 intelligimus
1704 421 1736 462 a
1777 405 1918 462 solis
1950 404 2051 462 Se-
2082 411 2134 473 Α
2161 403 2241 460 dit
2279 405 2330 458 in
2387 411 2571 460 monte
2619 402 2793 470 Sinai,
2857 403 2973 474 ipse
3013 413 3098 460 est
3122 403 3508 477 Sanctus'qui
3539 409 3682 464 venit
3701 411 3759 468 de

448 502 731 576 ptuaginta
760 503 1024 573 positum,
1047 503 1114 558 de
1131 513 1306 559 monte
1321 503 1563 559 umbroso
1584 513 1630 557 et
1651 502 1932 557 condenso.
1950 498 2058 556 Sed

450 606 506 653 et
536 597 642 653 hoc
671 595 816 666 quod
843 597 1202 669 Septuaginta
1233 597 1656 660 transtulerunt,
1691 595 1977 668 διὰψαλμα,
2004 603 2062 648 et

449 703 554 744 nos
611 689 911 758 posuimus,
967 705 1212 761 seraper;
1266 689 1630 762 Symmachus
1663 689 2057 757 interpretatus

447 792 576 849 est,
630 782 686 837 in
738 791 989 838 wternum
1042 799 1060 835 :
1107 781 1438 848 Theodotio,
1480 783 1532 836 in
1563 783 1720 852 ﬁnem
1779 795 1796 832 :
1869 779 2058 849 quinta

449 875 624 932 editio
675 877 852 946 ipsum
887 875 1218 932 Hebraicum
1263 891 1395 932 seu
1445 859 1619 946 (n50).
1653 875 1800 930 Deus
1827 888 1959 945 ergo
1990 873 2059 928 ab

447 971 647 1026 Austro
693 971 893 1037 veniet,
943 971 994 1026 id
1047 980 1153 1038 est,
1187 982 1212 1008 τι
1244 986 1275 1026 a
1334 969 1596 1036 meridie,
1652 986 1683 1025 a
1725 970 1871 1024 clara
1914 969 2057 1035 luce,

448 1072 507 1121 et
543 1064 613 1120 ab
643 1063 750 1133 bis,
781 1064 1247 1136 quiappellantur
1289 1063 1384 1118 ﬁlii
1430 1062 1667 1119 dierum.
1709 1061 1867 1118 Unde
1905 1069 1961 1116 et
2002 1060 2059 1115 in

453 1159 682 1216 Cantica
732 1162 1068 1217 canticorum
1104 1203 1120 1227 ,
1187 1160 1502 1229 aquilonem
1560 1173 1793 1230 sponsus
1843 1156 2058 1228 abigit,

451 1262 509 1310 et
547 1266 791 1310 austrum
823 1265 984 1312 vocat
1025 1256 1212 1312 dicens
1255 1274 1268 1312 :
1311 1255 1568 1328 Exsurge,
1602 1257 1812 1328 Aquilo.
1837 1267 1886 1312 et
1923 1258 2058 1325 veni,

451 1347 640 1402 Auster
669 1390 683 1412 ,
737 1352 899 1419 perﬂa
962 1349 1170 1404 hortum
1221 1365 1389 1402 meum
1423 1390 1437 1416 ,
1467 1342 1542 1404 ἐι
1597 1350 1766 1419 ﬂuant
1827 1359 2062 1403 aromata

453 1458 570 1497 mea
606 1441 782 1515 (Cant.
819 1458 894 1508 tv,
943 1441 1059 1513 16).
1119 1443 1267 1498 Deus
1305 1457 1524 1514 semper
1568 1442 1623 1497 in
1659 1442 1890 1498 meridie
1923 1452 2008 1498 est
2043 1459 2058 1498 :

459 1531 580 1599 Ubi,
616 1534 814 1603 inquit.
836 1535 1045 1603 pascis?
1067 1534 1154 1588 ubi
1184 1534 1376 1588 cubas?
1395 1536 1450 1588 in
1472 1534 1687 1588 meridie
1709 1532 1955 1604 (Ibitl.,t,
1980 1533 2057 1607 6).

458 1624 529 1680 Et
578 1625 646 1680 ad
706 1624 984 1681 Abraham
1040 1626 1258 1698 quando
1314 1637 1433 1682 erat
1487 1626 1588 1682 sub
1643 1643 1889 1698 quercu,
1955 1644 2059 1690 non

455 1720 606 1774 venit
636 1719 779 1775 Deus
807 1721 912 1776 nisi
944 1721 999 1776 in
1030 1721 1266 1778 meridie
1298 1721 1506 1794 (Genes.
1537 1737 1670 1778 xvut
1701 1731 1748 1775 et
1784 1720 1959 1795 xuii).
1993 1721 2062 1776 Et

2161 506 2346 554 monte
2393 497 2606 553 Pharan
2640 515 2653 552 :
2685 497 2897 553 Pharan
2946 497 3146 570 quippe
3215 499 3438 555 vicinus
3487 509 3571 557 est
3627 502 3760 559 locus

2163 593 2336 650 monti
2387 594 2537 652 Sina.
2574 595 2640 650 Et
2690 595 2832 666 quod
2889 593 3142 661 infertur,
3193 596 3528 668 diapsalma,
3584 595 3636 650 id
3666 608 3757 667 est,

2162 706 2384 760 semper,
2415 688 2620 744 habere
2637 704 2855 744 sensum
2889 705 2901 742 :
2933 689 3048 758 ipse
3079 691 3172 761 qui
3214 699 3387 745 natus
3417 699 3504 744 est
3534 689 3585 744 in
3615 689 3762 747 Beth—

2164 783 2326 850 leem,
2359 784 2526 854 etqui
2557 786 2609 839 in
2645 785 2795 852 Sina,
2846 783 2898 839 id
2929 795 3033 850 est,
3069 787 3119 839 in
3149 795 3346 840 monte
3379 784 3621 849 Pharan,
3672 786 3765 843 Le-

2162 892 2283 948 gem
2313 875 2485 946 dedit,
2511 893 2727 948 semper
2760 878 2811 933 in
2846 878 3112 934 universis
3139 880 3460 946 beneficiis,
3481 882 3761 949 praeteritis

2162 978 2218 1025 et
2265 971 2646 1040 prmsentibus,
2693 980 2746 1027 et
2775 970 2970 1026 futuris
2999 982 3189 1027 auctor
3211 981 3305 1028 est
3336 981 3395 1026 et
3421 973 3666 1043 largitor.
3696 975 3764 1030 De

2163 1063 2526 1137 diapsalmate,
2559 1065 2702 1136 quod
2748 1065 3012 1121 Hebraice
3061 1066 3264 1122 dicitur
3294 1081 3433 1121 seu
3463 1063 3516 1130 ι’,
3548 1066 3601 1121 in
3631 1066 3766 1124 Psal-

2166 1161 2304 1216 terio
2329 1160 2539 1229 plenius
2562 1162 2894 1231 diSputatum
2925 1173 3034 1216 e5t.
3063 1160 3353 1231 Simulque
3403 1161 3574 1234 638
3619 1177 3766 1220 cerne

2159 1255 2314 1326 juxta
2343 1253 2723 1326 Septuaginta,
2756 1253 2901 1324 quod
2928 1255 3223 1326 diapsalma
3242 1269 3358 1309 non
3383 1266 3639 1323 ponatur,
3665 1254 3763 1312 nisi

2165 1347 2219 1401 in
2255 1347 2544 1417 Psalterio,
2583 1357 2638 1403 et
2666 1349 2719 1402 in
2749 1349 3004 1419 praesenti
3038 1347 3179 1402 loco.
3230 1348 3317 1403 Ex
3366 1362 3479 1417 quo
3529 1348 3768 1419 intelligi-

2165 1458 2288 1498 mus
2347 1451 2496 1498 recte
2526 1460 2552 1495 a
2591 1441 2944 1514 Septuaginta
2987 1441 3252 1498 orationis
3314 1440 3611 1497 Canticum
3641 1456 3767 1513 prte-

2164 1546 2434 1594 notatum.

2237 1630 2418 1703 (Vcrs.
2445 1630 2528 1702 4.)
2573 1631 2788 1702 Operuit
2815 1631 2968 1685 oculos
2988 1631 3158 1704 gloria
3198 1631 3340 1697 ejus,
3373 1638 3424 1682 et
3448 1627 3623 1682 laudis
3659 1633 3762 1703 ejus

2165 1726 2321 1797 plena
2345 1736 2416 1780 est
2441 1737 2598 1781 terra.
2627 1725 2892 1796 Splendor
2917 1727 3028 1798 ejus
3073 1735 3129 1780 ut
3181 1725 3277 1779 lua:
3319 1725 3422 1779 erit
3450 1742 3469 1778 :
3498 1740 3686 1778 cornua
3717 1726 3764 1780 in

441 1813 618 1886 637
641 1816 843 1885 Joseph
877 1815 968 1886 qui
1003 1815 1054 1869 in
1084 1824 1213 1887 typo
1243 1816 1526 1886 praecessit
1550 1815 1882 1882 Salvatoris,
1917 1832 2052 1871 con-
2089 1823 2132 1882 Β
2160 1817 2400 1872 manibus
2431 1818 2564 1886 ejus.
2595 1815 2678 1870 Ibi
2696 1816 3004 1872 abscondita
3029 1825 3104 1871 est
3142 1815 3404 1887 fortitudo
3433 1818 3568 1888 ejus.
3594 1813 3726 1870 LXX
3751 1835 3764 1873 :

453 1909 655 1964 virium
681 1909 942 1964 fratribus
973 1909 1101 1966 facit
1123 1911 1372 1966 meridie.
1425 1911 1646 1982 Agnitio
1673 1926 1806 1982 ergo
1840 1912 1935 1967 Dei
1966 1911 2061 1966 Pa-

460 2000 558 2055 tris
598 2001 682 2055 his
710 2003 799 2070 qui
824 2002 972 2072 digni
997 2011 1146 2067 sunt,
1194 2007 1343 2058 venit
1396 2004 1447 2058 in
1503 2005 1666 2073 pleno
1715 2005 1938 2061 lumine.
1995 2005 2062 2060 Et

456 2093 658 2163 agnitio
685 2093 964 2163 Sancti,id
993 2105 1100 2162 est,
1132 2095 1258 2151 Filii
1291 2095 1404 2164 Dei,
1446 2097 1596 2152 venit
1619 2097 1688 2153 de
1719 2109 1906 2154 monte
1939 2113 2058 2154 um-

459 2185 622 2242 broso
652 2198 706 2244 et
727 2189 1026 2245 condenso.
1057 2190 1211 2245 Mons
1237 2191 1524 2247 umbrosus
1547 2194 2056 2261 atqueeondenSus,

459 2280 543 2334 vel
577 2280 690 2350 ipse
717 2282 876 2336 Pater
926 2281 1265 2352 intelligitur,
1293 2283 1487 2353 plenus
1537 2285 1835 2340 virtutibus
1886 2288 2061 2342 omni-

458 2392 562 2447 que
591 2377 880 2447 sapientia,
909 2390 966 2435 et
993 2380 1279 2450 majestate
1305 2395 1402 2436 sua
1431 2393 1628 2437 cuncta
1662 2391 1973 2452 protegens,
2008 2394 2063 2438 et

455 2471 758 2526 extendens
786 2471 921 2537 alas,
953 2479 1008 2525 et
1029 2471 1330 2528 eonfovens
1379 2472 1558 2542 pullos
1589 2488 1718 2530 suos
1747 2491 1759 2527 :
1793 2473 1880 2528 vel
1910 2485 2061 2530 certe

461 2563 750 2634 paradisus
769 2573 824 2620 et
853 2564 1101 2620 caelestia
1132 2566 1295 2635 plena
1320 2566 1551 2637 angelis,
1576 2567 1733 2636 plena
1748 2567 2057 2635 virtutibus,

459 2660 617 2730 plena
675 2659 966 2716 arboribus
1019 2661 1329 2717 uberrimis.
1388 2663 1563 2732 Atque
1610 2661 1818 2717 utinam
1843 2671 1897 2717 et
1931 2663 2062 2717 mihi

462 2756 766 2827 contingat,
813 2765 872 2810 ut
926 2755 992 2810 ad
1021 2771 1207 2811 vocem
1239 2772 1414 2812 meam
1481 2766 1534 2811 et
1563 2756 1631 2811 ad
1661 2757 2057 2827 expositionem

461 2850 606 2906 Deus
629 2851 808 2906 veniat
832 2852 886 2906 in
913 2851 1064 2906 claro
1115 2851 1338 2917 lumine,
1390 2861 1441 2906 et
1483 2851 1654 2907 Filius
1679 2851 1822 2922 ejus,
1853 2851 1924 2908 de
1953 2868 2060 2922 quo

458 2944 721 3014 scriptum
753 2953 835 3000 est
859 2961 871 2997 :
904 2944 1086 3000 Sancti
1110 2955 1292 3012 estote,
1322 2947 1570 3015 quoniam
1597 2963 1692 3018 ego
1715 2958 1927 3002 sanctus
1943 2965 2058 3002 sum

465 3037 652 3109 (Lerit.
687 3055 777 3104 xx,
809 3039 930 3111 26),
961 3041 1027 3096 de
1063 3041 1404 3097 sublimitate
1460 3042 1658 3108 eloquii
1707 3042 1952 3099 umbrosi
2007 3052 2062 3098 et

465 3133 754 3196 condensi.
781 3146 836 3190 et
865 3135 1609 3204 Seripturarumtestimoniis
1638 3138 1762 3192 hinc
1790 3137 2059 3194 indecen-

2168 1911 2384 1983 Operuit
2409 1911 2564 1966 caelos
2592 1912 2966 1984 rirtusejus,et
2989 1910 3163 1966 laudis
3191 1914 3312 1983 ejus
3341 1909 3502 1979 plena
3526 1919 3598 1964 est
3620 1919 3763 1977 terra,

2163 2006 2480 2078 etgsplendor
2496 2010 2611 2080 ejus
2637 2009 2788 2074 quasi
2812 2009 2904 2061 lux
2924 2007 3055 2061 erit:
3079 2022 3277 2060 cornua
3300 2005 3358 2059 in
3387 2003 3627 2059 manibus
3643 2005 3761 2077 ejus,

2163 2114 2211 2157 et
2241 2102 2412 2175 posuit
2440 2102 2765 2156 dilectionem
2818 2102 3082 2156 robustam
3131 2097 3467 2170 fortitudinis
3494 2114 3620 2154 suae.
3671 2099 3764 2156 Pro

2164 2211 2232 2252 eo
2263 2195 2406 2264 quod
2441 2195 2800 2265 Septuaginta
2826 2194 3168 2263 interpretati
3200 2201 3354 2260 sunt,
3381 2201 3432 2246 et
3454 2191 3626 2262 posuit
3645 2190 3763 2248 dile-

2163 2291 2384 2345 ctionem
2435 2290 2703 2344 robustam
2733 2289 3065 2358 fortitudinis
3109 2304 3217 2343 sua:
3246 2304 3266 2343 :
3296 2298 3354 2342 et
3378 2301 3482 2342 nos
3513 2285 3757 2355 diximus,

2163 2385 2234 2440 ibi
2261 2385 2564 2440 abscondita
2609 2393 2683 2438 est
2713 2383 2966 2456 fortitudo
3018 2386 3174 2456 ejus:
3209 2381 3410 2452 Aquila
3469 2379 3754 2450 transtulit,

2163 2489 2212 2534 et
2242 2481 2412 2552 posuit
2434 2479 2819 2534 absconsionem
2847 2478 3169 2548 fortitudinis
3197 2493 3307 2532 suae
3338 2492 3359 2532 :
3387 2475 3754 2548 Symmachus,

2163 2584 2212 2628 et
2229 2575 2402 2646 posuit
2431 2573 2787 2627 absconditam
2817 2569 3179 2642 fortitudinem
3203 2585 3397 2636 suam;
3423 2569 3575 2623 solus
3597 2567 3758 2624 Theo-

2163 2665 2317 2721 dotio
2348 2679 2550 2720 nostra:
2599 2665 2940 2720 translationi
2968 2678 3300 2736 congruens,
3330 2663 3411 2718 ait
3441 2677 3455 2714 :
3490 2669 3537 2715 et
3559 2660 3628 2715 ibi
3649 2661 3755 2714 abs-

2165 2760 2344 2814 consio
2374 2760 2697 2831 fortitudinis
2729 2762 2863 2829 ejus.
2890 2758 3125 2813 Verbum
3156 2757 3304 2813 enim
3337 2771 3444 2811 SAI
3473 2754 3640 2827 (ΒΨ)
3669 2768 3755 2824 pro

2162 2855 2427 2927 qualitate
2455 2854 2585 2922 loci,
2610 2862 2665 2909 et
2690 2854 2856 2921 posuit
2883 2851 3222 2921 intelligitur,
3255 2858 3312 2906 et
3337 2847 3412 2903 ibi
3440 2864 3458 2903 :
3494 2846 3753 2918 magisque

2162 2950 2218 3006 in
2253 2949 2507 3020 praesenti
2541 2951 2660 3003 loco
2691 2948 2761 3002 ibi
2786 2946 3069 3018 legendum
3089 2954 3193 3014 est,
3218 2959 3384 3016 quam
3408 2943 3598 3016 posuit,
3617 2933 3755 3000 ιιι,εῆ

2162 3058 2364 3100 sensus
2394 3053 2449 3100 et
2485 3041 2621 3098 ordo
2651 3041 2936 3098 sententia:
2961 3057 2976 3094 :
3009 3037 3229 3094 Cornua
3259 3039 3314 3093 in
3349 3035 3598 3092 manibus
3622 3034 3746 3104 ejus,

2164 3149 2220 3197 et
2257 3137 2642 3202 subaudiatur,
2679 3136 2786 3201 ibi,
2821 3135 2873 3190 id
2901 3145 3019 3203 est,
3053 3133 3108 3188 in
3157 3131 3422 3187 cornibus
3453 3128 3749 3185 abscondita

465 3228 619 3294 texti,
657 3237 712 3282 et
742 3227 903 3284 Patre
939 3230 1100 3286 simul
1131 3231 1377 3303 Filioque
1424 3232 1699 3302 veniente,
1732 3235 1824 3287 liat
1867 3248 2056 3288 eorum
2087 3220 2132 3284 C
2165 3245 2246 3292 est
2275 3233 2537 3290 fortitudo
2557 3232 2696 3302 ejus.
2749 3231 3089 3286 Manifestum
3119 3238 3202 3284 est
3228 3238 3412 3284 autem
3459 3226 3608 3296 juxta
3658 3224 3750 3279 lle-

466 3321 682 3377 auditor
731 3323 1116 3391 habitaculum,
1173 3335 1226 3382 et
1253 3327 1589 3393 compleatur
1638 3327 1942 3397 Scriptura,
1985 3328 2062 3382 di-

467 3432 598 3472 cens
633 3435 644 3472 :
673 3418 790 3490 Ego
833 3430 880 3474 et
929 3419 1088 3476 Pater
1114 3439 1256 3477 meus
1281 3425 1535 3478 veniemus
1567 3422 1635 3475 ad
1666 3439 1804 3490 eum,
1837 3433 1884 3478 et
1915 3440 2064 3478 man-

459 3511 654 3566 sionem
683 3515 824 3586 apud
854 3531 968 3570 eum
993 3519 1237 3586 faciemus
1267 3515 1446 3588 (Joan.
1479 3533 1590 3583 xw,
1621 3518 1738 3589 25).
1785 3517 1893 3574 Sed
1933 3521 2058 3590 quia

462 3621 562 3675 pro
586 3617 771 3663 monte
790 3608 1044 3664 umbroso
1057 3618 1112 3665 et
1135 3612 1431 3680 condenso,
1455 3611 1508 3667 in
1539 3612 1769 3668 Hebraeo
1791 3615 2056 3683 scriptum

467 3708 551 3752 est
582 3714 738 3754 mons
771 3699 1005 3760 Pharon.
1023 3713 1076 3758 et
1095 3703 1309 3760 Pharon
1331 3707 1720 3776 interpretatur
1741 3725 1798 3762 os
1819 3707 2060 3763 videntis:

461 3792 866 3864 pulchrejuxta
902 3797 1407 3868 interpretationem
1466 3811 1727 3865 nostram,
1761 3801 1831 3858 de
1862 3803 2062 3857 eruditi

465 3901 718 3942 sermone
744 3890 846 3944 viri
878 3891 1025 3946 venit
1071 3893 1262 3948 notitia
1291 3893 1436 3961 Filii,
1461 3904 1516 3950 et
1543 3911 1647 3952 non
1682 3896 2062 3968 qualicumque

466 3996 743 4050 sermone,
775 3984 869 4040 sed
904 3984 972 4041 de
993 4001 1059 4042 eo
1081 3987 1173 4056 qui
1201 3987 1396 4057 plenus
1455 3997 1541 4043 est
1591 3989 1816 4056 lumine,
1869 3991 2062 4061 plenus

463 4076 660 4141 oculis,
693 4089 749 4132 ut
777 4079 1094 4136 manifestus
1142 4092 1196 4136 et
1243 4097 1410 4151 purus
1441 4080 1508 4135 ad
1533 4097 1691 4138 aures
1728 4083 2060 4138 audientium

464 4172 760 4228 deferatur.
787 4173 940 4239 Quod
972 4183 1153 4230 autem
1207 4175 1286 4230 ait
1311 4176 1375 4229 de
1401 4185 1592 4242 monte,
1637 4176 1887 4232 sublimia
1932 4177 2065 4249 dog-

467 4274 609 4320 mata
641 4265 905 4336 intellige.
936 4266 1130 4322 Audiri
1155 4283 1255 4339 ego
1280 4269 1566 4324 Hebrmum
1600 4269 1761 4324 istum
1787 4270 1963 4325 locum
1990 4273 2063 4327 ita

465 4357 738 4414 disserere
769 4377 780 4412 :
801 4358 954 4426 Quod
986 4359 1266 4416 Bethleem
1282 4363 1383 4416 sita
1405 4361 1476 4417 sit
1496 4361 1562 4416 ad
1583 4363 1866 4428 Austrum,
1890 4364 2061 4434 inqua

469 4459 627 4503 natus
657 4458 738 4504 est
776 4450 1033 4506 Dominus
1056 4461 1219 4522 atque
1248 4452 1519 4520 Salvator,
1552 4465 1607 4510 et
1632 4455 1806 4525 ipsum
1842 4471 1964 4512 esse
1995 4457 2062 4513 de

463 4558 571 4613 quo
603 4560 746 4600 nunc
775 4546 1016 4603 dicatur:
1042 4549 1297 4605 Dominus
1329 4551 1390 4605 ab
1412 4551 1604 4606 Austro
1634 4555 1822 4622 veniet,
1848 4553 1954 4608 hoc
1976 4563 2062 4609 est

2164 3328 2407 3383 braieum
2439 3327 2582 3398 quod
2612 3327 2664 3380 in
2695 3324 2936 3380 adventu
2958 3323 3163 3378 Christi
3189 3333 3386 3378 cuncta
3418 3319 3624 3391 repleta
3655 3317 3750 3371 sint

2164 3421 2355 3492 gloria,
2389 3417 2691 3474 secundum
2722 3417 2854 3472 illud
2899 3416 3044 3486 quod
3093 3415 3150 3469 in
3181 3415 3483 3485 Evangelio
3528 3411 3746 3467 dicitur:

2165 3512 2349 3568 Gloria
2376 3514 2430 3568 in
2458 3513 2672 3567 excelsis
2702 3511 2833 3576 Deo,
2865 3522 2913 3565 et
2941 3511 2993 3563 in
3037 3519 3172 3564 terra
3200 3525 3307 3579 pax
3354 3506 3648 3562 hominibus
3675 3505 3750 3558 bo-

2166 3623 2246 3662 na:
2267 3607 2546 3661 voluntatis
2579 3604 2730 3677 (Luc.
2773 3619 2830 3670 tt,
2865 3602 2980 3674 M).
3013 3602 3080 3656 Et
3110 3602 3236 3658 alibi
3264 3619 3274 3654 :
3307 3602 3510 3657 Parem
3557 3598 3675 3654 fecit
3703 3598 3746 3650 in

2165 3701 2321 3756 caelis
2348 3709 2404 3756 et
2434 3701 2486 3755 in
2519 3708 2663 3754 terra
2717 3713 2814 3768 per
2863 3699 3178 3767 sanguinem
3232 3695 3438 3764 crucis,
3472 3703 3524 3750 et
3551 3690 3680 3747 sedit
3701 3689 3746 3744 in

2164 3797 2386 3850 dextera
2422 3791 2810 3863 magnitudinis
2841 3810 2853 3845 :
2879 3792 3138 3848 velociter
3177 3791 3320 3846 enim
3376 3789 3549 3844 currit
3588 3799 3745 3841 sermo

2165 3889 2300 3957 ejus.
2337 3889 2402 3943 Et
2431 3888 2561 3942 alibi
2590 3904 2604 3942 :
2638 3887 2876 3951 Domine,
2911 3885 3165 3939 Dominus
3194 3893 3395 3948 noster,
3430 3898 3584 3952 quam
3601 3877 3748 3932 utimi-

2163 3984 2327 4038 rabile
2352 3991 2426 4036 est
2456 3991 2797 4035 uomentuum
2824 3981 2877 4033 in
2911 3975 3443 4046 universaterraU’s.
3476 3969 3741 4039 cunni)!

2164 4074 2233 4131 Et
2263 4091 2480 4132 rursum
2512 4074 2564 4129 in
2589 4074 2802 4129 Psalmn
2833 4073 3044 4128 decimo
3067 4084 3256 4127 octavo
3285 4089 3298 4126 :
3331 4070 3404 4126 In
3433 4085 3626 4124 onmem
3654 4073 3743 4120 ter-

2162 4191 2272 4227 ram
2303 4173 2456 4229 exiuit
2483 4187 2639 4226 sonus
2665 4187 2863 4238 eorum,
2885 4179 2930 4224 et
2961 4171 3014 4222 in
3040 4170 3171 4240 ﬁnes
3188 4168 3323 4223 orbis
3345 4178 3498 4223 terra:
3526 4163 3627 4237 [AL
3656 4171 3742 4213 ter-

2164 4269 2333 4322 minos
2365 4264 2536 4339 ter-rw]
2586 4265 2735 4321 verba
2785 4262 3105 4335 eorum(l’s.
3159 4277 3314 4326 xvm,
3366 4258 3448 4333 5).
3501 4253 3743 4330 Splendor

2164 4377 2381 4432 quoque
2410 4361 2552 4430 ejus,
2581 4359 2735 4430 quasi
2764 4358 2844 4413 sol
2871 4356 3125 4426 justitize,
3153 4355 3297 4410 clara
3348 4354 3471 4410 luce
3513 4347 3736 4411 radiavit;

2163 4465 2218 4510 et
2243 4469 2443 4510 cornua
2470 4454 2520 4508 in
2554 4453 2804 4507 manibus
2835 4452 2977 4522 ejus.
3003 4449 3201 4504 vexilla
3234 4458 3288 4502 et
3320 4455 3524 4518 tropea
3554 4439 3734 4505 crucis,

2164 4557 2220 4603 et
2243 4548 2448 4619 inipsis
2487 4544 2742 4600 cornibus
2791 4542 3106 4600 abscondita
3149 4551 3237 4596 est
3283 4538 3548 4596 fortitudo
3593 4534 3737 4604 ejus:

463 4651 721 4694 nascetur
761 4639 813 4694 in
847 4641 1148 4710 Bethleem,
1198 4652 1252 4699 et
1287 4645 1412 4701 inde
1462 4655 1776 4716 consurget.
1828 4646 1896 4701 Et
1935 4648 2059 4717 quia
2090 4623 2142 4683 D
2168 4642 2295 4698 Cuat
2320 4643 2453 4698 enim
2477 4651 2604 4697 esset
2627 4641 2680 4694 in
2711 4644 2880 4712 forma
2906 4637 3026 4705 Dei,
3054 4654 3156 4691 non
3185 4636 3428 4706 rapinam
3482 4625 3738 4686 arbitratus

461 4733 580 4804 ipse
609 4734 698 4806 qui
732 4744 887 4790 natus
918 4747 1003 4792 est
1026 4738 1077 4793 in
1103 4738 1399 4809 Bethleem,
1437 4739 1636 4811 Legem
1663 4741 1935 4810 quondam
1965 4741 2061 4795 dc-

460 4917 561 4974 Ms.
587 4920 1028 4991 Sancyglrannus
1057 4921 1292 4987 retinet,
1324 4920 1466 4975 Deus
1489 4921 1554 4976 ab
1581 4921 1798 4984 Austro,
1822 4929 1926 4975 etc.
1953 4934 2059 4975 non

460 5028 648 5067 vocem
673 5011 870 5066 Eloim.
900 5013 1165 5068 Mau'r.—
1187 5014 1242 5068 lu
1268 5014 1498 5069 Hebrum
1525 5028 1631 5068 non
1651 4996 2057 5081 Dtt'lbszﬂloim,

460 5116 576 5170 est;
605 5108 698 5162 sed
730 5092 862 5167 ΠἾῙἿΝ
882 5151 895 5172 .
930 5109 1117 5164 Eloah.
1151 5111 1328 5179 Quare
1372 5110 1595 5164 Drusins
1627 5120 1682 5163 et
1712 5111 1850 5166 ειμιιά
1882 5109 2058 5164 Theo-

460 5180 736 5236 (lolionem
767 5181 1020 5235 rescribit
1047 5184 1200 5245 ἐλωᾶ,
1235 5185 1317 5235 vel
1341 5183 1476 5246 ἐλοᾶ,
1509 5181 1697 5236 ΕΙοαΙι.
1729 5181 1825 5234 Ms.
1860 5180 2066 5251 Sancy-

460 5251 744 5321 girannus,
776 5268 936 5320 quem
973 5253 1224 5308 Martiali.
1257 5253 1468 5320 laudat,
1516 5253 1690 5320 Deus,
1722 5254 1808 5308 cui
1856 5263 1908 5307 et
1937 5267 2066 5307 cou~

460 5325 630 5379 sentit
663 5325 948 5387 Eusebius,
981 5325 1164 5387 ὁθεὸς.

535 5436 561 5465 ιι
612 5428 812 5493 Voces.
859 5447 890 5484 a
944 5431 1178 5489 meridie.
1224 5431 1276 5484 in
1327 5428 1522 5498 Regin.
1581 5442 1686 5498 ms.
1734 5441 1841 5481 non
1885 5436 2060 5482 sunt:

463 5501 623 5573 paulo
647 5511 770 5570 post
796 5517 860 5557 ex
893 5504 1086 5558 eodem
1119 5503 1478 5565 restituimus,
1502 5497 1821 5573 Aquilonem
1847 5515 2065 5573 sponsus

463 5569 773 5646 abigit,7pro
802 5590 910 5644 quo
938 5585 1055 5629 erat
1087 5575 1280 5630 vitiose
1310 5569 1753 5646 penesMartian.
1789 5571 2024 5646 ambigit.

539 5642 570 5684 δ
610 5642 762 5702 Hunc
795 5642 974 5702 locum
1006 5647 1223 5703 Abacuc
1263 5642 1394 5699 citat
1427 5642 1790 5714 Hieronymus
1835 5643 2068 5713 epistola

465 5716 532 5772 ad
563 5718 895 5786 Marcellam,
925 5720 975 5774 iu
999 5736 1102 5789 qua
1135 5719 1348 5786 plenius
1377 5717 1672 5785 disputavit
1693 5715 1764 5770 de
1789 5729 1921 5789 voce
1945 5714 2069 5769 Sela

459 5791 583 5847 sive
617 5791 988 5861 Diapsalmato
1017 5787 1384 5846 Psalmorom.
1414 5789 1618 5843 Caveat
1669 5789 1852 5859 itaque
1890 5787 2067 5844 lector

461 5877 705 5917 errorem
721 5877 907 5918 eorum
920 5905 932 5928 ,
957 5865 1044 5932 qui
1061 5864 1376 5918 existimant
1390 5861 1778 5930 Hieronymum
1794 5874 2072 5916 columen-

2166 4739 2511 4808 esta’qualem
2539 4755 2592 4792 se
2619 4753 2728 4791 esse
2767 4733 2910 4802 Deo;
2957 4733 3049 4789 sed
3102 4732 3384 4788 exinanirit
3441 4746 3492 4786 se
3539 4727 3736 4800 formam

2169 4919 2339 4974 tarios
2362 4918 2602 4988 integros
2630 4915 2866 4970 edidisse
2895 4915 2947 4969 in
2975 4913 3304 4970 Psalterium
3329 4927 3486 4988 ;_cum
3516 4905 3736 4988 ex‘ipsn-

2170 5000 2281 5046 met
2303 4983 2644 5056 cruderatum
2675 4989 2835 5042 nobis
2877 4989 2969 5052 sit,
3021 4995 3082 5041 ut
3123 5001 3268 5050 saepe
3320 4983 3732 5056 observavimus.

2169 5051 2386 5118 nullum
2420 5060 2790 5130 hujuscemodi
2849 5058 3086 5130 edidisse
3124 5059 3378 5112 volumen
3431 5056 3480 5110 in
3512 5051 3734 5130 Psaltrtos
3812 5063 3818 5074 ‘

2169 5149 2360 5190 omnes
2391 5120 2631 5187 Davidis.
2662 5132 2918 5185 ΜΑιιτ.-
2942 5128 3047 5185 Ore
3077 5141 3254 5190 tenus.
3279 5145 3403 5184 cum
3433 5120 3731 5197 pariterliq-

2172 5223 2272 5260 ma!
2298 5217 2474 5260 essent
2508 5203 2696 5267 Paula,
2726 5203 3103 5268 Euslorltium,
3149 5211 3203 5255 et
3230 5200 3498 5266 Marcella,
3555 5199 3731 5268 sanctis

2172 5278 2389 5333 feminis
2420 5265 2743 5330 Psalterium
2772 5265 3101 5342 prmlegiSse—
3131 5290 3194 5328 ac
3225 5271 3454 5326 subinde
3479 5265 3735 5344 eXPlQPf's.‘

2172 5364 2232 5405 se
2259 5349 2668 5419 Hieronymum,
2697 5335 2993 5419 ex'aliquiit
3017 5346 3135 5414 ejus
3183 5346 3507 5419 testimoniis
3551 5335 3735 5419 colligi“

2175 5403 2395 5486 nius,et
2424 5403 2483 5473 iri
2517 5403 2760 5490 generali
2805 5403 3123 5490 praefatio-ne
3172 5418 3513 5490 observatum
3541 5403 3735 5490 testula-

2169 5481 2380 5547 terdum
2410 5481 2573 5546 etiaiu
2603 5481 2848 5562 qua-dant
2890 5505 3012 5558 qua:
3054 5489 3376 5562 «uisettriora
3422 5481 3732 5562 "idell?llll.lrl

2169 5565 2310 5620 datis
2369 5563 2584 5628 litteris,
2623 5547 3012 5616 'edisserue'rit.
3064 5560 3347 5629 Ejusmodi
3385 5567 3468 5613 est
3511 5547 3730 5631 epistola,

2170 5654 2330 5708 quam
2354 5638 2438 5691 hic
2471 5636 2673 5701 laudat,
2705 5635 2770 5687 ad
2799 5628 3192 5708 Marcellampn
3226 5642 3416 5708 nostra
3443 5628 3734 5708 recenSiotltl

2171 5689 2460 5775 Evn-nde
2484 5689 2875 5782 diapsalmate,’
2895 5722 3068 5777 neque
3114 5689 3250 5782 adeo
3295 5700 3608 5782 Psalterium
3639 5689 3732 5782 ags

2175 5773 2503 5855 Hieronymo
2557 5773 2782 5850 integris
2833 5773 3255 5834 Commentariis
3287 5773 3604 5848 eXpositum,
3633 5773 3733 5830 θρι-

2177 5857 2290 5910 nari
2319 5868 2542 5911 necesse
2587 5863 2689 5906 est.
