4050 6342
302 301 437 358 1515

1116 302 1770 362 COMMENTARIORUM
1808 304 1874 361 IN
1916 300 2188 363 ABACUC
2232 302 2358 363 LIB.
2405 308 2469 364 ll.
2513 308 2668 367 CAP.
2713 310 2803 368 ΙΙΙ.

3464 316 3604 375 1514

296 421 431 473 servi
479 418 732 492 accipiens
764 437 779 474 :
811 421 975 490 factus
1025 428 1097 475 est
1145 422 1383 476 obediens
1419 421 1570 475 Patri
1625 439 1782 492 usque
1830 420 1897 473 ad
1926 424 1973 481 A
2004 421 2175 475 sancti
2208 420 2321 491 (qui
2351 423 2526 492 pergit
2557 424 2622 476 ad
2651 438 2817 494 regna
2848 423 3135 492 eti-lorum,
3162 424 3252 495 qui
3283 424 3460 482 adhuc
3505 444 3609 497 pu-

294 523 531 578 ntortcm,
566 524 779 566 mortem
800 526 969 568 autem
997 518 1166 569 crucis
1197 515 1434 587 (Philip.
1467 531 1525 579 ιι,
1559 516 1591 570 (i
1620 514 1795 585 seqq).
1833 514 1892 567 In

295 623 457 663 cruce
488 623 617 678 ergo
648 607 923 680 paulisper
977 608 1299 664 abscondita
1337 617 1421 664 est
1468 610 1725 663 fortitudo
1753 607 1893 675 ejus,

293 702 512 775 quando
569 703 782 758 dicebat
816 703 883 757 ad
943 703 1203 758 Patrem:
1239 702 1424 757 Tristis
1466 712 1541 757 est
1588 705 1763 756 anima
1783 718 1898 756 mea

294 814 457 869 usque
487 796 556 850 ad
596 806 806 851 mortem
831 795 850 869 (
876 795 1029 851 Matt.
1088 813 1234 864 xxw,
1284 796 1377 865 58,
1403 795 1494 867 .39)
1529 814 1539 849 :
1570 796 1632 851 Et
1666 814 1679 850 :
1714 793 1895 864 Pater,

292 895 524 967 639si
550 893 793 965 possibile
822 902 915 959 est,
959 901 1187 947 transeat
1218 894 1310 947 iste
1348 892 1483 946 calix
1531 909 1562 945 a
1604 909 1684 945 nte
1730 890 1894 963 (Luc.

293 1006 445 1057 nni,
485 989 592 1060 15).
631 991 693 1044 Et
721 990 776 1044 in
830 990 941 1059 ipsa
969 1004 1133 1045 cruce
1169 987 1391 1054 :Pater,
1442 988 1495 1041 in
1546 1003 1728 1040 manus
1782 998 1898 1042 tuas

294 1084 596 1140 commendo
624 1085 870 1153 spiritum
902 1101 1087 1139 meum.
1120 1084 1289 1140 Porro
1338 1084 1490 1153 jnxm
1543 1081 1895 1153 Septuaginta

290 1175 345 1233 in
376 1193 439 1233 eo
470 1176 615 1247 quod
662 1177 865 1233 dictum
914 1188 994 1233 est
1028 1193 1043 1233 :
1080 1175 1293 1247 Operuit
1352 1175 1506 1232 caelos
1548 1176 1708 1230 virtus
1758 1177 1893 1249 ejus,

292 1288 454 1329 nosse
467 1272 731 1329 debemus
758 1273 937 1329 minus
962 1288 1083 1328 esse
1106 1272 1248 1344 quod
1271 1272 1533 1342 operitur,
1566 1271 1634 1325 ab
1661 1286 1727 1325 eo
1749 1269 1893 1340 quod

292 1368 469 1438 operit
497 1385 508 1421 :
539 1367 586 1422 si
636 1376 813 1423 tamen
870 1378 1038 1423 totum
1064 1368 1361 1439 operiatur,
1396 1375 1448 1423 et
1479 1380 1584 1422 non
1617 1381 1681 1422 ex
1716 1374 1892 1435 parte,

292 1462 437 1533 quod
469 1471 720 1531 apertum
751 1473 855 1519 est.
880 1463 1013 1519 Cum
1046 1479 1175 1534 ergo
1202 1463 1371 1518 virtus
1423 1461 1517 1517 Dei
1544 1463 1756 1532 operiat
1783 1476 1894 1515 coe-

291 1557 395 1618 los.
429 1558 601 1628 major
619 1566 703 1614 est
725 1559 877 1614 cmlis
905 1558 1078 1613 virtus
1106 1558 1243 1629 ejus,
1265 1574 1367 1626 qua
1397 1556 1718 1625 Operiuntur
1742 1554 1887 1611 coeli.

293 1651 474 1708 Canos
500 1662 678 1707 autem
709 1669 805 1709 eos
829 1668 953 1709 esse
983 1653 1074 1723 qui
1107 1664 1325 1723 portent
1357 1651 1649 1722 imaginem
1703 1666 1894 1719 super-

292 1747 556 1815 cmlestis,
590 1757 644 1803 et
674 1748 761 1818 qui
790 1759 1048 1804 enarrem
1073 1748 1301 1817 gloriam
1335 1748 1449 1814 Dei,
1508 1746 1702 1801 crebro
1751 1745 1887 1815 legi-

1998 516 2136 571 situs
2167 516 2220 571 in
2256 525 2422 584 terra,
2448 528 2635 585 regnat
2661 521 2877 589 corpori
2909 520 3117 591 absque
3160 523 3402 590 peccatis
3439 521 3455 591 )
3494 537 3602 577 non

1997 621 2224 681 vagatur
2268 612 2640 677 estrinsecus;
2697 615 2792 669 sed
2835 615 2889 670 in
2953 616 3046 671 Dei
3098 615 3265 670 tutela
3312 615 3454 670 situs
3504 625 3609 670 est.

2001 706 2136 772 Quia
2166 722 2298 763 vero
2327 709 2466 762 etin
2500 707 2747 776 llehrteo,
2790 721 2847 765 et
2889 712 2941 765 in
3001 711 3217 766 caeteris
3274 710 3610 767 editionibus

1999 816 2106 856 non
2137 801 2303 857 habet
2330 803 2595 873 scriptum
2629 820 2641 856 :
2675 803 2883 859 Cornua
2907 806 2960 859 in
2986 805 3229 861 manibus
3253 808 3389 878 ejus,
3414 806 3507 862 sed
3551 807 3606 861 in

1998 910 2161 949 manu
2191 895 2331 964 ejus,
2360 897 2502 966 quod
2527 898 2726 953 dicitur
2751 916 2881 953 sano
2908 899 3053 970 (τιν),
3089 916 3307 955 manum
3362 899 3456 956 Dei
3493 899 3609 956 for-

2001 998 2107 1045 tem
2139 998 2303 1061 atqne
2335 992 2617 1046 robustam
2652 994 3018 1065 intelligamus
3043 995 3239 1051 Filium
3257 996 3400 1065 ejus.
3432 995 3496 1050 Et
3547 996 3601 1050 in

2000 1083 2099 1138 hac
2125 1100 2285 1138 manu
2320 1085 2503 1140 omnia
2542 1102 2707 1157 regna
2738 1086 3023 1155 calorum,
3084 1103 3386 1160 eorumque
3413 1088 3504 1158 qui
3534 1088 3599 1143 ad

1999 1179 2171 1233 caelos
2226 1179 2467 1234 nituntur
2535 1181 2853 1247 ascendere,
2925 1181 3103 1251 posita
3150 1197 3276 1239 esse
3315 1184 3606 1239 dicamus:

2000 1273 2142 1343 quod
2171 1283 2223 1328 et
2254 1272 2426 1329 Isaias
2458 1284 2637 1340 sonat,
2671 1275 2858 1331 dicens
2889 1293 2902 1329 :
2943 1276 3099 1331 Vinea
3151 1277 3290 1347 facta
3321 1288 3395 1332 est
3422 1277 3611 1333 dilecto

1996 1367 2052 1421 in
2081 1383 2263 1427 cornu.
2290 1368 2344 1422 in
2373 1370 2484 1423 loco
2514 1369 2659 1425 uberi
2680 1368 2837 1442 (Isai.
2866 1371 3006 1439 v,i),
3039 1386 3137 1442 pro
3157 1386 3224 1427 eo
3243 1373 3381 1441 qUod
3414 1382 3517 1440 est,
3552 1374 3605 1429 in

1997 1476 2188 1532 regno.
2224 1462 2305 1517 Ob
2334 1463 2475 1519 hanc
2509 1474 2638 1533 puto
2663 1480 2881 1520 causam
2915 1466 3126 1521 nullum
3157 1477 3447 1523 cornutum
3493 1470 3614 1524 ani-

1998 1558 2104 1613 mal
2152 1558 2293 1613 inter
2322 1559 2596 1614 immunda
2648 1562 2774 1631 poni
2810 1562 2863 1616 in
2900 1562 3161 1631 LeviIiCn,
3190 1572 3244 1617 et
3273 1562 3504 1632 itlipsum
3537 1566 3612 1619 si-

1995 1651 2255 1720 gnificare
2299 1652 2623 1707 unieornem
2686 1655 2737 1708 in
2770 1654 3004 1710 Psalmis
3032 1656 3185 1725 (χιιι
3226 1666 3273 1710 et
3299 1655 3433 1727 XCI),
3494 1656 3609 1712 sive

1995 1744 2293 1821 p'woxepé-ra
2321 1762 2335 1810 ;
2361 1754 2416 1799 et
2444 1746 2573 1800 illttd
2601 1763 2613 1799 :
2647 1745 2712 1801 In
2746 1756 2794 1802 te
2816 1749 3054 1804 inimicos
3081 1760 3283 1805 nostros
3335 1751 3607 1805 venti/abi.

290 1858 432 1898 mus.
482 1843 753 1900 Virtutem
807 1860 1022 1915 quoque
1051 1845 1146 1901 Dei
1179 1844 1468 1899 Dominum
1531 1844 1890 1909 Salvatorem,
1925 1818 1972 1877 Β
1998 1853 2111 1891 mus
2133 1818 2293 1892 corna
2322 1839 2441 1912 (Ps.
2476 1857 2627 1905 mn,
2658 1841 2734 1912 7).
2763 1842 2915 1911 Quod
2946 1845 3293 1914 antemjuxta
3346 1845 3489 1902 LXX
3532 1848 3610 1903 le-

289 1938 571 2008 apostolus
604 1939 798 2006 probat
829 1955 841 1990 ε
869 1938 1106 1993 Christus
1131 1938 1226 1992 Dei
1242 1939 1422 2003 virtus,
1449 1946 1495 1990 et
1518 1934 1615 1990 Dei
1636 1936 1892 2005 sapientia

290 2029 467 2103 (lCor.
497 2046 534 2095 ι,
557 2030 668 2103 50).
693 2032 816 2086 llaec
846 2031 1017 2086 virtus
1045 2030 1613 2100 omniumsliecialium
1640 2028 1746 2100 [ΑΙ.
1776 2030 1891 2099 Spi-

291 2125 593 2198 ritualium]
625 2128 884 2181 virtutum
920 2125 1076 2197 quasi
1129 2136 1301 2180 mater
1328 2133 1410 2180 est
1444 2143 1458 2180 :
1487 2124 1640 2179 verbi
1689 2127 1887 2195 gratia,

288 2222 594 2293 appellatur
624 2222 823 2289 virtus,
861 2221 1157 2291 sapientia,
1185 2219 1718 2290 fortitudo,jnstitia.
1755 2229 1893 2275 tem-

288 2316 558 2387 perantia.
594 2314 813 2381 veritas,
843 2318 1123 2383 sanctitas,
1152 2316 1456 2386 redemptio
1488 2334 1497 2370 :
1530 2314 1894 2371 Cbristnsau-

287 2414 396 2465 tem
431 2408 606 2463 factus
638 2419 719 2464 εει
747 2409 956 2464 nobisa
990 2410 1103 2465 Deo
1146 2409 1437 2478 sapientia,
1470 2418 1523 2464 et
1568 2409 1803 2478 jnstitia,
1837 2417 1892 2463 et

289 2502 667 2569 sanctificatio,
702 2510 759 2558 et
789 2503 1111 2573 redemptio.
1168 2504 1260 2558 llte
1300 2501 1463 2573 igitur
1492 2502 1755 2571 speciales
1783 2502 1891 2556 vir-

294 2604 460 2663 tutes,
486 2598 537 2653 in
568 2599 766 2669 quibus
794 2598 1048 2653 Christus
1074 2596 1383 2653 ostenditur
1408 2595 1729 2669 (secundum
1764 2611 1891 2666 pro-

290 2689 490 2746 fectum
518 2707 729 2757 eorum,
763 2692 851 2763 qui
875 2708 998 2747 eum
1032 2691 1113 2746 vel
1137 2690 1457 2760 sapientiam
1485 2690 1774 2760 recipiunt,
1807 2690 1888 2745 vel

290 2784 689 2849 fortitudinem,
731 2786 814 2841 vel
841 2785 1127 2856 jnSIitiam,
1160 2792 1216 2841 et
1239 2796 1433 2839 caetera
1465 2782 1886 2853 hujuscemodi),

291 2882 642 2937 continentur
668 2879 722 2935 in
753 2880 996 2951 generali
1029 2878 1226 2935 virtute
1257 2878 1376 2941 Dei,
1410 2879 1511 2932 hoc
1550 2887 1653 2944 est,
1707 2879 1757 2933 in
1784 2879 1887 2932 Da-

291 2974 440 3030 mino
467 2974 783 3029 Silvatore:
818 2973 1055 3043 atquein
1088 2971 1235 3025 ltnnc
1288 2970 1507 3025 modum
1538 2980 1591 3023 et
1620 2970 1690 3025 de
1743 2980 1883 3025 terra

295 3048 671 3138 intelligimus,
705 3065 847 3137 quod
896 3066 984 3136 qui
1039 3065 1271 3134 primum
1326 3074 1549 3134 propter
1596 3064 1885 3133 imaginem

295 3160 497 3217 terreni
528 3172 668 3215 terra
694 3158 1051 3221 vocabantur,
1072 3167 1127 3213 et
1155 3157 1435 3214 dicebatnr
1465 3158 1530 3212 ad
1559 3173 1652 3213 eos
1684 3174 1697 3211 :
1726 3157 1887 3213 Terra

1997 1935 2175 2004 gimus
2207 1954 2217 1988 :
2250 1947 2296 1989 et
2322 1937 2495 2007 posuit
2524 1937 2850 1994 dilectionem
2873 1940 3024 2008 fortis
3046 1942 3250 1996 virtutis
3281 1958 3408 2005 suat,
3439 1945 3604 1998 etiam

1999 2027 2196 2083 bocde
2219 2028 3010 2101 Christointelligi-adamest,
3061 2033 3202 2103 quod
3256 2032 3398 2090 Deus
3447 2034 3606 2090 Pater

1996 2120 2201 2177 idcirco
2232 2125 2577 2193 cooperuerit
2602 2125 2773 2181 caelos
2805 2128 3005 2184 virtute
3048 2143 3167 2196 sua,
3202 2136 3258 2185 et
3287 2138 3487 2185 terram
3521 2146 3607 2185 re-

1996 2216 2228 2282 pleverit
2268 2219 2445 2287 laude,
2482 2229 2536 2275 et
2566 2220 2913 2291 Splendorem
2946 2239 3100 2278 suum
3152 2224 3347 2280 fecerit
3400 2240 3518 2281 esse
3550 2234 3607 2282 ut

1998 2308 2205 2373 lumen,
2229 2320 2282 2365 et
2312 2328 2533 2383 regnum
2568 2315 2813 2381 posuerit
2836 2316 2888 2370 in
2922 2332 3082 2372 manu
3111 2316 3234 2373 Filii
3262 2318 3365 2385 sui,
3414 2326 3474 2372 ut
3530 2317 3606 2373 fa-

1996 2414 2145 2459 ceret
2176 2405 2432 2461 dilectum
2473 2422 2626 2461 suum
2652 2408 2720 2464 ab
2746 2408 3054 2463 hominibus
3111 2410 3285 2481 diligi,
3339 2420 3393 2467 et
3454 2410 3603 2482 diligi

1994 2514 2102 2554 non
2156 2499 2385 2566 leviter,
2446 2500 2543 2557 sed
2599 2504 2954 2559 vehementer
2993 2512 3048 2559 et
3091 2503 3336 2571 fortiter,
3393 2513 3451 2558 ut
3507 2505 3601 2573 qui

1993 2607 2116 2646 eum
2171 2590 2394 2647 fortiter
2456 2593 2811 2664 dilexissent,
2847 2607 2899 2652 et
2930 2595 3200 2653 hmrerent
3228 2598 3281 2652 in
3314 2597 3606 2654 dilectione

1992 2684 2135 2754 ejus,
2156 2700 2317 2740 nemo
2345 2686 2665 2743 tolleretcos
2679 2687 2747 2744 de
2770 2704 2933 2744 manu
2956 2689 3121 2745 illius.
3149 2690 3474 2746 Econtrario
3495 2690 3609 2747 dia-

1993 2778 2152 2834 bolus
2181 2778 2309 2835 facit
2330 2795 2515 2837 amare
2549 2798 2646 2837 nos
2674 2785 2956 2851 mundum,
2977 2795 3031 2840 et
3055 2801 3152 2856 pro
3183 2786 3607 2842 dileCIione-vir-

1992 2873 2126 2927 tutis
2175 2873 2404 2944 diligere
2444 2875 2597 2943 vitia,
2653 2886 2845 2932 etnon
2875 2877 3090 2948 leviter,
3124 2879 3217 2935 sed
3253 2879 3493 2944 fortiter,
3528 2880 3603 2935 ita

1991 2978 2049 3021 ut
2076 2969 2142 3023 de
2167 2969 2321 3024 nobis
2346 2971 2519 3039 possit
2539 2970 2646 3026 dici
2688 2989 2703 3027 :
2755 2973 2821 3027 Et
2867 2974 3048 3044 posuit
3086 2974 3337 3031 diabolus
3355 2973 3609 3031 dilec1io~

1993 3077 2115 3115 nem
2168 3061 2363 3118 lortem
2394 3062 2645 3118 vitiorum
2694 3080 2938 3121 suorum.

2066 3153 2247 3220 (γεγε.
2279 3154 2359 3227 5.)
2399 3156 2531 3210 Ante
2561 3158 2743 3227 faciem
2771 3162 2885 3231 ejus
2916 3159 3008 3214 ibit
3040 3176 3211 3215 mors:
3240 3169 3289 3215 et
3312 3162 3605 3235 egredietur

296 3270 374 3320 es,
395 3264 442 3308 et
470 3255 521 3307 in
556 3266 744 3308 terram
778 3254 873 3307 ibis
904 3252 1115 3325 (Genes.
1166 3267 1244 3317 ιιι,
1278 3252 1390 3322 19),
1425 3252 1475 3307 in
1499 3251 1735 3308 adventu
1767 3253 1888 3307 Sal-
1916 3222 1962 3288 C
1993 3247 2232 3302 diabolus
2257 3222 2373 3302 ante
2399 3222 2725 3325 pedes'ejus.
2758 3222 2903 3307 ιξιιχ
2932 3268 2945 3305 :
2978 3254 3111 3309 Ante
3142 3222 3485 3331 faciemvejus
3514 3256 3605 3311 ibit

294 3348 499 3404 vatoris
558 3348 718 3404 laude
771 3348 983 3402 Domini
1037 3349 1375 3419 repleantur.
1430 3346 1567 3403 Cum
1621 3360 1800 3404 autem
1833 3359 1889 3404 et

296 3444 418 3500 caeli
446 3445 643 3499 virtute
672 3444 767 3498 Dei
798 3444 971 3515 operti
1011 3443 1252 3518 fuerint(
1282 3445 1512 3514 protecti
1554 3445 1805 3500 videlicet
1834 3455 1890 3502 et

297 3554 363 3594 ex
388 3540 534 3593 omni
560 3547 712 3608 parte
734 3538 957 3609 vestiti),
990 3547 1043 3592 et
1065 3540 1312 3594 universa
1334 3547 1475 3594 terra
1502 3540 1706 3610 repleta
1734 3540 1891 3596 laude

298 3632 417 3697 Dei,
447 3643 573 3688 tunc
598 3632 853 3703 splendor
880 3633 997 3701 ejus
1018 3642 1077 3686 ut
1102 3634 1188 3688 lux
1218 3634 1344 3689 erit.
1370 3634 1662 3704 Imaginem
1707 3643 1890 3690 autem

301 3725 399 3781 Dei
431 3735 484 3781 ct
514 3726 861 3796 splendorem
888 3726 1074 3795 gloria:
1102 3727 1240 3797 ejus,
1275 3742 1397 3782 esse
1429 3727 1597 3782 Deum
1647 3728 1893 3785 Salvato-

299 3833 436 3888 rem,
494 3822 777 3890 apostolus
808 3836 917 3875 non
952 3814 1093 3876 tacet
1120 3841 1132 3876 :
1163 3821 1264 3889 Qtti
1299 3830 1583 3891 postquam
1614 3821 1770 3876 nobis
1798 3838 1894 3890 ap-

298 3915 475 3986 paruit
529 3913 783 3984 Splendor
826 3914 1016 3984 gloria:
1059 3914 1177 3980 Dei,
1210 3930 1466 3971 reversus
1498 3926 1580 3971 est
1610 3915 1674 3970 ad
1709 3916 1895 3987 pristi-

300 4026 425 4065 nam
459 4012 798 4076 majestatem
825 4006 1015 4078 (Hebr.
1038 4008 1096 4081 ι).
1126 4007 1238 4064 Etsi
1266 4010 1402 4063 enim
1423 4027 1727 4064 noveramus
1744 4009 1897 4065 Chri-

298 4113 437 4158 stum
488 4102 770 4157 secundum
800 4118 955 4156 carne
978 4121 1005 4155 n
1035 4119 1053 4157 :
1081 4102 1171 4157 sed
1205 4106 1322 4175 jam
1368 4119 1468 4157 non
1516 4104 1751 4158 novimus
1779 4120 1895 4157 eum

292 4202 449 4272 juxta
479 4196 772 4268 carnem(ll
803 4197 923 4252 Cor.
952 4213 1006 4265 v,
1042 4196 1153 4270 16),
1184 4213 1370 4253 verum
1400 4198 1551 4268 juxta
1597 4199 1846 4269 spiritum
1877 4215 1892 4262 ;

302 4291 451 4364 quia,
485 4290 636 4359 Quod
668 4292 864 4361 factum
896 4300 989 4356 est,
1022 4298 1075 4345 in
1107 4292 1219 4364 ipso
1248 4293 1351 4346 vita
1399 4302 1531 4362 erat,
1570 4303 1618 4347 et
1652 4294 1751 4348 rita
1790 4304 1899 4347 erat

304 4385 397 4440 lua:
425 4386 690 4439 hominum
717 4384 901 4457 (Joan.
928 4401 966 4453 ι,
1001 4387 1056 4452 '5,
1086 4386 1163 4458 4).
1206 4386 1363 4454 Quod
1390 4396 1445 4442 et
1471 4386 1814 4442 manifes:ius
1845 4388 1896 4441 in

301 4478 597 4549 Evangelio
647 4479 898 4534 SaIVator
944 4478 1239 4535 ostendens
1271 4481 1391 4533 ait:
1422 4479 1601 4547 Pater,
1657 4480 1900 4550 glori/ica

301 4591 383 4629 me
421 4572 611 4647 gloria,
643 4590 800 4644 quam
829 4572 985 4627 habui
1028 4574 1171 4643 apud
1211 4584 1278 4638 te,
1328 4575 1634 4645 priusquam
1676 4574 1901 4629 mundus

304 4670 447 4739 ﬁeret
482 4664 664 4736 (Joan.
688 4681 819 4730 xvn,
854 4665 946 4736 5);
979 4674 1036 4720 ut
1058 4675 1181 4736 post
1209 4666 1581 4722 ascensionem
1610 4666 1677 4721 ad
1709 4668 1898 4735 caelos,

307 4761 658 4830 sitsplendor
678 4758 817 4829 quod
851 4759 962 4822 lux,
998 4757 1099 4811 boc
1130 4768 1233 4827 est,
1259 4758 1310 4812 id
1340 4757 1563 4828 incipiat
1584 4758 1752 4814 Filius
1781 4775 1903 4815 esse

307 4857 450 4929 quod
477 4855 638 4911 Pater
661 4863 762 4909 est.
796 4852 951 4921 Quod
981 4863 1157 4908 autem
1182 4854 1428 4924 sequitur
1455 4869 1464 4904 :
1493 4850 1701 4906 Cornua
1724 4854 1775 4907 in
1796 4870 1905 4907 ma-

311 4952 458 5008 nibus
481 4954 613 5024 ejus,
645 4950 812 5003 moris
838 4958 921 5004 est
946 4946 1373 5015 Scripturarum,
1391 4956 1675 5018 utsemper
1696 4962 1902 5002 cornua

311 5058 410 5113 pro
438 5042 620 5114 regnis
647 5048 872 5110 ponant.
905 5037 1039 5094 Nam
1071 5048 1128 5094 et
1148 5039 1277 5094 illud
1306 5039 1449 5107 quod
1476 5042 1633 5093 Anna
1666 5039 1907 5109 loquitur

310 5135 364 5191 in
406 5139 583 5205 primo
625 5133 939 5204 Regnorum
970 5130 1110 5186 libro
1165 5149 1179 5186 :
1220 5129 1385 5203 640
1433 5129 1697 5186 Exaltavit
1744 5148 1907 5185 cornu

314 5232 508 5288 Christi
528 5231 612 5285 sui
636 5231 677 5301 (l
711 5229 838 5302 Reg.
874 5244 933 5292 ιι,
968 5226 1081 5297 10),
1132 5225 1580 5297 magniﬁcentiam
1615 5227 1766 5297 regni
1788 5226 1910 5281 Sal-

313 5325 517 5381 vatoris
549 5321 836 5393 signiﬁcat.
866 5322 932 5375 Et
961 5321 1012 5375 in
1058 5320 1298 5385 Daniele,
1331 5320 1522 5375 decem
1571 5335 1775 5376 cornua
1814 5319 1909 5376 de-

313 5435 430 5476 cem
456 5418 619 5488 regtia
639 5417 1013 5473 demonstrant
1048 5415 1209 5487 (Dan.
1244 5411 1361 5484 vn).
1399 5414 1492 5468 Sic
1536 5422 1715 5468 autem
1765 5429 1909 5469 nunc

313 5514 510 5570 dicitur
535 5532 546 5566 :
573 5511 781 5567 Cornua
808 5512 861 5565 in
884 5509 1125 5564 manibus
1154 5510 1286 5580 ejus,
1341 5508 1617 5575 quomodo
1674 5516 1729 5563 et
1771 5508 1901 5563 alibi

313 5606 574 5679 scriptum
606 5606 833 5676 legimus
865 5622 875 5656 :
913 5604 1013 5658 Cor
1036 5604 1172 5674 regis
1196 5603 1249 5656 in
1276 5619 1433 5657 manu
1458 5601 1555 5656 Dei
1583 5601 1766 5673 (Prov.
1789 5619 1899 5671 ut,

315 5702 358 5771 ι)
389 5719 401 5753 τ
435 5716 535 5772 pro
554 5714 623 5756 eo
650 5698 793 5770 quod
818 5706 919 5765 est,
957 5714 1109 5754 mens
1136 5706 1190 5754 et
1216 5696 1519 5768 principale
1566 5696 1750 5753 cordis
1802 5696 1905 5753 viri

393 5841 416 5870 ‘
449 5842 553 5899 Pro
567 5841 753 5912 quinta
784 5838 1021 5897 editione
1040 5846 1246 5895 sextam
1262 5838 1505 5894 nominat
1531 5836 1753 5909 Reginae
1767 5851 1870 5892 ms.

1994 3339 2220 3404 rerbunt,
2244 3352 2289 3395 et
2319 3343 2611 3413 egredietur
2643 3346 2694 3398 in
2719 3361 2959 3417 campum
2993 3357 3106 3417 post
3130 3348 3283 3417 pedes
3313 3351 3448 3421 ejus.
3499 3350 3603 3406 Pro

1994 3450 2059 3489 eo
2081 3435 2225 3501 quod
2258 3451 2357 3490 nos
2400 3440 2779 3496 transtulimus
2833 3452 3069 3511 mortem,
3125 3444 3176 3498 in
3212 3444 3446 3501 Hebraeo
3492 3457 3603 3503 tres

1996 3527 2193 3582 littera:
2224 3529 2413 3599 posita:
2463 3541 2613 3598 sunt,
2650 3550 2884 3599 DALETII,
2918 3552 3077 3603 BETll,
3113 3553 3232 3604 nes,
3264 3539 3468 3611 absque
3496 3541 3605 3597 ulla

1994 3623 2188 3687 vocali,
2217 3639 2338 3694 qua:
2366 3623 2411 3678 si
2448 3625 2695 3692 legantur
2724 3645 2894 3684 DABAR
2926 3630 3105 3703 (ῆι-ι),
3142 3633 3345 3689 rerbum
3392 3634 3601 3705 signiﬁ-

1996 3728 2156 3784 cant;
2188 3718 2234 3773 si
2262 3736 2453 3785 nassa,
2489 3731 2705 3793 pestem,
2750 3739 2872 3793 quae
2920 3724 3112 3781 Graece
3164 3726 3365 3783 dicitur
3406 3726 3602 3801 λοιμός.

1998 3813 2240 3885 Denique
2263 3824 2317 3870 et
2346 3816 2540 3886 Aquila
2566 3816 2638 3871 ita
2670 3817 3059 3887 interpretatus
3101 3829 3207 3887 cst,
3243 3822 3376 3877 Ante
3409 3824 3597 3894 facient

1997 3910 2109 3976 ejus
2123 3908 2213 3962 ibit
2230 3910 2423 3981 pestis;
2446 3909 2834 3982 Symmachus,
2853 3913 2985 3967 Ante
3006 3914 3193 3985 faciem
3220 3918 3333 3986 ejus
3352 3915 3601 3987 prtccedet

2000 4019 2174 4071 mors;
2211 4007 2399 4075 quinta
2429 4005 2616 4072 editio,
2643 4006 2773 4062 Ante
2793 4008 2977 4078 facient
3004 4013 3118 4081 ejus
3146 4009 3429 4064 ambulabit
3442 4026 3605 4078 mors;

1998 4097 2158 4171 64],
2195 4100 2296 4155 εοΙί
2329 4099 2473 4155 LXX
2513 4112 2565 4156 et
2610 4101 2914 4158 Tlteodotio
2960 4121 3244 4159 sermonem
3294 4121 3391 4176 pro
3444 4117 3607 4160 morte

2001 4190 2344 4261 interpretati
2391 4206 2537 4250 sunt.
2571 4195 2792 4252 Necnon
2837 4198 2888 4251 in
2921 4199 3274 4269 consequenti
3314 4201 3607 4268 velsiculo,

2003 4284 2093 4339 nbi
2124 4285 2395 4340 diximus:
2429 4287 2744 4358 Egredietur
2769 4290 3013 4346 diabolus
3039 4302 3159 4347 ante
3201 4294 3354 4359 pedes
3384 4294 3517 4364 ejus,
3552 4303 3607 4350 et

2004 4377 2148 4435 LXX
2174 4382 2330 4436 aliter
2352 4384 2768 4449 transtulerunt,
2794 4384 2950 4454 juxta
2982 4400 3120 4457 quos
3148 4397 3336 4456 postea
3359 4386 3601 4457 disputa-

2009 4472 2187 4529 bimus
2212 4492 2224 4528 :
2258 4474 2453 4545 Aquila
2482 4492 2579 4546 pro
2607 4476 2830 4533 diabolo
2855 4480 3153 4545 transtulit,
3176 4478 3422 4548 volatile;
3450 4481 3607 4554 Sym-

2006 4565 2230 4620 maclnts
2252 4577 2429 4622 autem
2459 4578 2515 4623 et
2555 4567 2882 4635 Theodotio,
2922 4580 2976 4626 et
3011 4580 3034 4607 ει
3063 4573 3250 4641 quinta
3306 4573 3609 4642 editio,,vo-

2008 4658 2218 4723 lncrem,
2244 4659 2388 4727 quod
2412 4658 2674 4715 Hebraice
2705 4659 3121 4718 diciturnassrn
3144 4663 3346 4750 (ιβ’-ι),
3366 4665 3611 4723 Tradunt

2008 4760 2185 4805 autem
2214 4749 2733 4822 llebrtei,quomodo
2756 4754 2806 4808 in
2826 4754 3117 4826 Evangelio
3136 4759 3389 4827 princeps
3414 4758 3611 4814 daemo~

2009 4843 2353 4900 numdicitur
2372 4845 2809 4902 esseBeelzebnb
2852 4847 3073 4915 (Matth.
3100 4852 3197 4921 xu)
3234 4869 3245 4904 :
3293 4852 3361 4905 ita
3391 4852 3606 4923 Resepli

2009 4937 2271 4993 daemonis
2312 4953 2434 4995 esse
2467 4955 2695 5008 nomen,
2718 4940 2810 5011 qui
2844 4941 3202 5014 principatum
3246 4954 3427 5000 teneat
3469 4945 3610 5002 inter

2010 5033 2168 5093 alios.
2200 5042 2255 5088 et
2281 5041 2506 5104 propter
2528 5033 2747 5090 nimiam
2771 5036 3109 5093 velocitatem
3132 5047 3291 5109 atque
3315 5039 3367 5093 in
3395 5038 3610 5095 diversa

2011 5125 2335 5193 discursum,
2356 5128 2470 5181 avis
2492 5138 2544 5183 et
2559 5130 2781 5185 volatile
2800 5141 3167 5201 nuncupetur:
3195 5132 3478 5205 ipsumque
3492 5149 3613 5193 esse

2012 5220 2103 5287 qni
2132 5220 2183 5274 in
2218 5220 2472 5289 paradiso
2494 5221 2595 5275 sub
2622 5221 2794 5293 figura
2822 5224 3092 5294 serpentis
3120 5225 3337 5279 mulieri
3368 5224 3440 5280 sit
3468 5228 3614 5282 locu-

2012 5321 2193 5379 tus,et
2216 5327 2284 5369 ex
2312 5313 2720 5381 maledictiooe,
2750 5330 2852 5386 qna
2883 5331 2911 5369 a
2949 5317 3059 5371 Deo
3083 5317 3475 5374 condemnatus
3505 5329 3611 5389 est,

2011 5408 2289 5477 accepisse
2305 5422 2502 5464 nomen
2532 5426 2544 5462 :
2570 5408 2837 5480 siquidem
2862 5425 3089 5479 asserti,
3114 5422 3324 5482 reptans
3343 5426 3513 5470 ventre
3535 5415 3621 5470 in-

2015 5513 2365 5574 terpretatur.
2386 5506 2499 5560 lloc
2529 5488 2771 5576 estergo
2792 5507 2935 5577 quod
2985 5507 3186 5562 dicitur
3220 5525 3232 5561 :
3262 5510 3447 5563 statim
3489 5526 3611 5566 cum

2015 5599 2229 5655 venerit
2262 5598 2520 5655 Dominus
2556 5598 2688 5654 etin
2725 5598 2965 5658 Jordane
3008 5600 3523 5676 fueritbaptizatus,
3564 5613 3620 5661 ct

2014 5697 2080 5752 ad
2111 5697 2376 5754 columbae
2406 5696 2730 5755 descensum
2762 5712 2874 5755 vox
2920 5697 3096 5755 Patris
3140 5699 3436 5756 intonuerit
3464 5716 3476 5753 :
3511 5699 3615 5755 llic
