  <div class='ocr_page' id='page_1' title='image "/cluster/home/n/w/nwhite01/storage/ocr_20150623/25/hvd.32044015471394/665.png"; bbox 0 0 4028 6342; ppageno 0'>
   <div class='ocr_carea' id='block_1_1' title="bbox 445 263 592 324">
    <p class='ocr_par' dir='ltr' id='par_1_1' title="bbox 445 263 592 324">
     <span class='ocr_line' id='line_1_1' title="bbox 445 263 592 324; baseline -0.027 0"><span class='ocrx_word' id='word_1_1' title='bbox 445 263 592 324; x_wconf 73' lang='grc'><strong>1515</strong></span> 
     </span>
    </p>
   </div>
   <div class='ocr_carea' id='block_1_2' title="bbox 1707 257 2508 326">
    <p class='ocr_par' dir='ltr' id='par_1_2' title="bbox 1707 257 2508 326">
     <span class='ocr_line' id='line_1_2' title="bbox 1707 257 2508 326; baseline -0.007 0"><span class='ocrx_word' id='word_1_2' title='bbox 1707 263 1760 326; x_wconf 76' lang='lat' dir='ltr'><strong>S-</strong></span> <span class='ocrx_word' id='word_1_3' title='bbox 1809 261 2086 324; x_wconf 77' lang='lat' dir='ltr'><strong>EUSEBII</strong></span> <span class='ocrx_word' id='word_1_4' title='bbox 2123 257 2508 322; x_wconf 75' lang='lat' dir='ltr'><strong>HIERONYHI</strong></span> 
     </span>
    </p>
   </div>
   <div class='ocr_carea' id='block_1_3' title="bbox 3609 223 3742 320">
    <p class='ocr_par' dir='ltr' id='par_1_3' title="bbox 3609 223 3742 320">
     <span class='ocr_line' id='line_1_3' title="bbox 3609 223 3742 320; baseline -0.015 0"><span class='ocrx_word' id='word_1_5' title='bbox 3609 223 3742 320; x_wconf 68' lang='lat' dir='ltr'><strong>ista</strong></span> 
     </span>
    </p>
   </div>
   <div class='ocr_carea' id='block_1_4' title="bbox 445 373 3740 457">
    <p class='ocr_par' dir='ltr' id='par_1_4' title="bbox 445 373 3740 457">
     <span class='ocr_line' id='line_1_4' title="bbox 445 373 3740 457; baseline -0.002 -23"><span class='ocrx_word' id='word_1_6' title='bbox 445 393 518 436; x_wconf 82' lang='lat' dir='ltr'><strong>est</strong></span> <span class='ocrx_word' id='word_1_7' title='bbox 541 381 710 436; x_wconf 77' lang='lat' dir='ltr'><strong>Filius</strong></span> <span class='ocrx_word' id='word_1_8' title='bbox 747 397 890 436; x_wconf 81' lang='lat' dir='ltr'><strong>meus</strong></span> <span class='ocrx_word' id='word_1_9' title='bbox 913 381 1154 452; x_wconf 75' lang='lat' dir='ltr'><strong>dilectus,</strong></span> <span class='ocrx_word' id='word_1_10' title='bbox 1177 385 1230 438; x_wconf 83' lang='lat' dir='ltr'><strong>in</strong></span> <span class='ocrx_word' id='word_1_11' title='bbox 1253 399 1354 454; x_wconf 83' lang='lat' dir='ltr'><strong>quo</strong></span> <span class='ocrx_word' id='word_1_12' title='bbox 1377 383 1504 438; x_wconf 81' lang='lat' dir='ltr'><strong>mihi</strong></span> <span class='ocrx_word' id='word_1_13' title='bbox 1523 383 1816 457; x_wconf 81' lang='lat' dir='ltr'><strong>compiacui</strong></span> <span class='ocrx_word' id='word_1_14' title='bbox 1863 381 2042 456; x_wconf 74' lang='lat' dir='ltr'><strong>(Matt.</strong></span> <span class='ocrx_word' id='word_1_15' title='bbox 2079 389 2120 448; x_wconf 70' lang='grc' dir='ltr'>Α</span> <span class='ocrx_word' id='word_1_16' title='bbox 2153 379 2530 436; x_wconf 77' lang='lat' dir='ltr'><strong>dissolvuntur</strong></span> <span class='ocrx_word' id='word_1_17' title='bbox 2565 391 2628 432; x_wconf 86' lang='lat' dir='ltr'><strong>ac</strong></span> <span class='ocrx_word' id='word_1_18' title='bbox 2657 375 2959 434; x_wconf 86' lang='lat' dir='ltr'><strong>tabescunt.</strong></span> <span class='ocrx_word' id='word_1_19' title='bbox 3013 375 3068 434; x_wconf 87' lang='lat' dir='ltr'><strong>Si</strong></span> <span class='ocrx_word' id='word_1_20' title='bbox 3095 374 3224 448; x_wconf 87' lang='lat' dir='ltr'><strong>quid</strong></span> <span class='ocrx_word' id='word_1_21' title='bbox 3253 373 3418 432; x_wconf 80' lang='lat' dir='ltr'><strong>etiam</strong></span> <span class='ocrx_word' id='word_1_22' title='bbox 3463 373 3740 432; x_wconf 78' lang='lat' dir='ltr'><strong>adversum</strong></span> 
     </span>
    </p>
   </div>
   <div class='ocr_carea' id='block_1_5' title="bbox 447 475 2048 548">
    <p class='ocr_par' dir='ltr' id='par_1_5' title="bbox 447 475 2048 548">
     <span class='ocr_line' id='line_1_5' title="bbox 447 475 2048 548; baseline 0.001 -18"><span class='ocrx_word' id='word_1_23' title='bbox 447 491 530 540; x_wconf 87' lang='lat' dir='ltr'><strong>ut,</strong></span> <span class='ocrx_word' id='word_1_24' title='bbox 587 475 698 548; x_wconf 77' lang='grc' dir='ltr'><strong>Π),</strong></span> <span class='ocrx_word' id='word_1_25' title='bbox 723 477 942 532; x_wconf 77' lang='lat' dir='ltr'><strong>exeunti</strong></span> <span class='ocrx_word' id='word_1_26' title='bbox 969 475 1204 548; x_wconf 87' lang='lat' dir='ltr'><strong>deaquis</strong></span> <span class='ocrx_word' id='word_1_27' title='bbox 1229 485 1484 532; x_wconf 74' lang='lat' dir='ltr'><strong>occurret</strong></span> <span class='ocrx_word' id='word_1_28' title='bbox 1513 475 1760 532; x_wconf 78' lang='lat' dir='ltr'><strong>diabolus</strong></span> <span class='ocrx_word' id='word_1_29' title='bbox 1789 493 1806 542; x_wconf 86' lang='lat'><strong>;</strong></span> <span class='ocrx_word' id='word_1_30' title='bbox 1839 485 1892 532; x_wconf 90' lang='lat' dir='ltr'><strong>et</strong></span> <span class='ocrx_word' id='word_1_31' title='bbox 1922 487 2048 532; x_wconf 88' lang='lat' dir='ltr'><strong>ante</strong></span> 
     </span>
    </p>
   </div>
   <div class='ocr_carea' id='block_1_6' title="bbox 447 567 2048 640">
    <p class='ocr_par' dir='ltr' id='par_1_6' title="bbox 447 567 2048 640">
     <span class='ocr_line' id='line_1_6' title="bbox 447 567 2048 640; baseline -0.001 -16"><span class='ocrx_word' id='word_1_32' title='bbox 447 567 616 638; x_wconf 81' lang='lat' dir='ltr'><strong>pedes</strong></span> <span class='ocrx_word' id='word_1_33' title='bbox 635 568 776 624; x_wconf 91' lang='lat' dir='ltr'><strong>illius</strong></span> <span class='ocrx_word' id='word_1_34' title='bbox 791 568 956 624; x_wconf 85' lang='lat' dir='ltr'><strong>stabit</strong></span> <span class='ocrx_word' id='word_1_35' title='bbox 979 583 1145 638; x_wconf 90' lang='lat' dir='ltr'><strong>mors,</strong></span> <span class='ocrx_word' id='word_1_36' title='bbox 1173 577 1228 624; x_wconf 87' lang='lat' dir='ltr'><strong>et</strong></span> <span class='ocrx_word' id='word_1_37' title='bbox 1255 569 1482 626; x_wconf 81' lang='lat' dir='ltr'><strong>coluber</strong></span> <span class='ocrx_word' id='word_1_38' title='bbox 1500 569 1774 640; x_wconf 86' lang='lat' dir='ltr'><strong>antiquus,</strong></span> <span class='ocrx_word' id='word_1_39' title='bbox 1799 569 1888 640; x_wconf 88' lang='lat' dir='ltr'><strong>qui</strong></span> <span class='ocrx_word' id='word_1_40' title='bbox 1913 583 2048 640; x_wconf 86' lang='lat' dir='ltr'><strong>qna-</strong></span> 
     </span>
    </p>
   </div>
   <div class='ocr_carea' id='block_1_7' title="bbox 449 659 2046 730">
    <p class='ocr_par' dir='ltr' id='par_1_7' title="bbox 449 659 2046 730">
     <span class='ocr_line' id='line_1_7' title="bbox 449 659 2046 730; baseline 0 -16"><span class='ocrx_word' id='word_1_41' title='bbox 449 659 696 730; x_wconf 78' lang='lat' dir='ltr'><strong>draginta</strong></span> <span class='ocrx_word' id='word_1_42' title='bbox 736 659 928 718; x_wconf 89' lang='lat' dir='ltr'><strong>diebus</strong></span> <span class='ocrx_word' id='word_1_43' title='bbox 959 662 1178 716; x_wconf 85' lang='lat' dir='ltr'><strong>tentavit</strong></span> <span class='ocrx_word' id='word_1_44' title='bbox 1205 677 1328 718; x_wconf 89' lang='lat' dir='ltr'><strong>eum</strong></span> <span class='ocrx_word' id='word_1_45' title='bbox 1351 663 1404 718; x_wconf 92' lang='lat' dir='ltr'><strong>in</strong></span> <span class='ocrx_word' id='word_1_46' title='bbox 1437 661 1750 718; x_wconf 91' lang='lat' dir='ltr'><strong>solitudine.</strong></span> <span class='ocrx_word' id='word_1_47' title='bbox 1777 661 1834 716; x_wconf 86' lang='lat' dir='ltr'><strong>Si</strong></span> <span class='ocrx_word' id='word_1_48' title='bbox 1865 671 2046 716; x_wconf 86' lang='lat' dir='ltr'><strong>autem</strong></span> 
     </span>
    </p>
   </div>
   <div class='ocr_carea' id='block_1_8' title="bbox 443 753 2046 828">
    <p class='ocr_par' dir='ltr' id='par_1_8' title="bbox 443 753 2046 828">
     <span class='ocr_line' id='line_1_8' title="bbox 443 753 2046 828; baseline 0 -20"><span class='ocrx_word' id='word_1_49' title='bbox 443 753 600 826; x_wconf 81' lang='lat' dir='ltr'><strong>juxta</strong></span> <span class='ocrx_word' id='word_1_50' title='bbox 627 753 772 810; x_wconf 73' lang='lat' dir='ltr'><strong>LXX</strong></span> <span class='ocrx_word' id='word_1_51' title='bbox 815 753 1132 826; x_wconf 74' lang='lat' dir='ltr'><strong>legerimus,</strong></span> <span class='ocrx_word' id='word_1_52' title='bbox 1177 767 1300 810; x_wconf 88' lang='lat' dir='ltr'><strong>ante</strong></span> <span class='ocrx_word' id='word_1_53' title='bbox 1321 756 1509 827; x_wconf 80' lang='lat' dir='ltr'><strong>faciem</strong></span> <span class='ocrx_word' id='word_1_54' title='bbox 1533 759 1648 828; x_wconf 80' lang='lat' dir='ltr'><strong>ejus</strong></span> <span class='ocrx_word' id='word_1_55' title='bbox 1683 755 1773 810; x_wconf 82' lang='lat' dir='ltr'><strong>ibit</strong></span> <span class='ocrx_word' id='word_1_56' title='bbox 1793 754 2002 810; x_wconf 82' lang='lat' dir='ltr'><strong>uerbum</strong></span> <span class='ocrx_word' id='word_1_57' title='bbox 2029 793 2046 820; x_wconf 87' lang='lat'><strong>,</strong></span> 
     </span>
    </p>
   </div>
   <div class='ocr_carea' id='block_1_9' title="bbox 455 847 2048 920">
    <p class='ocr_par' dir='ltr' id='par_1_9' title="bbox 455 847 2048 920">
     <span class='ocr_line' id='line_1_9' title="bbox 455 847 2048 920; baseline -0.003 -18"><span class='ocrx_word' id='word_1_58' title='bbox 455 857 498 902; x_wconf 87' lang='lat' dir='ltr'><strong>et</strong></span> <span class='ocrx_word' id='word_1_59' title='bbox 524 847 822 920; x_wconf 68' lang='lat' dir='ltr'><strong>egredietur</strong></span> <span class='ocrx_word' id='word_1_60' title='bbox 839 849 894 900; x_wconf 84' lang='lat' dir='ltr'><strong>in</strong></span> <span class='ocrx_word' id='word_1_61' title='bbox 917 865 1130 920; x_wconf 76' lang='lat' dir='ltr'><strong>campos</strong></span> <span class='ocrx_word' id='word_1_62' title='bbox 1153 857 1266 918; x_wconf 87' lang='lat' dir='ltr'><strong>post</strong></span> <span class='ocrx_word' id='word_1_63' title='bbox 1291 848 1444 920; x_wconf 75' lang='lat' dir='ltr'><strong>pedes</strong></span> <span class='ocrx_word' id='word_1_64' title='bbox 1467 850 1600 920; x_wconf 86' lang='lat' dir='ltr'><strong>ejus,</strong></span> <span class='ocrx_word' id='word_1_65' title='bbox 1631 847 1734 904; x_wconf 90' lang='lat' dir='ltr'><strong>hoc</strong></span> <span class='ocrx_word' id='word_1_66' title='bbox 1757 847 2048 918; x_wconf 76' lang='lat' dir='ltr'><strong>signiﬁcat,</strong></span> 
     </span>
    </p>
   </div>
   <div class='ocr_carea' id='block_1_10' title="bbox 447 939 2052 1012">
    <p class='ocr_par' dir='ltr' id='par_1_10' title="bbox 447 939 2052 1012">
     <span class='ocr_line' id='line_1_10' title="bbox 447 939 2052 1012; baseline 0.001 -20"><span class='ocrx_word' id='word_1_67' title='bbox 447 939 590 1010; x_wconf 84' lang='lat' dir='ltr'><strong>quod</strong></span> <span class='ocrx_word' id='word_1_68' title='bbox 621 955 804 996; x_wconf 82' lang='lat' dir='ltr'><strong>sermo</strong></span> <span class='ocrx_word' id='word_1_69' title='bbox 835 939 926 998; x_wconf 85' lang='lat' dir='ltr'><strong>Dei</strong></span> <span class='ocrx_word' id='word_1_70' title='bbox 959 951 1088 996; x_wconf 89' lang='lat' dir='ltr'><strong>ante</strong></span> <span class='ocrx_word' id='word_1_71' title='bbox 1108 939 1476 998; x_wconf 72' lang='lat' dir='ltr'><strong>visitationem</strong></span> <span class='ocrx_word' id='word_1_72' title='bbox 1499 941 1638 1012; x_wconf 83' lang='lat' dir='ltr'><strong>ejus,</strong></span> <span class='ocrx_word' id='word_1_73' title='bbox 1669 955 1790 1010; x_wconf 83' lang='lat' dir='ltr'><strong>quae</strong></span> <span class='ocrx_word' id='word_1_74' title='bbox 1809 954 1952 996; x_wconf 90' lang='lat' dir='ltr'><strong>nunc</strong></span> <span class='ocrx_word' id='word_1_75' title='bbox 1973 939 2052 994; x_wconf 88' lang='lat' dir='ltr'><strong>al-</strong></span> 
     </span>
    </p>
   </div>
   <div class='ocr_carea' id='block_1_11' title="bbox 447 1032 2050 1106">
    <p class='ocr_par' dir='ltr' id='par_1_11' title="bbox 447 1032 2050 1106">
     <span class='ocr_line' id='line_1_11' title="bbox 447 1032 2050 1106; baseline -0.001 -18"><span class='ocrx_word' id='word_1_76' title='bbox 447 1032 690 1104; x_wconf 78' lang='lat' dir='ltr'><strong>legorice</strong></span> <span class='ocrx_word' id='word_1_77' title='bbox 713 1035 876 1090; x_wconf 81' lang='lat' dir='ltr'><strong>facies</strong></span> <span class='ocrx_word' id='word_1_78' title='bbox 929 1035 1148 1098; x_wconf 83' lang='lat' dir='ltr'><strong>dicitur.</strong></span> <span class='ocrx_word' id='word_1_79' title='bbox 1183 1035 1454 1106; x_wconf 78' lang='lat' dir='ltr'><strong>praecedat</strong></span> <span class='ocrx_word' id='word_1_80' title='bbox 1487 1044 1539 1092; x_wconf 85' lang='lat' dir='ltr'><strong>et</strong></span> <span class='ocrx_word' id='word_1_81' title='bbox 1583 1041 1848 1106; x_wconf 83' lang='lat' dir='ltr'><strong>praeparet</strong></span> <span class='ocrx_word' id='word_1_82' title='bbox 1885 1033 2050 1090; x_wconf 87' lang='lat' dir='ltr'><strong>corda</strong></span> 
     </span>
    </p>
   </div>
   <div class='ocr_carea' id='block_1_12' title="bbox 443 1127 2046 1200">
    <p class='ocr_par' dir='ltr' id='par_1_12' title="bbox 443 1127 2046 1200">
     <span class='ocr_line' id='line_1_12' title="bbox 443 1127 2046 1200; baseline 0 -18"><span class='ocrx_word' id='word_1_83' title='bbox 443 1127 782 1184; x_wconf 85' lang='lat' dir='ltr'><strong>credentium</strong></span> <span class='ocrx_word' id='word_1_84' title='bbox 816 1143 830 1182; x_wconf 90' lang='lat'><strong>:</strong></span> <span class='ocrx_word' id='word_1_85' title='bbox 866 1135 926 1184; x_wconf 89' lang='lat' dir='ltr'><strong>ut</strong></span> <span class='ocrx_word' id='word_1_86' title='bbox 952 1143 1116 1198; x_wconf 82' lang='lat' dir='ltr'><strong>prava</strong></span> <span class='ocrx_word' id='word_1_87' title='bbox 1143 1129 1196 1184; x_wconf 90' lang='lat' dir='ltr'><strong>in</strong></span> <span class='ocrx_word' id='word_1_88' title='bbox 1225 1137 1454 1200; x_wconf 87' lang='lat' dir='ltr'><strong>rectum,</strong></span> <span class='ocrx_word' id='word_1_89' title='bbox 1481 1137 1536 1184; x_wconf 87' lang='lat' dir='ltr'><strong>et</strong></span> <span class='ocrx_word' id='word_1_90' title='bbox 1573 1127 1861 1198; x_wconf 75' lang='lat' dir='ltr'><strong>inaequalia</strong></span> <span class='ocrx_word' id='word_1_91' title='bbox 1905 1137 2046 1182; x_wconf 86' lang='lat' dir='ltr'><strong>ster-</strong></span> 
     </span>
    </p>
   </div>
   <div class='ocr_carea' id='block_1_13' title="bbox 447 1219 2052 1294">
    <p class='ocr_par' dir='ltr' id='par_1_13' title="bbox 447 1219 2052 1294">
     <span class='ocr_line' id='line_1_13' title="bbox 447 1219 2052 1294; baseline 0.002 -20"><span class='ocrx_word' id='word_1_92' title='bbox 447 1231 540 1276; x_wconf 86' lang='lat' dir='ltr'><strong>nat</strong></span> <span class='ocrx_word' id='word_1_93' title='bbox 572 1219 626 1276; x_wconf 91' lang='lat' dir='ltr'><strong>in</strong></span> <span class='ocrx_word' id='word_1_94' title='bbox 661 1221 923 1291; x_wconf 88' lang='lat' dir='ltr'><strong>planum:</strong></span> <span class='ocrx_word' id='word_1_95' title='bbox 953 1231 1010 1276; x_wconf 86' lang='lat' dir='ltr'><strong>et</strong></span> <span class='ocrx_word' id='word_1_96' title='bbox 1055 1221 1322 1276; x_wconf 81' lang='lat' dir='ltr'><strong>auditoris</strong></span> <span class='ocrx_word' id='word_1_97' title='bbox 1345 1222 1522 1276; x_wconf 89' lang='lat' dir='ltr'><strong>anima</strong></span> <span class='ocrx_word' id='word_1_98' title='bbox 1557 1222 1716 1294; x_wconf 83' lang='lat' dir='ltr'><strong>quasi</strong></span> <span class='ocrx_word' id='word_1_99' title='bbox 1761 1232 2052 1278; x_wconf 86' lang='lat' dir='ltr'><strong>consectus</strong></span> 
     </span>
    </p>
   </div>
   <div class='ocr_carea' id='block_1_14' title="bbox 449 1315 1800 1386">
    <p class='ocr_par' dir='ltr' id='par_1_14' title="bbox 449 1315 1800 1386">
     <span class='ocr_line' id='line_1_14' title="bbox 449 1315 1800 1386; baseline 0.001 -19"><span class='ocrx_word' id='word_1_100' title='bbox 449 1328 604 1384; x_wconf 79' lang='lat' dir='ltr'><strong>ager,</strong></span> <span class='ocrx_word' id='word_1_101' title='bbox 639 1325 940 1370; x_wconf 88' lang='lat' dir='ltr'><strong>sementetu</strong></span> <span class='ocrx_word' id='word_1_102' title='bbox 961 1315 1134 1385; x_wconf 87' lang='lat' dir='ltr'><strong>possit</strong></span> <span class='ocrx_word' id='word_1_103' title='bbox 1161 1315 1404 1386; x_wconf 82' lang='lat' dir='ltr'><strong>recipere</strong></span> <span class='ocrx_word' id='word_1_104' title='bbox 1435 1315 1800 1384; x_wconf 83' lang='lat' dir='ltr'><strong>spiritualem.</strong></span> 
     </span>
    </p>
   </div>
   <div class='ocr_carea' id='block_1_15' title="bbox 519 1405 2052 1478">
    <p class='ocr_par' dir='ltr' id='par_1_15' title="bbox 519 1405 2052 1478">
     <span class='ocr_line' id='line_1_15' title="bbox 519 1405 2052 1478; baseline 0.001 -16"><span class='ocrx_word' id='word_1_105' title='bbox 519 1405 700 1468; x_wconf 84' lang='lat' dir='ltr'><strong>(Vers.</strong></span> <span class='ocrx_word' id='word_1_106' title='bbox 715 1409 794 1476; x_wconf 87' lang='grc'><strong>6.)</strong></span> <span class='ocrx_word' id='word_1_107' title='bbox 821 1409 994 1475; x_wconf 78' lang='lat' dir='ltr'><strong>Stetit,</strong></span> <span class='ocrx_word' id='word_1_108' title='bbox 1019 1417 1068 1463; x_wconf 89' lang='lat' dir='ltr'><strong>et</strong></span> <span class='ocrx_word' id='word_1_109' title='bbox 1091 1425 1296 1464; x_wconf 82' lang='lat' dir='ltr'><strong>mensus</strong></span> <span class='ocrx_word' id='word_1_110' title='bbox 1321 1419 1396 1464; x_wconf 78' lang='lat' dir='ltr'><strong>est</strong></span> <span class='ocrx_word' id='word_1_111' title='bbox 1419 1419 1606 1464; x_wconf 82' lang='lat' dir='ltr'><strong>terram</strong></span> <span class='ocrx_word' id='word_1_112' title='bbox 1624 1409 2052 1478; x_wconf 78' lang='lat' dir='ltr'><strong>:aspearit,etdis-</strong></span> 
     </span>
    </p>
   </div>
   <div class='ocr_carea' id='block_1_16' title="bbox 447 1499 2052 1574">
    <p class='ocr_par' dir='ltr' id='par_1_16' title="bbox 447 1499 2052 1574">
     <span class='ocr_line' id='line_1_16' title="bbox 447 1499 2052 1574; baseline 0.002 -20"><span class='ocrx_word' id='word_1_113' title='bbox 447 1499 600 1556; x_wconf 79' lang='lat' dir='ltr'><strong>solvit</strong></span> <span class='ocrx_word' id='word_1_114' title='bbox 621 1509 826 1574; x_wconf 79' lang='lat' dir='ltr'><strong>gentes,</strong></span> <span class='ocrx_word' id='word_1_115' title='bbox 851 1511 896 1556; x_wconf 78' lang='lat' dir='ltr'><strong>rt</strong></span> <span class='ocrx_word' id='word_1_116' title='bbox 923 1503 1132 1556; x_wconf 79' lang='lat' dir='ltr'><strong>contriti</strong></span> <span class='ocrx_word' id='word_1_117' title='bbox 1159 1511 1280 1556; x_wconf 86' lang='lat' dir='ltr'><strong>sunt</strong></span> <span class='ocrx_word' id='word_1_118' title='bbox 1311 1512 1506 1558; x_wconf 78' lang='lat' dir='ltr'><strong>montes</strong></span> <span class='ocrx_word' id='word_1_119' title='bbox 1541 1503 1720 1558; x_wconf 67' lang='lat' dir='ltr'><strong>saeculi</strong></span> <span class='ocrx_word' id='word_1_120' title='bbox 1751 1519 1770 1558; x_wconf 92' lang='lat'><strong><em>:</em></strong></span> <span class='ocrx_word' id='word_1_121' title='bbox 1797 1503 2052 1558; x_wconf 83' lang='lat' dir='ltr'><strong>incuruati</strong></span> 
     </span>
    </p>
   </div>
   <div class='ocr_carea' id='block_1_17' title="bbox 445 1591 2048 1668">
    <p class='ocr_par' dir='ltr' id='par_1_17' title="bbox 445 1591 2048 1668">
     <span class='ocr_line' id='line_1_17' title="bbox 445 1591 2048 1668; baseline 0.001 -20"><span class='ocrx_word' id='word_1_122' title='bbox 445 1605 564 1648; x_wconf 80' lang='lat' dir='ltr'><strong>sunt</strong></span> <span class='ocrx_word' id='word_1_123' title='bbox 583 1593 738 1650; x_wconf 86' lang='lat' dir='ltr'><strong>colles</strong></span> <span class='ocrx_word' id='word_1_124' title='bbox 779 1595 982 1660; x_wconf 84' lang='lat' dir='ltr'><strong>mundi,</strong></span> <span class='ocrx_word' id='word_1_125' title='bbox 1006 1597 1067 1648; x_wconf 82' lang='lat' dir='ltr'><strong>ob</strong></span> <span class='ocrx_word' id='word_1_126' title='bbox 1095 1597 1358 1652; x_wconf 72' lang='lat' dir='ltr'><strong>itineribus</strong></span> <span class='ocrx_word' id='word_1_127' title='bbox 1379 1597 1682 1652; x_wconf 63' lang='lat' dir='ltr'><strong>aeternitatis</strong></span> <span class='ocrx_word' id='word_1_128' title='bbox 1703 1597 1836 1668; x_wconf 80' lang='lat' dir='ltr'><strong>ejus.</strong></span> <span class='ocrx_word' id='word_1_129' title='bbox 1869 1597 2012 1652; x_wconf 78' lang='lat' dir='ltr'><strong>LXX</strong></span> <span class='ocrx_word' id='word_1_130' title='bbox 2037 1591 2048 1650; x_wconf 70' lang='grc' dir='ltr'><em>ἐ</em></span> 
     </span>
    </p>
   </div>
   <div class='ocr_carea' id='block_1_18' title="bbox 449 1687 2052 1764">
    <p class='ocr_par' dir='ltr' id='par_1_18' title="bbox 449 1687 2052 1764">
     <span class='ocr_line' id='line_1_18' title="bbox 449 1687 2052 1764; baseline 0.001 -21"><span class='ocrx_word' id='word_1_131' title='bbox 449 1687 680 1752; x_wconf 84' lang='lat' dir='ltr'><strong>Stetit,et</strong></span> <span class='ocrx_word' id='word_1_132' title='bbox 699 1699 952 1744; x_wconf 84' lang='lat' dir='ltr'><strong>commota</strong></span> <span class='ocrx_word' id='word_1_133' title='bbox 963 1699 1034 1742; x_wconf 87' lang='lat' dir='ltr'><strong>cst</strong></span> <span class='ocrx_word' id='word_1_134' title='bbox 1056 1699 1192 1744; x_wconf 83' lang='lat' dir='ltr'><strong>terra</strong></span> <span class='ocrx_word' id='word_1_135' title='bbox 1207 1706 1226 1744; x_wconf 91' lang='lat'><em>:</em></span> <span class='ocrx_word' id='word_1_136' title='bbox 1239 1693 1436 1764; x_wconf 66' lang='lat' dir='ltr'><strong>aspexit</strong></span> <span class='ocrx_word' id='word_1_137' title='bbox 1463 1691 1576 1764; x_wconf 74' lang='lat' dir='ltr'><strong>[AL</strong></span> <span class='ocrx_word' id='word_1_138' title='bbox 1595 1691 1864 1764; x_wconf 70' lang='lat' dir='ltr'><strong>respexit},</strong></span> <span class='ocrx_word' id='word_1_139' title='bbox 1885 1703 1931 1746; x_wconf 88' lang='lat' dir='ltr'><strong>et</strong></span> <span class='ocrx_word' id='word_1_140' title='bbox 1953 1691 2052 1744; x_wconf 80' lang='lat' dir='ltr'><strong>(iis-</strong></span> 
     </span>
    </p>
   </div>
   <div class='ocr_carea' id='block_1_19' title="bbox 2153 471 3742 538">
    <p class='ocr_par' dir='ltr' id='par_1_19' title="bbox 2153 471 3742 538">
     <span class='ocr_line' id='line_1_19' title="bbox 2153 471 3742 538; baseline -0.004 -8"><span class='ocrx_word' id='word_1_141' title='bbox 2153 473 2442 530; x_wconf 86' lang='lat' dir='ltr'><strong>scientiam</strong></span> <span class='ocrx_word' id='word_1_142' title='bbox 2499 471 2596 528; x_wconf 81' lang='lat' dir='ltr'><strong>Dei</strong></span> <span class='ocrx_word' id='word_1_143' title='bbox 2649 485 2710 528; x_wconf 89' lang='lat' dir='ltr'><strong>se</strong></span> <span class='ocrx_word' id='word_1_144' title='bbox 2751 471 3090 527; x_wconf 79' lang='lat' dir='ltr'><strong>exaltaverat</strong></span> <span class='ocrx_word' id='word_1_145' title='bbox 3137 471 3190 526; x_wconf 89' lang='lat' dir='ltr'><strong>in</strong></span> <span class='ocrx_word' id='word_1_146' title='bbox 3217 475 3388 538; x_wconf 85' lang='lat' dir='ltr'><strong>terra,</strong></span> <span class='ocrx_word' id='word_1_147' title='bbox 3429 479 3486 526; x_wconf 87' lang='lat' dir='ltr'><strong>et</strong></span> <span class='ocrx_word' id='word_1_148' title='bbox 3535 485 3742 524; x_wconf 87' lang='lat' dir='ltr'><strong>sensmn</strong></span> 
     </span>
    </p>
   </div>
   <div class='ocr_carea' id='block_1_20' title="bbox 2151 563 3742 637">
    <p class='ocr_par' dir='ltr' id='par_1_20' title="bbox 2151 563 3742 637">
     <span class='ocr_line' id='line_1_20' title="bbox 2151 563 3742 637; baseline -0.003 -13"><span class='ocrx_word' id='word_1_149' title='bbox 2151 577 2516 637; x_wconf 80' lang='lat' dir='ltr'><strong>occupaverat</strong></span> <span class='ocrx_word' id='word_1_150' title='bbox 2563 565 2864 632; x_wconf 82' lang='lat' dir='ltr'><strong>audientis.</strong></span> <span class='ocrx_word' id='word_1_151' title='bbox 2913 565 3020 622; x_wconf 85' lang='lat' dir='ltr'><strong>hoc</strong></span> <span class='ocrx_word' id='word_1_152' title='bbox 3079 563 3424 636; x_wconf 78' lang='lat' dir='ltr'><strong>praecedente</strong></span> <span class='ocrx_word' id='word_1_153' title='bbox 3475 579 3742 634; x_wconf 83' lang='lat' dir='ltr'><strong>sermone,</strong></span> 
     </span>
    </p>
   </div>
   <div class='ocr_carea' id='block_1_21' title="bbox 2157 657 3746 730">
    <p class='ocr_par' dir='ltr' id='par_1_21' title="bbox 2157 657 3746 730">
     <span class='ocr_line' id='line_1_21' title="bbox 2157 657 3746 730; baseline -0.001 -16"><span class='ocrx_word' id='word_1_154' title='bbox 2157 671 2178 698; x_wconf 76' lang='grc' dir='ltr'><strong>ο</strong></span> <span class='ocrx_word' id='word_1_155' title='bbox 2213 669 2270 716; x_wconf 85' lang='lat' dir='ltr'><strong>et</strong></span> <span class='ocrx_word' id='word_1_156' title='bbox 2313 659 2550 716; x_wconf 87' lang='lat' dir='ltr'><strong>adventu</strong></span> <span class='ocrx_word' id='word_1_157' title='bbox 2607 659 2734 726; x_wconf 83' lang='lat' dir='ltr'><strong>Dei,</strong></span> <span class='ocrx_word' id='word_1_158' title='bbox 2787 657 3160 730; x_wconf 75' lang='lat' dir='ltr'><strong>confringctur</strong></span> <span class='ocrx_word' id='word_1_159' title='bbox 3205 665 3368 730; x_wconf 87' lang='lat' dir='ltr'><strong>atque</strong></span> <span class='ocrx_word' id='word_1_160' title='bbox 3423 667 3746 714; x_wconf 84' lang='lat' dir='ltr'><strong>conteretur.</strong></span> 
     </span>
    </p>
   </div>
   <div class='ocr_carea' id='block_1_22' title="bbox 2153 751 3747 823">
    <p class='ocr_par' dir='ltr' id='par_1_22' title="bbox 2153 751 3747 823">
     <span class='ocr_line' id='line_1_22' title="bbox 2153 751 3747 823; baseline -0.001 -15"><span class='ocrx_word' id='word_1_161' title='bbox 2153 753 2426 810; x_wconf 84' lang='lat' dir='ltr'><strong>Montibus</strong></span> <span class='ocrx_word' id='word_1_162' title='bbox 2473 761 2652 810; x_wconf 87' lang='lat' dir='ltr'><strong>autem</strong></span> <span class='ocrx_word' id='word_1_163' title='bbox 2699 753 2991 809; x_wconf 78' lang='lat' dir='ltr'><strong>confractis</strong></span> <span class='ocrx_word' id='word_1_164' title='bbox 3031 754 3396 823; x_wconf 88' lang='lat' dir='ltr'><strong>contritisque</strong></span> <span class='ocrx_word' id='word_1_165' title='bbox 3439 751 3506 808; x_wconf 86' lang='lat' dir='ltr'><strong>ad</strong></span> <span class='ocrx_word' id='word_1_166' title='bbox 3563 765 3747 822; x_wconf 83' lang='lat' dir='ltr'><strong>aspec-</strong></span> 
     </span>
    </p>
   </div>
   <div class='ocr_carea' id='block_1_23' title="bbox 2155 845 3752 918">
    <p class='ocr_par' dir='ltr' id='par_1_23' title="bbox 2155 845 3752 918">
     <span class='ocr_line' id='line_1_23' title="bbox 2155 845 3752 918; baseline -0.002 -17"><span class='ocrx_word' id='word_1_167' title='bbox 2155 855 2268 914; x_wconf 86' lang='lat' dir='ltr'><strong>tum</strong></span> <span class='ocrx_word' id='word_1_168' title='bbox 2323 847 2446 912; x_wconf 85' lang='lat' dir='ltr'><strong>Dei,</strong></span> <span class='ocrx_word' id='word_1_169' title='bbox 2498 847 2670 904; x_wconf 83' lang='lat' dir='ltr'><strong>colles</strong></span> <span class='ocrx_word' id='word_1_170' title='bbox 2699 845 2904 918; x_wconf 87' lang='lat' dir='ltr'><strong>liquido</strong></span> <span class='ocrx_word' id='word_1_171' title='bbox 2949 855 3358 912; x_wconf 88' lang='lat' dir='ltr'><strong>consumentur,</strong></span> <span class='ocrx_word' id='word_1_172' title='bbox 3401 855 3458 900; x_wconf 90' lang='lat' dir='ltr'><strong>et</strong></span> <span class='ocrx_word' id='word_1_173' title='bbox 3507 845 3752 917; x_wconf 72' lang='lat' dir='ltr'><strong>redigen-</strong></span> 
     </span>
    </p>
   </div>
   <div class='ocr_carea' id='block_1_24' title="bbox 2161 931 3754 1008">
    <p class='ocr_par' dir='ltr' id='par_1_24' title="bbox 2161 931 3754 1008">
     <span class='ocr_line' id='line_1_24' title="bbox 2161 931 3754 1008; baseline 0 -14"><span class='ocrx_word' id='word_1_174' title='bbox 2161 947 2248 996; x_wconf 85' lang='lat' dir='ltr'><strong>tur</strong></span> <span class='ocrx_word' id='word_1_175' title='bbox 2308 939 2376 996; x_wconf 87' lang='lat' dir='ltr'><strong>ad</strong></span> <span class='ocrx_word' id='word_1_176' title='bbox 2435 939 2688 1008; x_wconf 86' lang='lat' dir='ltr'><strong>nihilum.</strong></span> <span class='ocrx_word' id='word_1_177' title='bbox 2747 941 2862 996; x_wconf 82' lang='lat' dir='ltr'><strong>Non</strong></span> <span class='ocrx_word' id='word_1_178' title='bbox 2915 941 3058 996; x_wconf 88' lang='lat' dir='ltr'><strong>enim</strong></span> <span class='ocrx_word' id='word_1_179' title='bbox 3107 951 3234 996; x_wconf 90' lang='lat' dir='ltr'><strong>sunt</strong></span> <span class='ocrx_word' id='word_1_180' title='bbox 3270 947 3485 996; x_wconf 89' lang='lat' dir='ltr'><strong>montes</strong></span> <span class='ocrx_word' id='word_1_181' title='bbox 3511 931 3754 1002; x_wconf 83' lang='lat' dir='ltr'><strong>Dei,sed</strong></span> 
     </span>
    </p>
   </div>
   <div class='ocr_carea' id='block_1_25' title="bbox 2155 1031 3750 1106">
    <p class='ocr_par' dir='ltr' id='par_1_25' title="bbox 2155 1031 3750 1106">
     <span class='ocr_line' id='line_1_25' title="bbox 2155 1031 3750 1106; baseline -0.001 -16"><span class='ocrx_word' id='word_1_182' title='bbox 2155 1043 2368 1090; x_wconf 86' lang='lat' dir='ltr'><strong>montes</strong></span> <span class='ocrx_word' id='word_1_183' title='bbox 2399 1035 2603 1090; x_wconf 78' lang='lat' dir='ltr'><strong>sarculi.</strong></span> <span class='ocrx_word' id='word_1_184' title='bbox 2649 1033 3050 1106; x_wconf 86' lang='lat' dir='ltr'><strong>Sempiternum</strong></span> <span class='ocrx_word' id='word_1_185' title='bbox 3085 1035 3230 1092; x_wconf 89' lang='lat' dir='ltr'><strong>enim</strong></span> <span class='ocrx_word' id='word_1_186' title='bbox 3255 1037 3356 1090; x_wconf 84' lang='lat' dir='ltr'><strong>iter</strong></span> <span class='ocrx_word' id='word_1_187' title='bbox 3401 1033 3497 1090; x_wconf 87' lang='lat' dir='ltr'><strong>Dei</strong></span> <span class='ocrx_word' id='word_1_188' title='bbox 3523 1031 3550 1070; x_wconf 71' lang='grc' dir='ltr'>ά</span> <span class='ocrx_word' id='word_1_189' title='bbox 3581 1035 3750 1102; x_wconf 66' lang='lat' dir='ltr'><strong>restri-</strong></span> 
     </span>
    </p>
   </div>
   <div class='ocr_carea' id='block_1_26' title="bbox 2153 1127 3752 1200">
    <p class='ocr_par' dir='ltr' id='par_1_26' title="bbox 2153 1127 3752 1200">
     <span class='ocr_line' id='line_1_26' title="bbox 2153 1127 3752 1200; baseline -0.001 -18"><span class='ocrx_word' id='word_1_190' title='bbox 2153 1128 2306 1184; x_wconf 89' lang='lat' dir='ltr'><strong>ciens</strong></span> <span class='ocrx_word' id='word_1_191' title='bbox 2333 1127 2398 1182; x_wconf 89' lang='lat' dir='ltr'><strong>ad</strong></span> <span class='ocrx_word' id='word_1_192' title='bbox 2430 1141 2496 1186; x_wconf 91' lang='lat' dir='ltr'><strong>ea</strong></span> <span class='ocrx_word' id='word_1_193' title='bbox 2517 1143 2638 1199; x_wconf 77' lang='lat' dir='ltr'><strong>quae</strong></span> <span class='ocrx_word' id='word_1_194' title='bbox 2669 1143 2798 1184; x_wconf 88' lang='lat' dir='ltr'><strong>suus</strong></span> <span class='ocrx_word' id='word_1_195' title='bbox 2827 1143 3006 1184; x_wconf 87' lang='lat' dir='ltr'><strong>sermo</strong></span> <span class='ocrx_word' id='word_1_196' title='bbox 3037 1127 3318 1200; x_wconf 86' lang='lat' dir='ltr'><strong>praecedit,</strong></span> <span class='ocrx_word' id='word_1_197' title='bbox 3345 1137 3398 1184; x_wconf 91' lang='lat' dir='ltr'><strong>et</strong></span> <span class='ocrx_word' id='word_1_198' title='bbox 3422 1127 3619 1183; x_wconf 82' lang='lat' dir='ltr'><strong>iortius</strong></span> <span class='ocrx_word' id='word_1_199' title='bbox 3643 1127 3752 1184; x_wconf 88' lang='lat' dir='ltr'><strong>col-</strong></span> 
     </span>
    </p>
   </div>
   <div class='ocr_carea' id='block_1_27' title="bbox 2153 1222 3754 1296">
    <p class='ocr_par' dir='ltr' id='par_1_27' title="bbox 2153 1222 3754 1296">
     <span class='ocr_line' id='line_1_27' title="bbox 2153 1222 3754 1296; baseline 0 -18"><span class='ocrx_word' id='word_1_200' title='bbox 2153 1223 2296 1278; x_wconf 86' lang='lat' dir='ltr'><strong>libus</strong></span> <span class='ocrx_word' id='word_1_201' title='bbox 2317 1222 2526 1292; x_wconf 82' lang='lat' dir='ltr'><strong>saeculi,</strong></span> <span class='ocrx_word' id='word_1_202' title='bbox 2557 1233 2842 1296; x_wconf 82' lang='lat' dir='ltr'><strong>consumet</strong></span> <span class='ocrx_word' id='word_1_203' title='bbox 2893 1231 2948 1280; x_wconf 87' lang='lat' dir='ltr'><strong>et</strong></span> <span class='ocrx_word' id='word_1_204' title='bbox 2975 1223 3222 1280; x_wconf 83' lang='lat' dir='ltr'><strong>destruet</strong></span> <span class='ocrx_word' id='word_1_205' title='bbox 3249 1239 3366 1280; x_wconf 89' lang='lat' dir='ltr'><strong>eos.</strong></span> <span class='ocrx_word' id='word_1_206' title='bbox 3397 1223 3636 1280; x_wconf 84' lang='lat' dir='ltr'><strong>Possunt</strong></span> <span class='ocrx_word' id='word_1_207' title='bbox 3663 1237 3754 1278; x_wconf 82' lang='lat' dir='ltr'><strong>au-</strong></span> 
     </span>
    </p>
   </div>
   <div class='ocr_carea' id='block_1_28' title="bbox 2155 1315 3756 1390">
    <p class='ocr_par' dir='ltr' id='par_1_28' title="bbox 2155 1315 3756 1390">
     <span class='ocr_line' id='line_1_28' title="bbox 2155 1315 3756 1390; baseline -0.001 -20"><span class='ocrx_word' id='word_1_208' title='bbox 2155 1325 2262 1372; x_wconf 89' lang='lat' dir='ltr'><strong>tem</strong></span> <span class='ocrx_word' id='word_1_209' title='bbox 2293 1325 2508 1372; x_wconf 89' lang='lat' dir='ltr'><strong>montes</strong></span> <span class='ocrx_word' id='word_1_210' title='bbox 2529 1323 2584 1372; x_wconf 87' lang='lat' dir='ltr'><strong>ct</strong></span> <span class='ocrx_word' id='word_1_211' title='bbox 2612 1315 2776 1390; x_wconf 66' lang='lat'><strong>643</strong></span> <span class='ocrx_word' id='word_1_212' title='bbox 2805 1315 3082 1372; x_wconf 76' lang='lat' dir='ltr'><strong>daemones</strong></span> <span class='ocrx_word' id='word_1_213' title='bbox 3111 1315 3364 1388; x_wconf 77' lang='lat' dir='ltr'><strong>intelligi,</strong></span> <span class='ocrx_word' id='word_1_214' title='bbox 3405 1317 3496 1386; x_wconf 89' lang='lat' dir='ltr'><strong>qui</strong></span> <span class='ocrx_word' id='word_1_215' title='bbox 3537 1331 3756 1372; x_wconf 80' lang='lat' dir='ltr'><strong>versan-</strong></span> 
     </span>
    </p>
   </div>
   <div class='ocr_carea' id='block_1_29' title="bbox 2157 1409 3754 1486">
    <p class='ocr_par' dir='ltr' id='par_1_29' title="bbox 2157 1409 3754 1486">
     <span class='ocr_line' id='line_1_29' title="bbox 2157 1409 3754 1486; baseline -0.001 -22"><span class='ocrx_word' id='word_1_216' title='bbox 2157 1417 2242 1466; x_wconf 88' lang='lat' dir='ltr'><strong>tur</strong></span> <span class='ocrx_word' id='word_1_217' title='bbox 2275 1410 2328 1466; x_wconf 91' lang='lat' dir='ltr'><strong>in</strong></span> <span class='ocrx_word' id='word_1_218' title='bbox 2351 1409 2646 1478; x_wconf 67' lang='lat' dir='ltr'><strong>haereticis,</strong></span> <span class='ocrx_word' id='word_1_219' title='bbox 2687 1421 2740 1466; x_wconf 89' lang='lat' dir='ltr'><strong>et</strong></span> <span class='ocrx_word' id='word_1_220' title='bbox 2771 1411 2986 1486; x_wconf 85' lang='lat' dir='ltr'><strong>elevant</strong></span> <span class='ocrx_word' id='word_1_221' title='bbox 3009 1425 3072 1466; x_wconf 92' lang='lat' dir='ltr'><strong>se</strong></span> <span class='ocrx_word' id='word_1_222' title='bbox 3099 1417 3286 1466; x_wconf 89' lang='lat' dir='ltr'><strong>contra</strong></span> <span class='ocrx_word' id='word_1_223' title='bbox 3315 1409 3606 1466; x_wconf 88' lang='lat' dir='ltr'><strong>scientiam</strong></span> <span class='ocrx_word' id='word_1_224' title='bbox 3635 1409 3754 1464; x_wconf 88' lang='lat' dir='ltr'><strong>Dei:</strong></span> 
     </span>
    </p>
   </div>
   <div class='ocr_carea' id='block_1_30' title="bbox 2156 1501 3758 1576">
    <p class='ocr_par' dir='ltr' id='par_1_30' title="bbox 2156 1501 3758 1576">
     <span class='ocr_line' id='line_1_30' title="bbox 2156 1501 3758 1576; baseline -0.005 -14"><span class='ocrx_word' id='word_1_225' title='bbox 2156 1505 2326 1562; x_wconf 89' lang='lat' dir='ltr'><strong>colles</strong></span> <span class='ocrx_word' id='word_1_226' title='bbox 2349 1520 2564 1576; x_wconf 85' lang='lat' dir='ltr'><strong>quoque</strong></span> <span class='ocrx_word' id='word_1_227' title='bbox 2601 1505 2728 1562; x_wconf 69' lang='lat' dir='ltr'><strong>alia:</strong></span> <span class='ocrx_word' id='word_1_228' title='bbox 2761 1505 3070 1560; x_wconf 83' lang='lat' dir='ltr'><strong>daemonum</strong></span> <span class='ocrx_word' id='word_1_229' title='bbox 3101 1501 3472 1570; x_wconf 82' lang='lat' dir='ltr'><strong>fortitudines,</strong></span> <span class='ocrx_word' id='word_1_230' title='bbox 3511 1517 3636 1574; x_wconf 74' lang='lat' dir='ltr'><strong>quae</strong></span> <span class='ocrx_word' id='word_1_231' title='bbox 3683 1503 3758 1556; x_wconf 81' lang='lat' dir='ltr'><strong>ia-</strong></span> 
     </span>
    </p>
   </div>
   <div class='ocr_carea' id='block_1_31' title="bbox 2155 1597 3756 1670">
    <p class='ocr_par' dir='ltr' id='par_1_31' title="bbox 2155 1597 3756 1670">
     <span class='ocr_line' id='line_1_31' title="bbox 2155 1597 3756 1670; baseline -0.004 -14"><span class='ocrx_word' id='word_1_232' title='bbox 2155 1603 2306 1656; x_wconf 87' lang='lat' dir='ltr'><strong>ciunt</strong></span> <span class='ocrx_word' id='word_1_233' title='bbox 2331 1601 2580 1656; x_wconf 84' lang='lat' dir='ltr'><strong>homines</strong></span> <span class='ocrx_word' id='word_1_234' title='bbox 2600 1615 2894 1670; x_wconf 85' lang='lat' dir='ltr'><strong>corporum</strong></span> <span class='ocrx_word' id='word_1_235' title='bbox 2929 1597 3414 1670; x_wconf 82' lang='lat' dir='ltr'><strong>pulchritudinem,</strong></span> <span class='ocrx_word' id='word_1_236' title='bbox 3441 1597 3756 1668; x_wconf 78' lang='lat' dir='ltr'><strong>dignitates,</strong></span> 
     </span>
    </p>
   </div>
   <div class='ocr_carea' id='block_1_32' title="bbox 2156 1689 3760 1766">
    <p class='ocr_par' dir='ltr' id='par_1_32' title="bbox 2156 1689 3760 1766">
     <span class='ocr_line' id='line_1_32' title="bbox 2156 1689 3760 1766; baseline -0.001 -18"><span class='ocrx_word' id='word_1_237' title='bbox 2156 1695 2392 1756; x_wconf 85' lang='lat' dir='ltr'><strong>divitias,</strong></span> <span class='ocrx_word' id='word_1_238' title='bbox 2431 1693 2768 1748; x_wconf 81' lang='lat' dir='ltr'><strong>nobilitatem</strong></span> <span class='ocrx_word' id='word_1_239' title='bbox 2790 1693 3030 1766; x_wconf 74' lang='lat' dir='ltr'><strong>generis,</strong></span> <span class='ocrx_word' id='word_1_240' title='bbox 3065 1702 3376 1762; x_wconf 82' lang='lat' dir='ltr'><strong>caeteraque</strong></span> <span class='ocrx_word' id='word_1_241' title='bbox 3405 1689 3590 1746; x_wconf 80' lang='lat' dir='ltr'><strong>mundi</strong></span> <span class='ocrx_word' id='word_1_242' title='bbox 3625 1693 3760 1746; x_wconf 83' lang='lat' dir='ltr'><strong>bona</strong></span> 
     </span>
    </p>
   </div>
   <div class='ocr_carea' id='block_1_33' title="bbox 447 1781 3758 1858">
    <p class='ocr_par' dir='ltr' id='par_1_33' title="bbox 447 1781 3758 1858">
     <span class='ocr_line' id='line_1_33' title="bbox 447 1781 3758 1858; baseline 0.002 -24"><span class='ocrx_word' id='word_1_243' title='bbox 447 1781 722 1838; x_wconf 85' lang='lat' dir='ltr'><strong>tabuerunt</strong></span> <span class='ocrx_word' id='word_1_244' title='bbox 749 1793 922 1856; x_wconf 78' lang='lat' dir='ltr'><strong>gentes</strong></span> <span class='ocrx_word' id='word_1_245' title='bbox 947 1801 966 1838; x_wconf 91' lang='lat'><em>:</em></span> <span class='ocrx_word' id='word_1_246' title='bbox 985 1787 1190 1840; x_wconf 83' lang='lat' dir='ltr'><strong>contriti</strong></span> <span class='ocrx_word' id='word_1_247' title='bbox 1207 1795 1324 1840; x_wconf 83' lang='lat' dir='ltr'><strong>sunt</strong></span> <span class='ocrx_word' id='word_1_248' title='bbox 1351 1795 1548 1842; x_wconf 78' lang='lat' dir='ltr'><strong>utentes</strong></span> <span class='ocrx_word' id='word_1_249' title='bbox 1569 1787 1812 1842; x_wconf 84' lang='lat' dir='ltr'><strong>violentia</strong></span> <span class='ocrx_word' id='word_1_250' title='bbox 1839 1804 1856 1842; x_wconf 93' lang='lat'><em>:</em></span> <span class='ocrx_word' id='word_1_251' title='bbox 1879 1787 2054 1843; x_wconf 85' lang='lat' dir='ltr'><strong>tubuc-</strong></span> <span class='ocrx_word' id='word_1_252' title='bbox 2083 1787 2132 1850; x_wconf 89' lang='lat' dir='ltr'><strong>B</strong></span> <span class='ocrx_word' id='word_1_253' title='bbox 2159 1789 2438 1844; x_wconf 86' lang='lat' dir='ltr'><strong>admirari.</strong></span> <span class='ocrx_word' id='word_1_254' title='bbox 2473 1789 2622 1844; x_wconf 85' lang='lat' dir='ltr'><strong>Licet</strong></span> <span class='ocrx_word' id='word_1_255' title='bbox 2653 1789 2840 1844; x_wconf 82' lang='lat' dir='ltr'><strong>videre</strong></span> <span class='ocrx_word' id='word_1_256' title='bbox 2873 1797 2988 1858; x_wconf 89' lang='lat' dir='ltr'><strong>post</strong></span> <span class='ocrx_word' id='word_1_257' title='bbox 3015 1787 3306 1844; x_wconf 75' lang='lat' dir='ltr'><strong>adventum</strong></span> <span class='ocrx_word' id='word_1_258' title='bbox 3331 1785 3604 1842; x_wconf 85' lang='lat' dir='ltr'><strong>sermonis</strong></span> <span class='ocrx_word' id='word_1_259' title='bbox 3633 1787 3758 1854; x_wconf 85' lang='lat' dir='ltr'><strong>Dei,</strong></span> 
     </span>
    </p>
   </div>
   <div class='ocr_carea' id='block_1_34' title="bbox 445 1875 2051 1954">
    <p class='ocr_par' dir='ltr' id='par_1_34' title="bbox 445 1875 2051 1954">
     <span class='ocr_line' id='line_1_34' title="bbox 445 1875 2051 1954; baseline 0.005 -26"><span class='ocrx_word' id='word_1_260' title='bbox 445 1887 570 1930; x_wconf 83' lang='lat' dir='ltr'><strong>runt</strong></span> <span class='ocrx_word' id='word_1_261' title='bbox 592 1879 746 1932; x_wconf 79' lang='lat' dir='ltr'><strong>colles</strong></span> <span class='ocrx_word' id='word_1_262' title='bbox 777 1875 956 1933; x_wconf 68' lang='grc' dir='ltr'><strong>δαισαῑὶ</strong></span> <span class='ocrx_word' id='word_1_263' title='bbox 995 1879 1194 1932; x_wconf 79' lang='lat' dir='ltr'><strong>itineris</strong></span> <span class='ocrx_word' id='word_1_264' title='bbox 1229 1881 1528 1948; x_wconf 78' lang='lat' dir='ltr'><strong>sempiterni</strong></span> <span class='ocrx_word' id='word_1_265' title='bbox 1555 1884 1688 1954; x_wconf 84' lang='lat' dir='ltr'><strong>ejus.</strong></span> <span class='ocrx_word' id='word_1_266' title='bbox 1719 1879 1884 1938; x_wconf 83' lang='lat' dir='ltr'><strong>Stans</strong></span> <span class='ocrx_word' id='word_1_267' title='bbox 1933 1881 2051 1938; x_wconf 84' lang='lat' dir='ltr'><strong>Sal-</strong></span> 
     </span>
    </p>
   </div>
   <div class='ocr_carea' id='block_1_35' title="bbox 443 1973 2056 2042">
    <p class='ocr_par' dir='ltr' id='par_1_35' title="bbox 443 1973 2056 2042">
     <span class='ocr_line' id='line_1_35' title="bbox 443 1973 2056 2042; baseline 0.002 -18"><span class='ocrx_word' id='word_1_268' title='bbox 443 1977 602 2024; x_wconf 80' lang='lat' dir='ltr'><strong>vator</strong></span> <span class='ocrx_word' id='word_1_269' title='bbox 623 1977 678 2025; x_wconf 92' lang='lat' dir='ltr'><strong>et</strong></span> <span class='ocrx_word' id='word_1_270' title='bbox 703 1983 896 2024; x_wconf 89' lang='lat' dir='ltr'><strong>cuncta</strong></span> <span class='ocrx_word' id='word_1_271' title='bbox 931 1973 1296 2042; x_wconf 68' lang='lat' dir='ltr'><strong>perspiciens,</strong></span> <span class='ocrx_word' id='word_1_272' title='bbox 1325 1979 1380 2026; x_wconf 87' lang='lat' dir='ltr'><strong>et</strong></span> <span class='ocrx_word' id='word_1_273' title='bbox 1403 1973 1560 2028; x_wconf 86' lang='lat' dir='ltr'><strong>oculo</strong></span> <span class='ocrx_word' id='word_1_274' title='bbox 1591 1989 1690 2028; x_wconf 92' lang='lat' dir='ltr'><strong>suo</strong></span> <span class='ocrx_word' id='word_1_275' title='bbox 1730 1973 2056 2030; x_wconf 77' lang='lat' dir='ltr'><strong>universita-</strong></span> 
     </span>
    </p>
   </div>
   <div class='ocr_carea' id='block_1_36' title="bbox 450 2065 2054 2138">
    <p class='ocr_par' dir='ltr' id='par_1_36' title="bbox 450 2065 2054 2138">
     <span class='ocr_line' id='line_1_36' title="bbox 450 2065 2054 2138; baseline 0.002 -20"><span class='ocrx_word' id='word_1_276' title='bbox 450 2073 558 2118; x_wconf 86' lang='lat' dir='ltr'><strong>tem</strong></span> <span class='ocrx_word' id='word_1_277' title='bbox 593 2065 778 2120; x_wconf 87' lang='lat' dir='ltr'><strong>ntundi</strong></span> <span class='ocrx_word' id='word_1_278' title='bbox 805 2065 1060 2134; x_wconf 86' lang='lat' dir='ltr'><strong>metiens,</strong></span> <span class='ocrx_word' id='word_1_279' title='bbox 1095 2067 1334 2136; x_wconf 79' lang='lat' dir='ltr'><strong>gentium</strong></span> <span class='ocrx_word' id='word_1_280' title='bbox 1367 2067 1770 2122; x_wconf 84' lang='lat' dir='ltr'><strong>multitudinem</strong></span> <span class='ocrx_word' id='word_1_281' title='bbox 1812 2067 2054 2138; x_wconf 70' lang='lat' dir='ltr'><strong>dissipa-</strong></span> 
     </span>
    </p>
   </div>
   <div class='ocr_carea' id='block_1_37' title="bbox 449 2157 2050 2228">
    <p class='ocr_par' dir='ltr' id='par_1_37' title="bbox 449 2157 2050 2228">
     <span class='ocr_line' id='line_1_37' title="bbox 449 2157 2050 2228; baseline 0.004 -20"><span class='ocrx_word' id='word_1_282' title='bbox 449 2157 526 2210; x_wconf 86' lang='lat' dir='ltr'><strong>vit</strong></span> <span class='ocrx_word' id='word_1_283' title='bbox 553 2174 566 2210; x_wconf 90' lang='lat'><strong>:</strong></span> <span class='ocrx_word' id='word_1_284' title='bbox 592 2157 786 2228; x_wconf 82' lang='lat' dir='ltr'><strong>quibus</strong></span> <span class='ocrx_word' id='word_1_285' title='bbox 815 2157 1098 2226; x_wconf 82' lang='lat' dir='ltr'><strong>dissipatis</strong></span> <span class='ocrx_word' id='word_1_286' title='bbox 1123 2167 1178 2213; x_wconf 88' lang='lat' dir='ltr'><strong>et</strong></span> <span class='ocrx_word' id='word_1_287' title='bbox 1199 2159 1486 2214; x_wconf 86' lang='lat' dir='ltr'><strong>dissolutis</strong></span> <span class='ocrx_word' id='word_1_288' title='bbox 1499 2159 1720 2216; x_wconf 88' lang='lat' dir='ltr'><strong>contriti</strong></span> <span class='ocrx_word' id='word_1_289' title='bbox 1745 2171 1866 2216; x_wconf 85' lang='lat' dir='ltr'><strong>sunt</strong></span> <span class='ocrx_word' id='word_1_290' title='bbox 1899 2177 2050 2218; x_wconf 88' lang='lat' dir='ltr'><strong>mon-</strong></span> 
     </span>
    </p>
   </div>
   <div class='ocr_carea' id='block_1_38' title="bbox 449 2249 2058 2324">
    <p class='ocr_par' dir='ltr' id='par_1_38' title="bbox 449 2249 2058 2324">
     <span class='ocr_line' id='line_1_38' title="bbox 449 2249 2058 2324; baseline 0.005 -20"><span class='ocrx_word' id='word_1_291' title='bbox 449 2257 530 2306; x_wconf 86' lang='lat' dir='ltr'><strong>tes</strong></span> <span class='ocrx_word' id='word_1_292' title='bbox 561 2249 720 2322; x_wconf 86' lang='lat' dir='ltr'><strong>hujus</strong></span> <span class='ocrx_word' id='word_1_293' title='bbox 757 2252 966 2314; x_wconf 82' lang='lat' dir='ltr'><strong>saeculi,</strong></span> <span class='ocrx_word' id='word_1_294' title='bbox 999 2263 1052 2308; x_wconf 90' lang='lat' dir='ltr'><strong>et</strong></span> <span class='ocrx_word' id='word_1_295' title='bbox 1083 2253 1350 2308; x_wconf 79' lang='lat' dir='ltr'><strong>incnrvati</strong></span> <span class='ocrx_word' id='word_1_296' title='bbox 1373 2265 1498 2308; x_wconf 88' lang='lat' dir='ltr'><strong>sunt</strong></span> <span class='ocrx_word' id='word_1_297' title='bbox 1519 2255 1690 2310; x_wconf 87' lang='lat' dir='ltr'><strong>colles</strong></span> <span class='ocrx_word' id='word_1_298' title='bbox 1717 2255 1877 2324; x_wconf 82' lang='lat' dir='ltr'><strong>hujus</strong></span> <span class='ocrx_word' id='word_1_299' title='bbox 1899 2271 2058 2312; x_wconf 85' lang='lat' dir='ltr'><strong>mttu-</strong></span> 
     </span>
    </p>
   </div>
   <div class='ocr_carea' id='block_1_39' title="bbox 451 2343 2056 2422">
    <p class='ocr_par' dir='ltr' id='par_1_39' title="bbox 451 2343 2056 2422">
     <span class='ocr_line' id='line_1_39' title="bbox 451 2343 2056 2422; baseline 0.004 -24"><span class='ocrx_word' id='word_1_300' title='bbox 451 2343 526 2398; x_wconf 90' lang='lat' dir='ltr'><strong>di.</strong></span> <span class='ocrx_word' id='word_1_301' title='bbox 553 2343 694 2398; x_wconf 89' lang='lat' dir='ltr'><strong>Snnt</strong></span> <span class='ocrx_word' id='word_1_302' title='bbox 719 2343 866 2400; x_wconf 89' lang='lat' dir='ltr'><strong>enim</strong></span> <span class='ocrx_word' id='word_1_303' title='bbox 889 2354 946 2400; x_wconf 91' lang='lat' dir='ltr'><strong>et</strong></span> <span class='ocrx_word' id='word_1_304' title='bbox 975 2347 1070 2400; x_wconf 89' lang='lat' dir='ltr'><strong>alii</strong></span> <span class='ocrx_word' id='word_1_305' title='bbox 1105 2356 1318 2404; x_wconf 82' lang='lat' dir='ltr'><strong>montes</strong></span> <span class='ocrx_word' id='word_1_306' title='bbox 1351 2357 1406 2404; x_wconf 88' lang='lat' dir='ltr'><strong>et</strong></span> <span class='ocrx_word' id='word_1_307' title='bbox 1449 2350 1640 2414; x_wconf 88' lang='lat' dir='ltr'><strong>colles,</strong></span> <span class='ocrx_word' id='word_1_308' title='bbox 1673 2365 1810 2422; x_wconf 89' lang='lat' dir='ltr'><strong>quos</strong></span> <span class='ocrx_word' id='word_1_309' title='bbox 1847 2350 1972 2406; x_wconf 81' lang='lat' dir='ltr'><strong>salit</strong></span> <span class='ocrx_word' id='word_1_310' title='bbox 1999 2359 2056 2408; x_wconf 89' lang='lat' dir='ltr'><strong>et</strong></span> 
     </span>
    </p>
   </div>
   <div class='ocr_carea' id='block_1_40' title="bbox 455 2437 2052 2514">
    <p class='ocr_par' dir='ltr' id='par_1_40' title="bbox 455 2437 2052 2514">
     <span class='ocr_line' id='line_1_40' title="bbox 455 2437 2052 2514; baseline 0.003 -22"><span class='ocrx_word' id='word_1_311' title='bbox 455 2437 946 2508; x_wconf 78' lang='lat' dir='ltr'><strong>transilitsponsus</strong></span> <span class='ocrx_word' id='word_1_312' title='bbox 975 2437 1030 2494; x_wconf 89' lang='lat' dir='ltr'><strong>in</strong></span> <span class='ocrx_word' id='word_1_313' title='bbox 1072 2439 1296 2494; x_wconf 73' lang='lat' dir='ltr'><strong>Cantica</strong></span> <span class='ocrx_word' id='word_1_314' title='bbox 1321 2439 1482 2512; x_wconf 71' lang='grc'><strong>642</strong></span> <span class='ocrx_word' id='word_1_315' title='bbox 1523 2445 1856 2498; x_wconf 82' lang='lat' dir='ltr'><strong>canticorum</strong></span> <span class='ocrx_word' id='word_1_316' title='bbox 1899 2441 2052 2514; x_wconf 86' lang='lat' dir='ltr'><strong>(Cap.</strong></span> 
     </span>
    </p>
   </div>
   <div class='ocr_carea' id='block_1_41' title="bbox 451 2535 2052 2610">
    <p class='ocr_par' dir='ltr' id='par_1_41' title="bbox 451 2535 2052 2610">
     <span class='ocr_line' id='line_1_41' title="bbox 451 2535 2052 2610; baseline 0.001 -18"><span class='ocrx_word' id='word_1_317' title='bbox 451 2535 534 2608; x_wconf 74' lang='lat'><strong>‘2),</strong></span> <span class='ocrx_word' id='word_1_318' title='bbox 559 2537 626 2592; x_wconf 89' lang='lat' dir='ltr'><strong>de</strong></span> <span class='ocrx_word' id='word_1_319' title='bbox 657 2537 850 2608; x_wconf 82' lang='lat' dir='ltr'><strong>quibus</strong></span> <span class='ocrx_word' id='word_1_320' title='bbox 873 2547 928 2593; x_wconf 82' lang='lat' dir='ltr'><strong>et</strong></span> <span class='ocrx_word' id='word_1_321' title='bbox 957 2539 1008 2592; x_wconf 87' lang='lat' dir='ltr'><strong>in</strong></span> <span class='ocrx_word' id='word_1_322' title='bbox 1037 2538 1276 2594; x_wconf 89' lang='lat' dir='ltr'><strong>secundo</strong></span> <span class='ocrx_word' id='word_1_323' title='bbox 1297 2541 1558 2610; x_wconf 72' lang='lat' dir='ltr'><strong>graduum</strong></span> <span class='ocrx_word' id='word_1_324' title='bbox 1585 2539 1790 2608; x_wconf 87' lang='lat' dir='ltr'><strong>psalmo</strong></span> <span class='ocrx_word' id='word_1_325' title='bbox 1813 2539 2011 2594; x_wconf 89' lang='lat' dir='ltr'><strong>dicitur</strong></span> <span class='ocrx_word' id='word_1_326' title='bbox 2039 2557 2052 2593; x_wconf 90' lang='lat'><strong>:</strong></span> 
     </span>
    </p>
   </div>
   <div class='ocr_carea' id='block_1_42' title="bbox 451 2631 2058 2698">
    <p class='ocr_par' dir='ltr' id='par_1_42' title="bbox 451 2631 2058 2698">
     <span class='ocr_line' id='line_1_42' title="bbox 451 2631 2058 2698; baseline 0 -12"><span class='ocrx_word' id='word_1_327' title='bbox 451 2631 638 2686; x_wconf 73' lang='lat' dir='ltr'><strong>Levavi</strong></span> <span class='ocrx_word' id='word_1_328' title='bbox 661 2633 837 2686; x_wconf 83' lang='lat' dir='ltr'><strong>oculos</strong></span> <span class='ocrx_word' id='word_1_329' title='bbox 864 2647 1002 2684; x_wconf 82' lang='lat' dir='ltr'><strong>meos</strong></span> <span class='ocrx_word' id='word_1_330' title='bbox 1021 2633 1072 2684; x_wconf 87' lang='lat' dir='ltr'><strong>in</strong></span> <span class='ocrx_word' id='word_1_331' title='bbox 1085 2643 1306 2698; x_wconf 83' lang='lat' dir='ltr'><strong>montes,</strong></span> <span class='ocrx_word' id='word_1_332' title='bbox 1329 2633 1467 2688; x_wconf 83' lang='lat' dir='ltr'><strong>unde</strong></span> <span class='ocrx_word' id='word_1_333' title='bbox 1485 2635 1644 2686; x_wconf 83' lang='lat' dir='ltr'><strong>veniet</strong></span> <span class='ocrx_word' id='word_1_334' title='bbox 1661 2633 1914 2686; x_wconf 74' lang='lat' dir='ltr'><strong>auaritiam</strong></span> <span class='ocrx_word' id='word_1_335' title='bbox 1931 2631 2058 2686; x_wconf 83' lang='lat' dir='ltr'><strong>mihi</strong></span> 
     </span>
    </p>
   </div>
   <div class='ocr_carea' id='block_1_43' title="bbox 451 2723 2058 2798">
    <p class='ocr_par' dir='ltr' id='par_1_43' title="bbox 451 2723 2058 2798">
     <span class='ocr_line' id='line_1_43' title="bbox 451 2723 2058 2798; baseline 0.002 -19"><span class='ocrx_word' id='word_1_336' title='bbox 451 2725 628 2796; x_wconf 78' lang='lat' dir='ltr'><strong>(Psat.</strong></span> <span class='ocrx_word' id='word_1_337' title='bbox 661 2741 788 2792; x_wconf 76' lang='lat' dir='ltr'><strong>cxx,</strong></span> <span class='ocrx_word' id='word_1_338' title='bbox 831 2723 905 2798; x_wconf 80' lang='lat' dir='ltr'><strong>i).</strong></span> <span class='ocrx_word' id='word_1_339' title='bbox 935 2725 1140 2782; x_wconf 77' lang='lat' dir='ltr'><strong>Montes</strong></span> <span class='ocrx_word' id='word_1_340' title='bbox 1171 2735 1352 2782; x_wconf 83' lang='lat' dir='ltr'><strong>autem</strong></span> <span class='ocrx_word' id='word_1_341' title='bbox 1377 2727 1560 2782; x_wconf 73' lang='lat' dir='ltr'><strong>saeculi</strong></span> <span class='ocrx_word' id='word_1_342' title='bbox 1591 2727 1692 2798; x_wconf 89' lang='lat' dir='ltr'><strong>ipsi</strong></span> <span class='ocrx_word' id='word_1_343' title='bbox 1724 2737 1850 2782; x_wconf 88' lang='lat' dir='ltr'><strong>sunt</strong></span> <span class='ocrx_word' id='word_1_344' title='bbox 1881 2728 1968 2796; x_wconf 90' lang='lat' dir='ltr'><strong>qui</strong></span> <span class='ocrx_word' id='word_1_345' title='bbox 2003 2735 2058 2782; x_wconf 90' lang='lat' dir='ltr'><strong>et</strong></span> 
     </span>
    </p>
   </div>
   <div class='ocr_carea' id='block_1_44' title="bbox 451 2821 2056 2894">
    <p class='ocr_par' dir='ltr' id='par_1_44' title="bbox 451 2821 2056 2894">
     <span class='ocr_line' id='line_1_44' title="bbox 451 2821 2056 2894; baseline -0.002 -16"><span class='ocrx_word' id='word_1_346' title='bbox 451 2829 668 2878; x_wconf 83' lang='lat' dir='ltr'><strong>mentes</strong></span> <span class='ocrx_word' id='word_1_347' title='bbox 697 2821 1000 2890; x_wconf 78' lang='lat' dir='ltr'><strong>tenebrosi,</strong></span> <span class='ocrx_word' id='word_1_348' title='bbox 1029 2821 1098 2878; x_wconf 89' lang='lat' dir='ltr'><strong>de</strong></span> <span class='ocrx_word' id='word_1_349' title='bbox 1127 2823 1322 2894; x_wconf 88' lang='lat' dir='ltr'><strong>quibus</strong></span> <span class='ocrx_word' id='word_1_350' title='bbox 1349 2821 1614 2878; x_wconf 86' lang='lat' dir='ltr'><strong>Jeremias</strong></span> <span class='ocrx_word' id='word_1_351' title='bbox 1643 2821 1894 2892; x_wconf 75' lang='lat' dir='ltr'><strong>praecepit</strong></span> <span class='ocrx_word' id='word_1_352' title='bbox 1929 2865 1942 2888; x_wconf 94' lang='lat'><strong>,</strong></span> <span class='ocrx_word' id='word_1_353' title='bbox 1991 2837 2056 2874; x_wconf 89' lang='lat' dir='ltr'><strong>ne</strong></span> 
     </span>
    </p>
   </div>
   <div class='ocr_carea' id='block_1_45' title="bbox 451 2913 2058 2988">
    <p class='ocr_par' dir='ltr' id='par_1_45' title="bbox 451 2913 2058 2988">
     <span class='ocr_line' id='line_1_45' title="bbox 451 2913 2058 2988; baseline 0 -18"><span class='ocrx_word' id='word_1_354' title='bbox 451 2915 820 2988; x_wconf 76' lang='lat' dir='ltr'><strong>impinguntnr</strong></span> <span class='ocrx_word' id='word_1_355' title='bbox 843 2917 1008 2986; x_wconf 82' lang='lat' dir='ltr'><strong>pedes</strong></span> <span class='ocrx_word' id='word_1_356' title='bbox 1039 2917 1204 2972; x_wconf 88' lang='lat' dir='ltr'><strong>nostri</strong></span> <span class='ocrx_word' id='word_1_357' title='bbox 1237 2931 1402 2986; x_wconf 86' lang='lat' dir='ltr'><strong>super</strong></span> <span class='ocrx_word' id='word_1_358' title='bbox 1417 2931 1512 2972; x_wconf 86' lang='lat' dir='ltr'><strong>eos</strong></span> <span class='ocrx_word' id='word_1_359' title='bbox 1529 2915 1936 2987; x_wconf 60' lang='lat' dir='ltr'><strong>(Jrreunxxxt).</strong></span> <span class='ocrx_word' id='word_1_360' title='bbox 1961 2913 2058 2970; x_wconf 87' lang='lat' dir='ltr'><strong>isti</strong></span> 
     </span>
    </p>
   </div>
   <div class='ocr_carea' id='block_1_46' title="bbox 453 3009 2058 3080">
    <p class='ocr_par' dir='ltr' id='par_1_46' title="bbox 453 3009 2058 3080">
     <span class='ocr_line' id='line_1_46' title="bbox 453 3009 2058 3080; baseline -0.002 -14"><span class='ocrx_word' id='word_1_361' title='bbox 453 3019 582 3066; x_wconf 89' lang='lat' dir='ltr'><strong>sunt</strong></span> <span class='ocrx_word' id='word_1_362' title='bbox 603 3010 840 3066; x_wconf 87' lang='lat' dir='ltr'><strong>collesin</strong></span> <span class='ocrx_word' id='word_1_363' title='bbox 863 3011 1058 3080; x_wconf 89' lang='lat' dir='ltr'><strong>quibus</strong></span> <span class='ocrx_word' id='word_1_364' title='bbox 1071 3009 1330 3080; x_wconf 82' lang='lat' dir='ltr'><strong>regnabat</strong></span> <span class='ocrx_word' id='word_1_365' title='bbox 1347 3009 1382 3064; x_wconf 87' lang='lat' dir='ltr'>S</span> <span class='ocrx_word' id='word_1_366' title='bbox 1403 3009 1498 3078; x_wconf 74' lang='lat' dir='ltr'><strong>tul,</strong></span> <span class='ocrx_word' id='word_1_367' title='bbox 1521 3009 1738 3080; x_wconf 82' lang='lat' dir='ltr'><strong>quando</strong></span> <span class='ocrx_word' id='word_1_368' title='bbox 1763 3009 2058 3062; x_wconf 80' lang='lat' dir='ltr'><strong>interﬁcie-</strong></span> 
     </span>
    </p>
   </div>
   <div class='ocr_carea' id='block_1_47' title="bbox 453 3100 2058 3174">
    <p class='ocr_par' dir='ltr' id='par_1_47' title="bbox 453 3100 2058 3174">
     <span class='ocr_line' id='line_1_47' title="bbox 453 3100 2058 3174; baseline -0.002 -16"><span class='ocrx_word' id='word_1_369' title='bbox 453 3103 874 3160; x_wconf 76' lang='lat' dir='ltr'><strong>batsacerdotes</strong></span> <span class='ocrx_word' id='word_1_370' title='bbox 899 3105 990 3162; x_wconf 69' lang='lat' dir='ltr'><strong>Dei</strong></span> <span class='ocrx_word' id='word_1_371' title='bbox 1017 3103 1062 3174; x_wconf 92' lang='grc' dir='ltr'><strong>(ῐ</strong></span> <span class='ocrx_word' id='word_1_372' title='bbox 1097 3101 1222 3174; x_wconf 76' lang='lat' dir='ltr'><strong>Reg.</strong></span> <span class='ocrx_word' id='word_1_373' title='bbox 1257 3103 1389 3172; x_wconf 63' lang='grc' dir='ltr'><strong>χχιι)</strong></span> <span class='ocrx_word' id='word_1_374' title='bbox 1423 3101 1642 3157; x_wconf 85' lang='lat' dir='ltr'><strong>:Gabaa</strong></span> <span class='ocrx_word' id='word_1_375' title='bbox 1665 3100 1864 3172; x_wconf 85' lang='lat' dir='ltr'><strong>quippe</strong></span> <span class='ocrx_word' id='word_1_376' title='bbox 1911 3101 2058 3155; x_wconf 81' lang='lat' dir='ltr'><strong>collis</strong></span> 
     </span>
    </p>
   </div>
   <div class='ocr_carea' id='block_1_48' title="bbox 2157 1879 3760 1954">
    <p class='ocr_par' dir='ltr' id='par_1_48' title="bbox 2157 1879 3760 1954">
     <span class='ocr_line' id='line_1_48' title="bbox 2157 1879 3760 1954; baseline -0.001 -18"><span class='ocrx_word' id='word_1_377' title='bbox 2157 1893 2210 1936; x_wconf 85' lang='lat' dir='ltr'><strong>et</strong></span> <span class='ocrx_word' id='word_1_378' title='bbox 2243 1883 2336 1938; x_wconf 88' lang='lat' dir='ltr'><strong>Dci</strong></span> <span class='ocrx_word' id='word_1_379' title='bbox 2363 1883 2539 1938; x_wconf 70' lang='lat' dir='ltr'><strong>Patris</strong></span> <span class='ocrx_word' id='word_1_380' title='bbox 2571 1883 2940 1954; x_wconf 68' lang='lat' dir='ltr'><strong>praesentiam,</strong></span> <span class='ocrx_word' id='word_1_381' title='bbox 2967 1881 3240 1951; x_wconf 88' lang='lat' dir='ltr'><strong>quomodo</strong></span> <span class='ocrx_word' id='word_1_382' title='bbox 3281 1879 3532 1936; x_wconf 77' lang='lat' dir='ltr'><strong>humanae</strong></span> <span class='ocrx_word' id='word_1_383' title='bbox 3565 1880 3760 1934; x_wconf 80' lang='lat' dir='ltr'><strong>animae</strong></span> 
     </span>
    </p>
   </div>
   <div class='ocr_carea' id='block_1_49' title="bbox 2156 1973 3762 2044">
    <p class='ocr_par' dir='ltr' id='par_1_49' title="bbox 2156 1973 3762 2044">
     <span class='ocr_line' id='line_1_49' title="bbox 2156 1973 3762 2044; baseline -0.001 -14"><span class='ocrx_word' id='word_1_384' title='bbox 2156 1983 2622 2038; x_wconf 63' lang='lat' dir='ltr'><strong>commoveantur,</strong></span> <span class='ocrx_word' id='word_1_385' title='bbox 2653 1983 2706 2028; x_wconf 84' lang='lat' dir='ltr'><strong>ct</strong></span> <span class='ocrx_word' id='word_1_386' title='bbox 2747 1989 2908 2030; x_wconf 89' lang='lat' dir='ltr'><strong>omne</strong></span> <span class='ocrx_word' id='word_1_387' title='bbox 2937 1973 3082 2044; x_wconf 90' lang='lat' dir='ltr'><strong>quod</strong></span> <span class='ocrx_word' id='word_1_388' title='bbox 3117 1983 3394 2030; x_wconf 89' lang='lat' dir='ltr'><strong>terrenum</strong></span> <span class='ocrx_word' id='word_1_389' title='bbox 3435 1983 3539 2037; x_wconf 85' lang='lat' dir='ltr'><strong>est,</strong></span> <span class='ocrx_word' id='word_1_390' title='bbox 3569 1973 3762 2028; x_wconf 82' lang='lat' dir='ltr'><strong>dissol-</strong></span> 
     </span>
    </p>
   </div>
   <div class='ocr_carea' id='block_1_50' title="bbox 2161 2051 3764 2142">
    <p class='ocr_par' dir='ltr' id='par_1_50' title="bbox 2161 2051 3764 2142">
     <span class='ocr_line' id='line_1_50' title="bbox 2161 2051 3764 2142; baseline 0.001 -18"><span class='ocrx_word' id='word_1_391' title='bbox 2161 2077 2350 2134; x_wconf 87' lang='lat' dir='ltr'><strong>vatur,</strong></span> <span class='ocrx_word' id='word_1_392' title='bbox 2399 2077 2454 2124; x_wconf 84' lang='lat' dir='ltr'><strong>et</strong></span> <span class='ocrx_word' id='word_1_393' title='bbox 2499 2069 2854 2142; x_wconf 81' lang='lat' dir='ltr'><strong>cogitationes</strong></span> <span class='ocrx_word' id='word_1_394' title='bbox 2883 2068 3128 2140; x_wconf 84' lang='lat' dir='ltr'><strong>pristinae</strong></span> <span class='ocrx_word' id='word_1_395' title='bbox 3155 2051 3476 2142; x_wconf 77' lang='lat' dir='ltr'><strong>redigantur</strong></span> <span class='ocrx_word' id='word_1_396' title='bbox 3507 2069 3578 2126; x_wconf 88' lang='lat' dir='ltr'><strong>ad</strong></span> <span class='ocrx_word' id='word_1_397' title='bbox 3627 2069 3764 2126; x_wconf 87' lang='lat' dir='ltr'><strong>nihi-</strong></span> 
     </span>
    </p>
   </div>
   <div class='ocr_carea' id='block_1_51' title="bbox 2159 2149 3761 2226">
    <p class='ocr_par' dir='ltr' id='par_1_51' title="bbox 2159 2149 3761 2226">
     <span class='ocr_line' id='line_1_51' title="bbox 2159 2149 3761 2226; baseline 0.001 -10"><span class='ocrx_word' id='word_1_398' title='bbox 2159 2161 2292 2216; x_wconf 89' lang='lat' dir='ltr'><strong>lum.</strong></span> <span class='ocrx_word' id='word_1_399' title='bbox 2323 2161 2476 2216; x_wconf 84' lang='lat' dir='ltr'><strong>Tunc</strong></span> <span class='ocrx_word' id='word_1_400' title='bbox 2507 2161 2859 2218; x_wconf 82' lang='lat' dir='ltr'><strong>destrttttnlur</strong></span> <span class='ocrx_word' id='word_1_401' title='bbox 2881 2161 3182 2226; x_wconf 77' lang='lat' dir='ltr'><strong>daemones,</strong></span> <span class='ocrx_word' id='word_1_402' title='bbox 3219 2172 3342 2218; x_wconf 93' lang='lat' dir='ltr'><strong>tunc</strong></span> <span class='ocrx_word' id='word_1_403' title='bbox 3359 2149 3550 2222; x_wconf 70' lang='lat' dir='ltr'><strong>saeculi</strong></span> <span class='ocrx_word' id='word_1_404' title='bbox 3579 2165 3761 2220; x_wconf 84' lang='lat' dir='ltr'><strong>altitu-</strong></span> 
     </span>
    </p>
   </div>
   <div class='ocr_carea' id='block_1_52' title="bbox 2157 2241 3764 2322">
    <p class='ocr_par' dir='ltr' id='par_1_52' title="bbox 2157 2241 3764 2322">
     <span class='ocr_line' id='line_1_52' title="bbox 2157 2241 3764 2322; baseline 0.002 -13"><span class='ocrx_word' id='word_1_405' title='bbox 2157 2255 2314 2309; x_wconf 88' lang='lat' dir='ltr'><strong>dines</strong></span> <span class='ocrx_word' id='word_1_406' title='bbox 2345 2255 2410 2308; x_wconf 87' lang='lat' dir='ltr'><strong>ad</strong></span> <span class='ocrx_word' id='word_1_407' title='bbox 2459 2253 2686 2310; x_wconf 89' lang='lat' dir='ltr'><strong>nihilum</strong></span> <span class='ocrx_word' id='word_1_408' title='bbox 2717 2255 3084 2322; x_wconf 87' lang='lat' dir='ltr'><strong>deducuntur,</strong></span> <span class='ocrx_word' id='word_1_409' title='bbox 3117 2265 3172 2310; x_wconf 86' lang='lat' dir='ltr'><strong>et</strong></span> <span class='ocrx_word' id='word_1_410' title='bbox 3197 2266 3218 2294; x_wconf 70' lang='grc' dir='ltr'>θ</span> <span class='ocrx_word' id='word_1_411' title='bbox 3249 2241 3446 2312; x_wconf 79' lang='lat' dir='ltr'><strong>omnis</strong></span> <span class='ocrx_word' id='word_1_412' title='bbox 3477 2259 3764 2312; x_wconf 84' lang='lat' dir='ltr'><strong>haeretico-</strong></span> 
     </span>
    </p>
   </div>
   <div class='ocr_carea' id='block_1_53' title="bbox 2159 2335 3764 2420">
    <p class='ocr_par' dir='ltr' id='par_1_53' title="bbox 2159 2335 3764 2420">
     <span class='ocr_line' id='line_1_53' title="bbox 2159 2335 3764 2420; baseline 0.001 -18"><span class='ocrx_word' id='word_1_413' title='bbox 2159 2365 2278 2402; x_wconf 90' lang='lat' dir='ltr'><strong>rum</strong></span> <span class='ocrx_word' id='word_1_414' title='bbox 2305 2351 2690 2420; x_wconf 80' lang='lat' dir='ltr'><strong>scientia,qn:n</strong></span> <span class='ocrx_word' id='word_1_415' title='bbox 2711 2351 2942 2418; x_wconf 81' lang='lat' dir='ltr'><strong>primum</strong></span> <span class='ocrx_word' id='word_1_416' title='bbox 2967 2350 3232 2414; x_wconf 79' lang='lat' dir='ltr'><strong>tumebat,</strong></span> <span class='ocrx_word' id='word_1_417' title='bbox 3267 2349 3331 2406; x_wconf 90' lang='lat' dir='ltr'><strong>ad</strong></span> <span class='ocrx_word' id='word_1_418' title='bbox 3365 2335 3460 2406; x_wconf 76' lang='lat' dir='ltr'><strong>Dei</strong></span> <span class='ocrx_word' id='word_1_419' title='bbox 3489 2349 3764 2406; x_wconf 85' lang='lat' dir='ltr'><strong>sermonis</strong></span> 
     </span>
    </p>
   </div>
   <div class='ocr_carea' id='block_1_54' title="bbox 2159 2441 3766 2516">
    <p class='ocr_par' dir='ltr' id='par_1_54' title="bbox 2159 2441 3766 2516">
     <span class='ocr_line' id='line_1_54' title="bbox 2159 2441 3766 2516; baseline 0.003 -20"><span class='ocrx_word' id='word_1_420' title='bbox 2159 2441 2446 2500; x_wconf 85' lang='lat' dir='ltr'><strong>adventum</strong></span> <span class='ocrx_word' id='word_1_421' title='bbox 2463 2443 3294 2516; x_wconf 60' lang='lat' dir='ltr'><strong>ltumiliatur,coutcritt‘tratqnc</strong></span> <span class='ocrx_word' id='word_1_422' title='bbox 3309 2447 3558 2500; x_wconf 86' lang='lat' dir='ltr'><strong>consumi</strong></span> <span class='ocrx_word' id='word_1_423' title='bbox 3573 2457 3682 2500; x_wconf 88' lang='lat' dir='ltr'><strong>tur.</strong></span> <span class='ocrx_word' id='word_1_424' title='bbox 3703 2445 3766 2501; x_wconf 82' lang='lat' dir='ltr'><strong>Et</strong></span> 
     </span>
    </p>
   </div>
   <div class='ocr_carea' id='block_1_55' title="bbox 2160 2535 3764 2608">
    <p class='ocr_par' dir='ltr' id='par_1_55' title="bbox 2160 2535 3764 2608">
     <span class='ocr_line' id='line_1_55' title="bbox 2160 2535 3764 2608; baseline 0.004 -20"><span class='ocrx_word' id='word_1_425' title='bbox 2160 2537 2300 2606; x_wconf 83' lang='lat' dir='ltr'><strong>quod</strong></span> <span class='ocrx_word' id='word_1_426' title='bbox 2321 2537 2466 2606; x_wconf 86' lang='lat' dir='ltr'><strong>prius</strong></span> <span class='ocrx_word' id='word_1_427' title='bbox 2485 2536 2772 2606; x_wconf 85' lang='lat' dir='ltr'><strong>pulchrum</strong></span> <span class='ocrx_word' id='word_1_428' title='bbox 2785 2545 2934 2592; x_wconf 87' lang='lat' dir='ltr'><strong>etma</strong></span> <span class='ocrx_word' id='word_1_429' title='bbox 2945 2537 3150 2592; x_wconf 80' lang='lat' dir='ltr'><strong>ximum</strong></span> <span class='ocrx_word' id='word_1_430' title='bbox 3167 2535 3474 2604; x_wconf 85' lang='lat' dir='ltr'><strong>videbatur,</strong></span> <span class='ocrx_word' id='word_1_431' title='bbox 3493 2541 3652 2608; x_wconf 88' lang='lat' dir='ltr'><strong>quasi</strong></span> <span class='ocrx_word' id='word_1_432' title='bbox 3673 2539 3764 2594; x_wconf 81' lang='lat' dir='ltr'><strong>dc-</strong></span> 
     </span>
    </p>
   </div>
   <div class='ocr_carea' id='block_1_56' title="bbox 2159 2629 3768 2700">
    <p class='ocr_par' dir='ltr' id='par_1_56' title="bbox 2159 2629 3768 2700">
     <span class='ocr_line' id='line_1_56' title="bbox 2159 2629 3768 2700; baseline 0.001 -16"><span class='ocrx_word' id='word_1_433' title='bbox 2159 2641 2408 2698; x_wconf 86' lang='lat' dir='ltr'><strong>spectnm</strong></span> <span class='ocrx_word' id='word_1_434' title='bbox 2432 2629 2684 2698; x_wconf 86' lang='lat' dir='ltr'><strong>abjicilur</strong></span> <span class='ocrx_word' id='word_1_435' title='bbox 2701 2639 2754 2686; x_wconf 88' lang='lat' dir='ltr'><strong>et</strong></span> <span class='ocrx_word' id='word_1_436' title='bbox 2775 2645 3020 2698; x_wconf 84' lang='lat' dir='ltr'><strong>parvum.</strong></span> <span class='ocrx_word' id='word_1_437' title='bbox 3047 2629 3114 2684; x_wconf 85' lang='lat' dir='ltr'><strong>Et</strong></span> <span class='ocrx_word' id='word_1_438' title='bbox 3129 2629 3304 2686; x_wconf 88' lang='lat' dir='ltr'><strong>hociit</strong></span> <span class='ocrx_word' id='word_1_439' title='bbox 3321 2645 3546 2700; x_wconf 78' lang='lat' dir='ltr'><strong>propter</strong></span> <span class='ocrx_word' id='word_1_440' title='bbox 3563 2631 3768 2687; x_wconf 84' lang='lat' dir='ltr'><strong>adven-</strong></span> 
     </span>
    </p>
   </div>
   <div class='ocr_carea' id='block_1_57' title="bbox 2161 2725 3770 2798">
    <p class='ocr_par' dir='ltr' id='par_1_57' title="bbox 2161 2725 3770 2798">
     <span class='ocr_line' id='line_1_57' title="bbox 2161 2725 3770 2798; baseline 0.002 -20"><span class='ocrx_word' id='word_1_441' title='bbox 2161 2733 2272 2780; x_wconf 88' lang='lat' dir='ltr'><strong>tum</strong></span> <span class='ocrx_word' id='word_1_442' title='bbox 2295 2725 2384 2780; x_wconf 88' lang='lat' dir='ltr'><strong>Dei</strong></span> <span class='ocrx_word' id='word_1_443' title='bbox 2403 2736 2448 2778; x_wconf 86' lang='lat' dir='ltr'><strong>et</strong></span> <span class='ocrx_word' id='word_1_444' title='bbox 2473 2726 2772 2796; x_wconf 86' lang='lat' dir='ltr'><strong>hospitium</strong></span> <span class='ocrx_word' id='word_1_445' title='bbox 2785 2725 3180 2798; x_wconf 81' lang='lat' dir='ltr'><strong>Christi,juxta</strong></span> <span class='ocrx_word' id='word_1_446' title='bbox 3193 2727 3340 2798; x_wconf 86' lang='lat' dir='ltr'><strong>quod</strong></span> <span class='ocrx_word' id='word_1_447' title='bbox 3355 2727 3486 2782; x_wconf 85' lang='lat' dir='ltr'><strong>alibi</strong></span> <span class='ocrx_word' id='word_1_448' title='bbox 3501 2729 3770 2798; x_wconf 86' lang='lat' dir='ltr'><strong>scriptum</strong></span> 
     </span>
    </p>
   </div>
   <div class='ocr_carea' id='block_1_58' title="bbox 2161 2803 3770 2886">
    <p class='ocr_par' dir='ltr' id='par_1_58' title="bbox 2161 2803 3770 2886">
     <span class='ocr_line' id='line_1_58' title="bbox 2161 2803 3770 2886; baseline 0.002 -14"><span class='ocrx_word' id='word_1_449' title='bbox 2161 2827 2248 2872; x_wconf 85' lang='lat' dir='ltr'><strong>est</strong></span> <span class='ocrx_word' id='word_1_450' title='bbox 2277 2835 2289 2871; x_wconf 90' lang='lat'>:</span> <span class='ocrx_word' id='word_1_451' title='bbox 2323 2817 2637 2872; x_wconf 80' lang='lat' dir='ltr'><strong>lnltubt&#39;tubo</strong></span> <span class='ocrx_word' id='word_1_452' title='bbox 2669 2823 2724 2873; x_wconf 83' lang='lat' dir='ltr'><strong>in</strong></span> <span class='ocrx_word' id='word_1_453' title='bbox 2755 2819 2850 2886; x_wconf 85' lang='lat' dir='ltr'><strong>eis,</strong></span> <span class='ocrx_word' id='word_1_454' title='bbox 2873 2831 2920 2874; x_wconf 86' lang='lat' dir='ltr'><strong>et</strong></span> <span class='ocrx_word' id='word_1_455' title='bbox 2943 2817 3296 2886; x_wconf 81' lang='lat' dir='ltr'><strong>iuambuiabo,</strong></span> <span class='ocrx_word' id='word_1_456' title='bbox 3319 2829 3364 2874; x_wconf 85' lang='lat' dir='ltr'><strong>et</strong></span> <span class='ocrx_word' id='word_1_457' title='bbox 3387 2835 3478 2874; x_wconf 88' lang='lat' dir='ltr'><strong>ero</strong></span> <span class='ocrx_word' id='word_1_458' title='bbox 3501 2817 3650 2876; x_wconf 76' lang='lat' dir='ltr'><strong>Deus</strong></span> <span class='ocrx_word' id='word_1_459' title='bbox 3679 2803 3770 2884; x_wconf 32' lang='lat' dir='ltr'><strong>eor.</strong></span> 
     </span>
    </p>
   </div>
   <div class='ocr_carea' id='block_1_59' title="bbox 2161 2899 3770 2986">
    <p class='ocr_par' dir='ltr' id='par_1_59' title="bbox 2161 2899 3770 2986">
     <span class='ocr_line' id='line_1_59' title="bbox 2161 2899 3770 2986; baseline 0.004 -22"><span class='ocrx_word' id='word_1_460' title='bbox 2161 2927 2298 2978; x_wconf 83' lang='lat' dir='ltr'><strong>rum,</strong></span> <span class='ocrx_word' id='word_1_461' title='bbox 2329 2923 2374 2964; x_wconf 86' lang='lat' dir='ltr'><strong>et</strong></span> <span class='ocrx_word' id='word_1_462' title='bbox 2419 2911 2520 2984; x_wconf 76' lang='lat' dir='ltr'><strong>ipsi</strong></span> <span class='ocrx_word' id='word_1_463' title='bbox 2563 2923 2716 2968; x_wconf 84' lang='lat' dir='ltr'><strong>erunt</strong></span> <span class='ocrx_word' id='word_1_464' title='bbox 2765 2912 2892 2966; x_wconf 81' lang='lat' dir='ltr'><strong>mihi</strong></span> <span class='ocrx_word' id='word_1_465' title='bbox 2920 2913 3142 2986; x_wconf 78' lang='lat' dir='ltr'><strong>populus</strong></span> <span class='ocrx_word' id='word_1_466' title='bbox 3177 2911 3324 2985; x_wconf 78' lang='lat' dir='ltr'><strong>(Leu.</strong></span> <span class='ocrx_word' id='word_1_467' title='bbox 3359 2929 3512 2982; x_wconf 74' lang='lat' dir='ltr'><strong>xxv&#39;t,</strong></span> <span class='ocrx_word' id='word_1_468' title='bbox 3549 2913 3670 2984; x_wconf 71' lang='grc'><strong>12).</strong></span> <span class='ocrx_word' id='word_1_469' title='bbox 3767 2899 3770 2904; x_wconf 49' lang='grc'><em>’</em></span> 
     </span>
    </p>
   </div>
   <div class='ocr_carea' id='block_1_60' title="bbox 2233 2993 3766 3079">
    <p class='ocr_par' dir='ltr' id='par_1_60' title="bbox 2233 2993 3766 3079">
     <span class='ocr_line' id='line_1_60' title="bbox 2233 2993 3766 3079; baseline 0.003 -21"><span class='ocrx_word' id='word_1_470' title='bbox 2233 3003 2414 3074; x_wconf 82' lang='lat' dir='ltr'><strong>(Vers.</strong></span> <span class='ocrx_word' id='word_1_471' title='bbox 2461 3003 2540 3078; x_wconf 89' lang='lat'><strong>7.)</strong></span> <span class='ocrx_word' id='word_1_472' title='bbox 2573 3003 2682 3060; x_wconf 86' lang='lat' dir='ltr'><strong>Pro</strong></span> <span class='ocrx_word' id='word_1_473' title='bbox 2728 3007 3002 3076; x_wconf 79' lang='lat' dir='ltr'><strong>iniquitate</strong></span> <span class='ocrx_word' id='word_1_474' title='bbox 3023 3007 3128 3060; x_wconf 81' lang='lat' dir='ltr'><strong>ridi</strong></span> <span class='ocrx_word' id='word_1_475' title='bbox 3155 2993 3380 3062; x_wconf 83' lang='lat' dir='ltr'><strong>tentoria</strong></span> <span class='ocrx_word' id='word_1_476' title='bbox 3431 3005 3766 3079; x_wconf 60' lang='lat' dir='ltr'><strong>.-Ethiopia2,</strong></span> 
     </span>
    </p>
   </div>
   <div class='ocr_carea' id='block_1_61' title="bbox 2163 3097 3772 3166">
    <p class='ocr_par' dir='ltr' id='par_1_61' title="bbox 2163 3097 3772 3166">
     <span class='ocr_line' id='line_1_61' title="bbox 2163 3097 3772 3166; baseline 0.002 -16"><span class='ocrx_word' id='word_1_477' title='bbox 2163 3097 2508 3152; x_wconf 75' lang='lat' dir='ltr'><strong>turbabuntur</strong></span> <span class='ocrx_word' id='word_1_478' title='bbox 2559 3099 2718 3166; x_wconf 69' lang='lat' dir='ltr'><strong>pelles</strong></span> <span class='ocrx_word' id='word_1_479' title='bbox 2761 3109 2911 3154; x_wconf 68' lang='lat' dir='ltr'><strong>terrae</strong></span> <span class='ocrx_word' id='word_1_480' title='bbox 2943 3097 3186 3155; x_wconf 83' lang='lat' dir='ltr'><strong>Madian.</strong></span> <span class='ocrx_word' id='word_1_481' title='bbox 3211 3097 3356 3156; x_wconf 70' lang='lat' dir='ltr'><strong>LXX</strong></span> <span class='ocrx_word' id='word_1_482' title='bbox 3393 3119 3404 3154; x_wconf 91' lang='lat'>:</span> <span class='ocrx_word' id='word_1_483' title='bbox 3437 3100 3548 3156; x_wconf 83' lang='lat' dir='ltr'><strong>Pro</strong></span> <span class='ocrx_word' id='word_1_484' title='bbox 3583 3103 3772 3158; x_wconf 69' lang='lat' dir='ltr'><strong>latiori-</strong></span> 
     </span>
    </p>
   </div>
   <div class='ocr_carea' id='block_1_62' title="bbox 449 3181 3770 3268">
    <p class='ocr_par' dir='ltr' id='par_1_62' title="bbox 449 3181 3770 3268">
     <span class='ocr_line' id='line_1_62' title="bbox 449 3181 3770 3268; baseline -0.002 -14"><span class='ocrx_word' id='word_1_485' title='bbox 449 3197 861 3268; x_wconf 87' lang='lat' dir='ltr'><strong>interpretatur.</strong></span> <span class='ocrx_word' id='word_1_486' title='bbox 883 3197 944 3252; x_wconf 88' lang='lat' dir='ltr'><strong>Et</strong></span> <span class='ocrx_word' id='word_1_487' title='bbox 968 3197 1245 3268; x_wconf 75' lang='lat' dir='ltr'><strong>eleganter</strong></span> <span class='ocrx_word' id='word_1_488' title='bbox 1263 3197 1524 3250; x_wconf 89' lang='lat' dir='ltr'><strong>iucurvati</strong></span> <span class='ocrx_word' id='word_1_489' title='bbox 1549 3203 1698 3258; x_wconf 85' lang='lat' dir='ltr'><strong>sunt,</strong></span> <span class='ocrx_word' id='word_1_490' title='bbox 1721 3195 1916 3266; x_wconf 89' lang='lat' dir='ltr'><strong>inquit,</strong></span> <span class='ocrx_word' id='word_1_491' title='bbox 1942 3193 2053 3250; x_wconf 88' lang='lat' dir='ltr'><strong>col-</strong></span> <span class='ocrx_word' id='word_1_492' title='bbox 2081 3181 2128 3246; x_wconf 88' lang='lat' dir='ltr'><strong><em>C</em></strong></span> <span class='ocrx_word' id='word_1_493' title='bbox 2161 3191 2252 3244; x_wconf 83' lang='lat' dir='ltr'><strong>bus</strong></span> <span class='ocrx_word' id='word_1_494' title='bbox 2281 3191 2388 3244; x_wconf 78' lang='lat' dir='ltr'><strong>vidi</strong></span> <span class='ocrx_word' id='word_1_495' title='bbox 2413 3193 2749 3246; x_wconf 79' lang='lat' dir='ltr'><strong>tabernaculo</strong></span> <span class='ocrx_word' id='word_1_496' title='bbox 2769 3192 3123 3264; x_wconf 75' lang='lat' dir='ltr'><strong>tltiOpum:</strong></span> <span class='ocrx_word' id='word_1_497' title='bbox 3165 3193 3420 3266; x_wconf 73' lang='lat' dir='ltr'><strong>parebunt</strong></span> <span class='ocrx_word' id='word_1_498' title='bbox 3447 3203 3498 3250; x_wconf 87' lang='lat' dir='ltr'><strong>et</strong></span> <span class='ocrx_word' id='word_1_499' title='bbox 3529 3196 3770 3250; x_wconf 74' lang='lat' dir='ltr'><strong>taberna-</strong></span> 
     </span>
    </p>
   </div>
   <div class='ocr_carea' id='block_1_63' title="bbox 452 3287 2056 3358">
    <p class='ocr_par' dir='ltr' id='par_1_63' title="bbox 452 3287 2056 3358">
     <span class='ocr_line' id='line_1_63' title="bbox 452 3287 2056 3358; baseline -0.003 -14"><span class='ocrx_word' id='word_1_500' title='bbox 452 3287 534 3344; x_wconf 91' lang='lat' dir='ltr'><strong>les</strong></span> <span class='ocrx_word' id='word_1_501' title='bbox 565 3289 770 3344; x_wconf 81' lang='lat' dir='ltr'><strong>mutuli.</strong></span> <span class='ocrx_word' id='word_1_502' title='bbox 803 3289 942 3344; x_wconf 85' lang='lat' dir='ltr'><strong>Ante</strong></span> <span class='ocrx_word' id='word_1_503' title='bbox 973 3287 1264 3344; x_wconf 84' lang='lat' dir='ltr'><strong>adventum</strong></span> <span class='ocrx_word' id='word_1_504' title='bbox 1292 3289 1490 3358; x_wconf 84' lang='lat' dir='ltr'><strong>quippe</strong></span> <span class='ocrx_word' id='word_1_505' title='bbox 1521 3287 1819 3344; x_wconf 81' lang='lat' dir='ltr'><strong>Salvatnris</strong></span> <span class='ocrx_word' id='word_1_506' title='bbox 1873 3295 2056 3344; x_wconf 86' lang='lat' dir='ltr'><strong>erecta</strong></span> 
     </span>
    </p>
   </div>
   <div class='ocr_carea' id='block_1_64' title="bbox 453 3379 2060 3452">
    <p class='ocr_par' dir='ltr' id='par_1_64' title="bbox 453 3379 2060 3452">
     <span class='ocr_line' id='line_1_64' title="bbox 453 3379 2060 3452; baseline -0.002 -16"><span class='ocrx_word' id='word_1_507' title='bbox 453 3381 670 3436; x_wconf 88' lang='lat' dir='ltr'><strong>cervice</strong></span> <span class='ocrx_word' id='word_1_508' title='bbox 695 3381 1102 3452; x_wconf 84' lang='lat' dir='ltr'><strong>gradiebantur.</strong></span> <span class='ocrx_word' id='word_1_509' title='bbox 1125 3389 1178 3436; x_wconf 88' lang='lat' dir='ltr'><strong>et</strong></span> <span class='ocrx_word' id='word_1_510' title='bbox 1211 3379 1522 3452; x_wconf 85' lang='lat' dir='ltr'><strong>superbiam</strong></span> <span class='ocrx_word' id='word_1_511' title='bbox 1552 3395 1742 3436; x_wconf 88' lang='lat' dir='ltr'><strong>eorum</strong></span> <span class='ocrx_word' id='word_1_512' title='bbox 1771 3379 2060 3434; x_wconf 76' lang='lat' dir='ltr'><strong>humiliore</strong></span> 
     </span>
    </p>
   </div>
   <div class='ocr_carea' id='block_1_65' title="bbox 455 3473 2054 3544">
    <p class='ocr_par' dir='ltr' id='par_1_65' title="bbox 455 3473 2054 3544">
     <span class='ocr_line' id='line_1_65' title="bbox 455 3473 2054 3544; baseline -0.003 -15"><span class='ocrx_word' id='word_1_513' title='bbox 455 3489 618 3529; x_wconf 87' lang='lat' dir='ltr'><strong>nemo</strong></span> <span class='ocrx_word' id='word_1_514' title='bbox 643 3481 871 3544; x_wconf 87' lang='lat' dir='ltr'><strong>poterat.</strong></span> <span class='ocrx_word' id='word_1_515' title='bbox 897 3473 1124 3528; x_wconf 87' lang='lat' dir='ltr'><strong>Coutriti</strong></span> <span class='ocrx_word' id='word_1_516' title='bbox 1145 3483 1320 3530; x_wconf 79' lang='lat' dir='ltr'><strong>autem</strong></span> <span class='ocrx_word' id='word_1_517' title='bbox 1353 3481 1552 3530; x_wconf 90' lang='lat' dir='ltr'><strong>suntet</strong></span> <span class='ocrx_word' id='word_1_518' title='bbox 1573 3473 1834 3528; x_wconf 83' lang='lat' dir='ltr'><strong>incurvati</strong></span> <span class='ocrx_word' id='word_1_519' title='bbox 1865 3473 1932 3528; x_wconf 88' lang='lat' dir='ltr'><strong>ab</strong></span> <span class='ocrx_word' id='word_1_520' title='bbox 1967 3473 2054 3526; x_wconf 88' lang='lat' dir='ltr'><strong>iti-</strong></span> 
     </span>
    </p>
   </div>
   <div class='ocr_carea' id='block_1_66' title="bbox 451 3565 2054 3638">
    <p class='ocr_par' dir='ltr' id='par_1_66' title="bbox 451 3565 2054 3638">
     <span class='ocr_line' id='line_1_66' title="bbox 451 3565 2054 3638; baseline -0.002 -16"><span class='ocrx_word' id='word_1_521' title='bbox 451 3567 674 3622; x_wconf 87' lang='lat' dir='ltr'><strong>neribus</strong></span> <span class='ocrx_word' id='word_1_522' title='bbox 701 3565 1022 3624; x_wconf 82' lang='lat' dir='ltr'><strong>aeternitatis</strong></span> <span class='ocrx_word' id='word_1_523' title='bbox 1039 3566 1176 3636; x_wconf 87' lang='lat' dir='ltr'><strong>ejus,</strong></span> <span class='ocrx_word' id='word_1_524' title='bbox 1197 3567 1246 3621; x_wconf 92' lang='lat' dir='ltr'><strong>id</strong></span> <span class='ocrx_word' id='word_1_525' title='bbox 1261 3577 1366 3630; x_wconf 89' lang='lat' dir='ltr'><strong>est,</strong></span> <span class='ocrx_word' id='word_1_526' title='bbox 1385 3567 1500 3636; x_wconf 85' lang='lat' dir='ltr'><strong>Dei,</strong></span> <span class='ocrx_word' id='word_1_527' title='bbox 1519 3565 1642 3638; x_wconf 85' lang='lat' dir='ltr'><strong>quia</strong></span> <span class='ocrx_word' id='word_1_528' title='bbox 1663 3565 1940 3620; x_wconf 74' lang='lat' dir='ltr'><strong>aeternitas</strong></span> <span class='ocrx_word' id='word_1_529' title='bbox 1987 3565 2054 3618; x_wconf 90' lang='lat' dir='ltr'><strong>il-</strong></span> 
     </span>
    </p>
   </div>
   <div class='ocr_carea' id='block_1_67' title="bbox 451 3657 2056 3730">
    <p class='ocr_par' dir='ltr' id='par_1_67' title="bbox 451 3657 2056 3730">
     <span class='ocr_line' id='line_1_67' title="bbox 451 3657 2056 3730; baseline -0.004 -14"><span class='ocrx_word' id='word_1_530' title='bbox 451 3659 560 3716; x_wconf 78' lang='lat' dir='ltr'><strong>lius</strong></span> <span class='ocrx_word' id='word_1_531' title='bbox 577 3659 642 3714; x_wconf 86' lang='lat' dir='ltr'><strong>ad</strong></span> <span class='ocrx_word' id='word_1_532' title='bbox 659 3675 758 3716; x_wconf 89' lang='lat' dir='ltr'><strong>nos</strong></span> <span class='ocrx_word' id='word_1_533' title='bbox 771 3659 954 3714; x_wconf 88' lang='lat' dir='ltr'><strong>venire</strong></span> <span class='ocrx_word' id='word_1_534' title='bbox 967 3657 1299 3730; x_wconf 80' lang='lat' dir='ltr'><strong>diguataest,</strong></span> <span class='ocrx_word' id='word_1_535' title='bbox 1313 3661 1426 3714; x_wconf 89' lang='lat' dir='ltr'><strong>sive</strong></span> <span class='ocrx_word' id='word_1_536' title='bbox 1447 3657 1590 3730; x_wconf 89' lang='lat' dir='ltr'><strong>quod</strong></span> <span class='ocrx_word' id='word_1_537' title='bbox 1611 3673 1830 3726; x_wconf 84' lang='lat' dir='ltr'><strong>semper</strong></span> <span class='ocrx_word' id='word_1_538' title='bbox 1857 3673 1882 3710; x_wconf 90' lang='lat' dir='ltr'><strong>a</strong></span> <span class='ocrx_word' id='word_1_539' title='bbox 1909 3659 2056 3726; x_wconf 83' lang='lat' dir='ltr'><strong>prin-</strong></span> 
     </span>
    </p>
   </div>
   <div class='ocr_carea' id='block_1_68' title="bbox 459 3749 2054 3824">
    <p class='ocr_par' dir='ltr' id='par_1_68' title="bbox 459 3749 2054 3824">
     <span class='ocr_line' id='line_1_68' title="bbox 459 3749 2054 3824; baseline -0.003 -16"><span class='ocrx_word' id='word_1_540' title='bbox 459 3753 600 3824; x_wconf 89' lang='lat' dir='ltr'><strong>cipio</strong></span> <span class='ocrx_word' id='word_1_541' title='bbox 631 3753 810 3808; x_wconf 88' lang='lat' dir='ltr'><strong>mundi</strong></span> <span class='ocrx_word' id='word_1_542' title='bbox 845 3769 1016 3824; x_wconf 76' lang='lat' dir='ltr'><strong>usque</strong></span> <span class='ocrx_word' id='word_1_543' title='bbox 1043 3753 1109 3808; x_wconf 88' lang='lat' dir='ltr'><strong>ad</strong></span> <span class='ocrx_word' id='word_1_544' title='bbox 1137 3755 1566 3809; x_wconf 85' lang='lat' dir='ltr'><strong>incarnationem</strong></span> <span class='ocrx_word' id='word_1_545' title='bbox 1583 3767 1734 3806; x_wconf 81' lang='lat' dir='ltr'><strong>suout</strong></span> <span class='ocrx_word' id='word_1_546' title='bbox 1759 3751 1969 3806; x_wconf 80' lang='lat' dir='ltr'><strong>venerit</strong></span> <span class='ocrx_word' id='word_1_547' title='bbox 1987 3749 2054 3805; x_wconf 90' lang='lat' dir='ltr'><strong>ad</strong></span> 
     </span>
    </p>
   </div>
   <div class='ocr_carea' id='block_1_69' title="bbox 453 3843 2052 3916">
    <p class='ocr_par' dir='ltr' id='par_1_69' title="bbox 453 3843 2052 3916">
     <span class='ocr_line' id='line_1_69' title="bbox 453 3843 2052 3916; baseline -0.003 -14"><span class='ocrx_word' id='word_1_548' title='bbox 453 3859 694 3914; x_wconf 85' lang='lat' dir='ltr'><strong>sanctos,</strong></span> <span class='ocrx_word' id='word_1_549' title='bbox 721 3857 776 3902; x_wconf 90' lang='lat' dir='ltr'><strong>et</strong></span> <span class='ocrx_word' id='word_1_550' title='bbox 799 3849 972 3902; x_wconf 82' lang='lat' dir='ltr'><strong>iactus</strong></span> <span class='ocrx_word' id='word_1_551' title='bbox 999 3849 1068 3902; x_wconf 87' lang='lat' dir='ltr'><strong>sit</strong></span> <span class='ocrx_word' id='word_1_552' title='bbox 1094 3846 1502 3916; x_wconf 76' lang='lat' dir='ltr'><strong>iusingulorum</strong></span> <span class='ocrx_word' id='word_1_553' title='bbox 1533 3861 1692 3900; x_wconf 87' lang='lat' dir='ltr'><strong>manu</strong></span> <span class='ocrx_word' id='word_1_554' title='bbox 1717 3861 1896 3900; x_wconf 73' lang='lat' dir='ltr'><strong>sermo</strong></span> <span class='ocrx_word' id='word_1_555' title='bbox 1919 3843 2016 3898; x_wconf 88' lang='lat' dir='ltr'><strong>Dei</strong></span> <span class='ocrx_word' id='word_1_556' title='bbox 2039 3889 2052 3912; x_wconf 88' lang='lat'><strong>,</strong></span> 
     </span>
    </p>
   </div>
   <div class='ocr_carea' id='block_1_70' title="bbox 453 3937 2060 4010">
    <p class='ocr_par' dir='ltr' id='par_1_70' title="bbox 453 3937 2060 4010">
     <span class='ocr_line' id='line_1_70' title="bbox 453 3937 2060 4010; baseline -0.001 -16"><span class='ocrx_word' id='word_1_557' title='bbox 453 3949 616 4010; x_wconf 89' lang='lat' dir='ltr'><strong>atque</strong></span> <span class='ocrx_word' id='word_1_558' title='bbox 639 3939 692 3994; x_wconf 89' lang='lat' dir='ltr'><strong>in</strong></span> <span class='ocrx_word' id='word_1_559' title='bbox 709 3939 973 3994; x_wconf 80' lang='lat' dir='ltr'><strong>universis</strong></span> <span class='ocrx_word' id='word_1_560' title='bbox 1005 3937 1344 3994; x_wconf 75' lang='lat' dir='ltr'><strong>vincentibus</strong></span> <span class='ocrx_word' id='word_1_561' title='bbox 1373 3939 1488 4008; x_wconf 85' lang='lat' dir='ltr'><strong>ipse</strong></span> <span class='ocrx_word' id='word_1_562' title='bbox 1505 3939 1804 4008; x_wconf 87' lang='lat' dir='ltr'><strong>superarit,</strong></span> <span class='ocrx_word' id='word_1_563' title='bbox 1821 3947 1876 3992; x_wconf 88' lang='lat' dir='ltr'><strong>et</strong></span> <span class='ocrx_word' id='word_1_564' title='bbox 1901 3949 2060 3992; x_wconf 78' lang='lat' dir='ltr'><strong>aeter-</strong></span> 
     </span>
    </p>
   </div>
   <div class='ocr_carea' id='block_1_71' title="bbox 457 4031 2058 4104">
    <p class='ocr_par' dir='ltr' id='par_1_71' title="bbox 457 4031 2058 4104">
     <span class='ocr_line' id='line_1_71' title="bbox 457 4031 2058 4104; baseline 0 -16"><span class='ocrx_word' id='word_1_565' title='bbox 457 4049 584 4088; x_wconf 91' lang='lat' dir='ltr'><strong>num</strong></span> <span class='ocrx_word' id='word_1_566' title='bbox 610 4031 727 4100; x_wconf 85' lang='lat' dir='ltr'><strong>ejus</strong></span> <span class='ocrx_word' id='word_1_567' title='bbox 757 4031 860 4087; x_wconf 89' lang='lat' dir='ltr'><strong>iter</strong></span> <span class='ocrx_word' id='word_1_568' title='bbox 883 4033 1268 4098; x_wconf 84' lang='lat' dir='ltr'><strong>incurvaverit,</strong></span> <span class='ocrx_word' id='word_1_569' title='bbox 1301 4033 1468 4088; x_wconf 90' lang='lat' dir='ltr'><strong>colles</strong></span> <span class='ocrx_word' id='word_1_570' title='bbox 1495 4045 1816 4104; x_wconf 79' lang='lat' dir='ltr'><strong>ruentesque</strong></span> <span class='ocrx_word' id='word_1_571' title='bbox 1849 4033 2058 4088; x_wconf 86' lang='lat' dir='ltr'><strong>contri-</strong></span> 
     </span>
    </p>
   </div>
   <div class='ocr_carea' id='block_1_72' title="bbox 462 4123 2056 4196">
    <p class='ocr_par' dir='ltr' id='par_1_72' title="bbox 462 4123 2056 4196">
     <span class='ocr_line' id='line_1_72' title="bbox 462 4123 2056 4196; baseline 0 -16"><span class='ocrx_word' id='word_1_572' title='bbox 462 4123 772 4182; x_wconf 80' lang='lat' dir='ltr'><strong>verit.ii.r.c</strong></span> <span class='ocrx_word' id='word_1_573' title='bbox 797 4139 894 4194; x_wconf 88' lang='lat' dir='ltr'><strong>per</strong></span> <span class='ocrx_word' id='word_1_574' title='bbox 939 4129 1310 4194; x_wconf 88' lang='lat' dir='ltr'><strong>metaphoram</strong></span> <span class='ocrx_word' id='word_1_575' title='bbox 1339 4123 1488 4196; x_wconf 77' lang='lat' dir='ltr'><strong>iuxta</strong></span> <span class='ocrx_word' id='word_1_576' title='bbox 1539 4125 1858 4182; x_wconf 88' lang='lat' dir='ltr'><strong>iiehraicum</strong></span> <span class='ocrx_word' id='word_1_577' title='bbox 1914 4125 2056 4181; x_wconf 79' lang='lat' dir='ltr'><strong>dicta</strong></span> 
     </span>
    </p>
   </div>
   <div class='ocr_carea' id='block_1_73' title="bbox 452 4215 2057 4288">
    <p class='ocr_par' dir='ltr' id='par_1_73' title="bbox 452 4215 2057 4288">
     <span class='ocr_line' id='line_1_73' title="bbox 452 4215 2057 4288; baseline 0 -16"><span class='ocrx_word' id='word_1_578' title='bbox 452 4217 584 4272; x_wconf 89' lang='lat' dir='ltr'><strong>sint.</strong></span> <span class='ocrx_word' id='word_1_579' title='bbox 613 4217 783 4274; x_wconf 84' lang='lat' dir='ltr'><strong>Porro</strong></span> <span class='ocrx_word' id='word_1_580' title='bbox 805 4215 1102 4272; x_wconf 89' lang='lat' dir='ltr'><strong>secundum</strong></span> <span class='ocrx_word' id='word_1_581' title='bbox 1137 4215 1278 4272; x_wconf 75' lang='lat' dir='ltr'><strong>LXX</strong></span> <span class='ocrx_word' id='word_1_582' title='bbox 1301 4227 1588 4288; x_wconf 83' lang='lat' dir='ltr'><strong>postquam</strong></span> <span class='ocrx_word' id='word_1_583' title='bbox 1607 4219 1796 4274; x_wconf 81' lang='lat' dir='ltr'><strong>faciem</strong></span> <span class='ocrx_word' id='word_1_584' title='bbox 1829 4219 1920 4272; x_wconf 85' lang='lat' dir='ltr'><strong>Dei</strong></span> <span class='ocrx_word' id='word_1_585' title='bbox 1940 4233 2057 4272; x_wconf 83' lang='lat' dir='ltr'><strong>ser-</strong></span> 
     </span>
    </p>
   </div>
   <div class='ocr_carea' id='block_1_74' title="bbox 456 4311 2058 4384">
    <p class='ocr_par' dir='ltr' id='par_1_74' title="bbox 456 4311 2058 4384">
     <span class='ocr_line' id='line_1_74' title="bbox 456 4311 2058 4384; baseline 0 -18"><span class='ocrx_word' id='word_1_586' title='bbox 456 4327 546 4366; x_wconf 88' lang='lat' dir='ltr'><strong>mo</strong></span> <span class='ocrx_word' id='word_1_587' title='bbox 565 4311 927 4382; x_wconf 72' lang='lat' dir='ltr'><strong>praecesserit,</strong></span> <span class='ocrx_word' id='word_1_588' title='bbox 962 4323 1010 4366; x_wconf 89' lang='lat' dir='ltr'><strong>et</strong></span> <span class='ocrx_word' id='word_1_589' title='bbox 1033 4327 1284 4382; x_wconf 80' lang='lat' dir='ltr'><strong>egressus</strong></span> <span class='ocrx_word' id='word_1_590' title='bbox 1307 4313 1470 4368; x_wconf 90' lang='lat' dir='ltr'><strong>inerit</strong></span> <span class='ocrx_word' id='word_1_591' title='bbox 1493 4319 1546 4368; x_wconf 88' lang='lat' dir='ltr'><strong>in</strong></span> <span class='ocrx_word' id='word_1_592' title='bbox 1578 4313 1762 4384; x_wconf 82' lang='lat' dir='ltr'><strong>plana,</strong></span> <span class='ocrx_word' id='word_1_593' title='bbox 1789 4313 1932 4368; x_wconf 85' lang='lat' dir='ltr'><strong>Deus</strong></span> <span class='ocrx_word' id='word_1_594' title='bbox 1957 4313 2058 4367; x_wconf 85' lang='lat' dir='ltr'><strong>Pa-</strong></span> 
     </span>
    </p>
   </div>
   <div class='ocr_carea' id='block_1_75' title="bbox 457 4399 2058 4476">
    <p class='ocr_par' dir='ltr' id='par_1_75' title="bbox 457 4399 2058 4476">
     <span class='ocr_line' id='line_1_75' title="bbox 457 4399 2058 4476; baseline 0 -16"><span class='ocrx_word' id='word_1_595' title='bbox 457 4413 540 4460; x_wconf 90' lang='lat' dir='ltr'><strong>ter</strong></span> <span class='ocrx_word' id='word_1_596' title='bbox 563 4403 706 4462; x_wconf 87' lang='lat' dir='ltr'><strong>venit</strong></span> <span class='ocrx_word' id='word_1_597' title='bbox 727 4399 876 4472; x_wconf 91' lang='lat' dir='ltr'><strong>illuc,</strong></span> <span class='ocrx_word' id='word_1_598' title='bbox 899 4405 990 4460; x_wconf 93' lang='lat' dir='ltr'><strong>ubi</strong></span> <span class='ocrx_word' id='word_1_599' title='bbox 1011 4403 1060 4460; x_wconf 88' lang='lat' dir='ltr'><strong>ei</strong></span> <span class='ocrx_word' id='word_1_600' title='bbox 1085 4413 1110 4441; x_wconf 75' lang='grc' dir='ltr'><strong>εί</strong></span> <span class='ocrx_word' id='word_1_601' title='bbox 1141 4403 1206 4460; x_wconf 85' lang='lat' dir='ltr'><strong>ad</strong></span> <span class='ocrx_word' id='word_1_602' title='bbox 1234 4421 1540 4462; x_wconf 87' lang='lat' dir='ltr'><strong>sermonem</strong></span> <span class='ocrx_word' id='word_1_603' title='bbox 1560 4421 1716 4460; x_wconf 90' lang='lat' dir='ltr'><strong>suum</strong></span> <span class='ocrx_word' id='word_1_604' title='bbox 1747 4407 1896 4476; x_wconf 86' lang='lat' dir='ltr'><strong>regio</strong></span> <span class='ocrx_word' id='word_1_605' title='bbox 1921 4421 2058 4476; x_wconf 84' lang='lat' dir='ltr'><strong>prae-</strong></span> 
     </span>
    </p>
   </div>
   <div class='ocr_carea' id='block_1_76' title="bbox 455 4499 2050 4572">
    <p class='ocr_par' dir='ltr' id='par_1_76' title="bbox 455 4499 2050 4572">
     <span class='ocr_line' id='line_1_76' title="bbox 455 4499 2050 4572; baseline 0.002 -20"><span class='ocrx_word' id='word_1_606' title='bbox 455 4507 642 4572; x_wconf 88' lang='lat' dir='ltr'><strong>parata</strong></span> <span class='ocrx_word' id='word_1_607' title='bbox 673 4507 780 4564; x_wconf 88' lang='lat' dir='ltr'><strong>est,</strong></span> <span class='ocrx_word' id='word_1_608' title='bbox 803 4509 857 4556; x_wconf 91' lang='lat' dir='ltr'><strong>et</strong></span> <span class='ocrx_word' id='word_1_609' title='bbox 891 4501 1028 4554; x_wconf 86' lang='lat' dir='ltr'><strong>venit</strong></span> <span class='ocrx_word' id='word_1_610' title='bbox 1065 4511 1182 4571; x_wconf 81' lang='lat' dir='ltr'><strong>pest</strong></span> <span class='ocrx_word' id='word_1_611' title='bbox 1209 4499 1372 4570; x_wconf 87' lang='lat' dir='ltr'><strong>pedes</strong></span> <span class='ocrx_word' id='word_1_612' title='bbox 1403 4501 1676 4556; x_wconf 85' lang='lat' dir='ltr'><strong>sermonis</strong></span> <span class='ocrx_word' id='word_1_613' title='bbox 1703 4499 1806 4570; x_wconf 88' lang='lat' dir='ltr'><strong>sui,</strong></span> <span class='ocrx_word' id='word_1_614' title='bbox 1835 4509 2050 4566; x_wconf 82' lang='lat' dir='ltr'><strong>etstat;</strong></span> 
     </span>
    </p>
   </div>
   <div class='ocr_carea' id='block_1_77' title="bbox 2165 3285 3770 3364">
    <p class='ocr_par' dir='ltr' id='par_1_77' title="bbox 2165 3285 3770 3364">
     <span class='ocr_line' id='line_1_77' title="bbox 2165 3285 3770 3364; baseline 0.005 -26"><span class='ocrx_word' id='word_1_615' title='bbox 2165 3285 2282 3340; x_wconf 83' lang='lat' dir='ltr'><strong>cuia</strong></span> <span class='ocrx_word' id='word_1_616' title='bbox 2304 3295 2454 3340; x_wconf 74' lang='lat' dir='ltr'><strong>terra:</strong></span> <span class='ocrx_word' id='word_1_617' title='bbox 2483 3286 2722 3340; x_wconf 74' lang='lat' dir='ltr'><strong>tiladiau.</strong></span> <span class='ocrx_word' id='word_1_618' title='bbox 2751 3285 3037 3358; x_wconf 68' lang='lat' dir='ltr'><strong>[Ethiopes</strong></span> <span class='ocrx_word' id='word_1_619' title='bbox 3075 3287 3204 3344; x_wconf 83' lang='lat' dir='ltr'><strong>tetri</strong></span> <span class='ocrx_word' id='word_1_620' title='bbox 3233 3287 3344 3360; x_wconf 74' lang='grc' dir='ltr'><strong>[Αἰ.</strong></span> <span class='ocrx_word' id='word_1_621' title='bbox 3399 3289 3692 3364; x_wconf 82' lang='lat' dir='ltr'><strong>tcterrinti]</strong></span> <span class='ocrx_word' id='word_1_622' title='bbox 3719 3299 3770 3346; x_wconf 88' lang='lat' dir='ltr'><strong>ct</strong></span> 
     </span>
    </p>
   </div>
   <div class='ocr_carea' id='block_1_78' title="bbox 2161 3379 3768 3452">
    <p class='ocr_par' dir='ltr' id='par_1_78' title="bbox 2161 3379 3768 3452">
     <span class='ocr_line' id='line_1_78' title="bbox 2161 3379 3768 3452; baseline 0.004 -21"><span class='ocrx_word' id='word_1_623' title='bbox 2161 3387 2408 3432; x_wconf 87' lang='lat' dir='ltr'><strong>amantes</strong></span> <span class='ocrx_word' id='word_1_624' title='bbox 2437 3379 2712 3444; x_wconf 89' lang='lat' dir='ltr'><strong>tenebras,</strong></span> <span class='ocrx_word' id='word_1_625' title='bbox 2745 3391 2798 3434; x_wconf 90' lang='lat' dir='ltr'><strong>et</strong></span> <span class='ocrx_word' id='word_1_626' title='bbox 2827 3380 2894 3436; x_wconf 87' lang='lat' dir='ltr'><strong>ab</strong></span> <span class='ocrx_word' id='word_1_627' title='bbox 2917 3379 3062 3436; x_wconf 90' lang='lat' dir='ltr'><strong>omni</strong></span> <span class='ocrx_word' id='word_1_628' title='bbox 3087 3381 3208 3436; x_wconf 90' lang='lat' dir='ltr'><strong>luce</strong></span> <span class='ocrx_word' id='word_1_629' title='bbox 3235 3381 3420 3448; x_wconf 88' lang='lat' dir='ltr'><strong>alieni,</strong></span> <span class='ocrx_word' id='word_1_630' title='bbox 3452 3383 3546 3452; x_wconf 90' lang='lat' dir='ltr'><strong>qui</strong></span> <span class='ocrx_word' id='word_1_631' title='bbox 3575 3383 3768 3438; x_wconf 83' lang='lat' dir='ltr'><strong>draco-</strong></span> 
     </span>
    </p>
   </div>
   <div class='ocr_carea' id='block_1_79' title="bbox 2164 3471 3770 3544">
    <p class='ocr_par' dir='ltr' id='par_1_79' title="bbox 2164 3471 3770 3544">
     <span class='ocr_line' id='line_1_79' title="bbox 2164 3471 3770 3544; baseline 0.001 -18"><span class='ocrx_word' id='word_1_632' title='bbox 2164 3471 2248 3526; x_wconf 86' lang='lat' dir='ltr'><strong>nis.</strong></span> <span class='ocrx_word' id='word_1_633' title='bbox 2267 3485 2430 3526; x_wconf 85' lang='lat' dir='ltr'><strong>carne</strong></span> <span class='ocrx_word' id='word_1_634' title='bbox 2445 3479 2742 3528; x_wconf 63' lang='lat' dir='ltr'><strong>vescuntur</strong></span> <span class='ocrx_word' id='word_1_635' title='bbox 2765 3471 2856 3544; x_wconf 91' lang='lat' dir='ltr'><strong>(de</strong></span> <span class='ocrx_word' id='word_1_636' title='bbox 2881 3489 2988 3543; x_wconf 90' lang='lat' dir='ltr'><strong>quo</strong></span> <span class='ocrx_word' id='word_1_637' title='bbox 3010 3473 3272 3542; x_wconf 90' lang='lat' dir='ltr'><strong>scriptum</strong></span> <span class='ocrx_word' id='word_1_638' title='bbox 3299 3483 3404 3528; x_wconf 90' lang='lat' dir='ltr'><strong>est:</strong></span> <span class='ocrx_word' id='word_1_639' title='bbox 3425 3471 3634 3528; x_wconf 80' lang='lat' dir='ltr'><strong>Dedisti</strong></span> <span class='ocrx_word' id='word_1_640' title='bbox 3657 3490 3770 3528; x_wconf 84' lang='lat' dir='ltr'><strong>eum</strong></span> 
     </span>
    </p>
   </div>
   <div class='ocr_carea' id='block_1_80' title="bbox 2163 3563 3768 3638">
    <p class='ocr_par' dir='ltr' id='par_1_80' title="bbox 2163 3563 3768 3638">
     <span class='ocr_line' id='line_1_80' title="bbox 2163 3563 3768 3638; baseline 0.004 -20"><span class='ocrx_word' id='word_1_641' title='bbox 2163 3581 2330 3618; x_wconf 79' lang='lat' dir='ltr'><strong>escam</strong></span> <span class='ocrx_word' id='word_1_642' title='bbox 2345 3563 2554 3636; x_wconf 82' lang='lat' dir='ltr'><strong>populis</strong></span> <span class='ocrx_word' id='word_1_643' title='bbox 2569 3563 2907 3638; x_wconf 57' lang='lat' dir='ltr'><strong>.‘is&#39;tltt&#39;optbus</strong></span> <span class='ocrx_word' id='word_1_644' title='bbox 2921 3563 3674 3638; x_wconf 62' lang='lat' dir='ltr'><strong>[Ps.t.xxut,tt]),daamones</strong></span> <span class='ocrx_word' id='word_1_645' title='bbox 3693 3569 3768 3624; x_wconf 82' lang='lat' dir='ltr'><strong>in-</strong></span> 
     </span>
    </p>
   </div>
   <div class='ocr_carea' id='block_1_81' title="bbox 2163 3657 3766 3734">
    <p class='ocr_par' dir='ltr' id='par_1_81' title="bbox 2163 3657 3766 3734">
     <span class='ocr_line' id='line_1_81' title="bbox 2163 3657 3766 3734; baseline 0.003 -23"><span class='ocrx_word' id='word_1_646' title='bbox 2163 3657 2500 3728; x_wconf 79' lang='lat' dir='ltr'><strong>telliguntur,</strong></span> <span class='ocrx_word' id='word_1_647' title='bbox 2533 3673 2767 3728; x_wconf 90' lang='lat' dir='ltr'><strong>quorum</strong></span> <span class='ocrx_word' id='word_1_648' title='bbox 2803 3659 2862 3714; x_wconf 90' lang='lat' dir='ltr'><strong>iit</strong></span> <span class='ocrx_word' id='word_1_649' title='bbox 2887 3661 3296 3716; x_wconf 88' lang='lat' dir='ltr'><strong>tabernaculum</strong></span> <span class='ocrx_word' id='word_1_650' title='bbox 3327 3659 3670 3734; x_wconf 88' lang='lat' dir='ltr'><strong>quicumque</strong></span> <span class='ocrx_word' id='word_1_651' title='bbox 3716 3663 3766 3716; x_wconf 88' lang='lat' dir='ltr'><strong>iu</strong></span> 
     </span>
    </p>
   </div>
   <div class='ocr_carea' id='block_1_82' title="bbox 2165 3749 3768 3826">
    <p class='ocr_par' dir='ltr' id='par_1_82' title="bbox 2165 3749 3768 3826">
     <span class='ocr_line' id='line_1_82' title="bbox 2165 3749 3768 3826; baseline 0.005 -22"><span class='ocrx_word' id='word_1_652' title='bbox 2165 3749 2480 3806; x_wconf 80' lang='lat' dir='ltr'><strong>hocsaecnlo</strong></span> <span class='ocrx_word' id='word_1_653' title='bbox 2495 3765 2722 3822; x_wconf 80' lang='lat' dir='ltr'><strong>propter</strong></span> <span class='ocrx_word' id='word_1_654' title='bbox 2749 3753 2988 3810; x_wconf 84' lang='lat' dir='ltr'><strong>honores</strong></span> <span class='ocrx_word' id='word_1_655' title='bbox 2999 3764 3052 3808; x_wconf 89' lang='lat' dir='ltr'><strong>et</strong></span> <span class='ocrx_word' id='word_1_656' title='bbox 3068 3753 3284 3809; x_wconf 82' lang='lat' dir='ltr'><strong>divitias</strong></span> <span class='ocrx_word' id='word_1_657' title='bbox 3301 3755 3346 3808; x_wconf 92' lang='lat' dir='ltr'><strong>la</strong></span> <span class='ocrx_word' id='word_1_658' title='bbox 3357 3753 3566 3811; x_wconf 86' lang='lat' dir='ltr'><strong>borarit</strong></span> <span class='ocrx_word' id='word_1_659' title='bbox 3585 3775 3596 3810; x_wconf 92' lang='lat'><strong><em>:</em></strong></span> <span class='ocrx_word' id='word_1_660' title='bbox 3629 3755 3768 3826; x_wconf 90' lang='lat' dir='ltr'><strong>quod</strong></span> 
     </span>
    </p>
   </div>
   <div class='ocr_carea' id='block_1_83' title="bbox 2163 3845 3768 3918">
    <p class='ocr_par' dir='ltr' id='par_1_83' title="bbox 2163 3845 3768 3918">
     <span class='ocr_line' id='line_1_83' title="bbox 2163 3845 3768 3918; baseline 0.003 -19"><span class='ocrx_word' id='word_1_661' title='bbox 2163 3845 2532 3916; x_wconf 76' lang='lat' dir='ltr'><strong>signiﬁcanter</strong></span> <span class='ocrx_word' id='word_1_662' title='bbox 2571 3845 2674 3903; x_wconf 89' lang='lat' dir='ltr'><strong>sub</strong></span> <span class='ocrx_word' id='word_1_663' title='bbox 2717 3863 2824 3902; x_wconf 89' lang='lat' dir='ltr'><strong>uno</strong></span> <span class='ocrx_word' id='word_1_664' title='bbox 2877 3847 3048 3902; x_wconf 79' lang='lat' dir='ltr'><strong>verbo</strong></span> <span class='ocrx_word' id='word_1_665' title='bbox 3101 3847 3402 3918; x_wconf 63' lang='lat' dir='ltr'><strong>iniquitatis</strong></span> <span class='ocrx_word' id='word_1_666' title='bbox 3434 3849 3768 3918; x_wconf 82' lang='lat' dir='ltr'><strong>ostenditur,</strong></span> 
     </span>
    </p>
   </div>
   <div class='ocr_carea' id='block_1_84' title="bbox 2169 3939 3766 4018">
    <p class='ocr_par' dir='ltr' id='par_1_84' title="bbox 2169 3939 3766 4018">
     <span class='ocr_line' id='line_1_84' title="bbox 2169 3939 3766 4018; baseline 0.005 -26"><span class='ocrx_word' id='word_1_667' title='bbox 2169 3959 2188 3992; x_wconf 76' lang='grc' dir='ltr'>ι</span> <span class='ocrx_word' id='word_1_668' title='bbox 2219 3939 2412 3998; x_wconf 87' lang='lat' dir='ltr'><strong>Omnis</strong></span> <span class='ocrx_word' id='word_1_669' title='bbox 2441 3943 2584 3996; x_wconf 85' lang='lat' dir='ltr'><strong>enim</strong></span> <span class='ocrx_word' id='word_1_670' title='bbox 2645 3943 2816 4009; x_wconf 87' lang='lat' dir='ltr'><strong>dives,</strong></span> <span class='ocrx_word' id='word_1_671' title='bbox 2853 3953 2948 3998; x_wconf 88' lang='lat' dir='ltr'><strong>aut</strong></span> <span class='ocrx_word' id='word_1_672' title='bbox 2969 3942 3208 4014; x_wconf 87' lang='lat' dir='ltr'><strong>iniquus,</strong></span> <span class='ocrx_word' id='word_1_673' title='bbox 3243 3953 3336 3999; x_wconf 91' lang='lat' dir='ltr'><strong>aut</strong></span> <span class='ocrx_word' id='word_1_674' title='bbox 3385 3945 3564 4000; x_wconf 78' lang='lat' dir='ltr'><strong>haeres</strong></span> <span class='ocrx_word' id='word_1_675' title='bbox 3595 3945 3766 4018; x_wconf 90' lang='lat' dir='ltr'><strong>iniqui</strong></span> 
     </span>
    </p>
   </div>
   <div class='ocr_carea' id='block_1_85' title="bbox 2163 4033 3764 4108">
    <p class='ocr_par' dir='ltr' id='par_1_85' title="bbox 2163 4033 3764 4108">
     <span class='ocr_line' id='line_1_85' title="bbox 2163 4033 3764 4108; baseline 0.001 -20"><span class='ocrx_word' id='word_1_676' title='bbox 2163 4045 2266 4088; x_wconf 82' lang='lat' dir='ltr'><strong>est.</strong></span> <span class='ocrx_word' id='word_1_677' title='bbox 2305 4054 2324 4086; x_wconf 76' lang='grc' dir='ltr'><strong><em>ι</em></strong></span> <span class='ocrx_word' id='word_1_678' title='bbox 2363 4033 2493 4088; x_wconf 82' lang='lat' dir='ltr'><strong>Vide</strong></span> <span class='ocrx_word' id='word_1_679' title='bbox 2541 4033 2789 4090; x_wconf 88' lang='lat' dir='ltr'><strong>homines</strong></span> <span class='ocrx_word' id='word_1_680' title='bbox 2833 4035 3002 4090; x_wconf 84' lang='lat' dir='ltr'><strong>maria</strong></span> <span class='ocrx_word' id='word_1_681' title='bbox 3031 4033 3266 4092; x_wconf 86' lang='lat' dir='ltr'><strong>transire</strong></span> <span class='ocrx_word' id='word_1_682' title='bbox 3291 4055 3304 4091; x_wconf 90' lang='lat'>:</span> <span class='ocrx_word' id='word_1_683' title='bbox 3329 4047 3456 4092; x_wconf 89' lang='lat' dir='ltr'><strong>ante</strong></span> <span class='ocrx_word' id='word_1_684' title='bbox 3487 4045 3764 4108; x_wconf 85' lang='lat' dir='ltr'><strong>potentum</strong></span> 
     </span>
    </p>
   </div>
   <div class='ocr_carea' id='block_1_86' title="bbox 2161 4125 3766 4198">
    <p class='ocr_par' dir='ltr' id='par_1_86' title="bbox 2161 4125 3766 4198">
     <span class='ocr_line' id='line_1_86' title="bbox 2161 4125 3766 4198; baseline 0.001 -17"><span class='ocrx_word' id='word_1_685' title='bbox 2161 4125 2434 4182; x_wconf 77' lang='lat' dir='ltr'><strong>excubare</strong></span> <span class='ocrx_word' id='word_1_686' title='bbox 2459 4127 2601 4184; x_wconf 81' lang='lat' dir='ltr'><strong>iores</strong></span> <span class='ocrx_word' id='word_1_687' title='bbox 2631 4145 2644 4181; x_wconf 93' lang='lat'>:</span> <span class='ocrx_word' id='word_1_688' title='bbox 2689 4129 2798 4198; x_wconf 89' lang='lat' dir='ltr'><strong>pati</strong></span> <span class='ocrx_word' id='word_1_689' title='bbox 2827 4129 3010 4182; x_wconf 88' lang='lat' dir='ltr'><strong>omnia</strong></span> <span class='ocrx_word' id='word_1_690' title='bbox 3041 4143 3160 4198; x_wconf 76' lang='lat' dir='ltr'><strong>quae</strong></span> <span class='ocrx_word' id='word_1_691' title='bbox 3209 4143 3493 4184; x_wconf 82' lang='lat' dir='ltr'><strong>servorum</strong></span> <span class='ocrx_word' id='word_1_692' title='bbox 3524 4129 3766 4184; x_wconf 90' lang='lat' dir='ltr'><strong>conditio</strong></span> 
     </span>
    </p>
   </div>
   <div class='ocr_carea' id='block_1_87' title="bbox 2161 4219 3772 4294">
    <p class='ocr_par' dir='ltr' id='par_1_87' title="bbox 2161 4219 3772 4294">
     <span class='ocr_line' id='line_1_87' title="bbox 2161 4219 3772 4294; baseline 0.002 -18"><span class='ocrx_word' id='word_1_693' title='bbox 2161 4223 2246 4276; x_wconf 86' lang='lat' dir='ltr'><strong>vix</strong></span> <span class='ocrx_word' id='word_1_694' title='bbox 2281 4221 2502 4292; x_wconf 88' lang='lat' dir='ltr'><strong>patitur,</strong></span> <span class='ocrx_word' id='word_1_695' title='bbox 2531 4233 2592 4278; x_wconf 89' lang='lat' dir='ltr'><strong>ut</strong></span> <span class='ocrx_word' id='word_1_696' title='bbox 2615 4221 2830 4278; x_wconf 85' lang='lat' dir='ltr'><strong>divitias</strong></span> <span class='ocrx_word' id='word_1_697' title='bbox 2860 4232 3218 4294; x_wconf 77' lang='lat' dir='ltr'><strong>congregem,</strong></span> <span class='ocrx_word' id='word_1_698' title='bbox 3255 4233 3312 4276; x_wconf 89' lang='lat' dir='ltr'><strong>ut</strong></span> <span class='ocrx_word' id='word_1_699' title='bbox 3355 4221 3596 4294; x_wconf 84' lang='lat' dir='ltr'><strong>aliquam</strong></span> <span class='ocrx_word' id='word_1_700' title='bbox 3630 4219 3772 4278; x_wconf 48' lang='lat' dir='ltr'><strong>accit-</strong></span> 
     </span>
    </p>
   </div>
   <div class='ocr_carea' id='block_1_88' title="bbox 2161 4313 3768 4388">
    <p class='ocr_par' dir='ltr' id='par_1_88' title="bbox 2161 4313 3768 4388">
     <span class='ocr_line' id='line_1_88' title="bbox 2161 4313 3768 4388; baseline 0.004 -20"><span class='ocrx_word' id='word_1_701' title='bbox 2161 4313 2652 4386; x_wconf 83' lang='lat' dir='ltr'><strong>piantdignitatem</strong></span> <span class='ocrx_word' id='word_1_702' title='bbox 2691 4333 2704 4369; x_wconf 91' lang='lat'>:</span> <span class='ocrx_word' id='word_1_703' title='bbox 2755 4325 2810 4372; x_wconf 90' lang='lat' dir='ltr'><strong>ct</strong></span> <span class='ocrx_word' id='word_1_704' title='bbox 2833 4323 3121 4388; x_wconf 87' lang='lat' dir='ltr'><strong>postquam</strong></span> <span class='ocrx_word' id='word_1_705' title='bbox 3155 4313 3261 4372; x_wconf 89' lang='lat' dir='ltr'><strong>hoc</strong></span> <span class='ocrx_word' id='word_1_706' title='bbox 3309 4313 3514 4372; x_wconf 82' lang='lat' dir='ltr'><strong>fuerint</strong></span> <span class='ocrx_word' id='word_1_707' title='bbox 3565 4331 3768 4374; x_wconf 68' lang='grc' dir='ltr'><strong>ροηδε·</strong></span> 
     </span>
    </p>
   </div>
   <div class='ocr_carea' id='block_1_89' title="bbox 2160 4401 3774 4479">
    <p class='ocr_par' dir='ltr' id='par_1_89' title="bbox 2160 4401 3774 4479">
     <span class='ocr_line' id='line_1_89' title="bbox 2160 4401 3774 4479; baseline 0 -15"><span class='ocrx_word' id='word_1_708' title='bbox 2160 4407 2294 4476; x_wconf 89' lang='lat' dir='ltr'><strong>cuti,</strong></span> <span class='ocrx_word' id='word_1_709' title='bbox 2329 4409 2544 4464; x_wconf 84' lang='lat' dir='ltr'><strong>tradere</strong></span> <span class='ocrx_word' id='word_1_710' title='bbox 2575 4409 2873 4464; x_wconf 68' lang='lat' dir='ltr'><strong>seluxurian</strong></span> <span class='ocrx_word' id='word_1_711' title='bbox 2905 4419 2956 4464; x_wconf 91' lang='lat' dir='ltr'><strong>et</strong></span> <span class='ocrx_word' id='word_1_712' title='bbox 3003 4401 3378 4479; x_wconf 84' lang='lat' dir='ltr'><strong>voluptatibus</strong></span> <span class='ocrx_word' id='word_1_713' title='bbox 3401 4419 3456 4466; x_wconf 90' lang='lat' dir='ltr'><strong>ct</strong></span> <span class='ocrx_word' id='word_1_714' title='bbox 3486 4409 3638 4466; x_wconf 90' lang='lat' dir='ltr'><strong>omni</strong></span> <span class='ocrx_word' id='word_1_715' title='bbox 3671 4407 3774 4466; x_wconf 87' lang='lat' dir='ltr'><strong>iui-</strong></span> 
     </span>
    </p>
   </div>
   <div class='ocr_carea' id='block_1_90' title="bbox 2163 4497 3772 4574">
    <p class='ocr_par' dir='ltr' id='par_1_90' title="bbox 2163 4497 3772 4574">
     <span class='ocr_line' id='line_1_90' title="bbox 2163 4497 3772 4574; baseline 0.001 -18"><span class='ocrx_word' id='word_1_716' title='bbox 2163 4503 2378 4573; x_wconf 91' lang='lat' dir='ltr'><strong>quitati,</strong></span> <span class='ocrx_word' id='word_1_717' title='bbox 2411 4509 2468 4557; x_wconf 91' lang='lat' dir='ltr'><strong>ut</strong></span> <span class='ocrx_word' id='word_1_718' title='bbox 2499 4501 2643 4574; x_wconf 85' lang='lat' dir='ltr'><strong>quod</strong></span> <span class='ocrx_word' id='word_1_719' title='bbox 2691 4497 2918 4558; x_wconf 74' lang='lat' dir='ltr'><strong>avaritia</strong></span> <span class='ocrx_word' id='word_1_720' title='bbox 2958 4503 3334 4574; x_wconf 79' lang='lat' dir='ltr'><strong>congregavit,</strong></span> <span class='ocrx_word' id='word_1_721' title='bbox 3391 4501 3608 4558; x_wconf 80' lang='lat' dir='ltr'><strong>luxuria</strong></span> <span class='ocrx_word' id='word_1_722' title='bbox 3639 4517 3772 4558; x_wconf 85' lang='lat' dir='ltr'><strong>cou-</strong></span> 
     </span>
    </p>
   </div>
   <div class='ocr_carea' id='block_1_91' title="bbox 453 4581 3774 4666">
    <p class='ocr_par' dir='ltr' id='par_1_91' title="bbox 453 4581 3774 4666">
     <span class='ocr_line' id='line_1_91' title="bbox 453 4581 3774 4666; baseline 0 -16"><span class='ocrx_word' id='word_1_723' title='bbox 453 4609 748 4662; x_wconf 86' lang='lat' dir='ltr'><strong>numquam</strong></span> <span class='ocrx_word' id='word_1_724' title='bbox 773 4605 898 4650; x_wconf 87' lang='lat' dir='ltr'><strong>ante</strong></span> <span class='ocrx_word' id='word_1_725' title='bbox 933 4593 1267 4662; x_wconf 76' lang='lat' dir='ltr'><strong>praecedens,</strong></span> <span class='ocrx_word' id='word_1_726' title='bbox 1307 4593 1402 4648; x_wconf 91' lang='lat' dir='ltr'><strong>sed</strong></span> <span class='ocrx_word' id='word_1_727' title='bbox 1431 4607 1652 4664; x_wconf 87' lang='lat' dir='ltr'><strong>semper</strong></span> <span class='ocrx_word' id='word_1_728' title='bbox 1685 4603 2010 4664; x_wconf 84' lang='lat' dir='ltr'><strong>exspectans</strong></span> <span class='ocrx_word' id='word_1_729' title='bbox 2037 4633 2052 4658; x_wconf 88' lang='lat'><strong>,</strong></span> <span class='ocrx_word' id='word_1_730' title='bbox 2081 4581 2136 4642; x_wconf 79' lang='grc' dir='ltr'><strong><em>Β</em></strong></span> <span class='ocrx_word' id='word_1_731' title='bbox 2161 4605 2358 4649; x_wconf 88' lang='lat' dir='ltr'><strong>sumat.</strong></span> <span class='ocrx_word' id='word_1_732' title='bbox 2407 4591 2498 4648; x_wconf 76' lang='lat' dir='ltr'><strong>Isti</strong></span> <span class='ocrx_word' id='word_1_733' title='bbox 2529 4609 2657 4666; x_wconf 81' lang='lat' dir='ltr'><strong>ergo</strong></span> <span class='ocrx_word' id='word_1_734' title='bbox 2687 4609 2784 4664; x_wconf 88' lang='lat' dir='ltr'><strong>pro</strong></span> <span class='ocrx_word' id='word_1_735' title='bbox 2831 4593 3109 4650; x_wconf 88' lang='lat' dir='ltr'><strong>laboribus</strong></span> <span class='ocrx_word' id='word_1_736' title='bbox 3137 4593 3252 4650; x_wconf 90' lang='lat' dir='ltr'><strong>suis</strong></span> <span class='ocrx_word' id='word_1_737' title='bbox 3275 4591 3591 4650; x_wconf 87' lang='lat' dir='ltr'><strong>ei&#39;iiciuntur</strong></span> <span class='ocrx_word' id='word_1_738' title='bbox 3641 4593 3774 4650; x_wconf 86' lang='lat' dir='ltr'><strong>hos-</strong></span> 
     </span>
    </p>
   </div>
   <div class='ocr_carea' id='block_1_92' title="bbox 459 4685 2054 4756">
    <p class='ocr_par' dir='ltr' id='par_1_92' title="bbox 459 4685 2054 4756">
     <span class='ocr_line' id='line_1_92' title="bbox 459 4685 2054 4756; baseline 0.002 -15"><span class='ocrx_word' id='word_1_739' title='bbox 459 4695 516 4742; x_wconf 89' lang='lat' dir='ltr'><strong>ut</strong></span> <span class='ocrx_word' id='word_1_740' title='bbox 547 4685 639 4741; x_wconf 90' lang='lat' dir='ltr'><strong>ille</strong></span> <span class='ocrx_word' id='word_1_741' title='bbox 661 4685 763 4741; x_wconf 89' lang='lat' dir='ltr'><strong>sibi</strong></span> <span class='ocrx_word' id='word_1_742' title='bbox 797 4687 1002 4740; x_wconf 87' lang='lat' dir='ltr'><strong>muniat</strong></span> <span class='ocrx_word' id='word_1_743' title='bbox 1025 4689 1188 4740; x_wconf 82' lang='lat' dir='ltr'><strong>viam.</strong></span> <span class='ocrx_word' id='word_1_744' title='bbox 1223 4685 1518 4743; x_wconf 85' lang='lat' dir='ltr'><strong>Uhiautem</strong></span> <span class='ocrx_word' id='word_1_745' title='bbox 1551 4687 1940 4756; x_wconf 77' lang='lat' dir='ltr'><strong>steteritjuxta</strong></span> <span class='ocrx_word' id='word_1_746' title='bbox 1963 4703 2054 4756; x_wconf 88' lang='lat' dir='ltr'><strong>pe-</strong></span> 
     </span>
    </p>
   </div>
   <div class='ocr_carea' id='block_1_93' title="bbox 453 4779 2060 4850">
    <p class='ocr_par' dir='ltr' id='par_1_93' title="bbox 453 4779 2060 4850">
     <span class='ocr_line' id='line_1_93' title="bbox 453 4779 2060 4850; baseline -0.002 -12"><span class='ocrx_word' id='word_1_747' title='bbox 453 4783 551 4838; x_wconf 90' lang='lat' dir='ltr'><strong>des</strong></span> <span class='ocrx_word' id='word_1_748' title='bbox 602 4781 872 4836; x_wconf 87' lang='lat' dir='ltr'><strong>sermonis</strong></span> <span class='ocrx_word' id='word_1_749' title='bbox 901 4783 1007 4847; x_wconf 90' lang='lat' dir='ltr'><strong>sui,</strong></span> <span class='ocrx_word' id='word_1_750' title='bbox 1039 4779 1110 4836; x_wconf 90' lang='lat' dir='ltr'><strong>ibi</strong></span> <span class='ocrx_word' id='word_1_751' title='bbox 1169 4779 1350 4834; x_wconf 87' lang='lat' dir='ltr'><strong>statim</strong></span> <span class='ocrx_word' id='word_1_752' title='bbox 1402 4787 1567 4850; x_wconf 87' lang='lat' dir='ltr'><strong>terra,</strong></span> <span class='ocrx_word' id='word_1_753' title='bbox 1593 4795 1760 4850; x_wconf 80' lang='lat' dir='ltr'><strong>Opera</strong></span> <span class='ocrx_word' id='word_1_754' title='bbox 1807 4779 2060 4836; x_wconf 87' lang='lat' dir='ltr'><strong>videlicet</strong></span> 
     </span>
    </p>
   </div>
   <div class='ocr_carea' id='block_1_94' title="bbox 455 4871 2062 4944">
    <p class='ocr_par' dir='ltr' id='par_1_94' title="bbox 455 4871 2062 4944">
     <span class='ocr_line' id='line_1_94' title="bbox 455 4871 2062 4944; baseline -0.002 -12"><span class='ocrx_word' id='word_1_755' title='bbox 455 4877 636 4932; x_wconf 86' lang='lat' dir='ltr'><strong>carnis</strong></span> <span class='ocrx_word' id='word_1_756' title='bbox 663 4883 716 4932; x_wconf 89' lang='lat' dir='ltr'><strong>et</strong></span> <span class='ocrx_word' id='word_1_757' title='bbox 745 4889 1036 4944; x_wconf 88' lang='lat' dir='ltr'><strong>corporum</strong></span> <span class='ocrx_word' id='word_1_758' title='bbox 1079 4889 1186 4930; x_wconf 88' lang='lat' dir='ltr'><strong>non</strong></span> <span class='ocrx_word' id='word_1_759' title='bbox 1221 4873 1452 4930; x_wconf 85' lang='lat' dir='ltr'><strong>valentia</strong></span> <span class='ocrx_word' id='word_1_760' title='bbox 1483 4873 1754 4928; x_wconf 84' lang='lat' dir='ltr'><strong>sustinere</strong></span> <span class='ocrx_word' id='word_1_761' title='bbox 1795 4871 1892 4927; x_wconf 90' lang='lat' dir='ltr'><strong>Dei</strong></span> <span class='ocrx_word' id='word_1_762' title='bbox 1921 4889 2062 4942; x_wconf 83' lang='lat' dir='ltr'><strong>prac-</strong></span> 
     </span>
    </p>
   </div>
   <div class='ocr_carea' id='block_1_95' title="bbox 457 4965 2056 5038">
    <p class='ocr_par' dir='ltr' id='par_1_95' title="bbox 457 4965 2056 5038">
     <span class='ocr_line' id='line_1_95' title="bbox 457 4965 2056 5038; baseline -0.003 -13"><span class='ocrx_word' id='word_1_763' title='bbox 457 4971 714 5038; x_wconf 88' lang='lat' dir='ltr'><strong>sentiam,</strong></span> <span class='ocrx_word' id='word_1_764' title='bbox 763 4977 1195 5023; x_wconf 89' lang='lat' dir='ltr'><strong>commoventur.</strong></span> <span class='ocrx_word' id='word_1_765' title='bbox 1231 4967 1476 5037; x_wconf 89' lang='lat' dir='ltr'><strong>Cumque</strong></span> <span class='ocrx_word' id='word_1_766' title='bbox 1520 4973 1792 5022; x_wconf 88' lang='lat' dir='ltr'><strong>commota</strong></span> <span class='ocrx_word' id='word_1_767' title='bbox 1819 4965 2056 5030; x_wconf 87' lang='lat' dir='ltr'><strong>i&#39;uetint,</strong></span> 
     </span>
    </p>
   </div>
   <div class='ocr_carea' id='block_1_96' title="bbox 455 5059 2056 5134">
    <p class='ocr_par' dir='ltr' id='par_1_96' title="bbox 455 5059 2056 5134">
     <span class='ocr_line' id='line_1_96' title="bbox 455 5059 2056 5134; baseline -0.001 -16"><span class='ocrx_word' id='word_1_768' title='bbox 455 5067 631 5120; x_wconf 81' lang='lat' dir='ltr'><strong>virtus</strong></span> <span class='ocrx_word' id='word_1_769' title='bbox 677 5063 948 5118; x_wconf 87' lang='lat' dir='ltr'><strong>sermonis</strong></span> <span class='ocrx_word' id='word_1_770' title='bbox 978 5073 1032 5116; x_wconf 89' lang='lat' dir='ltr'><strong>et</strong></span> <span class='ocrx_word' id='word_1_771' title='bbox 1083 5061 1371 5134; x_wconf 83' lang='lat' dir='ltr'><strong>praesentia</strong></span> <span class='ocrx_word' id='word_1_772' title='bbox 1425 5059 1520 5116; x_wconf 90' lang='lat' dir='ltr'><strong>Dei</strong></span> <span class='ocrx_word' id='word_1_773' title='bbox 1563 5059 1784 5130; x_wconf 64' lang='lat' dir='ltr'><strong>respicit</strong></span> <span class='ocrx_word' id='word_1_774' title='bbox 1833 5071 2056 5116; x_wconf 88' lang='lat' dir='ltr'><strong>cunctas</strong></span> 
     </span>
    </p>
   </div>
   <div class='ocr_carea' id='block_1_97' title="bbox 451 5154 2056 5230">
    <p class='ocr_par' dir='ltr' id='par_1_97' title="bbox 451 5154 2056 5230">
     <span class='ocr_line' id='line_1_97' title="bbox 451 5154 2056 5230; baseline -0.001 -16"><span class='ocrx_word' id='word_1_775' title='bbox 451 5157 482 5198; x_wconf 70' lang='grc' dir='ltr'><strong>ιι</strong></span> <span class='ocrx_word' id='word_1_776' title='bbox 513 5159 708 5214; x_wconf 75' lang='lat' dir='ltr'><strong>animae</strong></span> <span class='ocrx_word' id='word_1_777' title='bbox 731 5165 940 5230; x_wconf 78' lang='lat' dir='ltr'><strong>gentes,</strong></span> <span class='ocrx_word' id='word_1_778' title='bbox 991 5171 1126 5228; x_wconf 88' lang='lat' dir='ltr'><strong>quas</strong></span> <span class='ocrx_word' id='word_1_779' title='bbox 1153 5155 1506 5224; x_wconf 82' lang='lat' dir='ltr'><strong>cogitationes</strong></span> <span class='ocrx_word' id='word_1_780' title='bbox 1537 5165 1590 5210; x_wconf 90' lang='lat' dir='ltr'><strong>et</strong></span> <span class='ocrx_word' id='word_1_781' title='bbox 1619 5154 1946 5226; x_wconf 89' lang='lat' dir='ltr'><strong>multiplices</strong></span> <span class='ocrx_word' id='word_1_782' title='bbox 2001 5155 2056 5212; x_wconf 91' lang='lat' dir='ltr'><strong>in</strong></span> 
     </span>
    </p>
   </div>
   <div class='ocr_carea' id='block_1_98' title="bbox 457 5249 2056 5322">
    <p class='ocr_par' dir='ltr' id='par_1_98' title="bbox 457 5249 2056 5322">
     <span class='ocr_line' id='line_1_98' title="bbox 457 5249 2056 5322; baseline -0.004 -10"><span class='ocrx_word' id='word_1_783' title='bbox 457 5253 670 5312; x_wconf 86' lang='lat' dir='ltr'><strong>diversa</strong></span> <span class='ocrx_word' id='word_1_784' title='bbox 703 5253 1006 5308; x_wconf 88' lang='lat' dir='ltr'><strong>sententias</strong></span> <span class='ocrx_word' id='word_1_785' title='bbox 1047 5265 1330 5322; x_wconf 56' lang='lat' dir='ltr'><strong>possumus</strong></span> <span class='ocrx_word' id='word_1_786' title='bbox 1370 5249 1693 5320; x_wconf 73' lang='lat' dir='ltr'><strong>intelligere,</strong></span> <span class='ocrx_word' id='word_1_787' title='bbox 1731 5265 1852 5321; x_wconf 82' lang='lat' dir='ltr'><strong>quae</strong></span> <span class='ocrx_word' id='word_1_788' title='bbox 1907 5251 2056 5306; x_wconf 90' lang='lat' dir='ltr'><strong>illico</strong></span> 
     </span>
    </p>
   </div>
   <div class='ocr_carea' id='block_1_99' title="bbox 531 5389 2100 5476">
    <p class='ocr_par' dir='ltr' id='par_1_99' title="bbox 531 5389 2100 5476">
     <span class='ocr_line' id='line_1_99' title="bbox 531 5389 2100 5476; baseline -0.003 -28"><span class='ocrx_word' id='word_1_789' title='bbox 531 5401 558 5432; x_wconf 74' lang='grc' dir='ltr'><strong>ει</strong></span> <span class='ocrx_word' id='word_1_790' title='bbox 589 5393 810 5464; x_wconf 72' lang='lat' dir='ltr'><strong>Reginae</strong></span> <span class='ocrx_word' id='word_1_791' title='bbox 841 5389 1138 5458; x_wconf 79' lang='lat' dir='ltr'><strong>ms.,ubtei</strong></span> <span class='ocrx_word' id='word_1_792' title='bbox 1159 5399 1192 5442; x_wconf 81' lang='lat' dir='ltr'><strong>tt</strong></span> <span class='ocrx_word' id='word_1_793' title='bbox 1221 5399 1454 5444; x_wconf 68' lang='lat' dir='ltr'><strong>sermone</strong></span> <span class='ocrx_word' id='word_1_794' title='bbox 1473 5403 1568 5476; x_wconf 61' lang='lat' dir='ltr'><strong>apo</strong></span> <span class='ocrx_word' id='word_1_795' title='bbox 1595 5391 1735 5460; x_wconf 77' lang='lat' dir='ltr'><strong>regio</strong></span> <span class='ocrx_word' id='word_1_796' title='bbox 1763 5399 2056 5462; x_wconf 69' lang='lat' dir='ltr'><strong>praeparatu</strong></span> <span class='ocrx_word' id='word_1_797' title='bbox 2093 5445 2100 5456; x_wconf 86' lang='lat'>_</span> 
     </span>
    </p>
   </div>
   <div class='ocr_carea' id='block_1_100' title="bbox 375 5475 692 5542">
    <p class='ocr_par' dir='ltr' id='par_1_100' title="bbox 375 5475 692 5542">
     <span class='ocr_line' id='line_1_100' title="bbox 375 5475 692 5542; baseline 0 0"><span class='ocrx_word' id='word_1_798' title='bbox 375 5531 386 5542; x_wconf 87' lang='lat'><strong>.</strong></span> <span class='ocrx_word' id='word_1_799' title='bbox 451 5475 548 5542; x_wconf 61' lang='grc'><strong>⁸⁸⁸)</strong></span> <span class='ocrx_word' id='word_1_800' title='bbox 581 5477 692 5542; x_wconf 50' lang='grc' dir='ltr'><strong>βφ-</strong></span> 
     </span>
    </p>
   </div>
   <div class='ocr_carea' id='block_1_101' title="bbox 525 5531 2056 5594">
    <p class='ocr_par' dir='ltr' id='par_1_101' title="bbox 525 5531 2056 5594">
     <span class='ocr_line' id='line_1_101' title="bbox 525 5531 2056 5594; baseline -0.006 0"><span class='ocrx_word' id='word_1_801' title='bbox 525 5531 554 5578; x_wconf 60' lang='lat'>13</span> <span class='ocrx_word' id='word_1_802' title='bbox 591 5537 858 5594; x_wconf 69' lang='lat' dir='ltr'><strong>Victorius</strong></span> <span class='ocrx_word' id='word_1_803' title='bbox 889 5551 957 5588; x_wconf 84' lang='lat' dir='ltr'><strong>ex</strong></span> <span class='ocrx_word' id='word_1_804' title='bbox 1011 5533 1348 5588; x_wconf 76' lang='lat' dir='ltr'><strong>Florentinis</strong></span> <span class='ocrx_word' id='word_1_805' title='bbox 1379 5531 1540 5590; x_wconf 82' lang='lat' dir='ltr'><strong>codd.</strong></span> <span class='ocrx_word' id='word_1_806' title='bbox 1576 5533 1814 5589; x_wconf 83' lang='lat' dir='ltr'><strong>restituit</strong></span> <span class='ocrx_word' id='word_1_807' title='bbox 1853 5533 2056 5588; x_wconf 75' lang='lat' dir='ltr'><strong>anitna-</strong></span> 
     </span>
    </p>
   </div>
   <div class='ocr_carea' id='block_1_102' title="bbox 457 5601 2060 5678">
    <p class='ocr_par' dir='ltr' id='par_1_102' title="bbox 457 5601 2060 5678">
     <span class='ocr_line' id='line_1_102' title="bbox 457 5601 2060 5678; baseline -0.004 -14"><span class='ocrx_word' id='word_1_808' title='bbox 457 5629 576 5666; x_wconf 84' lang='lat' dir='ltr'><strong>rum</strong></span> <span class='ocrx_word' id='word_1_809' title='bbox 607 5627 622 5675; x_wconf 85' lang='lat'><strong>;</strong></span> <span class='ocrx_word' id='word_1_810' title='bbox 655 5623 790 5674; x_wconf 83' lang='lat' dir='ltr'><strong>itltll,</strong></span> <span class='ocrx_word' id='word_1_811' title='bbox 839 5603 1048 5678; x_wconf 85' lang='lat' dir='ltr'><strong>junctis</strong></span> <span class='ocrx_word' id='word_1_812' title='bbox 1079 5601 1221 5672; x_wconf 83' lang='lat' dir='ltr'><strong>aliis,</strong></span> <span class='ocrx_word' id='word_1_813' title='bbox 1248 5601 1622 5676; x_wconf 79' lang='lat' dir='ltr'><strong>mttitipiiceset</strong></span> <span class='ocrx_word' id='word_1_814' title='bbox 1676 5603 1905 5660; x_wconf 79' lang='lat' dir='ltr'><strong>dirersas</strong></span> <span class='ocrx_word' id='word_1_815' title='bbox 1945 5621 2060 5659; x_wconf 79' lang='lat' dir='ltr'><strong>sett-</strong></span> 
     </span>
    </p>
   </div>
   <div class='ocr_carea' id='block_1_103' title="bbox 463 5681 830 5750">
    <p class='ocr_par' dir='ltr' id='par_1_103' title="bbox 463 5681 830 5750">
     <span class='ocr_line' id='line_1_103' title="bbox 463 5681 830 5750; baseline -0.019 -13"><span class='ocrx_word' id='word_1_816' title='bbox 463 5683 648 5737; x_wconf 80' lang='lat' dir='ltr'><strong>tetttias</strong></span> <span class='ocrx_word' id='word_1_817' title='bbox 679 5681 830 5750; x_wconf 76' lang='lat' dir='ltr'><strong>legit.</strong></span> 
     </span>
    </p>
   </div>
   <div class='ocr_carea' id='block_1_104' title="bbox 533 5747 2062 5816">
    <p class='ocr_par' dir='ltr' id='par_1_104' title="bbox 533 5747 2062 5816">
     <span class='ocr_line' id='line_1_104' title="bbox 533 5747 2062 5816; baseline -0.001 -10"><span class='ocrx_word' id='word_1_818' title='bbox 533 5765 556 5791; x_wconf 72' lang='grc' dir='ltr'><em>ε</em></span> <span class='ocrx_word' id='word_1_819' title='bbox 587 5747 864 5814; x_wconf 70' lang='lat' dir='ltr'><strong>Martium,</strong></span> <span class='ocrx_word' id='word_1_820' title='bbox 897 5749 1118 5802; x_wconf 81' lang='lat' dir='ltr'><strong>adventu</strong></span> <span class='ocrx_word' id='word_1_821' title='bbox 1144 5759 1188 5802; x_wconf 88' lang='lat' dir='ltr'><strong>et</strong></span> <span class='ocrx_word' id='word_1_822' title='bbox 1219 5749 1314 5804; x_wconf 88' lang='lat' dir='ltr'><strong>Dei</strong></span> <span class='ocrx_word' id='word_1_823' title='bbox 1341 5765 1362 5816; x_wconf 85' lang='lat'><strong><em>;</em></strong></span> <span class='ocrx_word' id='word_1_824' title='bbox 1389 5759 1503 5806; x_wconf 90' lang='lat' dir='ltr'><strong>tum</strong></span> <span class='ocrx_word' id='word_1_825' title='bbox 1531 5749 1810 5808; x_wconf 83' lang='lat' dir='ltr'><strong>Victorius</strong></span> <span class='ocrx_word' id='word_1_826' title='bbox 1843 5747 2062 5816; x_wconf 89' lang='lat' dir='ltr'><strong>maluit,</strong></span> 
     </span>
    </p>
   </div>
   <div class='ocr_carea' id='block_1_105' title="bbox 457 5821 1200 5894">
    <p class='ocr_par' dir='ltr' id='par_1_105' title="bbox 457 5821 1200 5894">
     <span class='ocr_line' id='line_1_105' title="bbox 457 5821 1200 5894; baseline -0.009 -13"><span class='ocrx_word' id='word_1_827' title='bbox 457 5821 801 5894; x_wconf 70' lang='lat' dir='ltr'><strong>confringitur</strong></span> <span class='ocrx_word' id='word_1_828' title='bbox 828 5831 874 5876; x_wconf 89' lang='lat' dir='ltr'><strong>et</strong></span> <span class='ocrx_word' id='word_1_829' title='bbox 901 5821 1200 5876; x_wconf 84' lang='lat' dir='ltr'><strong>conteritur.</strong></span> 
     </span>
    </p>
   </div>
   <div class='ocr_carea' id='block_1_106' title="bbox 2161 4683 3768 4758">
    <p class='ocr_par' dir='ltr' id='par_1_106' title="bbox 2161 4683 3768 4758">
     <span class='ocr_line' id='line_1_106' title="bbox 2161 4683 3768 4758; baseline 0.003 -18"><span class='ocrx_word' id='word_1_830' title='bbox 2161 4687 2352 4758; x_wconf 88' lang='lat' dir='ltr'><strong>pitium</strong></span> <span class='ocrx_word' id='word_1_831' title='bbox 2385 4685 2718 4750; x_wconf 78' lang='lat' dir='ltr'><strong>daemonum,</strong></span> <span class='ocrx_word' id='word_1_832' title='bbox 2765 4697 2822 4742; x_wconf 91' lang='lat' dir='ltr'><strong>et</strong></span> <span class='ocrx_word' id='word_1_833' title='bbox 2871 4687 2962 4756; x_wconf 91' lang='lat' dir='ltr'><strong>qui</strong></span> <span class='ocrx_word' id='word_1_834' title='bbox 2995 4685 3258 4757; x_wconf 70' lang='lat' dir='ltr'><strong>templum</strong></span> <span class='ocrx_word' id='word_1_835' title='bbox 3287 4683 3380 4744; x_wconf 88' lang='lat' dir='ltr'><strong>Dei</strong></span> <span class='ocrx_word' id='word_1_836' title='bbox 3441 4703 3565 4744; x_wconf 89' lang='lat' dir='ltr'><strong>esse</strong></span> <span class='ocrx_word' id='word_1_837' title='bbox 3595 4687 3768 4744; x_wconf 38' lang='lat' dir='ltr'><strong>debes</strong></span> 
     </span>
    </p>
   </div>
   <div class='ocr_carea' id='block_1_107' title="bbox 2161 4779 3772 4852">
    <p class='ocr_par' dir='ltr' id='par_1_107' title="bbox 2161 4779 3772 4852">
     <span class='ocr_line' id='line_1_107' title="bbox 2161 4779 3772 4852; baseline 0.001 -15"><span class='ocrx_word' id='word_1_838' title='bbox 2161 4781 2310 4850; x_wconf 85' lang='lat' dir='ltr'><strong>bant,</strong></span> <span class='ocrx_word' id='word_1_839' title='bbox 2365 4781 2502 4837; x_wconf 87' lang='lat' dir='ltr'><strong>iiunt</strong></span> <span class='ocrx_word' id='word_1_840' title='bbox 2545 4781 2952 4836; x_wconf 83' lang='lat' dir='ltr'><strong>tabernaculum</strong></span> <span class='ocrx_word' id='word_1_841' title='bbox 3005 4779 3344 4852; x_wconf 64' lang='lat' dir='ltr'><strong>Ethiopum.</strong></span> <span class='ocrx_word' id='word_1_842' title='bbox 3393 4779 3500 4837; x_wconf 91' lang='lat' dir='ltr'><strong>Sed</strong></span> <span class='ocrx_word' id='word_1_843' title='bbox 3547 4791 3608 4838; x_wconf 85' lang='lat' dir='ltr'><strong>et</strong></span> <span class='ocrx_word' id='word_1_844' title='bbox 3665 4779 3772 4838; x_wconf 86' lang='lat' dir='ltr'><strong>hoc</strong></span> 
     </span>
    </p>
   </div>
   <div class='ocr_carea' id='block_1_108' title="bbox 2161 4871 3768 4948">
    <p class='ocr_par' dir='ltr' id='par_1_108' title="bbox 2161 4871 3768 4948">
     <span class='ocr_line' id='line_1_108' title="bbox 2161 4871 3768 4948; baseline 0 -16"><span class='ocrx_word' id='word_1_845' title='bbox 2161 4877 2304 4948; x_wconf 89' lang='lat' dir='ltr'><strong>quod</strong></span> <span class='ocrx_word' id='word_1_846' title='bbox 2361 4877 2638 4948; x_wconf 88' lang='lat' dir='ltr'><strong>sequitur:</strong></span> <span class='ocrx_word' id='word_1_847' title='bbox 2703 4873 3067 4932; x_wconf 80' lang='lat' dir='ltr'><strong>Turbabtmtttr</strong></span> <span class='ocrx_word' id='word_1_848' title='bbox 3103 4875 3264 4948; x_wconf 81' lang='lat' dir='ltr'><strong>pelles</strong></span> <span class='ocrx_word' id='word_1_849' title='bbox 3317 4885 3470 4932; x_wconf 73' lang='lat' dir='ltr'><strong>terra!</strong></span> <span class='ocrx_word' id='word_1_850' title='bbox 3519 4871 3768 4945; x_wconf 71' lang='lat' dir='ltr'><strong>Modica,</strong></span> 
     </span>
    </p>
   </div>
   <div class='ocr_carea' id='block_1_109' title="bbox 2161 4967 3772 5038">
    <p class='ocr_par' dir='ltr' id='par_1_109' title="bbox 2161 4967 3772 5038">
     <span class='ocr_line' id='line_1_109' title="bbox 2161 4967 3772 5038; baseline 0 -12"><span class='ocrx_word' id='word_1_851' title='bbox 2161 4969 2276 5026; x_wconf 86' lang='lat' dir='ltr'><strong>sive</strong></span> <span class='ocrx_word' id='word_1_852' title='bbox 2307 4969 2556 5038; x_wconf 85' lang='lat' dir='ltr'><strong>parebunt</strong></span> <span class='ocrx_word' id='word_1_853' title='bbox 2607 4977 2653 5024; x_wconf 86' lang='lat' dir='ltr'><strong>et</strong></span> <span class='ocrx_word' id='word_1_854' title='bbox 2679 4969 3020 5026; x_wconf 83' lang='lat' dir='ltr'><strong>tabernacula</strong></span> <span class='ocrx_word' id='word_1_855' title='bbox 3051 4981 3202 5026; x_wconf 65' lang='lat' dir='ltr'><strong>terra:</strong></span> <span class='ocrx_word' id='word_1_856' title='bbox 3255 4967 3496 5036; x_wconf 82' lang='lat' dir='ltr'><strong>Madian,</strong></span> <span class='ocrx_word' id='word_1_857' title='bbox 3536 4967 3772 5026; x_wconf 85' lang='lat' dir='ltr'><strong>eosdem</strong></span> 
     </span>
    </p>
   </div>
   <div class='ocr_carea' id='block_1_110' title="bbox 2165 5059 3766 5134">
    <p class='ocr_par' dir='ltr' id='par_1_110' title="bbox 2165 5059 3766 5134">
     <span class='ocr_line' id='line_1_110' title="bbox 2165 5059 3766 5134; baseline -0.001 -16"><span class='ocrx_word' id='word_1_858' title='bbox 2165 5063 2406 5134; x_wconf 79' lang='lat' dir='ltr'><strong>intellige</strong></span> <span class='ocrx_word' id='word_1_859' title='bbox 2439 5061 2786 5118; x_wconf 82' lang='lat' dir='ltr'><strong>tabernacula</strong></span> <span class='ocrx_word' id='word_1_860' title='bbox 2811 5059 3154 5134; x_wconf 63' lang='lat' dir='ltr'><strong>Ethiopum,</strong></span> <span class='ocrx_word' id='word_1_861' title='bbox 3184 5071 3240 5118; x_wconf 89' lang='lat' dir='ltr'><strong>et</strong></span> <span class='ocrx_word' id='word_1_862' title='bbox 3283 5059 3632 5116; x_wconf 86' lang='lat' dir='ltr'><strong>tabernacula</strong></span> <span class='ocrx_word' id='word_1_863' title='bbox 3661 5071 3766 5118; x_wconf 60' lang='lat' dir='ltr'><strong>tero</strong></span> 
     </span>
    </p>
   </div>
   <div class='ocr_carea' id='block_1_111' title="bbox 2163 5151 3774 5230">
    <p class='ocr_par' dir='ltr' id='par_1_111' title="bbox 2163 5151 3774 5230">
     <span class='ocr_line' id='line_1_111' title="bbox 2163 5151 3774 5230; baseline 0 -16"><span class='ocrx_word' id='word_1_864' title='bbox 2163 5173 2242 5214; x_wconf 83' lang='lat' dir='ltr'><strong>rae</strong></span> <span class='ocrx_word' id='word_1_865' title='bbox 2271 5157 2504 5214; x_wconf 83' lang='lat' dir='ltr'><strong>Madian.</strong></span> <span class='ocrx_word' id='word_1_866' title='bbox 2563 5155 2856 5228; x_wconf 79' lang='lat' dir='ltr'><strong>Postquam</strong></span> <span class='ocrx_word' id='word_1_867' title='bbox 2909 5157 3054 5214; x_wconf 89' lang='lat' dir='ltr'><strong>enim</strong></span> <span class='ocrx_word' id='word_1_868' title='bbox 3077 5155 3236 5212; x_wconf 88' lang='lat' dir='ltr'><strong>ditati</strong></span> <span class='ocrx_word' id='word_1_869' title='bbox 3290 5151 3516 5222; x_wconf 84' lang='lat' dir='ltr'><strong>iuerint,</strong></span> <span class='ocrx_word' id='word_1_870' title='bbox 3575 5167 3634 5214; x_wconf 87' lang='lat' dir='ltr'><strong>et.</strong></span> <span class='ocrx_word' id='word_1_871' title='bbox 3675 5173 3774 5230; x_wconf 84' lang='lat' dir='ltr'><strong>per</strong></span> 
     </span>
    </p>
   </div>
   <div class='ocr_carea' id='block_1_112' title="bbox 2165 5247 3770 5322">
    <p class='ocr_par' dir='ltr' id='par_1_112' title="bbox 2165 5247 3770 5322">
     <span class='ocr_line' id='line_1_112' title="bbox 2165 5247 3770 5322; baseline 0 -16"><span class='ocrx_word' id='word_1_872' title='bbox 2165 5249 2248 5306; x_wconf 85' lang='lat' dir='ltr'><strong>fas</strong></span> <span class='ocrx_word' id='word_1_873' title='bbox 2269 5266 2332 5306; x_wconf 87' lang='lat' dir='ltr'><strong>ac</strong></span> <span class='ocrx_word' id='word_1_874' title='bbox 2378 5249 2532 5306; x_wconf 86' lang='lat' dir='ltr'><strong>net‘as</strong></span> <span class='ocrx_word' id='word_1_875' title='bbox 2559 5247 2624 5304; x_wconf 89' lang='lat' dir='ltr'><strong>ad</strong></span> <span class='ocrx_word' id='word_1_876' title='bbox 2668 5249 2994 5306; x_wconf 87' lang='lat' dir='ltr'><strong>altissimum</strong></span> <span class='ocrx_word' id='word_1_877' title='bbox 3027 5251 3252 5322; x_wconf 82' lang='lat' dir='ltr'><strong>gradum</strong></span> <span class='ocrx_word' id='word_1_878' title='bbox 3299 5247 3770 5318; x_wconf 84' lang='lat' dir='ltr'><strong>conscenderint,</strong></span> 
     </span>
    </p>
   </div>
   <div class='ocr_carea' id='block_1_113' title="bbox 2227 5379 3770 5460">
    <p class='ocr_par' dir='ltr' id='par_1_113' title="bbox 2227 5379 3770 5460">
     <span class='ocr_line' id='line_1_113' title="bbox 2227 5379 3770 5460; baseline 0.003 -18"><span class='ocrx_word' id='word_1_879' title='bbox 2227 5379 2262 5426; x_wconf 70' lang='grc' dir='ltr'><strong>ὶι</strong></span> <span class='ocrx_word' id='word_1_880' title='bbox 2283 5387 2476 5460; x_wconf 71' lang='lat' dir='ltr'><strong>Regio.</strong></span> <span class='ocrx_word' id='word_1_881' title='bbox 2509 5403 2614 5444; x_wconf 89' lang='lat' dir='ltr'><strong>ms.</strong></span> <span class='ocrx_word' id='word_1_882' title='bbox 2646 5405 2706 5442; x_wconf 83' lang='lat' dir='ltr'><strong>ea</strong></span> <span class='ocrx_word' id='word_1_883' title='bbox 2751 5391 3028 5460; x_wconf 77' lang='lat' dir='ltr'><strong>respiciens</strong></span> <span class='ocrx_word' id='word_1_884' title='bbox 3049 5391 3125 5460; x_wconf 14' lang='lat' dir='ltr'><strong>ad,</strong></span> <span class='ocrx_word' id='word_1_885' title='bbox 3145 5405 3264 5460; x_wconf 74' lang='lat' dir='ltr'><strong>quae</strong></span> <span class='ocrx_word' id='word_1_886' title='bbox 3281 5401 3410 5445; x_wconf 69' lang='lat' dir='ltr'><strong>om</strong></span> <span class='ocrx_word' id='word_1_887' title='bbox 3429 5405 3622 5460; x_wconf 70' lang='lat' dir='ltr'><strong>sermo,</strong></span> <span class='ocrx_word' id='word_1_888' title='bbox 3659 5401 3770 5448; x_wconf 83' lang='lat' dir='ltr'><strong>etc.</strong></span> 
     </span>
    </p>
   </div>
   <div class='ocr_carea' id='block_1_114' title="bbox 2165 5459 3776 5586">
    <p class='ocr_par' dir='ltr' id='par_1_114' title="bbox 2165 5459 3776 5586">
     <span class='ocr_line' id='line_1_114' title="bbox 2165 5459 3776 5586; baseline 0.001 -70"><span class='ocrx_word' id='word_1_889' title='bbox 2165 5461 2372 5586; x_wconf 50' lang='lat' dir='ltr'><strong>Rpiude</strong></span> <span class='ocrx_word' id='word_1_890' title='bbox 2421 5459 2714 5528; x_wconf 84' lang='lat' dir='ltr'><strong>Victorius,</strong></span> <span class='ocrx_word' id='word_1_891' title='bbox 2745 5471 2792 5516; x_wconf 85' lang='lat' dir='ltr'><strong>et</strong></span> <span class='ocrx_word' id='word_1_892' title='bbox 2837 5459 2900 5516; x_wconf 80' lang='lat' dir='ltr'><strong>ea</strong></span> <span class='ocrx_word' id='word_1_893' title='bbox 2943 5463 2996 5518; x_wconf 83' lang='lat' dir='ltr'><strong>in</strong></span> <span class='ocrx_word' id='word_1_894' title='bbox 3025 5459 3268 5528; x_wconf 78' lang='lat' dir='ltr'><strong>coitibus,</strong></span> <span class='ocrx_word' id='word_1_895' title='bbox 3313 5477 3413 5532; x_wconf 87' lang='lat' dir='ltr'><strong>pro</strong></span> <span class='ocrx_word' id='word_1_896' title='bbox 3441 5459 3640 5532; x_wconf 74' lang='lat' dir='ltr'><strong>fortius</strong></span> <span class='ocrx_word' id='word_1_897' title='bbox 3671 5465 3776 5518; x_wconf 85' lang='lat' dir='ltr'><strong>col-</strong></span> 
     </span>
     <span class='ocr_line' id='line_1_115' title="bbox 2191 5549 2318 5586; baseline 0 0"><span class='ocrx_word' id='word_1_898' title='bbox 2191 5551 2204 5586; x_wconf 84' lang='lat' dir='ltr'><strong>i</strong></span> <span class='ocrx_word' id='word_1_899' title='bbox 2227 5549 2318 5586; x_wconf 84' lang='lat' dir='ltr'><strong>ms.</strong></span> 
     </span>
    </p>
   </div>
   <div class='ocr_carea' id='block_1_115' title="bbox 2191 5551 3770 5672">
    <p class='ocr_par' dir='ltr' id='par_1_115' title="bbox 2191 5551 3770 5672">
     <span class='ocr_line' id='line_1_116' title="bbox 2227 5551 2318 5586; baseline 0 0"><span class='ocrx_word' id='word_1_900' title='bbox 2227 5551 2236 5578; x_wconf 70' lang='grc' dir='ltr'>ν</span> <span class='ocrx_word' id='word_1_901' title='bbox 2309 5575 2318 5586; x_wconf 93' lang='lat'><strong>.</strong></span> 
     </span>
     <span class='ocr_line' id='line_1_117' title="bbox 2191 5551 3770 5672; baseline 0.001 -15"><span class='ocrx_word' id='word_1_902' title='bbox 2191 5551 2372 5658; x_wconf 57' lang='grc' dir='ltr'><strong>’ίῗδιιιι</strong></span> <span class='ocrx_word' id='word_1_903' title='bbox 2405 5603 2700 5660; x_wconf 84' lang='lat' dir='ltr'><strong>emendant</strong></span> <span class='ocrx_word' id='word_1_904' title='bbox 2743 5619 2871 5660; x_wconf 80' lang='lat' dir='ltr'><strong>mss.</strong></span> <span class='ocrx_word' id='word_1_905' title='bbox 2903 5599 3072 5660; x_wconf 86' lang='lat' dir='ltr'><strong>nostri</strong></span> <span class='ocrx_word' id='word_1_906' title='bbox 3103 5613 3227 5672; x_wconf 86' lang='lat' dir='ltr'><strong>post</strong></span> <span class='ocrx_word' id='word_1_907' title='bbox 3257 5599 3588 5660; x_wconf 76' lang='lat' dir='ltr'><strong>Victorium.</strong></span> <span class='ocrx_word' id='word_1_908' title='bbox 3617 5601 3770 5660; x_wconf 72' lang='lat' dir='ltr'><strong>Mar-</strong></span> 
     </span>
    </p>
   </div>
   <div class='ocr_carea' id='block_1_116' title="bbox 2165 5675 3772 5746">
    <p class='ocr_par' dir='ltr' id='par_1_116' title="bbox 2165 5675 3772 5746">
     <span class='ocr_line' id='line_1_118' title="bbox 2165 5675 3772 5746; baseline 0 -16"><span class='ocrx_word' id='word_1_909' title='bbox 2165 5675 2396 5730; x_wconf 69' lang='lat' dir='ltr'><strong>tianaeus</strong></span> <span class='ocrx_word' id='word_1_910' title='bbox 2417 5675 2598 5734; x_wconf 88' lang='lat' dir='ltr'><strong>hiulco</strong></span> <span class='ocrx_word' id='word_1_911' title='bbox 2627 5689 2792 5734; x_wconf 83' lang='lat' dir='ltr'><strong>sensu</strong></span> <span class='ocrx_word' id='word_1_912' title='bbox 2823 5677 3142 5740; x_wconf 82' lang='lat' dir='ltr'><strong>retinuit,et</strong></span> <span class='ocrx_word' id='word_1_913' title='bbox 3163 5691 3338 5730; x_wconf 72' lang='lat' dir='ltr'><strong>omnes</strong></span> <span class='ocrx_word' id='word_1_914' title='bbox 3355 5675 3608 5744; x_wconf 70' lang='lat' dir='ltr'><strong>haeretici,</strong></span> <span class='ocrx_word' id='word_1_915' title='bbox 3637 5693 3772 5746; x_wconf 80' lang='lat' dir='ltr'><strong>quo-</strong></span> 
     </span>
    </p>
   </div>
   <div class='ocr_carea' id='block_1_117' title="bbox 2169 5747 3568 5820">
    <p class='ocr_par' dir='ltr' id='par_1_117' title="bbox 2169 5747 3568 5820">
     <span class='ocr_line' id='line_1_119' title="bbox 2169 5747 3568 5820; baseline 0 -18"><span class='ocrx_word' id='word_1_916' title='bbox 2169 5763 2284 5804; x_wconf 85' lang='lat' dir='ltr'><strong>rum</strong></span> <span class='ocrx_word' id='word_1_917' title='bbox 2311 5749 2544 5818; x_wconf 79' lang='lat' dir='ltr'><strong>scientia,</strong></span> <span class='ocrx_word' id='word_1_918' title='bbox 2577 5759 2684 5807; x_wconf 91' lang='lat' dir='ltr'><strong>etc.</strong></span> <span class='ocrx_word' id='word_1_919' title='bbox 2711 5749 2937 5806; x_wconf 87' lang='lat' dir='ltr'><strong>Leviora</strong></span> <span class='ocrx_word' id='word_1_920' title='bbox 2961 5747 3188 5806; x_wconf 79' lang='lat' dir='ltr'><strong>inferius</strong></span> <span class='ocrx_word' id='word_1_921' title='bbox 3211 5747 3568 5820; x_wconf 80' lang='lat' dir='ltr'><strong>castigantur.</strong></span> 
     </span>
    </p>
   </div>
  </div>
