4050 6342
287 313 422 378 ibi?

1132 311 1786 376 COMMENTARIORUM
1827 309 1892 372 ΙΝ
1925 311 2206 374 ABACUC
2245 317 2378 374 LIB.
2417 317 2485 376 Il.
2527 317 2682 376 CAP.
2725 317 2812 378 lll.

3461 321 3600 378 1318

281 435 446 508 644
475 441 604 490 tunc
625 431 966 490 conscientia
989 443 1340 504 peccatorum
1373 447 1617 500 suorum,
1659 443 1880 502 semper
1907 433 1958 496 Α
1985 430 2130 502 quod
2157 431 2208 486 in
2233 431 2434 487 bonam
2465 441 2674 502 partetn
2706 431 2878 500 possit
2904 429 3098 502 accipi.
3133 429 3198 486 Et
3221 429 3454 487 dicimus
3487 447 3606 486 vcr-

285 537 540 596 ntortem,
577 541 798 598 semper
821 526 1086 596 judicium
1111 525 1504 590 formidabant,
1537 531 1592 578 et
1621 523 1687 578 ad
1711 523 1884 578 levem

284 623 628 690 febriculam,
677 621 830 692 quasi
889 623 1128 676 latrones
1163 623 1215 676 in
1245 635 1490 684 carcere,
1535 619 1608 674 ita
1647 619 1712 672 de
1737 623 1890 674 arter-

285 713 374 770 nis
397 713 680 786 suppliciis
725 713 1100 784 suspirabuut.
1143 713 1358 768 Madian
1405 723 1584 766 autem
1617 713 1668 766 in
1707 711 1886 782 lingua

283 819 466 864 nostra
515 815 758 864 sanates:
787 807 1006 878 judicio,
1037 807 1086 862 id
1110 817 1214 874 est,
1257 805 1798 872 condemnationem,
1837 811 1890 860 et

283 903 594 958 ostenditur
621 901 766 974 quod
821 911 966 958 metu
994 903 1186 972 judicii
1229 909 1668 972 internarumque
1703 915 1890 972 ptent!-

283 1011 402 1050 rum
459 1009 676 1066 seraper
703 995 754 1050 in
811 993 1102 1052 formidine
1141 997 1272 1060 sint,
1323 1007 1376 1052 et
1429 997 1712 1051 cruciatus
1751 1009 1890 1066 quos

281 1091 530 1146 sentiunt
559 1107 618 1146 se
643 1088 752 1164 [Αι.
780 1105 840 1146 se
871 1089 1074 1163 sciunt]
1097 1091 1320 1160 mereri,
1348 1103 1552 1162 pavore
1567 1087 1888 1162 quotidiana

283 1186 614 1241 sustineant.

357 1277 542 1350 (Vers.
575 1279 630 1340 8.
665 1279 746 1350 9.)
777 1277 1048 1350 Numquid
1077 1279 1130 1332 in
1148 1277 1454 1350 ﬂuminibus
1483 1277 1648 1332 iratus
1673 1291 1746 1344 es,
1777 1275 1888 1330 Do-

285 1371 420 1424 mine
439 1385 456 1424 :
473 1379 562 1424 aut
575 1371 628 1424 in
645 1369 948 1442 ﬂuminibus
961 1375 1110 1442 furor
1125 1371 1354 1436 tuus,ucl
1371 1371 1422 1424 in
1443 1371 1576 1424 mari
1596 1369 1888 1442 indignatio

287 1463 416 1516 tua?
443 1463 568 1532 quia
606 1461 890 1516 ascendens
933 1459 1044 1532 [ΑΙ.
1079 1461 1168 1532 qui
1194 1459 1494 1533 ascendisti]
1533 1475 1690 1532 super
1729 1473 1888 1530 equos

287 1566 426 1622 tuos,
481 1565 530 1610 et
573 1556 842 1628 quadriga:
872 1565 974 1610 tute
1019 1555 1260 1610 saluatio.
1297 1556 1570 1612 Suscitans
1616 1555 1890 1610 suscitabis

283 1663 464 1702 arcum
519 1657 690 1714 tuum,
732 1651 1040 1720 juramruta
1095 1649 1328 1704 tribubus
1403 1663 1518 1720 qua:
1559 1651 1764 1704 locutus
1811 1665 1882 1702 es.

287 1743 524 1812 Semper.
571 1741 710 1798 LXX
749 1759 760 1796 :
805 1741 1090 1814 Numquid
1151 1745 1204 1796 in
1232 1743 1536 1814 [luminibus
1581 1743 1745 1796 iratus
1797 1757 1883 1804 es,

1991 525 2060 582 ba
2089 525 2270 582 divina
2305 541 2426 598 quae
2463 523 2834 582 manifestiora
2869 537 3015 596 sunt,
3045 539 3098 584 ct
3127 529 3279 596 quasi
3313 543 3496 598 potum
3531 529 3606 582 si-

1997 620 2256 676 lienlibus
2287 617 2552 690 prtebcnt,
2589 617 2704 676 haec
2731 621 2839 678 dici
2877 623 3097 676 lltttttiua
3125 639 3138 677 :
3173 639 3234 678 ea
3267 631 3446 698 autem
3489 639 3607 692 quae

1993 713 2152 783 plena
2173 723 2296 770 sunt
2329 715 2714 784 sacramentis,
2733 715 2854 770 etin
2877 715 3146 785 profundo
3171 715 3345 786 posita
3367 715 3456 784 (de
3480 716 3602 786 qui-

1993 807 2092 864 bus
2121 807 2256 862 dicit
2289 815 2324 862 Λ
2338 807 2581 876 postolu-s
2613 827 2622 862 :
2663 807 2708 862 0
2732 809 3046 880 profundunt
3072 811 3342 878 sapientia:
3371 819 3418 863 ιι
3449 811 3610 864 scicn-

1992 903 2078 957 tia:
2101 897 2200 956 Dei
2231 899 2429 976 (Rom.
2473 917 2546 964 χι,
2591 903 2736 970 '55)!
2771 913 2823 958 et
2859 901 3130 974 Propiteta
3171 915 3477 960 consonat:
3527 903 3611 959 De

1991 995 2266 1068 profundis
2296 993 2513 1050 clamaui
2537 995 2606 1050 ad
2630 1007 2696 1064 te,
2729 993 2953 1052 Domine
2977 997 3149 1072 (Psal.
3181 1015 3342 1056 cxxtx
3367 1001 3410 1072 ),
3447 1015 3604 1056 mare

1955 1127 1962 1134 ι
1993 1093 2046 1144 in
2077 1089 2376 1159 Scrlptttris
2403 1091 2688 1162 appellari.
2723 1089 2834 1147 Hoc
2857 1091 2923 1146 de
2947 1107 3011 1146 eo
3035 1093 3176 1162 quod
3209 1093 3386 1162 possit
3415 1105 3466 1148 et
3495 1109 3610 1148 ma-

1992 1197 2052 1237 re
2085 1183 2136 1238 in
2167 1181 2380 1238 meliori
2415 1191 2566 1254 parte
2591 1183 2804 1238 sentiri.
2835 1183 2992 1253 Quod
3013 1197 3196 1240 autem
3225 1185 3522 1256 accipiatur
3553 1193 3610 1242 et

1993 1277 2046 1332 in
2071 1279 2368 1344 contrario,
2399 1277 2564 1332 multa
2615 1277 2926 1332 testimonia
2959 1289 3108 1343 sunt,
3139 1275 3206 1334 de
3251 1277 3444 1348 quibus
3477 1275 3608 1334 illud

1994 1375 2050 1424 et
2077 1369 2128 1424 in
2159 1367 2388 1424 Psalmis
2417 1379 2496 1424 est
2529 1387 2540 1424 :
2577 1367 2694 1426 Hoc
2733 1385 2876 1424 mare
2917 1383 3159 1440 magnum
3189 1379 3238 1423 et
3276 1371 3562 1440 spatiosum
3589 1383 3609 1426 .'

1993 1457 2062 1518 ibi
2091 1475 2246 1518 naves
2291 1463 2696 1534 pertransibunt,
2737 1463 2990 1518 animalia
3023 1479 3182 1536 parva
3225 1481 3342 1518 tum
3383 1465 3607 1536 magnis.

1994 1557 2286 1612 Drucoiste
2311 1571 2456 1626 quem
2485 1557 2726 1628 formasti
2753 1557 2822 1611 ad
2845 1557 3170 1612 illudendum
3198 1557 3246 1610 ei
3275 1563 3291 1626 (
3315 1555 3462 1612 Psal.
3495 1573 3607 1623 cm,

1991 1653 2084 1722 ‘25,
2115 1651 2186 1708 26
2283 1653 2348 1708 Et
2376 1655 2446 1708 de
2475 1651 2774 1724 Evangelia
2807 1651 3026 1724 quando
3059 1653 3310 1708 Salvator
3338 1653 3613 1720 lueret-uit

1993 1755 2184 1798 Ventos
2217 1753 2272 1799 et
2303 1759 2454 1798 mare
2484 1755 2538 1799 et
2561 1745 2698 1798 dixit
2729 1743 2778 1800 ei
2807 1763 2818 1798 :
2857 1743 2992 1800 Tace
3019 1755 3067 1798 ct
3091 1745 3378 1798 obmutesce
3409 1749 3426 1818 (
3461 1741 3608 1800 Mur.

286 1837 510 1894 Domine
533 1855 552 1893 :
581 1847 672 1894 aut
691 1839 750 1894 in
770 1837 1076 1910 [luminibus
1107 1841 1256 1908 furor
1277 1847 1422 1902 tuus,
1445 1835 1522 1890 rei
1553 1837 1607 1890 in
1639 1837 1770 1889 mari
1793 1837 1888 1888 im-
1921 1847 1964 1908 ιι
1995 1853 2068 1906 1v,
2094 1835 2218 1908 '51)).
2247 1839 2402 1908 Quod
2431 1835 2576 1894 enim
2609 1843 2941 1910 inerepatur,
2975 1839 3176 1894 malum
3224 1847 3328 1904 est,
3360 1831 3508 1910 juxta
3545 1839 3610 1893 il-

287 1945 434 2004 petus
453 1935 616 1988 tuus?
637 1933 742 2002 Qui
767 1931 829 2006 [Α
845 1935 880 1988 Ι.
907 1931 1066 2006 Quia]
1085 1933 1372 1988 asceiulens
1391 1947 1546 2006 super
1571 1949 1726 2004 equos
1750 1939 1886 1996 tuos,

285 2035 330 2080 et
371 2027 622 2096 equitatio
681 2037 772 2080 tua
813 2027 994 2080 salus:
1041 2025 1338 2092 intendens,
1385 2025 1662 2080 extrudens
1711 2039 1890 2078 arcum

287 2127 432 2174 tuum
479 2135 632 2190 super
677 2127 904 2190 sceptra,
953 2119 1074 2172 dicit
1101 2117 1378 2174 Dominus.
1423 2115 1752 2190 Diapsttlma.
1791 2117 1890 2174 Ubi

291 2213 648 2282 Septuaginta
669 2213 992 2282 diapsalmu,
1027 2223 1078 2268 et
1127 2211 1327 2284 Aquila
1356 2227 1574 2285 seraper,
1625 2213 1806 2268 etetcri
1835 2223 1894 2266 ut

285 2321 452 2377 supra
481 2305 734 2360 similiter
783 2305 1202 2360 transtulerunt.
1237 2308 1300 2359 Et
1325 2305 1448 2374 quia
1480 2303 1546 2360 ad
1597 2303 1892 2376 tropologi-

284 2415 402 2456 eam
451 2399 966 2470 interpretationem
999 2399 1225 2454 festinat
1267 2401 1470 2466 oratio,
1509 2399 1750 2453 breviter
1807 2415 1894 2452 se-

283 2493 528 2550 cundum
579 2492 820 2547 litteram
869 2507 1090 2546 sensum
1141 2493 1360 2560 capituli
1391 2491 1890 2562 comprehenderis,

213 2583 218 2586 ’
283 2599 508 2656 pergam
553 2583 622 2638 ad
673 2585 904 2654 reliqua.
953 2583 1106 2639 Sicut
1143 2585 1554 2642 Jordanem.et
1603 2597 1756 2638 mare
1786 2581 1892 2636 sic.—

287 2683 422 2736 casti
455 2679 722 2744 Rubrum,
749 2695 848 2748 pro
867 2679 1024 2734 nobis
1043 2679 1310 2734 dimicans
1333 2695 1472 2736 :non
1489 2681 1636 2734 enim
1655 2677 1896 2732 ﬂumini-

287 2773 390 2828 bus
429 2779 487 2829 et
515 2773 652 2827 t'nari
715 2773 888 2826 iratus
929 2789 1020 2841 es,
1069 2785 1160 2828 aut
1209 2773 1506 2844 quidquam
1552 2771 1894 2827 insensibiliu

287 2867 608 2924 oﬂensionis
657 2869 988 2924 contrahere
1021 2875 1358 2939 potuerunt:
1394 2867 1470 2921 ita
1495 2883 1638 2922 nunc
1675 2867 1896 2936 quadri-

289 2977 386 3033 gas
414 2959 792 3017 conscendens
811 2969 956 3028 tuas,
981 2977 1276 3030 arcumque
1299 2963 1632 3032 corripiens.
1663 2963 1894 3016 salutem

289 3045 444 3112 dab-is
481 3057 680 3128 populo
705 3067 820 3125 tuo,
851 3065 904 3112 et
937 3057 1248 3126 iuramenta
1275 3073 1396 3127 qua:
1423 3057 1618 3126 jnrasti
1653 3055 1898 3126 patribus

293 3151 500 3206 nostris
529 3159 586 3205 et
619 3151 894 3218 tribubus,
920 3151 1170 3220 explrbis
1209 3151 1262 3205 in
1289 3151 1714 3222 sempiternum.
1739 3147 1895 3216 Quod

1995 1929 2086 1986 Iud
2105 1929 2382 1986 Zachariae
2409 1949 2422 1986 :
2445 1929 2682 2004 [tu-repet.
2709 1929 2963 1986 Dominus
2991 1933 3044 1986 in
3067 1941 3138 1996 te,
3165 1931 3372 1986 diabolo
3397 1931 3414 2000 (
3441 1929 3604 1986 Zaclt.

1993 2035 2076 2094 Ill,
2099 2023 2134 2078 2
2155 2023 2198 2096 ).
2229 2023 2296 2080 Et
2327 2023 2392 2078 ad
2415 2021 2760 2080 Timotheum
2791 2039 2802 2076 :
2833 2023 3026 2096 Argue,
3057 2023 3348 2090 Consolare,
3375 2029 3422 2078 el
3445 2025 3616 2078 incre-

1997 2133 2064 2186 pa
2118 2115 2206 2190 (ll
2241 2115 2371 2172 Tim.
2427 2129 2498 2183 Iv,
2541 2117 2640 2186 2).
2693 2117 2964 2188 l'ropbeta
3015 2117 3196 2186 ilaque
3245 2115 3560 2172 sciSritattlc
3599 2131 3612 2170 :

1997 2211 2266 2282 Nunquid
2293 2211 2347 2266 in
2379 2209 2694 2266 lltuniaibus
2723 2213 2892 2266 iratus
2919 2225 3000 2278 es,
3035 2209 3286 2276 Domine,
3317 2207 3487 2264 autin
3515 2209 3613 2264 llu-

1997 2305 2236 2360 minibus
2260 2305 2410 2360 I'uror
2433 2309 2578 2370 tuus,
2607 2305 2692 2361 vel
2719 2307 2772 2360 in
2799 2303 2938 2360 tnari
2963 2307 3198 2374 impetus
3225 2303 3386 2360 tuus?
3417 2319 3516 2358 ms
3536 2303 3615 2358 di-

1999 2411 2184 2452 camus
2207 2399 2250 2452 si
2271 2395 2492 2468 Aﬂgypti
2523 2395 2744 2452 ﬂumina
2772 2403 2916 2462 sunt,
2941 2407 2994 2452 et
3021 2411 3176 2452 mare
3201 2397 3424 2452 rubrum
3457 2407 3620 2468 atque

1999 2491 2383 2560 sanguineum;
2419 2489 2676 2544 irascitur
2705 2489 2972 2544 Dominus
2999 2491 3306 2560 etpercutit
3333 2507 3416 2554 ea,
3451 2499 3506 2546 et
3537 2499 3618 2546 to-

2001 2591 2058 2638 to
2103 2583 2310 2654 impetu
2364 2583 2536 2638 fertur
2583 2583 2636 2636 in
2669 2585 2935 2654 gurgites,
2985 2585 3266 2638 eleratttcs
3317 2599 3376 2638 se
3427 2593 3620 2638 contra

2001 2675 2286 2732 scientiam
2309 2673 2426 2732 Dei.
2455 2673 2610 2730 Unde
2635 2687 2784 2730 mare
2807 2677 2942 2728 vidit
2963 2687 3018 2730 et
3045 2675 3178 2746 fugit
3203 2679 3218 2742 (
3249 2673 3396 2730 Psal.
3423 2689 3552 2730 cxm
3577 2673 3620 2742 ),

2005 2769 2358 2838 praesentiam
2389 2769 2486 2825 Dei
2515 2769 2658 2824 ferre
2686 2783 2790 2823 non
2820 2769 3114 2824 sustinens.
3167 2769 3232 2824 Et.
3257 2769 3513 2824 Jordanis
3541 2783 3624 2824 re-

2003 2875 2194 2920 versus
2217 2871 2304 2920 est
2327 2877 2654 2932 retrorsum,
2681 2863 2880 2918 cedens
2905 2865 3092 2934 gloria:
3117 2865 3297 2934 populi
3333 2869 3592 2918 transcmt
3609 2895 3624 2904 -

2007 2959 2096 3026 tis,
2129 2959 2220 3029 qui
2249 2965 2305 3014 et
2329 2957 2398 3012 ab
2431 2957 2548 3014 Elia
2575 2957 2840 3012 scinditur
2871 2967 2924 3012 ct
2957 2957 3024 3012 ab
3053 2957 3272 3012 Elisato.
3325 2955 3394 3012 Ut
3437 2969 3622 3010 autem

2005 3043 2355 3106 manifestius
2399 3049 2610 3119 loquar,
2659 3049 3042 3104 luerettcorum
3087 3049 3456 3119 eloquentiam
3505 3057 3626 3118 quae

2005 3151 2196 3200 contra
2226 3145 2510 3199 veritatem
2535 3151 2590 3198 et
2615 3141 2914 3199 Ecclesium
2943 3143 3084 3206 ﬂuit,
3109 3141 3354 3212 intelligo
3377 3141 3623 3210 ﬂumina,

293 3255 474 3302 autent
502 3245 634 3302 dicit
669 3263 682 3300 :
733 3245 1004 3316 Numquid
1037 3247 1092 3300 in
1121 3247 1436 3302 fluminibus
1477 3249 1646 3300 iratus
1677 3261 1760 3310 es,
1795 3247 1896 3300 Do.
1927 3231 1974 3303 C
2005 3239 2204 3310 quibus
2253 3237 2508 3294 irascitur
2546 3237 2836 3292 Dominus.
2871 3238 3097 3292 Auit‘nas
3129 3251 3262 3294 vero
3291 3247 3484 3292 eorum
3535 3235 3628 3306 qui

293 3339 464 3405 mine,
497 3345 592 3394 aut
623 3340 672 3392 in
713 3333 1028 3394 ﬂuminibus
1060 3337 1210 3392 furor
1233 3349 1377 3406 tuus,
1407 3337 1494 3392 vel
1541 3338 1594 3392 in
1625 3337 1758 3392 mari
1801 3339 1900 3392 im-

297 3443 454 3502 peius
491 3433 654 3488 tuus?
695 3431 830 3487 dicit
867 3433 1144 3502 ambigue,
1173 3443 1230 3488 et
1285 3431 1676 3502 interrogantis
1729 3433 1901 3502 magis

299 3525 518 3598 eloquio
545 3541 708 3598 quam
737 3525 1042 3596 probantis.
1097 3525 1236 3582 Sunt
1265 3525 1408 3580 enim
1451 3531 1508 3580 et
1533 3525 1676 3580 bona
1723 3525 1902 3580 ﬂumi—

299 3634 388 3680 na.
423 3631 552 3674 sunt
574 3628 630 3676 ei.
677 3619 838 3674 mala.
875 3621 966 3674 Est
995 3635 1146 3674 utare
1203 3623 1518 3690 pessimum,
1551 3629 1604 3674 et
1635 3629 1718 3676 est
1753 3637 1902 3678 tnare

301 3715 586 3782 optimum.
615 3713 890 3767 Bonorum
927 3713 1210 3768 ilutnittum
1237 3713 1370 3768 illud
1419 3715 1740 3782 exemplum
1769 3723 1858 3770 est
1885 3729 1900 3768 :

301 3803 570 3860 Fluminis
593 3805 816 3874 impetus
860 3805 1090 3875 lteri/ient
1135 3807 1394 3860 civitatem
1423 3805 1520 3861 Dei
1567 3807 1744 3880 (Psal.
1778 3823 1900 3874 ην,

301 3897 382 3970 4).
409 3901 476 3953 Ει
503 3899 648 3968 quod
689 3899 780 3968 qui
829 3899 894 3954 de
925 3913 1060 3970 aqua
1111 3899 1330 3956 Domini
1361 3901 1582 3968 biberit,
1617 3901 1790 3958 ﬂuent
1841 3905 1910 3960 de

303 4001 502 4045 ventre
523 3989 642 4060 ejus
685 3991 908 4046 ﬂumina
947 4007 1102 4060 aqum
1135 3993 1384 4048 salientis
1433 3995 1490 4046 in
1529 3995 1694 4049 vitam
1751 4005 1910 4050 :rter-

307 4099 428 4140 nam
465 4083 668 4152 (Joan.
705 4085 1096 4154 1v).t\lalurum
1129 4087 1262 4142 illud
1299 4087 1444 4158 quod
1477 4087 1690 4144 Pharao
1739 4089 1914 4160 loqui-

306 4185 398 4230 tur
429 4177 480 4230 in
511 4177 796 4234 Ezechiele
827 4197 839 4230 :
879 4177 994 4234 Mea
1047 4189 1170 4234 sunt
1195 4182 1452 4250 ﬂumina,
1483 4191 1532 4236 et
1561 4199 1656 4254 ego
1695 4185 1794 4254 feci
1819 4185 1914 4238 illa

309 4271 490 4340 (lfzec.
511 4287 658 4334 χχιχ,
691 4273 772 4342 9),
807 4273 858 4326 in
883 4273 1082 4341 quibus
1113 4275 1282 4330 draco
1302 4275 1530 4340 habitat,
1559 4287 1614 4332 et
1647 4279 1810 4334 multa
1831 4279 1916 4334 bis

311 4363 530 4418 similia.
563 4363 718 4432 Quod
753 4371 934 4420 autem
965 4381 1114 4420 mare
1145 4367 1200 4422 in
1227 4367 1422 4424 bonam
1449 4381 1656 4440 partem
1683 4373 1918 4442 accipia-

315 4465 424 4520 tur,
453 4453 692 4520 psalmus
715 4457 1006 4512 viccsimus
1031 4463 1226 4514 tertius
1257 4463 1572 4516 testimonio
1599 4475 1706 4530 est,
1733 4466 1786 4518 in
1811 4479 1920 4534 quo

313 4545 478 4620 6&5
495 4547 836 4618 tropologice
861 4549 928 4604 de
951 4551 1920 4632 Ecr-lesiadicitar“suboizoupévpjd

2003 3329 2464 3389 cireumferuntur
2489 3333 2636 3388 omni
2669 3343 2832 3389 vento
2863 3333 3152 3398 doctrinm,
3179 3337 3233 3388 et
3259 3345 3481 3402 semper
3513 3343 3628 3388 un:-

2004 3429 2120 3484 litia
2149 3427 2450 3490 lluctuant,‘
2467 3423 2632 3500 646
2659 3437 2710 3482 et
2731 3425 2758 3466 ιι
2783 3429 2940 3484 salsis
2963 3427 3271 3498 gurgitibus
3295 3427 3626 3496 obruuntur,

2007 3523 2394 3580 animadverte
2419 3537 2570 3578 mare
2601 3533 2766 3592 super
2797 3523 2940 3592 quod
2971 3525 3206 3592 impetus
3229 3519 3440 3578 Domini
3469 3521 3550 3586 lit,
3579 3531 3640 3577 et

2009 3619 2212 3672 sentiat
2261 3617 2382 3686 ejus
2425 3616 2744 3683 adt'entum,
2779 3625 2836 3670 et
2865 3617 3004 3670 sciat
3041 3615 3238 3686 quibus
3281 3615 3528 3670 terminis
3579 3623 3636 3669 et.

2011 3711 2168 3768 obice
2197 3709 2580 3778 concludatur,
2607 3719 2658 3765 el
2683 3711 2864 3766 audiat
2891 3728 2904 3764 :
2933 3709 3000 3764 In.
3027 3721 3072 3764 te
3099 3719 3426 3764 conterentur
3449 3711 3637 3780 ﬂuctus

2013 3807 2110 3862 tui.
2143 3807 2298 3874 Quod
2331 3805 2376 3860 si
2402 3805 2543 3860 bona
2575 3811 2704 3861 sunt
2733 3805 2958 3860 flurnina
2989 3813 3046 3860 et
3073 3807 3274 3860 bonum
3297 3817 3465 3866 mare,
3491 3805 3638 3860 lava-

2017 3914 2106 3956 tur
2137 3904 2188 3956 iu
2221 3901 2326 3956 illis
2353 3899 2535 3967 Jesus,
2564 3909 2614 3955 et
2661 3899 2956 3954 Ecclesium
2987 3913 3140 3954 suam
3187 3913 3350 3969 super
3382 3897 3640 3968 hujusce-

2019 3997 2166 4050 modi
2209 4009 2362 4050 mare
2391 3995 2650 4052 collocat.
2683 3993 2814 4048 Post
2849 3997 2962 4049 ture
2995 3995 3282 4064 sequitur:
3319 3993 3421 4061 Qui
3461 4009 3640 4048 ascen-

2021 4089 2146 4142 dens
2177 4101 2332 4158 super
2364 4103 2523 4159 equos
2566 4095 2702 4153 tuos,
2729 4093 2780 4140 et
2815 4087 3061 4157 equitutio
3101 4095 3192 4140 tua
3231 4083 3392 4140 salus.
3443 4085 3646 4154 Quarro

2021 4195 2193 4252 equos
2231 4195 2398 4248 super
2445 4193 2584 4250 quos
2625 4179 2887 4234 ascendat
2933 4179 3218 4243 Dominus,
3269 4189 3324 4234 et
3373 4187 3504 4248 puto
3535 4191 3641 4233 non

2023 4291 2146 4332 esse
2171 4275 2310 4332 alios
2341 4275 2448 4328 nisi
2473 4283 2782 4330 sanctorum
2831 4275 3060 4340 animus,
3093 4289 3260 4346 super
3287 4289 3420 4342 quas
3453 4287 3646 4329 ascen-

2027 4371 2108 4424 dit
2133 4385 2316 4426 sermo
2341 4369 2586 4436 divinus,
2615 4377 2750 4426 utet
2777 4371 2924 4440 ipsas
2951 4369 3150 4436 salvat,
3175 4377 3228 4424 et
3255 4363 3390 4422 alios
3415 4385 3512 4438 per
3533 4383 3648 4426 eas.

2029 4463 2304 4518 Ponamus
2353 4479 2620 4534 collorum
2671 4463 2942 4532 exempla.
2993 4461 3242 4532 Sponsus
3303 4463 3542 4534 loquitur
3597 4465 3650 4518 in

2033 4559 2258 4614 (ἔπιπιὶεο
2271 4559 2610 4614 canticorum
2637 4577 2650 4612 :
2669 4555 2942 4630 Equitatui
2961 4573 3076 4614 meo
3093 4561 3146 4614 in.
3161 4559 3394 4614 curribus
3415 4557 3658 4612 Pharao-

317 4649 422 4702 est,
444 4639 580 4694 orbe
603 4649 872 4696 terrarum
901 4663 912 4696 :
943 4643 1150 4699 Domini
1171 4655 1248 4700 est
1273 4655 1410 4700 terra
1429 4656 1476 4700 et
1502 4649 1770 4714 plenitudo
1791 4653 1927 4722 ejus,
1959 4633 2016 4696 D
2041 4651 2120 4706 nis
2149 4651 2450 4706 assimilault
2473 4661 2539 4720 te,
2569 4653 2807 4722 proxima
2829 4667 2946 4706 mea
2969 4649 3146 4724 (Cant.
3179 4667 3216 4720 ι,
3243 4651 3326 4724 8).
3363 4651 3478 4708 Non
3513 4651 3654 4722 quod

317 4733 454 4788 orbis
483 4743 760 4800 terrarum,
789 4745 838 4792 et
871 4753 1044 4792 cautes
1067 4739 1156 4810 qui
1189 4739 1420 4794 habitant
1451 4743 1578 4796 ineo
1597 4757 1616 4796 :
1645 4743 1756 4808 ipse
1781 4761 1934 4814 super

321 4843 464 4880 mare
485 4826 726 4896 fundauit
755 4845 896 4894 eum,
927 4841 972 4884 et
1006 4847 1160 4902 sitpcr
1179 4833 1398 4902 ﬂmuiua
1419 4837 1730 4906 prteparavit
1759 4837 1932 4900 illum,

323 4921 374 4975 id
407 4933 514 4988 est,
545 4921 738 4978 orbem.
769 4921 922 4989 Quod
955 4931 1140 4980 autem
1171 4941 1198 4976 a
1229 4926 1462 4980 Domino
1495 4925 1748 4982 fundatur
1771 4943 1940 4998 super

323 5013 572 5082 ﬂumina,
603 5027 656 5070 et
687 5025 1026 5088 prteparatur
1055 5031 1220 5086 super
1245 5035 1412 5084 mare,
1439 5021 1624 5091 utique
1655 5021 1712 5076 in
1738 5021 1936 5078 bonum

323 5117 534 5180 partem
567 5109 854 5182 accipitur.
907 5111 1128 5168 Necnon
1151 5123 1206 5168 et
1237 5115 1368 5168 illud
1405 5115 1548 5186 quod
1579 5116 1648 5172 de
1679 5101 1836 5172 vinea
1867 5117 1944 5174 di-

325 5205 468 5257 citur
499 5219 620 5274 qua:
648 5205 906 5258 translata
958 5215 1040 5258 est
1069 5205 1136 5261 de
1173 5207 1452 5280 IEgypto:
1499 5209 1790 5264 Extendisti
1821 5228 1942 5282 pro-

329 5299 542 5369 pagines
571 5301 686 5369 ejus
711 5313 873 5369 usque
901 5297 970 5350 ad
1001 5315 1162 5364 utare,
1195 5309 1242 5352 et
1293 5317 1454 5372 usque
1497 5303 1564 5355 ad
1593 5305 1812 5372 ﬂumina
1836 5307 1940 5376 ﬂa-

329 5388 466 5459 gella
493 5391 610 5462 ejus
655 5385 846 5462 (Psal.
893 5407 1084 5458 Lxxtx,
1121 5391 1188 5448 η
1215 5393 1230 5462 )
1259 5433 1274 5460 ,
1319 5409 1494 5466 usque
1521 5397 1584 5450 ad
1633 5411 1782 5454 mare
1813 5413 1946 5468 puto

408 5573 436 5604 α
477 5567 806 5652 concinnius
856 5571 994 5640 apud
1035 5571 1264 5642 Victitir.,
1298 5575 1490 5630 dicitur
1513 5580 1544 5636 ἡ
1574 5579 1860 5652 οἰκουμένη,
1895 5579 1950 5634 id

335 5647 431 5702 est,
467 5641 604 5694 orbis
639 5653 910 5700 terrarum.

411 5708 888 5794 l’Qund'soleutne
911 5715 1159 5774 Martian.
1187 5721 1398 5790 peccat,
1433 5717 1602 5790 falsis,
1639 5731 1736 5790 pro
1774 5723 1954 5794 salsis,

337 5781 430 5838 hic
453 5799 666 5852 quoque
689 5785 938 5842 retinuit.

415 5863 440 5893 ο
481 5853 734 5912 Notatum
783 5853 1022 5918 Victorio
1047 5857 1222 5920 Exodi
1270 5875 1390 5936 cap.
1421 5877 1498 5932 vt,
1529 5863 1624 5922 ubi
1651 5879 1754 5922 nos
1795 5863 1962 5924 babe-

2040 4743 2294 4799 Christus
2337 4743 2664 4810 Ecclesium,
2709 4747 2794 4800 vel
2843 4759 3026 4801 sermo
3067 4745 3164 4800 Dei
3215 4747 3452 4800 animum
3493 4759 3654 4814 quam

2043 4851 2300 4906 sponsam
2323 4851 2480 4892 suam
2499 4847 2677 4904 vocat,
2707 4839 2986 4908 quadrigis
3011 4845 3296 4910 comparet
3319 4837 3656 4904 Pltaratinis;

2045 4931 2138 4986 sed
2169 4931 2316 5002 quod
2347 4934 2530 4988 omnis
2559 4933 2736 4989 anima
2769 4937 3020 5006 qnamvis
3051 4943 3234 4992 sancta
3261 4935 3330 4990 sit
3359 4943 3520 5004 atque
3549 4949 3668 5004 pcr-

2045 5023 2210 5092 fecta,
2245 5025 2310 5080 ad
2361 5027 2526 5082 Deum
2573 5037 2909 5098 comparata,
2943 5029 3096 5100 Quasi
3127 5039 3323 5084 currus
3361 5025 3663 5082 Pharaonis

2051 5121 2144 5189 sit,
2175 5129 2234 5176 et
2257 5121 2588 5190 jumetttum.
2619 5121 2776 5180 Unde
2797 5131 2853 5178 et
2881 5123 3092 5196 Moyses
3125 5123 3364 5194 loquitur
3393 5123 3458 5177 ad
3487 5121 3669 5178 Domi-

2053 5229 2224 5268 num:
2257 5213 2372 5286 Ego
2399 5223 2570 5268 autem
2593 5231 2704 5270 sum
2755 5219 2778 5248 ο
2821 5215 3001 5292 ἄλογος
3040 5259 3054 5284 ,
3111 5216 3163 5272 id
3193 5227 3303 5284 est,
3345 5215 3670 5272 irrationalis

2059 5305 2278 5381 (Exod.
2313 5323 2386 5372 tv,
2419 5305 2550 5380 10).
2587 5311 2650 5362 Et
2681 5309 2890 5364 David:
2929 5309 2996 5364 Ut
3019 5311 3316 5381 jumcntum
3341 5313 3514 5382 factus
3557 5325 3674 5362 sum

2055 5399 2200 5472 apud
2229 5409 2276 5454 te
2303 5399 2322 5471 (
2347 5397 2496 5454 Psul.
2521 5415 2688 5466 nun,
2721 5399 2792 5456 9'5
2814 5399 2856 5470 ).
2881 5397 3002 5456 Non
3029 5401 3174 5472 quod
3197 5401 3446 5458 absolute
3463 5389 3678 5472 inriten-

2065 5597 2206 5648 mus,
2237 5599 2354 5636 cum
2380 5583 2792 5654 incircumcisus
2829 5583 2930 5654 sint
2975 5581 3150 5652 labiis,
3185 5583 3376 5640 Grtnce
3405 5583 3548 5654 apud
3581 5583 3684 5640 Sc-

2064 5655 2342 5740 ptujtginta
2377 5653 2593 5740 legitur,
2615 5655 2720 5740 ἐγὼ
2753 5653 2806 5710 δέ
2827 5653 3007 5740 ᾅξωγρε
3033 5659 3159 5740 ςιῖμεΞ
3191 5657 3292 5740 hoc
3321 5667 3426 5740 est,
3448 5653 3568 5712 sunt
3603 5657 3680 5710 ir-

2064 5721 2362 5798 rationalis.
2393 5721 2550 5791 Quad
2581 5721 2701 5798 aliis
2725 5721 3085 5784 verbis'dixit'
3123 5721 3288 5784 David
3317 5768 3334 5798 ,
3366 5721 3433 5784 Ut
3481 5731 3680 5796 iumen-

2069 5806 2180 5850 tum
2207 5797 2376 5866 factus
2403 5813 2522 5852 sum
2547 5797 2690 5870 apud
2715 5807 2786 5854 te.
