4050 6342
499 287 639 346 1519

1751 282 1812 340 S.
1855 281 2123 341 EUSEBll
2165 280 2548 340 HIERONYMI

3669 287 3799 346 i320

497 419 609 464 tum
643 408 751 473 sit;
805 407 899 464 sed
947 407 1091 480 quod
1125 405 1268 477 apud
1311 407 1484 463 Deum
1533 406 1843 476 iumentum
1887 407 1977 460 sit.
2012 406 2106 460 llis
2135 409 2181 466 Α
2216 417 2372 460 terra:
2391 405 2678 460 adversum
2694 403 2947 476 populum
2976 415 3124 460 tuum
3145 403 3802 473 dimicantes,dividesat.

494 504 652 574 cquis
683 503 759 558 illi
808 502 1074 558 contrarii
1107 512 1233 556 sunt
1275 515 1413 573 quos
1460 499 1623 555 habet
1655 501 1884 566 Pharao,
1936 507 1989 552 et
2035 497 2102 552 de

491 597 692 668 quibus
721 597 948 651 dicitur:
989 595 1192 666 Equum
1214 605 1264 650 et
1295 611 1616 651 ascensorem
1643 593 1860 668 projecit
1889 593 1940 646 in
1965 609 2106 646 mare

493 693 510 762 (
547 690 716 746 Exod.
770 707 862 755 xv,
903 692 938 744 2
965 693 1028 760 ):
1079 690 1451 760 hujuscemodi
1501 689 1767 760 equitatio
1799 703 1904 742 non
1956 687 2105 741 salus

491 794 596 852 est,
629 783 725 839 sed
759 784 1011 853 perditio.
1056 783 1376 852 Quzeramus
1404 795 1458 840 et
1507 783 1643 837 alios
1690 797 1878 852 equos,
1909 781 2106 850 quibus

491 877 737 934 ascendit
769 877 1069 933 Dominus:
1106 877 1160 932 In
1207 888 1405 949 qnarto
1454 877 1760 948 Regnorum
1795 875 1936 929 libro
1970 873 2099 943 legi-

494 989 636 1040 mus,
669 973 974 1028 surrexisse
1003 989 1163 1029 mane
1186 973 1488 1028 ministrum
1516 971 1715 1038 Elismi,
1741 979 1798 1026 et
1819 983 2103 1040 egressum
2127 1026 2130 1030 ,

488 1067 695 1124 vidisse
746 1067 1047 1124 exercitum
1099 1067 1431 1122 ambientem
1489 1065 1728 1119 civitatis
1779 1079 2001 1130 muros,
2051 1071 2142 1126 et.

488 1176 659 1233 equos
683 1169 738 1216 et
765 1176 960 1217 currus
991 1159 1102 1232 (IV
1134 1159 1258 1232 Reg.
1296 1175 1351 1214 vt
1374 1161 1414 1227 ).
1450 1159 1517 1213 Et
1543 1166 1829 1228 postquam
1879 1155 1946 1210 ad
1978 1170 2104 1224 pre-

490 1271 584 1312 ces
616 1257 897 1328 propheta:
925 1257 1098 1326 aperti
1128 1264 1255 1310 sunt
1277 1255 1418 1310 oculi
1452 1253 1569 1324 ejus
1597 1271 1609 1307 :
1647 1253 1880 1325 Aspexit,
1908 1251 2102 1321 inquit,

492 1358 539 1404 et
562 1365 674 1403 ecce
702 1367 845 1405 mons
863 1351 1042 1422 plenus
1068 1349 1232 1419 equis,
1264 1355 1310 1401 et
1335 1347 1602 1419 quadriga:
1625 1346 1786 1416 ignea:
1807 1344 1858 1395 in
1889 1343 2108 1396 circuitu

491 1439 696 1498 Eliswi.
734 1442 1033 1512 Diligenter
1081 1440 1305 1496 attende
1358 1439 1502 1510 quod
1552 1438 1677 1508 equi
1728 1436 2013 1491 videantur
2054 1442 2111 1489 et

494 1552 711 1599 currus.
745 1545 800 1592 et
831 1547 1012 1591 tamen
1042 1535 1094 1589 in
1141 1535 1303 1590 tantis
1340 1531 1583 1587 millibus
1613 1546 1876 1600 equorum
1907 1537 1962 1583 et
1989 1543 2110 1583 cur-

495 1646 650 1686 ruum
681 1631 860 1686 nullus
887 1643 1149 1687 ascensor
1177 1646 1189 1682 :
1221 1627 1413 1682 horum
1447 1640 1714 1697 equorum
1755 1624 1845 1678 ille
1874 1632 1990 1678 erat
2015 1637 2110 1676 au-

493 1723 606 1795 riga
637 1731 690 1778 et
725 1723 813 1778 ille
846 1735 1024 1779 rector
1064 1721 1132 1777 de
1160 1736 1268 1791 quo
1299 1719 1590 1775 Psalmista
1618 1718 1799 1773 Canit:
1835 1715 1934 1783 Qui
1965 1715 2108 1769 sedes

2208 514 2312 567 que
2335 499 2638 570 (“Spei-ges.
2657 499 2816 554 Juxta
2833 499 3184 570 Septuaginta
3203 510 3404 565 autem,
3421 503 3506 570 qui
3524 501 3801 557 dixerunt:

2210 589 2712 647 Fluviis'srindetur
2736 604 2896 659 terra,
2927 595 3161 662 primum
3189 609 3455 664 ponamus
3477 596 3802 665 exemplum,

2210 696 2265 739 ut
2295 687 2396 742 hoc
2424 687 2574 758 quasi
2604 689 2775 757 gradu
2802 688 2868 743 ad
2901 689 3098 744 altiora
3132 689 3437 745 veniamus.
3473 688 3728 760 Legimus
3757 690 3804 746 in

2210 778 2293 835 his
2322 781 2413 850 qui
2469 782 2538 837 de
2568 783 2906 838 mirabilibus
2931 783 3292 840 confecerunt
3319 784 3616 852 volumina,
3643 793 3700 839 et
3727 786 3808 854 qui

2208 873 2558 946 Olympiadas
2599 876 2822 932 Graeciae
2870 877 2937 931 ad
2981 886 3222 932 u0stram
3275 893 3444 947 usque
3494 878 3806 932 memoriam

2209 967 2608 1036 perduxerunt,
2641 979 2974 1040 exponentes
3001 969 3126 1038 quid
3153 970 3206 1025 in
3241 970 3471 1040 singulis
3509 971 3669 1025 anuis
3698 973 3810 1026 novi

2208 1059 2373 1132 648
2407 1061 2670 1116 acciderit
2703 1063 2754 1116 in
2804 1063 3028 1125 mundo,
3059 1063 3204 1134 quod
3239 1062 3383 1118 inter
3412 1073 3614 1119 caetera
3663 1073 3812 1119 terra:

2211 1168 2358 1210 motu
2402 1156 2682 1226 eruperint
2711 1157 2959 1224 ﬂumina,
3011 1174 3131 1228 quae
3175 1170 3304 1213 ante
3337 1174 3443 1213 non
3476 1157 3718 1226 fuerant,
3768 1167 3814 1213 et

2211 1266 2424 1305 rursum
2461 1251 2565 1305 alia
2613 1253 2871 1322 absorpta
2904 1252 3037 1319 sint,
3079 1262 3133 1308 et
3177 1269 3394 1322 pessum
3437 1253 3647 1308 ierint:
3683 1253 3813 1323 quod

2209 1343 2426 1399 scilicet
2455 1360 2645 1400 omnes
2680 1357 2949 1400 terrarum
2981 1359 3157 1409 venm,
3182 1347 3335 1416 quasi
3363 1362 3413 1399 ιιι
3439 1345 3684 1399 lmmano
3706 1361 3814 1398 cor-

2211 1452 2343 1508 pore
2387 1439 2729 1510 sanguinem,
2776 1441 2848 1494 ita
2899 1440 2950 1494 iu
2995 1455 3052 1494 se
3085 1439 3322 1494 habeant
3351 1439 3589 1495 latentes
3631 1455 3813 1509 aquas,

2210 1547 2330 1601 qum
2361 1539 2522 1587 terra:
2553 1534 2914 1588 concussione
2947 1543 3289 1604 rumpantur,
3311 1541 3368 1587 et
3391 1541 3622 1589 manent
3649 1535 3700 1587 iu
3729 1532 3816 1587 ﬂu-

2212 1624 2378 1680 mina.
2417 1624 2529 1680 Hoc
2554 1627 2599 1680 si
2628 1625 3019 1690 intelleximus,
3055 1628 3336 1682 videamus
3365 1629 3606 1681 animam
3640 1626 3817 1682 huma-

2214 1736 2334 1774 nam
2366 1719 2570 1776 habere
2597 1723 2647 1776 ιιι
2682 1737 2740 1777 se
2773 1722 3093 1778 naturaliter
3116 1739 3287 1794 aquas
3313 1733 3368 1778 et
3404 1722 3623 1789 ﬂuvios,
3658 1736 3710 1780 et
3734 1740 3817 1794 per

490 1831 644 1887 super
666 1814 942 1871 Cherubim
978 1815 1245 1870 ostendere
1275 1814 1294 1886 (
1323 1813 1467 1868 Psal.
1511 1828 1698 1878 Lxxtx,
1743 1811 1778 1865 2
1800 1812 1845 1882 ).
1881 1810 2105 1864 Talibus
2138 1806 2184 1866 B
2212 1814 2519 1868 socordiam
2563 1827 2839 1882 noSIram,
2890 1830 2985 1871 eos
3023 1830 3146 1871 esse
3194 1815 3572 1882 absconditos,
3622 1826 3676 1870 et
3721 1832 3816 1870 non

492 1911 648 1980 equis
675 1908 880 1980 talique
931 1925 1096 1965 curru
1147 1919 1203 1964 et
1233 1908 1383 1965 Elias
1432 1917 1620 1976 raptus
1665 1907 1731 1961 ad
1775 1905 1973 1961 caelum
2018 1914 2105 1960 est

489 2003 596 2076 (IV
634 2003 761 2075 Reg.
799 2003 893 2076 ιι).
928 2003 984 2060 Si
1017 2003 1138 2074 quis
1167 2012 1350 2058 autem
1379 2002 1449 2059 dc
1481 2001 1748 2057 Zacharia
1781 2000 1897 2055 vult
1927 2000 2105 2055 disce-

494 2113 554 2153 re
584 2099 677 2170 qui
707 2096 818 2151 sint
847 2099 974 2168 equi
1004 2098 1126 2164 rufi,
1155 2106 1210 2153 et
1235 2097 1327 2168 qui
1355 2097 1518 2167 nigri,
1548 2106 1600 2151 et
1625 2099 1714 2167 qui
1741 2096 1896 2159 varii,
1932 2103 1988 2149 et
2016 2094 2105 2164 qui

491 2192 600 2248 albi
629 2192 976 2262 egredientes
1002 2191 1070 2247 de
1100 2193 1375 2265 myrtetis,
1403 2201 1458 2247 et
1485 2191 1553 2246 de
1581 2190 1859 2245 utentibus
1886 2189 1939 2243 in
1985 2203 2109 2258 pro-

492 2285 661 2341 fundo
687 2284 902 2356 positis,
930 2270 1093 2358 657
1118 2287 1256 2352 sive,
1282 2295 1341 2340 ut
1369 2285 1423 2339 in
1457 2283 1809 2356 Septuaginta
1841 2281 2107 2352 scriptum

493 2390 600 2448 est,
632 2383 802 2449 cereis,
832 2382 884 2437 in
915 2382 1038 2453 ipso
1071 2382 1354 2452 propheta,
1375 2383 1418 2435 si
1444 2381 1704 2435 Dominus
1726 2380 1848 2435 vitze
1877 2378 2108 2448 spatium

495 2476 732 2542 dederit,
773 2477 1100 2532 conabimur
1147 2475 1440 2546 explanare
1491 2472 1695 2546 (Zach.
1743 2478 1822 2543 ι).
1874 2471 2017 2526 Vidit
2057 2478 2112 2525 et

494 2568 734 2626 Joannes
780 2584 948 2640 equos
992 2569 1273 2636 candidos,
1305 2579 1360 2623 et
1398 2583 1649 2624 sessores
1680 2582 1868 2621 eorum
1904 2565 2108 2638 (Apoc.

500 2679 548 2717 vt
572 2661 594 2736 )
619 2683 634 2719 :
663 2679 695 2718 e
725 2663 922 2734 quibus
968 2677 1203 2733 corpora
1240 2663 1290 2716 in
1320 2661 1494 2732 gloria
1527 2661 1932 2731 resurgentium
1982 2667 2112 2728 puto

492 2772 616 2813 esse
643 2772 816 2829 equos
839 2757 1097 2812 candidos
1121 2772 1136 2821 ;
1170 2770 1415 2811 sessores
1441 2765 1624 2810 autem
1646 2763 1966 2808 sanctorum
1991 2752 2112 2805 ani-

494 2865 634 2908 mas.
663 2850 720 2908 Si
750 2851 874 2922 quis
901 2865 1034 2906 vero
1063 2859 1314 2920 peccator
1333 2858 1440 2915 est,
1473 2857 1528 2904 et
1565 2849 1667 2901 mei
1701 2846 1921 2913 similis,
1955 2844 2115 2900 sede-

495 2947 577 3002 hit
621 2946 672 3000 in
725 2961 866 3017 equo
897 2947 1075 3014 nigro,
1109 2953 1163 3000 et
1203 2944 1416 2999 dicetur
1455 2943 1524 2997 de
1553 2956 1656 2996 co:
1690 2938 2116 2994 Dormitaverunt

500 3058 696 3109 omnes,
726 3043 819 3112 qui
844 3041 1193 3098 ascenderunt
1222 3056 1378 3111 equos
1404 3040 1422 3108 (
1454 3038 1599 3093 Psal.
1629 3052 1788 3101 vav,
1818 3035 1917 3106 7).
1944 3034 2020 3088 De
2044 3042 2118 3088 ta-

498 3126 642 3190 libus
689 3137 844 3206 equis
894 3134 1161 3204 scriptum
1193 3142 1316 3189 est:
1361 3130 1555 3186 Fallax
1584 3143 1745 3202 equus
1787 3130 1853 3184 ad
1899 3126 2114 3182 salutent

501 3233 518 3302 (
550 3227 700 3283 Psal.
734 3243 910 3295 xxxii,
949 3229 1015 3282 M
1041 3227 1100 3297 )z
1138 3241 1269 3282 caro
1299 3225 1443 3282 enim
1485 3223 1824 3296 concupiscit
1851 3221 2114 3277 adversus

499 3323 774 3394 spiritum,
809 3331 864 3378 et
893 3322 1159 3394 sapientia
1185 3321 1303 3391 ejus
1336 3317 1554 3375 inimica
1582 3328 1667 3374 est
1701 3318 1829 3373 Deo.
1856 3315 1968 3370 Hoc
1999 3316 2110 3372 dic-

504 3425 614 3470 tum
638 3415 706 3470 sit
734 3413 805 3470 de
831 3413 918 3469 his
953 3415 1044 3485 qui
1077 3429 1308 3484 corpora
1342 3412 1597 3483 diligunt,
1632 3419 1686 3466 et
1734 3409 1786 3465 in
1820 3409 1988 3480 nigris
2028 3424 2114 3465 se-

502 3511 629 3567 dent
660 3511 838 3580 equis.
866 3508 977 3565 Nos
1015 3518 1196 3565 autem
1226 3508 1440 3564 animas
1472 3516 1691 3563 nostras
1723 3507 1775 3561 in
1829 3521 2020 3576 equos,
2061 3514 2116 3561 et

500 3605 554 3660 in
581 3620 777 3661 currus
809 3605 1019 3660 Domini
1053 3619 1448 3675 praeparemus,
1481 3603 1571 3674 qui
1603 3600 1850 3657 ascendit
1882 3600 1936 3655 iu
1984 3599 2116 3655 Pau-

499 3703 572 3768 lo,
621 3701 871 3758 ascendit
917 3703 971 3758 in
1023 3701 1206 3768 Petro,
1259 3701 1400 3756 etin
1435 3696 1813 3770 hujuscemodi
1861 3695 2114 3752 curribus

501 3795 777 3867 equitans,
811 3804 984 3853 totum
1011 3795 1268 3852 lustravit
1310 3794 1521 3851 orbem.
1570 3792 1862 3848 lntendens
1901 3806 2115 3862 quoque

499 3908 686 3948 arcum
717 3893 833 3950 sive
877 3893 1101 3965 sagittas
1127 3906 1278 3960 suas,
1312 3899 1551 3961 sceptra,
1583 3887 1635 3944 id
1667 3897 1770 3955 est,
1820 3901 1984 3958 regna
2015 3885 2114 3942 ad-

501 4005 722 4046 versum
767 4006 889 4062 quae
931 3989 1199 4046 Jeremias
1247 3989 1444 4043 missus
1494 3995 1598 4052 est,
1652 3983 1970 4048 eradicavit,
2022 3982 2116 4037 de-

501 4084 694 4140 struxit
729 4095 784 4140 et
829 4084 1065 4155 perdidit
1112 4081 1340 4155 (Ierem.
1371 4079 1584 4151 xvnt):
1633 4079 1871 4150 fecitque
1915 4089 1972 4132 ut
2009 4092 2114 4131 non

502 4189 760 4250 regnaret
791 4189 1073 4248 peccatum
1107 4176 1161 4232 in
1184 4175 1405 4232 mortali
1440 4185 1632 4229 nostro
1661 4188 1915 4246 corpore.
1950 4169 2118 4241 Scep-

503 4281 584 4327 tra
611 4281 816 4338 autem,
849 4270 901 4327 id
933 4279 1038 4340 est,
1071 4285 1237 4341 regna
1260 4267 1489 4334 diaboli,
1518 4283 1640 4339 quae
1662 4265 1905 4322 ostendit
1928 4273 1983 4320 et
2009 4265 2116 4320 Do-

505 4365 676 4434 mino,
706 4364 948 4436 intellige
966 4365 1190 4420 diversa
1217 4361 1791 4434 peccata,avaritiam,
1817 4361 2115 4425 luxuriam,

503 4457 868 4524 iracundiam,
893 4456 1314 4525 detractionem,
1341 4456 1506 4520 furta,
1540 4455 1799 4526 perjuria,
1828 4455 2115 4510 adversum

503 4565 624 4620 quae
655 4564 835 4606 sermo
881 4549 974 4605 Dei
1003 4549 1202 4606 sedens
1241 4549 1297 4604 in
1328 4550 1508 4619 equis,
1542 4557 1597 4603 et
1627 4551 1680 4602 in
1709 4548 1958 4602 curribus
2004 4547 2117 4602 suis

503 4642 734 4698 intendit
755 4654 778 4679 υ
799 4643 1024 4714 fulgoris
1044 4644 1127 4698 sui
1149 4651 1400 4698 contorta
1432 4643 1660 4713 spicula,
1685 4653 1734 4696 et
1762 4642 1978 4697 interim
2011 4657 2116 4696 non

503 4736 727 4800 emittit,
764 4747 814 4791 ut
863 4739 953 4808 qui
1004 4737 1070 4793 ad
1117 4746 1398 4794 extentum
1431 4753 1618 4792 arcum
1669 4739 1887 4792 territus
1929 4735 2116 4803 fuerit,

505 4831 861 4886 emissionem
912 4847 1018 4884 non
1068 4830 1269 4887 sentiat
1315 4829 1659 4901 sagittarum.
1716 4830 1782 4884 Et
1839 4830 1940 4884 hoc
1989 4828 2120 4884 facit

503 4941 722 4996 semper,
757 4924 900 4995 quod
936 4926 1127 4996 Aquila
1175 4926 1566 4996 interpretatus
1597 4934 1705 4989 est,
1740 4939 1840 4993 pro
1883 4922 2120 4993 diapsal-

504 5031 663 5076 mate.
688 5021 916 5092 Semper
941 5021 1086 5077 enim
1113 5021 1264 5077 sedet
1294 5020 1314 5093 [
1340 5021 1426 5076 Al.
1454 5019 1630 5092 sedit]
1655 5021 1706 5074 iu
1743 5019 1948 5075 sanctis
1979 5018 2112 5086 suis,

503 5132 724 5188 semper
747 5127 991 5174 armatus
1011 5125 1114 5174 est.
1147 5118 1218 5173 Et
1237 5127 1424 5174 acutas
1453 5116 1679 5186 sagittas
1703 5118 1758 5169 in
1791 5113 1992 5185 linguis
2018 5128 2113 5169 eo-

502 5228 624 5269 rum
658 5228 973 5285 prazparans
1002 5213 1229 5285 equitat,
1260 5222 1314 5270 et
1350 5212 1454 5268 huc
1499 5211 1737 5282 illucque
1766 5211 2026 5267 discurrit
2055 5211 2108 5266 in

504 5307 655 5362 orbis
687 5308 942 5364 salutem.

575 5401 594 5474 (
628 5401 786 5458 Vers.
825 5402 956 5474 to.)
988 5401 1207 5458 Fluvios
1235 5405 1438 5460 scindes
1481 5412 1651 5458 term.
1693 5401 1879 5458 LXX:
1914 5401 2118 5456 Fluviis

498 5495 767 5550 scindetur
788 5505 946 5551 terra.
973 5497 1104 5565 Quia
1131 5497 1411 5554 suscitavit
1445 5499 1705 5553 Dominus
1725 5513 1911 5552 arcum
1934 5512 2114 5564 suum,

501 5597 560 5643 ut
590 5589 840 5646 tribubus
865 5592 1175 5660 iuramenta
1193 5592 1442 5649 redderet
1464 5609 1585 5664 quae
1611 5593 1824 5647 locutus
1849 5602 1954 5660 est,
1980 5605 2113 5646 con-

501 5692 798 5754 sequenter
818 5682 1038 5750 dicitur,
1066 5685 1260 5742 ﬂuvios
1281 5686 1497 5743 scindes
1527 5695 1711 5755 terrze,
1738 5686 1788 5740 id
1815 5695 1920 5752 est,
1958 5699 2114 5756 reges

575 5804 600 5833 ⁸
631 5795 816 5874 Maluit
845 5798 1141 5866 Victorinus,
1197 5802 1440 5874 fulguris,
1487 5819 1554 5859 ex
1583 5812 1790 5874 septem
1821 5802 2114 5861 Florentia'.

423 5889 428 5895 λ
505 5870 924 5937 cxctnplaribus.

2212 1907 2398 1963 fluere.
2432 1909 2570 1964 Cum
2601 1919 2784 1965 autem
2815 1909 2882 1964 ad
2915 1909 3356 1979 praedicationem
3405 1911 3684 1966 sermonis
3733 1911 3816 1966 Dei

2211 2018 2478 2059 Concussa
2507 2003 2688 2069 fuerit,
2713 2017 2766 2058 et
2795 2003 2863 2059 de
2894 2004 3060 2074 priori
3093 2013 3232 2058 statu
3267 2014 3438 2073 mota,
3485 2013 3620 2059 tunc
3651 2019 3818 2059 erum-

2213 2119 2343 2172 pere
2368 2103 2512 2174 quod
2539 2103 2762 2169 latebat,
2800 2105 2930 2158 etin
2973 2102 3332 2159 refectionem
3359 2104 3667 2173 potantium
3703 2099 3815 2174 [ΑΙ.

2214 2195 2514 2264 potentium
2541 2193 2559 2265 j
2588 2195 2775 2251 ﬂuere.
2805 2195 2918 2250 lloc
2940 2195 3113 2264 ipsum
3138 2211 3262 2252 reor
3284 2204 3340 2251 et
3367 2195 3494 2250 illud
3519 2195 3818 2264 signiﬁcare

2213 2287 2266 2341 in
2298 2288 2497 2356 Genesi
2529 2288 2673 2358 quod
2712 2287 2995 2343 fodiuntur
3033 2290 3178 2359 putei
3208 2304 3238 2342 a
3275 2289 3452 2344 servis
3481 2287 3657 2352 Isaac,
3699 2300 3816 2356 quos

2213 2382 2281 2434 ab
2348 2379 2628 2435 Abraham
2690 2382 2861 2435 factos
2925 2380 3255 2436 Philisthiim
3318 2391 3463 2435 terra
3528 2380 3819 2434 obruerunt

2216 2474 2447 2546 (Genes.
2482 2491 2605 2529 xxvi
2627 2475 2666 2546 ).
2701 2474 2968 2543 Quamdiu
2993 2476 3130 2530 vivit
3160 2474 3466 2542 Abraham,
3501 2473 3656 2544 putei
3689 2473 3814 2528 illius

2217 2583 2325 2623 non
2352 2568 2684 2625 clauduntur
2711 2587 2724 2624 :
2757 2570 2849 2626 illo
2881 2579 3064 2624 autem
3095 2579 3338 2636 mortuo,
3383 2578 3439 2624 et
3468 2567 3652 2639 puteis
3678 2569 3818 2622 obtu-

2217 2664 2371 2730 ratis,
2418 2663 2466 2718 si
2497 2664 2646 2719 servi
2684 2664 2936 2732 fodiunt,
2975 2662 3362 2720 contradicunt
3387 2662 3740 2729 Philisthiim,
3771 2671 3815 2717 et

2211 2757 2450 2829 jurgium
2481 2768 2587 2814 est.
2623 2757 2679 2814 Si
2711 2775 2840 2814 vero
2870 2761 2985 2829 ipse
3021 2761 3203 2813 veniat
3245 2757 3421 2826 Isaac,
3453 2768 3506 2812 et
3535 2757 3708 2813 fodiat
3734 2772 3817 2827 pu-

2219 2863 2388 2922 teum,
2409 2863 2465 2908 et
2492 2854 2734 2910 inveniat
2754 2869 2972 2925 aquam,
3001 2853 3331 2909 Philistltiim
3365 2869 3470 2908 non
3497 2855 3682 2909 valent
3701 2867 3814 2907 con-

2219 2949 2506 3005 tradicere.
2557 2949 2692 3005 Vide
2745 2951 2963 3005 Petrum
3017 2961 3070 3006 et
3121 2950 3376 3015 Paulum,
3429 2960 3486 3006 et
3533 2949 3606 3004 de
3657 2949 3813 3019 puteis

2218 3043 2418 3098 Christi
2448 3044 2736 3115 fluviisque
2766 3060 2873 3100 non
2900 3047 3163 3117 ambiges.
3195 3045 3372 3102 Cerne
3400 3060 3594 3101 omnes
3619 3056 3814 3116 aposto.

2218 3136 2321 3202 los,
2356 3144 2411 3192 et
2431 3137 2542 3207 jam
2574 3153 2683 3192 non
2713 3149 2946 3210 quatuor
2975 3138 3224 3204 ﬂumina,
3267 3141 3363 3193 scd
3395 3139 3684 3194 duodecim
3731 3139 3813 3193 llu-

2141 3202 2189 3268 Ο
2223 3233 2336 3287 vios
2366 3231 2640 3302 intelliges
2677 3234 2826 3289 exire
2865 3235 2934 3291 de
2971 3234 3222 3305 paradiso
3261 3234 3697 3307 Scripturarnm.
3735 3233 3809 3290 lsti

2215 3324 2366 3380 ﬂuvii
2405 3337 2696 3397 antequam
2755 3336 2899 3382 terra
2941 3337 3403 3396 commoveretur,
3454 3329 3718 3392 latebant,
3766 3339 3810 3384 et

2215 3434 2339 3474 cum
2387 3433 2572 3476 essent
2603 3421 2658 3476 in
2716 3431 2875 3478 terra:
2904 3424 3079 3491 venis,
3113 3425 3426 3480 sitientibus
3477 3426 3674 3497 pocula
3720 3440 3808 3480 non

2218 3513 2548 3583 praebebant.
2597 3515 2886 3587 Postquam
2919 3532 3051 3573 vero
3082 3517 3149 3574 ad
3188 3519 3478 3575 adventum
3508 3520 3711 3576 Christi
3737 3535 3808 3575 ora

2217 3609 2298 3666 bis
2326 3620 2380 3666 et
2411 3613 2588 3667 omnis
2613 3621 2756 3668 terra
2782 3629 3050 3670 concussa
3081 3623 3184 3683 est,
3217 3617 3398 3672 subito
3432 3625 3804 3688 proruperunt,

2215 3713 2270 3760 et
2300 3715 2428 3761 tunc
2449 3707 2780 3777 completum
2811 3717 2896 3764 est
2923 3726 2935 3762 :
2971 3707 3158 3763 Posuit
3185 3712 3406 3780 ﬂumina
3449 3712 3502 3765 in
3550 3713 3804 3767 desertum.

2215 3807 2260 3852 et
2287 3800 2456 3854 exitus
2487 3817 2741 3871 aquarum
2779 3802 2831 3855 in
2860 3801 3021 3868 sitim,
3055 3812 3244 3857 terram
3277 3805 3603 3875 fructiferam
3636 3806 3687 3859 in
3715 3804 3807 3858 sal-

2214 3894 2471 3966 suginem,
2518 3912 2550 3948 a
2591 3896 2789 3950 malitia
2825 3895 3170 3950 habitantium
3210 3899 3262 3952 in
3309 3916 3370 3953 ea
3408 3897 3542 3971 (Ps.
3597 3897 3806 3956 xxxutl.

2218 3987 2404 4043 Posuit
2429 3988 2702 4045 desertum
2735 3991 2788 4044 in
2829 3990 3050 4060 paludes
3077 4007 3362 4063 aquarum,
3391 4001 3446 4048 et
3474 4004 3676 4048 terram
3707 3994 3807 4046 sine

2217 4099 2352 4153 aqua
2397 4083 2448 4136 in
2483 4085 2658 4139 fontes
2706 4099 2970 4155 aquarum
3000 4104 3010 4138 :
3046 4097 3101 4140 et
3149 4085 3393 4141 habitare
3429 4085 3559 4141 fecit
3593 4087 3662 4140 ibi
3704 4101 3806 4140 esu-

2219 4177 2443 4240 rientes,
2478 4185 2534 4232 et
2567 4178 2976 4234 constituerunt
3006 4178 3280 4234 civitatem
3333 4179 3397 4232 ad
3449 4179 3799 4234 habitandum.

2220 4269 2512 4340 Postquam
2543 4270 2686 4326 enim
2721 4271 2984 4326 Dominus
3018 4271 3165 4326 venit
3208 4272 3260 4324 in
3291 4270 3572 4339 mttndutu,
3597 4282 3648 4327 et
3678 4286 3805 4326 com-

2220 4363 2420 4434 pletum
2449 4371 2533 4419 est
2555 4364 2686 4420 illud
2715 4366 2862 4434 quod
2885 4366 3020 4420 dixit
3043 4367 3096 4420 in
3129 4366 3456 4436 Evangelia:
3482 4364 3804 4438 Injudicium

2221 4475 2312 4529 ego
2340 4459 2392 4512 in
2421 4460 2673 4513 mundum
2700 4460 2856 4514 istum
2899 4461 3010 4514 veni
3048 4470 3104 4514 ut
3127 4461 3236 4530 qui
3280 4477 3380 4514 non
3407 4461 3665 4522 videbant,
3690 4459 3806 4513 tride-

2223 4561 2352 4618 rent,
2379 4563 2426 4607 et
2453 4552 2540 4622 qui
2563 4553 2820 4618 ridebant,
2847 4555 2970 4608 εατί
2997 4555 3176 4623 ﬁerent
3203 4553 3395 4624 (Joan.
3428 4570 3503 4620 Ix,
3528 4554 3626 4625 '59)
3653 4571 3665 4608 :
3699 4565 3805 4607 tunc

2229 4656 2374 4701 terra
2410 4647 2574 4701 Israel
2599 4647 2665 4700 de
2696 4663 2797 4717 qua
2832 4646 2984 4700 ﬂuvii
3027 4656 3154 4701 ante
3202 4647 3515 4710 manabant,
3549 4657 3604 4701 et
3637 4647 3803 4714 irriga-

2223 4739 2354 4794 haut
2380 4740 2698 4794 universum
2730 4739 2932 4794 .ludtete
2962 4739 3244 4808 populum,
3287 4739 3451 4804 aruit,
3479 4747 3532 4794 et
3559 4737 3724 4793 fontes
3751 4737 3803 4789 il-

2222 4833 2327 4888 lius
2358 4833 2597 4888 obturati
2637 4841 2782 4887 sunt.
2825 4832 3128 4888 Universos
3161 4843 3341 4888 autem
3389 4831 3538 4887 orbis
3567 4831 3659 4900 qui
3704 4837 3803 4886 erat

2223 4928 2471 4983 desertus
2499 4937 2554 4983 et
2575 4927 2799 4995 sterilis,
2821 4940 2874 4983 et
2904 4943 3074 4999 aquas
3101 4927 3500 4997 prmdicatiunis
3530 4924 3802 5004 Dominicte

2224 5038 2331 5078 nou
2366 5022 2620 5103 habebat,
2654 5037 2847 5078 versus
2872 5031 2958 5077 est
2988 5026 3038 5076 in
3071 5021 3300 5092 paludes
3326 5019 3492 5094 649
3519 5031 3798 5091 aquarum:

2220 5125 2274 5172 et
2299 5126 2432 5187 quot
2461 5116 2721 5171 doctores
2761 5115 2965 5182 emisit,
3019 5124 3100 5170 tot
3151 5115 3338 5170 habuit
3368 5127 3425 5170 et
3469 5115 3667 5169 fontes.
3711 5111 3802 5166 Nec

2219 5213 2418 5269 sufficit
2445 5211 2472 5250 ιι
2504 5211 2604 5278 eis,
2638 5210 2876 5266 fontibus
2905 5209 3156 5266 videlicet
3195 5218 3358 5280 atque
3386 5206 3714 5272 ﬂuminibus,
3742 5205 3802 5258 ir-

2221 5308 2400 5377 rigare
2429 5305 2578 5361 orbis
2627 5305 2888 5377 populos;
2925 5304 3021 5360 sed
3070 5305 3120 5359 in
3176 5320 3497 5374 unaquaque
3542 5299 3800 5374 provincia

2218 5419 2316 5457 eos
2346 5403 2437 5473 qui
2470 5400 2786 5457 esuriehant
2837 5409 2892 5456 et
2939 5399 3285 5471 patiebantur
3317 5401 3511 5454 famem
3558 5395 3800 5454 sermonis

2218 5497 2340 5562 Dei,
2372 5497 2425 5551 iu
2458 5513 2623 5551 unum
2674 5497 2930 5566 populum
2975 5505 3399 5568 congregantes,
3443 5499 3822 5580 exstruxeruut‘

2220 5590 2544 5656 Ecclesium,
2568 5606 2692 5662 qum
2720 5588 2918 5646 dicitur
2945 5590 3138 5645 civitas
3178 5589 3247 5646 ad
3290 5589 3723 5658 inhabitandam,
3772 5593 3872 5644 et“

2219 5699 2380 5754 quam
2403 5682 2638 5739 ltetiticat
2659 5683 2894 5754 impetus
2920 5681 3181 5736 ﬂuminis.

2299 5799 2325 5837 ι’
2369 5799 2565 5872 Regio.
2596 5816 2725 5866 ms.,
2773 5799 2886 5854 Nec
2913 5799 3115 5866 stt/fecit
3156 5799 3249 5870 eis,
3285 5800 3514 5871 fontibus
3545 5810 3695 5872 atque
3724 5801 3822 5872 ﬂu-

2230 5872 2473 5941 minibus,
2504 5881 2637 5942 etc.,
2669 5872 2875 5943 absque
2903 5872 3155 5928 ridclicet.

3873 5547 3958 5677 .4
