4050 6342
23 5655 212 5772 ct‘\

257 291 388 350 1521

1071 297 1726 360 COMMENTARIORUM
1769 299 1834 357 ΙΝ
1877 300 2148 360 ABACUC
2190 304 2318 362 LIB.
2363 306 2425 362 ll.
2469 305 2623 362 CAP.
2666 308 2754 364 111.

3415 309 3553 368 1522

324 409 504 482 (Vers.
541 409 602 465 il
634 410 814 484 seqq.)
852 411 1108 470 Viderunt
1138 426 1205 482 te,
1236 428 1281 471 et
1303 417 1583 472 doluerunt
1612 426 1842 472 montes:
1873 419 1922 479 Α
1949 435 2105 487 super
2153 428 2344 475 terram
2390 420 2558 494 (Isai.
2604 439 2755 484 xxvr.
2802 423 2888 492 l7,
2941 423 3007 478 18
3030 421 3068 495 ).
3102 423 3290 492 Beati,
3336 425 3548 494 inquit,

251 517 438 573 gurges
470 519 724 573 aquarum
757 507 964 560 transiit
993 523 1008 560 :
1045 507 1190 562 dedit
1215 509 1430 581 abyssus
1457 527 1628 565 rorem
1659 527 1808 565 suam
1833 526 1849 563 :

252 593 477 651 altitudo
520 615 705 654 manus
743 617 864 655 suas
905 601 1232 658 leravit:sol
1271 615 1317 658 et
1358 603 1487 659 luna
1521 614 1773 659 steterunt
1801 607 1854 660 in

253 686 554 743 habitacula
595 694 806 747 suo:in
846 693 963 748 luce
987 694 1302 765 sagittarum
1340 704 1551 751 tuarum
1591 697 1760 762 ibunt,
1800 698 1856 752 in

259 779 541 850 splendore
577 782 892 856 fulgurantis
929 784 1094 840 hastas
1131 797 1253 844 tute.
1301 787 1368 842 In
1396 787 1604 858 fremitu
1641 789 1859 844 concul-

252 875 392 931 cabis
423 886 614 932 terram
648 895 667 934 :
690 880 743 934 in
777 881 956 951 furore
982 881 1360 953 obstupefacies
1390 892 1560 955 gentes
1586 900 1604 938 :
1627 901 1858 958 egressus

254 988 306 1026 es
336 973 389 1026 in
417 973 645 1030 salutem
672 974 860 1048 populi
890 977 988 1045 tui,
1019 978 1073 1033 in
1098 976 1321 1033 salutem
1351 995 1467 1034 cum
1493 978 1704 1035 Christo
1735 989 1858 1034 tuo:

256 1069 555 1138 percussisti
580 1081 739 1142 caput
771 1071 835 1126 de
859 1072 1014 1128 domo
1040 1074 1214 1145 impii,
1246 1074 1523 1130 denudasti
1551 1075 1862 1148 fundamen-

255 1173 366 1219 tum
405 1180 565 1235 usque
604 1164 673 1219 ad
711 1165 924 1221 collum.
969 1166 1208 1237 Semper.
1247 1167 1432 1224 Solam
1464 1175 1710 1223 nostram
1747 1167 1862 1223 edi-

257 1258 457 1313 tionem
499 1259 817 1330 posuimus,
866 1269 921 1317 ut
955 1260 1114 1331 juxta
1147 1277 1266 1318 eam
1294 1303 1309 1330 ,
1357 1261 1410 1318 id
1440 1271 1546 1328 est,
1573 1261 1727 1331 juxta
1756 1261 1863 1316 Ile-

258 1350 522 1419 braicum,
553 1361 803 1410 texentes
836 1355 1292 1428 consequentiam
1325 1355 1465 1423 loci,
1501 1363 1688 1426 postea
1720 1351 1866 1409 LXX

257 1447 582 1502 eommatice
622 1462 721 1519 per
759 1449 1000 1520 Capitula
1052 1450 1413 1506 disseramus.
1457 1449 1725 1507 Viderunt
1775 1459 1859 1518 te,

259 1540 429 1608 Deus,
463 1549 518 1597 et
557 1540 853 1598 doluerunt
889 1552 1139 1601 montes:
1165 1544 1384 1600 excelsa
1416 1545 1637 1601 scilicet
1672 1559 1862 1615 regna,

257 1643 314 1690 et
363 1635 632 1692 sublimes
679 1635 844 1709 hujus
881 1639 1070 1695 saeculi
1116 1646 1447 1709 potestates,
1491 1646 1546 1695 et
1590 1637 1867 1710 quadriga:

260 1739 498 1801 quatuor
531 1731 584 1786 in
617 1731 906 1802 Zacharia,
941 1749 1065 1806 quae
1095 1733 1454 1804 egrediuntur
1483 1733 1554 1788 de
1584 1731 1866 1787 montibus

1957 515 2153 569 mundo
2197 517 2374 583 corde,
2407 519 2650 588 quoniam
2679 519 2780 586 ipsi
2810 519 2974 573 Deum
3019 520 3259 575 videbant
3313 521 3551 592 (Matth.

1960 623 2012 677 ν,
2045 610 2124 681 8).
2172 611 2260 665 lsti
2294 611 2476 683 itaque
2507 613 2691 682 populi
2739 613 2835 668 loti
2865 630 2892 668 a
2921 613 3270 683 ﬂuminibus,
3307 631 3412 670 non
3435 616 3551 686 jam

1960 703 2246 774 viderunt,
2279 706 2378 761 sed
2408 706 2578 762 visuri
2608 717 2733 763 sunt
2777 708 2948 764 Deum
2985 727 2998 763 :
3043 719 3098 764 et
3143 726 3264 765 cum
3295 710 3555 774 viderint,

1960 798 2270 868 concipienl
2297 842 2310 866 ,
2365 809 2422 855 ut
2449 801 2664 870 possint
2698 801 2907 858 fructus
2932 819 3128 874 parere
3159 803 3556 861 doetrinarum.

1963 889 2070 947 Sed
2100 892 2226 961 quia
2256 892 2514 950 dicuntur
2543 897 2756 966 populi,
2790 905 2844 951 et
2882 899 3204 967 potiulorum
3233 915 3340 954 non
3369 909 3454 955 est
3479 899 3559 954 vi-

1962 984 2095 1042 dere
2120 985 2312 1042 faciem
2343 987 2460 1053 Dei,
2497 987 2626 1044 licet
2647 988 2700 1043 in
2731 988 2973 1045 futurum
3002 991 3332 1047 extendatur
3358 991 3559 1061 oratio,

1964 1077 2225 1133 videbunt
2247 1088 2301 1134 et
2329 1080 2575 1149 parient:
2599 1090 2781 1138 tamen
2808 1082 2963 1153 juxta
2997 1085 3356 1154 tmpologiam
3387 1085 3562 1157 magis

1968 1170 2291 1227 llebraicum
2325 1173 2664 1244 sequendum
2688 1185 2794 1242 est,
2822 1177 2914 1230 ubi
2950 1176 3184 1232 dicitur:
3217 1175 3464 1231 Viderunt
3493 1189 3560 1244 te,

1965 1273 2013 1320 et
2039 1276 2352 1337 pepererunt
2374 1270 2881 1328 montes:montium
2907 1270 3052 1325 enim
3077 1279 3159 1326 est
3182 1272 3366 1327 videre
3389 1273 3560 1328 Deum

1967 1367 2022 1414 ct
2050 1372 2250 1427 parere
2277 1359 2448 1428 ﬁlios,
2481 1375 2620 1428 quos
2649 1360 2717 1416 de
2739 1360 2835 1416 Dei
2864 1376 3167 1430 concepere
3199 1378 3476 1419 sermone.

2041 1449 2185 1505 LXX
2225 1469 2238 1504 :
2289 1462 2312 1491 ο
2344 1450 2598 1525 Disperge
2639 1471 2802 1525 aquas
2848 1455 3068 1509 itineris.
3126 1456 3364 1511 Diversa:
3411 1471 3566 1526 aqua:

1968 1551 2096 1598 sunt
2122 1561 2136 1597 :
2162 1543 2284 1600 alite
2313 1548 2685 1616 sempiternae,
2715 1548 2836 1603 alite
2863 1551 3082 1604 breves.
3115 1549 3186 1605 De
3213 1551 3570 1621 sempiternis

1968 1637 2148 1706 aquis,
2178 1645 2234 1692 et
2267 1654 2387 1708 qua!
2421 1637 2589 1694 ﬂuunt
2617 1640 2683 1695 de
2712 1639 2956 1696 fontibus
2985 1639 3173 1707 Israel,
3204 1641 3410 1697 dictum
3444 1653 3526 1698 est
3553 1661 3568 1697 :

1971 1725 2309 1786 Fluminibus
2340 1731 2607 1786 scindetur
2635 1743 2790 1787 terra.
2824 1735 2898 1789 De
2932 1734 3148 1802 subitis,
3181 1745 3234 1790 et
3264 1735 3331 1790 ad
3360 1747 3573 1809 tempus

261 1825 422 1880 :ereis
453 1823 668 1894 (Zacch.
699 1827 777 1897 vt)
809 1843 822 1881 :
851 1826 937 1881 ha:
969 1836 1022 1882 te
1055 1827 1315 1882 viderunt
1351 1837 1408 1883 et
1435 1826 1864 1882 intremuerunt.
1897 1825 1944 1885 Β
1971 1824 2324 1881 currentibus
2361 1843 2374 1878 :
2415 1825 2604 1882 Omnes
2646 1835 2898 1883 torrentes
2935 1832 3129 1884 radunt
3169 1830 3220 1883 in
3260 1847 3421 1886 mare.
3469 1830 3577 1887 Ta-

263 1917 333 1974 Et
361 1933 562 1991 gurges
599 1917 866 1991 aguarum
911 1921 1156 1976 transiit:
1183 1922 1284 1976 hoc
1311 1928 1428 1989 est,
1468 1920 1646 1976 omnis
1673 1933 1863 1974 eorum

261 2001 520 2082 impetus,
539 2020 598 2068 et
623 2011 960 2083 persecutio,
983 2028 1088 2082 qua
1113 2013 1384 2069 vexabant
1409 2011 1673 2083 populum
1697 2020 1868 2078 tuum,

263 2115 555 2179 postquam
589 2115 642 2164 te
677 2107 954 2177 viderunt,
988 2107 1225 2164 transiit.
1283 2108 1437 2165 Tune
1467 2112 1724 2182 abyssus,
1766 2107 1872 2162 hoc

265 2210 372 2268 εει,
402 2200 562 2257 inferi
585 2200 952 2258 laudaverunt
982 2210 1217 2258 teztunc
1248 2203 1414 2258 etiam
1444 2201 1651 2272 superi,
1679 2200 1731 2256 id
1765 2209 1868 2266 est,

266 2293 449 2366 angeli
498 2295 552 2350 in
603 2295 858 2366 plausum
897 2296 1014 2352 suis
1058 2296 1311 2352 manibus
1359 2304 1779 2382 concreparunt,
1813 2303 1874 2349 ut

265 2387 532 2445 victorem
555 2389 721 2445 veluti
744 2399 899 2461 gestu
922 2389 1156 2459 quodam
1181 2400 1238 2446 et
1261 2389 1508 2460 tripudio
1532 2389 1874 2445 elevatarum

267 2497 526 2538 manuum
556 2483 1032 2540 demonstrarent.
1063 2483 1155 2540 Sol
1189 2491 1314 2538 tuus
1341 2493 1397 2540 et
1425 2483 1579 2548 luna,
1609 2490 1664 2538 et
1692 2483 1875 2536 omnis

267 2577 552 2648 Splendor,
582 2593 688 2647 quo
715 2577 870 2648 prius
908 2577 1170 2633 illuxeras
1210 2576 1412 2649 populo
1454 2585 1570 2639 tuo,
1615 2582 1675 2630 et
1705 2574 1878 2630 malo-

270 2687 390 2727 rum
433 2682 626 2742 posma
670 2671 934 2743 pondere,
976 2673 1236 2728 universa
1272 2670 1492 2726 fuerant
1522 2668 1875 2726 tenebrarum

271 2766 502 2824 horrore
525 2777 807 2840 e00perta,
841 2779 1167 2841 receperunt
1193 2767 1374 2825 lumen
1404 2782 1585 2834 suum,
1615 2777 1665 2822 et
1695 2765 1880 2838 pristi-

271 2875 398 2917 num
419 2861 665 2918 habuere
688 2862 976 2934 fulgorem.
992 2861 1212 2934 Sagittae
1236 2870 1340 2918 tuae
1357 2869 1412 2918 et
1424 2861 1708 2933 fulgurans
1725 2859 1880 2913 basta

273 2961 388 3019 tua,
419 2955 471 3008 id
511 2962 618 3021 est,
649 2955 822 3026 plagae
850 2965 959 3010 tua:
981 2996 997 3024 ,
1045 2965 1099 3012 et
1130 2954 1372 3011 eruditio
1407 2964 1532 3024 tua,
1573 2955 1755 3010 lumen
1787 2961 1880 3008 tuo

271 3045 476 3116 poliulo
544 3048 918 3119 praebuerunt.
968 3048 1215 3119 Denique
1265 3049 1322 3104 in
1369 3048 1495 3105 luce
1557 3051 1878 3120 sagittarum

273 3147 511 3206 tuarum,
538 3150 593 3197 et
621 3141 674 3196 in
701 3141 1002 3212 splendore
1031 3141 1208 3198 hasta:
1241 3151 1371 3209 tute,
1399 3157 1524 3213 quae
1551 3157 1650 3198 eos
1678 3140 1744 3195 ad
1776 3140 1880 3194 hoc

1976 1916 2110 1972 lium
2152 1918 2297 1974 enim
2346 1935 2610 1991 aquarum
2653 1921 2777 1977 linis
2821 1922 3056 1994 perditio
3103 1935 3206 1980 est.
3255 1925 3401 1981 Deus
3444 1941 3576 1996 ergo

1975 2027 2165 2070 omnes
2195 2029 2364 2086 aquas
2394 2032 2518 2086 quae
2559 2032 2588 2071 a
2635 2018 2911 2088 perversis
2948 2018 3298 2090 dogmatibus
3344 2021 3577 2076 concul-

1975 2117 2108 2160 cata:
2135 2115 2282 2175 sunt,
2309 2107 2610 2178 disperget,
2625 2125 2747 2166 cum
2777 2109 3132 2182 dissipaverit
3162 2113 3387 2168 consilia
3421 2115 3573 2184 prin-

1977 2197 2592 2271 eipum,etsapientiam
2621 2204 2806 2259 mundi
2832 2203 3010 2274 hujus.
3038 2205 3098 2262 Si
3127 2207 3345 2277 quando
3375 2207 3581 2264 videris

1977 2291 2043 2346 ad
2075 2291 2240 2348 breve
2270 2294 2507 2364 aliquam
2539 2297 2797 2352 hmresim
2830 2297 3114 2364 ﬂoruisse,
3165 2309 3220 2354 et
3267 2310 3454 2369 postea
3483 2300 3581 2356 Dei

1977 2385 2152 2454 gratia
2203 2386 2550 2459 dissipatam,
2598 2389 2771 2446 dicito
2822 2406 2947 2446 esse
2992 2392 3154 2464 651
3206 2397 3577 2466 completum:

1980 2479 2246 2553 disperges
2301 2499 2464 2553 aquas
2523 2483 2747 2538 itineris.
2799 2485 2990 2539 Potest
3038 2498 3219 2541 autem
3284 2487 3386 2544 hoc
3437 2489 3583 2558 quod

1980 2571 2202 2642 dicitur,
2235 2573 2456 2642 itineris,
2491 2577 2771 2632 subaudiri
2816 2577 3092 2644 diabolici,
3121 2588 3182 2632 ut
3229 2579 3300 2634 sit
3344 2595 3582 2636 sensus:

1981 2663 2165 2736 Aquas
2192 2681 2326 2737 quas
2358 2667 2611 2724 diabolus
2646 2671 3012 2739 conculcavit,
3049 2679 3104 2726 et
3131 2687 3251 2741 qua:
3300 2673 3486 2728 multis
3531 2674 3586 2729 in

1981 2771 2043 2814 se
2081 2759 2437 2829 praebuerunt
2476 2761 2603 2830 iter,
2645 2762 2702 2817 id
2740 2770 2851 2830 est,
2886 2763 3078 2818 multis
3107 2772 3402 2835 patuerunt
3431 2782 3587 2823 erro—

1984 2851 2168 2922 ribus,
2219 2854 2435 2911 dividet
2463 2856 2732 2913 Dominus
2781 2869 2946 2928 atque
2993 2859 3294 2932 disperget.
3332 2862 3484 2918 [inde
3533 2871 3590 2918 et

1984 2947 2171 3002 caeteri
2201 2947 2557 3020 interpretes,
2593 2949 2834 3008 furorem
2868 2951 3115 3008 volentes
3145 2954 3464 3007 hu'relicutn
3496 2953 3588 3010 dc-

1985 3042 2252 3112 scrihere,
2275 3043 2678 3100 transtulerunt
2708 3063 2720 3100 :
2754 3044 2945 3115 Illisio,
2975 3047 3060 3102 vel
3082 3046 3304 3116 impetus
3335 3064 3589 3116 aquarum

1988 3137 2219 3192 transiet.
2253 3137 2530 3194 Feruntur
2573 3139 2715 3195 enim
2763 3155 2936 3210 prono
2980 3140 3311 3210 eloquentiae
3337 3157 3500 3197 cursu
3533 3151 3589 3196 et

272 3236 568 3309 corripuit,
597 3247 657 3290 ut
682 3236 1022 3306 emendaret,
1054 3236 1362 3294 ambulavit
1393 3236 1624 3307 populus
1659 3244 1783 3290 tuus
1824 3232 1878 3288 in
1908 3227 1955 3292 C
1986 3231 2324 3302 praecipites,
2359 3243 2416 3288 ut
2443 3249 2848 3305 quemcumque
2891 3234 3109 3292 obvium
3137 3244 3194 3293 et
3225 3237 3402 3293 levem
3434 3237 3586 3294 inve-

276 3328 492 3384 iremitu
527 3337 640 3384 tuo.
668 3329 894 3398 Quando
923 3345 1058 3402 ergo
1082 3329 1265 3401 populi
1301 3329 1375 3385 tui
1407 3328 1709 3385 vindicabis
1733 3327 1880 3398 inju-

275 3421 432 3488 riam,
453 3431 668 3479 terrena
686 3437 852 3494 regna
873 3421 1132 3492 calcabis,
1145 3431 1203 3480 et
1219 3435 1408 3478 omnes
1419 3430 1609 3492 gentes
1623 3421 1880 3478 admirari

275 3517 463 3584 iacies,
494 3517 620 3589 quia
653 3531 910 3589 egressus
937 3534 996 3574 es
1027 3517 1083 3573 in
1115 3517 1349 3573 salutem
1372 3517 1539 3590 650
1567 3517 1750 3588 populi
1775 3517 1872 3584 tui,

277 3623 332 3668 et
361 3614 558 3670 venisti
587 3614 655 3670 ad
687 3629 784 3671 eos
810 3629 933 3671 cum
965 3612 1186 3670 ChriSto
1213 3622 1337 3670 tuo:
1360 3613 1492 3670 licet
1524 3615 1576 3667 in
1605 3612 1876 3668 Hebraico

276 3707 544 3776 scriptum
581 3707 652 3762 sit
698 3725 710 3761 :
763 3705 1011 3778 Egressus
1041 3723 1092 3762 es
1121 3708 1176 3760 in
1199 3704 1419 3760 salutem
1450 3705 1631 3776 populi
1657 3705 1733 3758 tui
1761 3721 1878 3758 cum

274 3797 402 3852 Jcsu
449 3797 656 3855 Christo
703 3808 790 3855 tuo
825 3815 844 3853 :
888 3800 1004 3855 sive
1033 3816 1150 3854 cum
1189 3797 1464 3855 Saluatore
1507 3797 1712 3853 Christo
1757 3809 1876 3852 tuo:

275 3891 438 3946 Jesus
477 3892 623 3947 enim
659 3891 904 3948 Salvator
943 3894 1358 3965 interpretatur.
1397 3893 1657 3970 Veniente
1694 3903 1875 3948 autem

277 3981 407 4037 Jesu
437 3981 658 4038 Christo
712 3984 852 4040 Filio
891 3993 1002 4052 tuo,
1037 3986 1353 4056 percussisti
1385 3983 1777 4040 Antichristum
1811 3985 1879 4040 de

280 4072 446 4131 domo
487 4077 664 4148 impii,
697 4077 802 4135 hoc
829 4089 934 4147 est,
969 4081 1022 4134 in
1056 4079 1161 4135 hoc
1190 4081 1418 4145 saeculo,
1449 4077 1590 4148 quod
1623 4080 1674 4133 in
1717 4079 1874 4133 mali.

277 4184 386 4241 gno
417 4171 651 4240 positum
683 4181 770 4228 est
805 4189 820 4226 :
863 4173 977 4228 sive
1007 4173 1183 4243 ipsum
1215 4172 1490 4229 diabolum
1537 4171 1875 4243 percussisti,

280 4264 373 4334 qui
403 4266 699 4336 impietatis
730 4278 894 4340 caput
922 4277 1026 4338 est,
1059 4277 1116 4324 et
1144 4268 1435 4326 denudasti
1464 4267 1876 4326 fundamentum

279 4355 402 4426 ejus
431 4372 606 4430 usque
626 4359 694 4414 ad
719 4361 944 4430 collum,
978 4362 1031 4418 id
1061 4371 1170 4432 est,
1195 4362 1514 4419 abscondita
1544 4362 1663 4434 ejus
1689 4372 1878 4434 aperta

280 4451 486 4522 fecisti,
520 4469 629 4508 non
660 4455 731 4510 ad
776 4456 947 4512 breve
994 4465 1230 4528 tempus,
1274 4457 1372 4513 sed
1416 4457 1470 4512 in
1519 4467 1873 4528 perpetuum:

281 4547 386 4603 hoc
409 4547 553 4603 enim
585 4548 860 4619 signiﬁcat
888 4567 1047 4620 seu,
1077 4550 1131 4606 id
1158 4560 1264 4618 est,
1295 4567 1517 4621 semper.

350 4639 498 4696 LXX
535 4658 551 4698 :
591 4650 620 4679 ⁸
671 4640 926 4698 Videbunt
968 4654 1037 4713 te,
1069 4653 1117 4700 et
1154 4643 1421 4712 dolebant,
1453 4645 1567 4701 sive
1591 4645 1879 4716 parturient
1906 4633 1957 4692 Ι)
1982 4645 2029 4692 ει
2056 4653 2230 4692 omnes
2259 4637 2433 4709 abyssi

281 4733 496 4805 populi;
527 4731 842 4794 ὠδινήσουσι
866 4735 1064 4808 quippe
1091 4746 1386 4809 utrumque
1416 4737 1709 4809 signiﬁcat.
1735 4735 1880 4794 Con-

283 4837 575 4898 sequenter
604 4842 760 4900 rupta
799 4840 966 4898 terra,
999 4838 1056 4886 et
1081 4831 1260 4888 ﬂuviis
1293 4832 1662 4904 manantibus,
1696 4832 1884 4903 pepuli

282 4921 378 4993 qui
421 4921 490 4978 de
538 4921 858 4981 ﬂuminibus
905 4926 1005 4982 Dei
1053 4925 1328 4994 biberant,
1380 4925 1642 4983 videbunt
1688 4926 1882 4994 Deum,

283 5025 448 5087 atque
499 5020 827 5088 parturient.
877 5019 960 5075 Ex
1011 5019 1116 5076 hoc
1165 5021 1310 5076 enim
1357 5021 1479 5092 ipso
1517 5020 1666 5091 quod
1698 5021 1884 5076 vident

285 5109 478 5176 Deum,
522 5111 703 5168 statim
735 5112 834 5168 Dei
867 5113 1035 5170 verbo
1065 5115 1382 5185 concipiunt
1412 5124 1470 5169 et
1498 5113 1714 5171 dicunt:
1736 5115 1782 5168 Α
1809 5114 1880 5168 ti-

286 5219 426 5259 more
452 5213 564 5273 tuo,
593 5205 842 5283 Domine,
870 5209 926 5262 in
955 5217 1100 5263 utero
1127 5209 1476 5280 suscepimus,
1524 5218 1570 5264 et
1607 5208 1881 5280 parturivi-

285 5314 400 5354 mus
444 5308 494 5355 et
538 5302 834 5373 peperimus
874 5318 894 5357 :
932 5301 1174 5374 spiritum
1219 5303 1409 5358 salutis
1446 5311 1551 5358 tua:
1576 5301 1605 5342 ι’
1632 5303 1883 5375 faciemus

1986 3326 2188 3392 nerint,
2221 3340 2405 3382 secum
2438 3325 2671 3382 trahant.

2057 3419 2235 3475 LXX:
2259 3419 2413 3475 Dedit
2441 3421 2657 3493 abyssus
2685 3438 2855 3478 vocem
2882 3439 3032 3477 suam
3059 3422 3390 3478 altitudinem
3419 3424 3588 3495 phan-

1986 3515 2132 3570 tasiaz
2153 3511 2201 3568 (1.
2232 3513 2480 3586 Abyssus
2511 3531 2656 3586 saepe
2687 3515 2740 3571 in
2789 3516 2989 3571 bonam
3034 3531 3241 3588 partem
3278 3537 3292 3574 :
3332 3535 3478 3590 saepe
3531 3521 3584 3574 in

1985 3608 2213 3677 malam,
2245 3609 2518 3665 interdum
2569 3609 2945 3667 indiﬂ‘erenter
2973 3613 3262 3680 accipitur.
3298 3615 3353 3669 In
3383 3615 3582 3670 bonum

1983 3713 2196 3772 partem
2244 3719 2256 3755 :
2299 3703 2511 3757 Judicia
2537 3712 2629 3757 tua
2668 3703 2884 3776 abyssus
2909 3707 3076 3759 multa
3101 3706 3273 3779 (Psnl.
3309 3724 3469 3774 xxxv,
3504 3709 3581 3772 7).

1986 3796 2084 3851 Et:
2113 3796 2339 3868 Abyssus
2369 3797 2613 3869 abyssum
2645 3798 2844 3852 inrorat
2891 3797 3060 3869 (Ptol.
3111 3815 3219 3865 xu,
3255 3803 3332 3873 3),
3366 3812 3419 3855 et
3452 3801 3581 3856 reli-

1984 3906 2112 3960 qua.
2165 3891 2218 3944 ln
2266 3891 2463 3945 malam
2510 3908 2520 3943 :
2575 3889 2826 3946 Viderunt
2879 3901 2926 3944 te
2972 3909 3146 3962 aquw,
3196 3891 3259 3945 1).
3278 3911 3338 3948 ns
3389 3894 3580 3963 (I’ml.

1986 3997 2164 4048 LXXVI,
2201 3982 2312 4054 17),
2334 3990 2388 4036 et
2416 3981 2647 4052 reliqua.
2675 3983 2783 4038 Sed
2810 3993 2862 4038 et
2886 3983 3164 4038 daHltOIlt'S
3191 3985 3582 4053 deprecantur,

1986 4089 2055 4129 ne
2106 4073 2396 4128 mittantur
2446 4074 2498 4128 in
2547 4074 2774 4145 abyssos
2803 4073 2954 4147 (Luc.
2987 4075 3127 4144 vin),
3173 4087 3224 4130 et
3255 4077 3306 4130 in
3340 4076 3538 4132 Genesi
3571 4096 3582 4129 :

1985 4168 2211 4240 Abyssus
2241 4185 2570 4240 superquam
2615 4169 2837 4224 tenebrat
2880 4179 3025 4224 erant
3056 4169 3264 4240 (Cenes.
3301 4187 3340 4238 ι,
3373 4169 3454 4243 ‘2),
3485 4188 3582 4228 ne-

1983 4263 2100 4318 scio
2128 4278 2197 4317 an
2227 4263 2281 4319 in
2309 4264 2506 4320 bonam
2537 4273 2751 4335 partem
2782 4264 2956 4335 possit
2984 4265 3177 4335 accipi.
3206 4265 3583 4322 lndill‘erenter

1982 4365 2164 4414 autem
2193 4357 2264 4413 ibi
2293 4359 2518 4428 ponitur
2549 4376 2562 4412 :
2592 4358 2759 4429 Rupti
2789 4368 2912 4414 sunt
2942 4360 3108 4429 fontes
3135 4359 3328 4430 abyssi,
3361 4369 3408 4414 et
3438 4371 3586 4416 cata-

1983 4461 2141 4507 racta:
2169 4450 2282 4508 caeli
2323 4464 2519 4523 aperta:
2563 4463 2681 4508 sunt
2727 4451 2940 4525 (Ibid.,
2965 4467 3059 4518 vn,
3094 4455 3154 4508 Η
3185 4451 3227 4523 ).
3263 4453 3332 4508 Ει
3364 4453 3494 4510 illud
3527 4455 3580 4510 in

1983 4543 2288 4598 centesimo
2314 4543 2734 4614 quadragesimo
2771 4554 2966 4600 octavo
3014 4544 3222 4614 psalmo
3257 4563 3270 4598 :
3313 4545 3581 4603 Dracones

2476 4654 2495 4693 .'
2537 4638 2673 4710 ignis
2699 4649 2748 4692 et
2772 4639 2972 4711 grando
3000 4648 3046 4694 et
3075 4641 3291 4708 spiritus
3322 4641 3582 4712 procella-

1980 4751 2119 4803 rum,
2151 4733 2258 4789 nisi
2287 4732 2435 4790 forte
2466 4749 2533 4791 ex
2562 4749 2628 4790 eo
2653 4736 2799 4806 quod
2829 4735 2969 4790 inter
2995 4736 3286 4804 dracones,
3319 4749 3374 4794 et
3401 4739 3578 4809 ignem

1980 4839 2036 4886 et
2061 4829 2389 4902 grandinem
2421 4829 2660 4900 ponitur,
2697 4829 2752 4884 in
2782 4829 2980 4884 malam
3013 4840 3221 4900 partem
3255 4832 3581 4887 trahendum

1982 4923 2074 4980 sit.
2103 4923 2262 4993 Quod
2293 4922 2483 4979 nescio
2515 4933 2693 4978 utrum
2727 4923 2897 4994 possit
2926 4923 3129 4994 dicere,
3155 4925 3247 4995 qui
3277 4941 3396 4981 eam
3430 4925 3584 4981 vide-

1983 5018 2054 5072 rit
2093 5033 2217 5073 cum
2263 5017 2480 5073 caeteris
2525 5017 2579 5072 in
2622 5015 2836 5072 laudem
2865 5017 3084 5072 Domini
3130 5032 3488 5088 concrepare.
3521 5018 3581 5076 Si

1987 5114 2150 5184 igitur
2178 5113 2231 5168 iu
2261 5114 2458 5168 bonam
2487 5121 2693 5183 partem
2723 5113 3099 5184 acceperimus
3127 5114 3404 5185 abyssum,
3432 5113 3579 5169 dica«

1991 5225 2134 5272 mus,
2167 5206 2434 5278 dispersis
2459 5207 2616 5278 aquis
2639 5205 2853 5264 itineris
2885 5207 3103 5278 pessimi
3136 5206 3244 5280 [AL
3277 5207 3578 5280 pessimis],

1990 5303 2247 5359 viderunt
2288 5307 2342 5356 te
2385 5301 2659 5372 sapientes
2687 5301 2789 5369 tui,
2823 5309 2879 5357 et
2924 5299 3266 5357 altitudinem
3309 5300 3574 5370 scientiis,

359 5487 832 5564 fligrioraverba,
871 5488 1122 5564 Videbunt
1145 5491 1567 5564 te,‘nostrimss.
1597 5491 1874 5563 supplent.
1947 5492 2314 5564 'irrouiqapsv,
2341 5506 2490 5564 quem
2507 5489 2743 5564 fecimus,
2776 5489 3096 5564 praeferunt.

285 5558 387 5635 ξῖξ
428 5559 699 5635 Rescrihit
728 5561 996 5635 Victorius
1025 5577 1093 5618 ex
1144 5562 1392 5635 Hebrzeo,
1432 5558 1681 5635 Vulgata,
1705 5558 1878 5635 atque

284 5630 568 5702 ipsiusmet
597 5633 910 5703 Hieronymi
949 5633 1000 5687 in
1027 5634 1447 5690 Columentariis
1483 5630 1555 5689 in'
1569 5630 1764 5690 Isaiam
1793 5630 1874 5690 le-

286 5704 494 5767 ctione,
525 5719 675 5772 quem
723 5706 964 5773 fecimus.
1010 5706 1165 5771 ρωιά
1207 5723 1338 5763 vero
1365 5706 1442 5761 ait
1494 5705 1549 5761 in
1600 5707 1813 5773 Cra-co,
1851 5705 1879 5763 ὃ

288 5776 558 5838 ἐποίησας,
591 5774 693 5844 legi
729 5777 941 5846 minori
969 5792 1212 5846 numero,
1267 5780 1428 5834 unius
1478 5779 1773 5835 alteriusve
1798 5787 1882 5835 est

288 5846 653 5917 exemplaris;
687 5845 951 5918 pleraque
991 5849 1132 5903 enim
1183 5845 1356 5922 eaque
1396 5850 1793 5918 emendatiora,
1854 5848 1882 5909 ὃ

759 5940 1040 6002 Parnm.
1081 5941 1286 6005 XXV.

2055 5573 2076 5601 ο
2119 5557 2217 5618 me
2267 5557 2427 5634 atque
2478 5557 2615 5615 infra
2663 5557 2734 5634 i_n
2766 5557 3169 5634 Connuentario
3194 5559 3558 5634 disperdendi,

1981 5648 2080 5706 pro
2108 5631 2436 5707 dispergendi
2461 5635 2631 5687 verbo
2667 5631 2858 5707 Regin.
2896 5650 2998 5687 ms.
3035 5632 3239 5688 utitur:
3275 5631 3328 5688 in
3367 5631 3563 5692 Graeco

1980 5705 2158 5784 autem
2187 5705 2269 5784 est
2287 5705 2616 5784 etrapit-itote,
2650 5705 2968 5784 dispergens.

2052 5775 2284 5856 d‘AddAit
2318 5775 2506 5849 ltegin.
2539 5791 2641 5832 ms.
2677 5775 3036 5846 suw,'verius
3069 5775 3426 5848 adj,Gra:cum
3455 5805 3575 5856 φαν-

1982 5852 2171 5914 τασίας
2199 5853 2376 5911 αὐτῆς·

3024 5940 3104 6003 ιιιὲ

4023 1375 4027 1480 ι
