4028 6342
485 322 625 380 1523

1741 314 1799 372 S.
1846 312 2118 372 EUSEBII
2158 312 2542 376 HIERONYMI

3650 327 3784 387 εδει

479 453 640 513 quam
689 432 962 491 habebant
989 444 1057 488 ex
1090 438 1182 485 tuo
1221 434 1448 500 aspectu
1476 436 1793 484 mutuantes
1821 429 1971 500 (quia
1999 429 2081 483 vi-
2107 427 2353 491 Astabit
2390 435 2586 505 gradu.
2637 444 2693 492 et
2739 436 2924 492 audiet
2948 450 3071 494 cum
3105 436 3294 512 Moyse
3327 454 3340 494 :
3388 429 3471 495 Tu
3514 448 3677 496 autem
3702 442 3784 496 hic

479 538 677 593 derunt
720 544 773 592 te
815 542 871 591 et
918 531 1293 603 parturierunt
1336 527 1901 599 montes),quidquid
1929 526 2000 583 de
2031 537 2083 582 te

478 631 632 700 prius
679 628 882 699 opinati
932 635 1098 692 sunt,
1150 625 1204 679 in
1235 624 1386 679 vocis
1414 637 1525 679 sua:
1556 623 1805 679 laudibus
1838 621 2083 693 protule-

476 735 627 781 runt.
679 724 743 780 Et
794 722 1027 794 pulchre
1056 720 1427 791 opinationem
1463 718 1797 788 phantasia),
1843 715 2084 772 altitudi-

473 836 602 878 nem
659 824 860 885 vocat,
908 818 1059 887 juxta
1101 817 1286 872 desum
1328 811 1500 869 ﬁlium
1552 812 1781 876 Sirach,
1829 810 1917 883 qui
1964 810 2077 866 ait:

474 914 733 987 Abyssum
772 920 822 968 et
859 911 1167 984 sapientiam
1209 910 1328 980 quis
1362 907 1683 980 investigabit
1712 904 1885 976 (Eccl.
1920 920 1958 971 t,
1987 903 2082 976 2)?

472 1007 635 1066 Unde
664 1015 719 1063 et
761 1005 830 1063 de
876 1015 1064 1060 monte
1110 1001 1327 1057 modico
1374 998 1551 1073 (Psal.
1589 996 1728 1069 xu),
1772 997 1824 1054 id
1854 1005 1958 1064 est,
1994 1010 2081 1052 as-

476 1101 793 1171 sumptione
838 1096 1064 1153 humani
1115 1094 1385 1165 corporis,
1429 1108 1593 1165 quam
1626 1090 1812 1147 Daniel
1844 1089 2078 1160 lapidem

470 1193 779 1249 abscissum
804 1188 871 1247 de
896 1198 1083 1245 monte
1102 1188 1222 1243 sine
1250 1186 1525 1253 manibus,
1550 1185 1605 1241 id
1631 1192 1742 1251 est,
1762 1183 1881 1238 sine
1911 1196 2080 1252 Opere

470 1285 729 1357 nuptiali,
763 1292 923 1339 vocat
967 1280 1132 1355 (Dan.
1167 1278 1251 1350 ιι),
1282 1279 1538 1335 Christus
1586 1277 1818 1349 abyssus
1860 1276 2080 1330 invocat

467 1379 693 1436 Patrem
724 1379 948 1432 alteram
981 1376 1259 1445 abyssum,
1295 1370 1347 1427 in
1375 1386 1508 1427 voce
1532 1376 1932 1425 cataractarum
1954 1384 2078 1423 sua-

466 1488 589 1530 rum
642 1470 815 1543 (Psal.
863 1469 999 1537 xu),
1054 1478 1111 1522 ut
1156 1467 1253 1521 det
1298 1463 1801 1537 evangelizantibus
1844 1460 2073 1518 verbum

460 1567 670 1623 virtute
700 1562 892 1618 multa.
926 1560 1025 1616 Vel
1058 1567 1210 1615 certe
1241 1560 1471 1632 abyssus
1505 1573 1702 1612 novum
1735 1556 2068 1611 Testamen-

468 1668 606 1723 tum,
640 1657 692 1711 in
725 1654 1102 1711 testimonium
1132 1653 1333 1708 montis
1368 1651 1598 1717 modici,
1632 1666 1659 1705 a
1688 1664 1795 1721 quo
1825 1651 2075 1703 vulnera-

460 1757 549 1806 tus
580 1756 663 1805 est
696 1748 948 1818 princeps
968 1745 1124 1817 Tyri,
1154 1746 1371 1799 invocat
1392 1745 1559 1817 652
1584 1743 1838 1815 abyssum
1870 1742 2074 1797 veteris

2187 537 2269 581 sta
2298 544 2495 582 mecum
2523 527 2721 598 (Exod.
2754 546 2939 598 xutv,
2980 531 3061 601 2).

2258 620 2443 678 LXX:
2490 620 2559 679 In
2613 623 2727 679 luce
2759 625 2870 698 [AL
2906 624 3120 699 lumine]
3161 628 3348 700 jacula
3396 636 3486 682 tua
3534 628 3698 698 ibunt,
3733 630 3784 683 in

2183 719 2455 791 splendore
2487 721 2863 776 coruscationis
2911 736 3177 776 armorum
3221 731 3448 777 tuorum.
3481 720 3645 798 653
3691 720 3783 779 Ja-

2184 813 2307 870 cula
2340 813 2458 882 Dei,
2518 814 2570 870 id
2613 826 2716 881 est,
2765 816 2977 889 sagittae
3024 829 3217 873 euntes
3265 826 3428 890 atque
3474 829 3781 890 pergentes,

2185 921 2292 961 non
2324 907 2390 962 ad
2424 906 2527 964 hoc
2558 908 2846 964 mittuntur
2873 920 2932 966 ut
2979 909 3317 976 interimant,
3368 910 3463 966 sed
3497 916 3555 965 ut
3587 910 3788 966 illumi-

2183 1007 2334 1055 nent.
2366 998 2446 1056 Ad
2475 1000 2668 1057 barum
2694 1006 3017 1074 sagittarum
3041 1003 3451 1073 jaculorumque
3479 1002 3781 1059 distinctio-

2182 1106 2329 1160 nem,
2355 1089 2608 1149 Christus
2637 1092 2874 1151 electum
2914 1093 3155 1165 jacoltttn
3207 1096 3408 1153 dicitur
3452 1109 3553 1168 per
3589 1094 3781 1153 isaiam

2180 1184 2489 1242 vociferans
2521 1205 2531 1241 :
2568 1184 2756 1242 Posuit
2782 1205 2862 1243 me
2885 1190 3187 1260 utjaculum
3216 1191 3456 1257 electum,
3491 1198 3539 1245 et
3569 1190 3623 1245 in
3653 1188 3783 1261 pha-

2182 1287 2320 1333 retra
2344 1295 2437 1333 sua
2459 1281 2727 1336 abscondit
2756 1298 2859 1349 me,
2887 1292 2933 1337 ct
2954 1281 3086 1338 dixit
3116 1283 3242 1338 mihi
3269 1298 3287 1336 :
3313 1281 3564 1356 Magnum
3600 1285 3786 1339 esttibi

2178 1368 2294 1435 hoc,
2342 1372 2517 1425 vocari
2560 1382 2607 1426 te
2638 1389 2839 1427 seruum
2882 1391 3050 1429 meum
3089 1372 3249 1448 (lsai.
3281 1392 3425 1441 χιιι,
3457 1375 3514 1444 2,
3547 1376 3628 1447 5).
3663 1375 3785 1431 [lare

2177 1465 2373 1535 sagitta
2400 1465 2583 1534 plures
2616 1466 2839 1524 habebit
2865 1466 2977 1542 [Αι.
3006 1469 3190 1542 habet]
3218 1471 3467 1542 sagittas,
3501 1485 3640 1542 quas
3671 1474 3787 1526 mit-

2178 1564 2255 1611 tat
2283 1556 2335 1612 in
2366 1558 2684 1615 universum
2716 1560 2931 1616 orbem.
2976 1559 3133 1618 Unde
3164 1568 3220 1619 et
3251 1576 3451 1634 sponsa
3484 1566 3666 1619 electo
3705 1566 3787 1633 ja-

2175 1648 2299 1705 CItto
2332 1651 2614 1708 vulnerata
2650 1653 2783 1708 dicit
2814 1672 2826 1707 :
2868 1653 3153 1711 Vulnerata
3192 1655 3454 1711 charitatc
3477 1674 3576 1729 ego
3606 1656 3782 1729 (Cant.

2176 1757 2250 1805 tv,
2287 1742 2344 1815 9)
2381 1761 2393 1798 :
2433 1745 2589 1815 juxta
2621 1746 2764 1816 quod
2791 1755 2845 1802 et
2873 1762 2974 1803 nos
3002 1762 3296 1819 possumus
3325 1750 3513 1807 dicere
3548 1770 3558 1805 :
3594 1752 3789 1808 vulne-

462 1840 803 1899 Testamenti
828 1882 841 1907 ,
889 1848 949 1895 ut
981 1853 1077 1909 per
1122 1846 1429 1893 cataractas
1455 1835 1685 1903 Christi,
1719 1834 1771 1889 id
1803 1842 1904 1901 est,
1940 1848 2069 1903 apo-
2098 1822 2149 1886 B
2178 1843 2325 1890 ratus
2350 1843 2374 1873 ι
2415 1839 2663 1894 castitate
2696 1854 2819 1909 ego,
2860 1841 3179 1897 vulneratus
3211 1843 3475 1913 sapientia
3510 1856 3635 1914 ego.
3669 1844 3788 1912 Quo

463 1935 661 2000 stolos,
699 1933 908 1989 firmior
934 1934 1024 1986 fiat
1058 1930 1397 2001 praedicatio.
1438 1929 1496 1986 Si
1524 1930 1644 2000 quis
1675 1938 1854 1983 autem
1886 1928 2072 1983 volue-

459 2029 538 2085 rit
585 2028 687 2082 hoc
728 2025 876 2096 quod
923 2025 1126 2080 dicitur
1171 2042 1184 2076 :
1228 2021 1390 2077 Dedit
1424 2023 1638 2093 abyssus
1685 2037 1853 2075 vocent
1895 2037 2071 2087 suam,

462 2121 799 2176 altitudinem
844 2118 1135 2189 pltantasite
1179 2133 1286 2171 sum
1336 2116 1512 2186 (Isai.
1560 2113 1714 2186 xtv),
1762 2114 1815 2170 in
1867 2114 2065 2169 malam

461 2225 675 2287 partem
727 2211 1007 2283 accipere,
1044 2212 1137 2265 illo
1164 2218 1349 2266 utetur
1392 2217 1735 2281 argumento,
1769 2206 1912 2277 quod
1946 2215 2071 2277 post

460 2308 742 2375 diSpersas
788 2318 960 2375 aquas
990 2305 1228 2371 itineris,
1259 2316 1380 2373 quae
1409 2302 1599 2372 utique
1636 2302 1689 2355 in
1718 2300 1914 2355 malam
1945 2316 2070 2371 par-

457 2410 570 2457 tem
603 2409 847 2470 acceptze
895 2406 1059 2465 sunt,
1091 2408 1145 2452 et
1174 2397 1277 2451 hoc
1307 2410 1460 2452 recte
1490 2397 1540 2450 in
1572 2396 1909 2451 contrarium
1944 2410 2068 2451 seno

457 2495 649 2550 tiatur.
678 2494 965 2564 Simulque
993 2507 1158 2547 cerne
1185 2491 1329 2561 quod
1359 2506 1466 2547 non
1491 2491 1694 2547 dixerit
1719 2491 2067 2545 altitudinem

455 2602 643 2652 suam;
705 2586 841 2653 sed,
899 2584 1238 2640 altitudinem
1281 2583 1578 2653 phantasia:
1630 2599 1781 2647 suae,
1838 2582 1889 2637 id
1942 2591 2068 2649 est,

455 2684 666 2737 umbrae
714 2690 764 2737 et
820 2680 1088 2751 imaginis.
1144 2678 1408 2734 Videntur
1472 2680 1620 2734 enim
1673 2676 1882 2733 habere
1943 2676 2068 2731 alti-

456 2775 700 2831 tudinem
763 2782 818 2830 et
888 2773 1170 2829 scientiam
1228 2771 1677 2842 Scripturarum;
1736 2770 1831 2825 sed
1892 2768 2070 2824 omnis

457 2884 653 2927 eorum
694 2867 948 2935 altitudo,
983 2867 1193 2922 veritati
1227 2875 1565 2934 comparata,
1615 2863 1898 2935 phantasia
1960 2871 2067 2928 est,

459 2974 515 3020 et
563 2965 767 3018 frustra
816 2963 1027 3017 extollit
1081 2974 1295 3023 vocem,
1329 2958 1451 3030 quia
1496 2974 1649 3030 aqua:
1702 2957 1913 3013 itineris
1953 2957 2067 3028 jam

454 3057 720 3127 diSpersrc
753 3063 896 3111 sunt.
923 3056 1243 3124 Quaeramus
1272 3054 1323 3108 in
1354 3053 1651 3125 Scripturis
1683 3054 1859 3108 sicubi
1884 3052 2057 3124 phan—

459 3151 653 3205 tasiam
687 3152 738 3204 in
765 3151 961 3205 bonam
996 3159 1205 3219 partem
1242 3148 1493 3202 invenire
1524 3148 1817 3217 possimus,
1850 3158 1904 3202 et
1945 3163 2063 3201 cum

2174 1927 2670 1997 sapientiaejaculo
2719 1930 3005 1986 vulnerata
3060 1941 3117 1987 et
3168 1933 3374 2004 Regina
3427 1934 3615 1989 Austri
3676 1950 3785 1990 non

2173 2030 2291 2075 crat
2318 2020 2368 2075 in
2401 2036 2479 2087 se,
2514 2032 2570 2076 et
2619 2023 2994 2092 obstupefacta
3048 2026 3168 2095 plus
3217 2027 3508 2083 invenerat
3551 2028 3605 2081 in
3650 2042 3787 2084 vero

2171 2112 2491 2182 Salomone,
2519 2132 2681 2188 quant
2712 2119 2759 2172 ei
2789 2117 2927 2174 fama
2984 2129 3302 2176 narraverat
3354 2120 3450 2193 (Ill
3506 2121 3639 2196 Reg.
3700 2130 3785 2188 ι).

2173 2206 2269 2263 Ha:
2338 2210 2502 2280 igitur
2583 2212 2796 2281 sagittae
2872 2228 2995 2282 quae
3066 2214 3356 2269 mittuntur
3422 2214 3475 2270 in
3550 2215 3784 2280 lucem,

2174 2312 2410 2374 pergunt
2463 2304 2627 2358 etiam
2686 2306 2743 2360 in
2798 2306 3096 2376 splendore
3150 2308 3552 2364 coruscatiouis
3605 2323 3786 2364 anno-

2171 2410 2291 2452 rum
2342 2399 2483 2466 ejus,
2514 2397 2567 2453 id
2614 2407 2719 2465 est,
2768 2398 2884 2454 Del.
2943 2400 3284 2473 Quicumque
3334 2404 3483 2458 enim
3541 2415 3788 2457 armatus

2172 2489 2357 2555 fuerit,
2378 2502 2431 2544 ut
2457 2499 2563 2545 stet
2577 2499 2767 2546 contra
2795 2491 3059 2547 versutias
3081 2493 3306 2559 diaboli,
3325 2502 3379 2548 et
3403 2494 3686 2548 accinctus
3705 2508 3789 2548 ar-

2173 2594 2382 2638 matura
2415 2582 2664 2655 Apostoli
2692 2584 2909 2658 (Epltcs.
2942 2588 3037 2656 vt),
3070 2588 3299 2643 venient
3326 2587 3394 2641 ad
3428 2587 3786 2656 illumjacuia

2171 2675 2328 2742 luris,
2362 2688 2418 2731 ut
2465 2677 2529 2731 ad
2566 2676 2746 2747 ipsum
2793 2678 2962 2748 possit
2988 2679 3139 2734 dici:
3183 2678 3282 2734 Vos
3327 2681 3448 2733 estis
3490 2680 3582 2733 lus:
3602 2682 3789 2733 mundi

2172 2769 2388 2840 (Matth.
2411 2786 2464 2833 v,
2490 2771 2600 2835 lt).
2638 2771 2695 2827 Si
2721 2771 2843 2842 quis
2860 2780 3039 2826 autem
3057 2784 3315 2841 peccator
3345 2783 3453 2839 est,
3478 2783 3533 2828 et
3564 2774 3789 2843 ingemi-

2171 2862 2431 2932 scitquod
2467 2861 2673 2918 habitet
2700 2863 2752 2918 in
2783 2864 3153 2919 tabernaculis
3180 2865 3384 2933 Cedar,
3415 2864 3714 2921 mittuntur
3738 2866 3786 2921 ei

2171 2956 2383 3024 sagittae
2417 2958 2662 3024 potentis
2693 2965 2865 3011 acutte
2898 2971 3022 3012 cum
3050 2959 3380 3015 carbonibus
3430 2960 3789 3015 desolatoriis

2172 3047 2345 3120 (Psal.
2377 3050 2540 3119 cur)
2565 3092 2578 3118 ,
2609 3060 2668 3103 ut
2723 3050 2953 3120 primum
3007 3060 3401 3123 compungatur
3430 3053 3784 3107 sermonibus

2174 3142 2290 3211 Dei,
2324 3154 2379 3199 et
2402 3143 2548 3199 dicat
2574 3162 2587 3198 :
2624 3144 2870 3200 Versatus
2895 3162 3011 3199 sum
3041 3147 3094 3200 in
3128 3147 3335 3200 miseria
3362 3188 3375 3213 ,
3404 3163 3518 3201 cum
3542 3148 3785 3218 inﬁgitur

455 3243 541 3297 vel
575 3257 701 3297 raro
728 3242 817 3295 vel
848 3256 1137 3311 numquam
1170 3240 1336 3295 fuerit
1374 3241 1616 3303 inventa,
1655 3240 1862 3295 firmius
1902 3240 2064 3310 abys-
2093 3222 2139 3290 C
2172 3233 2299 3287 mihi
2324 3235 2477 3305 spina
2522 3233 2702 3306 (Ptol.
2752 3236 2922 3307 xxxi).
2971 3239 3037 3292 Et
3080 3248 3369 3309 postquam
3420 3252 3784 3310 compunctus

457 3352 602 3402 sum,
631 3346 684 3391 et
716 3334 1050 3406 phantasiam
1080 3333 1196 3403 ejus
1229 3334 1280 3387 in
1314 3332 1511 3387 malam
1555 3342 1765 3401 partem
1796 3333 2065 3403 interpre-

461 3430 719 3484 labimur.

536 3522 679 3578 LXX
715 3541 726 3575 :
766 3521 1009 3576 Eleuatus
1034 3530 1109 3575 est
1140 3521 1216 3575 sol
1238 3566 1250 3589 ,
1276 3531 1323 3575 et
1347 3522 1471 3575 luna
1502 3522 1641 3575 stetit
1670 3522 1723 3575 in
1751 3522 1932 3575 ordine
1952 3537 2065 3576 suo.

463 3616 519 3674 Si
562 3616 868 3687 simplicem
916 3615 1422 3684 interpretationem
1477 3617 1779 3685 sequimur,
1816 3631 1882 3670 ex
1927 3630 2068 3685 prae-

465 3710 709 3766 sentibus
752 3708 931 3765 verbis
974 3707 1247 3778 profectus
1288 3708 1422 3763 solis
1465 3708 1872 3763 demonstratur
1899 3717 1954 3762 et
1987 3708 2069 3761 luo

465 3822 549 3860 nae
586 3822 596 3858 :
630 3802 794 3874 quod,
817 3802 967 3873 juxta
996 3802 1213 3865 Isaiam,
1240 3802 1292 3855 in
1327 3800 1509 3855 futuro
1534 3801 1735 3856 sarculo
1757 3800 2069 3869 septuplum

463 3898 544 3953 sol
579 3897 777 3959 luceat,
815 3906 870 3948 et
898 3895 1025 3948 luna
1073 3894 1207 3949 solis
1238 3893 1441 3963 fulgeat
1466 3893 1717 3947 claritate
1750 3892 1907 3964 (Isai.
1940 3907 2067 3955 xxx,

462 3994 580 4059 26).
611 3993 744 4059 Quia
774 3992 920 4046 enim
953 3999 1203 4045 creatura
1252 3988 1577 4043 liberabitur
1613 4003 1641 4041 a
1671 3986 1933 4043 servitute
1960 4002 2076 4042 cor-

466 4082 735 4153 ruptionis
772 4084 825 4135 in
871 4081 1179 4135 libertatem
1227 4080 1414 4150 gloriae
1465 4079 1698 4135 filiorum
1752 4079 1844 4133 Dei
1891 4080 2071 4149 (Rom.

468 4177 610 4250 vm),
654 4190 775 4244 qua:
821 4189 966 4229 nunc
996 4173 1220 4228 vanitati
1263 4173 1510 4242 subjecta
1557 4183 1659 4235 est,
1697 4181 1923 4243 propter
1950 4186 2074 4228 eum

468 4268 562 4338 qui
591 4266 821 4337 subjecit
846 4280 965 4320 eam
1001 4265 1054 4319 in
1079 4281 1229 4334 spem
1260 4264 1552 4332 libertatis,
1582 4280 1705 4320 cum
1737 4265 1789 4319 iu
1822 4281 2077 4321 consum-

472 4361 710 4414 matione
741 4357 928 4414 mundi
958 4357 1142 4412 omnis
1167 4365 1416 4413 creatura
1460 4357 1628 4413 fuerit
1659 4358 1907 4425 liberata,
1943 4360 2077 4416 libe-

469 4453 681 4508 rabitur
708 4451 865 4508 etsol
897 4460 953 4507 et
977 4451 1122 4515 luna,
1152 4458 1209 4504 et
1238 4450 1290 4503 in
1314 4464 1415 4504 suo
1444 4450 1662 4504 stabunt
1689 4450 1900 4507 ordine.
1923 4454 2075 4521 Quod

467 4549 515 4605 si
544 4547 894 4613 voluerimus,
931 4547 1103 4601 solem
1127 4546 1356 4615 justitite
1379 4546 1657 4603 Christum
1703 4550 1974 4620 accipere,
2024 4554 2077 4608 in

2170 3328 2354 3393 fuerit,
2391 3330 2579 3385 tuncei
2600 3329 2962 3386 desolatorius
2990 3347 3087 3403 per
3118 3332 3436 3404 Serapltim,
3468 3333 3520 3389 id
3558 3343 3670 3401 est,
3698 3348 3783 3387 ar-

2168 3422 2385 3480 dentem
2401 3439 2710 3481 sermonem
2738 3426 2855 3487 Dei.
2874 3426 3044 3482 carbo
3067 3427 3335 3493 mittatur,
3360 3430 3451 3499 qui
3478 3440 3589 3484 non
3608 3429 3781 3483 solum

2171 3519 2335 3584 labia,
2376 3536 2497 3590 qua:
2556 3521 2725 3576 Isaias
2780 3530 2990 3577 tantum
3027 3523 3261 3579 habebat
3307 3524 3587 3579 immunda
3622 3522 3779 3589 (Isai.

2171 3614 2271 3685 vr).
2305 3615 2398 3670 sed
2428 3625 2482 3671 et
2511 3629 2703 3671 omnes
2735 3630 2917 3685 partes
2940 3618 3317 3673 membrorum
3345 3618 3462 3688 ejus
3485 3628 3781 3690 excoquat,

2171 3716 2227 3765 et
2256 3709 2321 3762 ad
2346 3708 2697 3765 Solitudinem
2732 3721 3076 3779 peccatorum
3114 3712 3360 3767 reducat.

2245 3802 2420 3858 LXX:
2465 3801 2531 3858 In
2559 3806 2959 3859 comminatione
2980 3807 3249 3860 intminucs
3280 3818 3489 3874 terrain,
3530 3817 3577 3861 et
3606 3809 3663 3862 in
3695 3807 3781 3879 fn-

2173 3913 2290 3952 rorc
2339 3897 2576 3952 detrahe:
2625 3908 2819 3971 gentes.
2870 3899 3057 3955 Potest
3099 3901 3197 3956 hoc
3228 3903 3279 3954 in
3308 3902 3782 3956 consummatione

2176 3994 2364 4050 mundi
2397 3995 2592 4065 accipi,
2621 3996 2862 4066 quando,
2901 3996 3279 4067 frequentibus
3304 3996 3461 4052 bellis
3490 3996 3779 4052 interfecta

2177 4087 2547 4154 multitudine,
2572 4089 2683 4143 rari
2717 4088 2966 4144 homines
2995 4090 3360 4161 reperientur,
3390 4102 3443 4147 et
3472 4089 3531 4145 hi
3561 4092 3655 4160 qui
3690 4104 3782 4145 no-

2177 4179 2396 4234 luerunt
2449 4196 2573 4237 esse
2619 4181 2690 4236 de
2732 4182 2931 4252 populo
2971 4182 3097 4248 Dei,
3148 4182 3244 4237 sed
3274 4194 3465 4254 gentes
3492 4191 3548 4239 et
3573 4181 3780 4237 ethnici

2177 4276 2618 4343 permanserint,
2668 4274 2852 4330 furore
2898 4275 3111 4331 Domini
3143 4275 3482 4331 deducantur
3506 4275 3573 4330 ad
3609 4282 3777 4330 tarta-

2176 4380 2319 4421 rum.
2368 4366 2475 4423 Sed
2509 4368 2706 4423 melius
2735 4378 2841 4436 est,
2884 4379 2943 4423 ut
2972 4370 3319 4425 imminutam
3354 4369 3781 4424 comminatione

2180 4472 2403 4531 terram,
2440 4465 2862 4532 interpretentur
2884 4478 3051 4535 opera
3074 4474 3313 4531 terrena,
3338 4471 3397 4521 et
3415 4478 3510 4521 eos
3537 4466 3628 4535 qui
3653 4480 3781 4520 con-

2180 4556 2352 4611 stituti
2383 4557 2432 4611 in
2468 4557 2734 4623 Ecclesia,
2768 4564 3081 4628 peccatores
3104 4573 3208 4614 non
3230 4567 3574 4628 exspectant,
3606 4568 3667 4612 ut
3697 4558 3778 4611 fu-

471 4644 626 4713 cnjus
655 4641 846 4713 pennis
876 4642 1080 4696 sanitas
1112 4650 1215 4708 est,
1257 4648 1314 4697 et
1344 4642 1549 4710 lunam,
1595 4661 1713 4715 qua:
1752 4646 1911 4716 hujus
1943 4648 2074 4704 solis
2101 4626 2155 4686 D
2180 4664 2307 4704 rore
2340 4648 2551 4705 Domini
2582 4652 2981 4720 corripiantur;
3014 4654 3108 4707 sed
3146 4651 3430 4708 audientes
3450 4651 3507 4707 in
3538 4652 3781 4720 Scriptu-

468 4737 762 4807 Splendore
795 4734 1191 4799 illuminantur,
1227 4734 1527 4789 Ecclesium
1557 4755 1568 4789 :
1602 4751 1707 4791 non
1739 4738 1965 4794 difficile
1990 4750 2074 4797 est

468 4830 677 4895 dicere,
704 4827 848 4899 quod
884 4827 974 4880 lux
1008 4842 1158 4891 vera,
1190 4838 1245 4882 et
1275 4828 1366 4881 lux
1397 4827 1680 4884 hominum
1712 4839 1769 4886 et
1817 4834 2073 4902 Splendor

466 4924 656 4993 gloria:
689 4920 804 4981 Dei.
830 4927 886 4973 et
908 4919 1166 4988 splendor
1190 4921 1324 4975 lucis
1348 4930 1567 4975 mterna‘.
1595 4937 1716 4977 eam
1750 4923 2021 4981 illuminet
2055 4944 2067 4980 :

459 5033 586 5089 qua:
615 5030 756 5071 nunc
787 5017 840 5069 in
871 5015 976 5068 isto
1008 5014 1208 5069 saeculo
1234 5015 1387 5083 juxta
1434 5031 1690 5086 prospera
1721 5027 1883 5089 atque
1910 5036 2065 5089 pres-

466 5124 623 5164 suras
655 5116 870 5164 crescat
893 5116 1057 5177 atque
1088 5106 1392 5161 decrescat.
1425 5109 1559 5162 Cum
1590 5120 1772 5166 autem
1799 5112 1876 5166 sol
1908 5113 2069 5171 fuerit

457 5204 733 5267 elevatus,
759 5210 816 5255 et
840 5201 995 5269 juxta
1022 5200 1370 5270 Apostoinm,
1399 5202 1722 5259 exulaverit
1748 5219 1875 5261 eum
1902 5208 2061 5279 Deus,

464 5308 518 5354 et
547 5296 833 5351 donaverit
863 5295 911 5349 ei
942 5309 1139 5348 nomen
1174 5309 1341 5364 super
1366 5310 1527 5350 omine
1570 5312 1771 5354 conten
1800 5299 2060 5375 (Philipp.

463 5390 525 5461 rt)
558 5407 570 5442 :
605 5397 732 5443 tunc
760 5387 920 5441 etiam
951 5385 1359 5455 Ecclesia,quac
1389 5384 1439 5438 in
1479 5392 1733 5456 prtescnti
1764 5393 1964 5447 saeculo
1992 5406 2068 5450 Ie-

456 5497 590 5538 nere
642 5495 796 5535 suum
849 5477 1095 5532 ordinem
1144 5491 1252 5532 non
1301 5486 1501 5547 potest,
1534 5481 1604 5535 ad
1634 5482 1881 5539 ordinem
1911 5487 2068 5543 debi-

455 5586 567 5638 [nm
600 5576 928 5635 revertetur,
977 5575 1031 5624 et
1071 5582 1415 5639 nequaquam
1445 5573 1772 5641 mutabitur;
1814 5578 1908 5633 sed
1955 5579 2063 5635 fixo

526 5719 548 5745 ει
568 5709 679 5783 μία
713 5721 931 5783 quoque
957 5707 1214 5761 charitate
1246 5710 1465 5783 praefert
1499 5712 1689 5783 Regio.
1722 5728 1829 5770 ms.
1860 5716 1925 5771 ad
1955 5732 2045 5773 cn-

442 5782 533 5851 jus
554 5780 900 5854 “dempti/uio
922 5787 1045 5854 post
1066 5780 1510 5854 emendayiums,
1540 5780 1601 5838 in
1614 5800 1729 5839 vero
1747 5785 2048 5854 Salomone.

430 5848 531 5925 pro
563 5865 666 5921 quo
702 5848 993 5917 Victorius,
1030 5849 1082 5902 in
1110 5850 1259 5904 verba
1288 5849 1614 5925 Salomonis,
1650 5855 1798 5915 haud
1820 5848 2049 5930 quidni

2176 4744 2293 4810 ris,
2326 4760 2449 4814 qua:
2489 4747 2751 4816 supplicia
2783 4745 3133 4817 impendeant
3160 4751 3532 4818 peccatoribus
3557 4793 3571 4813 ,
3613 4754 3781 4817 agunt

2178 4838 2555 4905 paenitentiam
2576 4882 2588 4903 ,
2618 4850 2674 4895 et
2717 4840 2976 4909 paulatim
3010 4842 3338 4897 imminuunt
3371 4852 3569 4897 terram
3599 4854 3775 4907 suam,

2177 4929 2243 4984 ad
2268 4928 2437 5002 65h.
2465 4932 2770 5002 ccelumque
2792 4933 3101 5003 proﬁciunt.
3135 4934 3334 5005 Siquis
3365 4943 3777 4990 nostrumcom-

2174 5023 2528 5079 minutionem
2570 5025 2778 5079 Domini
2812 5027 3164 5093 reformidat,
3194 5029 3319 5082 huic
3347 5036 3493 5083 terra
3514 5026 3782 5082 imminui-

2170 5126 2258 5173 tur
2286 5136 2299 5173 :
2352 5120 2440 5187 qui
2491 5131 2675 5174 autem
2709 5130 3027 5189 perseverat
3070 5122 3121 5175 in
3152 5122 3391 5191 gentium
3422 5136 3686 5184 numero,
3720 5130 3777 5175 et

2170 5224 2277 5265 non
2318 5213 2434 5267 vult
2472 5228 2593 5268 esse
2617 5213 2686 5267 de
2719 5212 2802 5268 bis
2826 5227 3056 5284 quorum
3089 5223 3232 5269 terra
3265 5214 3559 5279 decrescit,
3583 5229 3684 5269 nec
3706 5214 3775 5267 de

2171 5305 2378 5375 populo
2418 5306 2552 5369 Dei.
2584 5308 2657 5362 de
2682 5322 2793 5378 quo
2818 5308 3055 5363 dicitur:
3098 5308 3356 5363 Videbunt
3386 5317 3463 5375 te,
3508 5319 3555 5363 et
3600 5318 3780 5378 parta-

2173 5400 2303 5452 rient
2328 5402 2527 5470 populi,
2556 5400 2658 5457 iSte
2688 5419 2811 5457 cum
2834 5403 3085 5473 gentibus
3116 5404 3440 5458 detrahetur
3462 5404 3513 5457 in
3539 5417 3775 5473 poenam.

2245 5489 2420 5545 LXX:
2472 5492 2726 5563 Egressus
2767 5509 2819 5549 es
2864 5497 2920 5549 in
2963 5495 3183 5550 salutem
3221 5496 3402 5567 populi
3433 5496 3531 5562 tui,
3578 5505 3632 5547 ut
3673 5492 3782 5546 sal-

2172 5602 2319 5642 rares
2342 5586 2559 5643 christos
2601 5597 2736 5645 tuus.
2786 5588 3027 5644 Primum
3060 5588 3340 5645 videamus
3380 5598 3507 5661 quot
3540 5595 3669 5644 sunt
3688 5601 3779 5658 ge-

2163 5722 2466 5847 :ncongruc
2498 5724 2663 5797 legit:
2701 5724 2898 5783 vitiose
2931 5737 3112 5784 autem
3143 5724 3419 5796 Martian.,
3454 5728 3507 5782 in
3536 5728 3644 5781 uiro
3676 5724 3779 5781 Sa-

2186 5810 2386 5847 amans.

2186 5810 2386 5851 στησηε.
