4050 6342
216 5906 318 5949 ΠΗ
372 5917 388 5946 ι’

305 346 444 404 1525

1107 325 1759 412 COMMENTARIORUbl
1799 352 1866 410 IN
1907 353 2180 414 ABACUC
2220 356 2352 415 LIB.
2393 358 2456 416 ll.
2501 360 2655 418 CAP.
2696 364 2784 421 lli.

3463 375 3600 433 15:6

303 480 436 522 nera
474 463 812 522 cltristorum
843 507 856 531 ,
903 475 956 524 et
987 477 1179 537 postea
1208 470 1595 537 tractabimus,
1624 469 1902 541 quomodo
1930 475 1982 534 Λ
2007 479 2062 527 et
2088 487 2308 543 semper
2347 474 2735 548 ejuszaugetur
2763 480 2946 536 unctio
2973 481 3080 555 [ΑΙ.
3113 489 3518 564 unguentum],
3553 502 3612 549 et

301 573 556 628 egressus
576 560 647 614 sil.
667 559 926 617 Dominus
948 560 1001 616 in
1026 563 1256 618 salutem
1283 563 1614 618 cbristorum
1637 571 1896 618 'suornm.

301 645 506 704 Christi
553 650 606 704 in
641 649 812 707 veteri
841 651 1198 709 Testamento
1231 654 1558 710 dicebautur
1588 665 1642 708 et
1671 656 1904 725 patriar-

301 743 453 810 chae,
500 743 569 798 de
599 743 800 814 quibus
829 746 1093 817 scriptum
1121 757 1206 804 est
1232 748 1286 802 in
1316 747 1586 803 Psalmis:
1635 746 1906 818 Corripuit

301 850 446 906 reges
472 851 567 906 pro
594 835 666 892 eis
690 851 708 892 :
752 836 910 894 nolite
937 846 1148 910 tangere
1171 839 1389 895 christos
1419 855 1582 906 meos,
1613 847 1662 894 et
1697 838 1752 894 in
1783 856 1906 910 pro-

303 925 471 999 phetis
516 928 639 983 meis
677 927 838 986 nolite
867 928 1158 1003 malignari
1189 929 1311 1005 (Ps.
1340 947 1450 998 etv,
1476 932 1569 999 l4,
1604 933 1714 1002 l5).
1758 932 1827 990 Et
1849 934 1904 989 in

305 1020 482 1089 prium
513 1020 968 1092 Paralipomenon
1003 1025 1145 1082 libro
1170 1066 1185 1092 ,
1217 1039 1412 1084 omnes
1438 1025 1530 1096 qui
1561 1024 1630 1082 de
1667 1024 1906 1098 Egypto

303 1113 516 1183 egressi
564 1125 692 1172 sunt
733 1116 926 1174 christi
967 1130 1250 1176 vocantur.
1311 1119 1558 1176 Chrisma
1599 1136 1817 1191 quoque
1848 1120 1905 1176 in

304 1205 497 1263 Exodo
523 1204 677 1280 (Cap.
703 1207 833 1280 tux)
867 1209 1212 1268 sacerdotale
1241 1212 1550 1282 coniicitur,
1577 1229 1685 1284 quo
1715 1221 1906 1281 postea

300 1300 622 1358 sacerdotes
670 1301 723 1358 in
775 1301 1024 1360 Levitico
1057 1304 1208 1375 (Cap.
1240 1305 1360 1377 vut)
1399 1306 1707 1364 referuntur
1735 1307 1904 1363 uncti.

303 1394 404 1452 Est
440 1403 498 1452 et
541 1395 689 1454 aliud
732 1408 1065 1468 unguentum
1095 1415 1206 1472 quo
1234 1415 1391 1471 reges
1421 1411 1704 1473 unguntur
1737 1403 1789 1456 in
1821 1418 1909 1457 re-

303 1503 412 1561 gno
437 1529 455 1558 ,
499 1491 644 1560 quod
698 1491 754 1550 in
803 1492 929 1549 duo.
955 1493 1249 1552 scinditur.
1281 1494 1342 1552 Si
1371 1495 1517 1552 enim
1546 1495 1713 1551 David
1741 1506 1825 1552 est
1854 1503 1911 1551 et

304 1581 589 1650 Salomon,
618 1583 672 1642 id
691 1593 794 1654 est,
819 1585 971 1655 [ortis
990 1603 1169 1652 mattu,
1193 1597 1249 1646 et
1269 1587 1518 1660 paciﬁcus
1545 1587 1588 1658 (Ι
1609 1587 1738 1660 Reg.
1765 1590 1905 1656 xvt),

305 1691 479 1734 cornu
510 1676 746 1749 ungitur.
798 1679 855 1735 Si
888 1696 1018 1738 vero
1047 1680 1188 1740 Jehu
1214 1693 1268 1738 et
1295 1681 1460 1741 Aeaei
1492 1691 1640 1749 sunt,
1684 1681 1910 1754 perfun-

301 1770 510 1830 duntur
563 1772 821 1834 lenticula
876 1774 969 1846 (IV
996 1774 1128 1850 Reg.
1167 1791 1222 1833 tu
1267 1785 1316 1831 et
1360 1775 1520 1848 xxx):
1580 1791 1676 1831 vas
1725 1785 1906 1831 autem

2007 563 2078 621 de
2134 567 2335 636 leprosi
2403 569 2525 626 oleo
2583 573 2779 644 migrat
2835 575 2901 630 ad
2963 576 3141 633 oleum
3195 582 3380 650 pOpuli
3441 563 3605 657 atque

2007 669 2320 718 sanctorum
2353 705 2366 728 ,
2417 674 2469 720 et
2521 665 2590 721 de
2650 667 2780 723 oleo
2838 671 3022 740 populi
3069 671 3136 727 ad
3187 674 3370 731 oleum
3411 691 3609 748 perve-

2009 753 2090 807 nit
2158 757 2554 825 sacerdotum,
2622 771 2674 814 et
2730 775 2760 815 n
2823 764 3202 821 sacerdotibus
3275 775 3612 829 transcendit

2009 847 2074 902 ad
2116 847 2353 904 chrisma
2413 851 2726 922 pontificis,
2773 868 2801 909 a
2855 859 3109 925 pontifice
3159 877 3374 936 quoque
3411 866 3477 921 ad
3521 883 3611 922 re-

2007 954 2130 1010 gem
2156 981 2170 1002 .
2226 957 2255 996 a
2303 958 2430 1012 rege
2475 953 2502 982 α
2543 945 2610 999 ad
2651 947 2990 1016 patriarchas
3021 994 3037 1021 ,
3094 962 3150 1010 et
3191 971 3222 1012 a
3283 958 3609 1028 patriarchis

2009 1034 2186 1103 pergit
2242 1034 2306 1088 ad
2365 1035 2642 1092 Christum
2675 1080 2689 1104 ,
2735 1049 2792 1095 et
2849 1043 3071 1114 ungitur
3116 1047 3239 1105 oleo
3282 1053 3606 1109 exsultatio-

2011 1125 2097 1178 nis
2129 1122 2247 1196 (Ps.
2282 1141 2440 1194 XLIV,
2470 1128 2557 1198 8),
2605 1145 2714 1200 quo
2741 1133 2834 1202 qui
2865 1133 3031 1190 fuerit
3061 1137 3282 1208 linitus,
3316 1157 3455 1200 unus
3486 1161 3608 1202 cum

2014 1217 2126 1274 Deo
2153 1219 2386 1276 efficitur
2415 1221 2666 1291 spiritus,
2705 1235 2763 1280 et
2797 1227 2887 1283 ubi
2921 1229 3084 1286 Pater
3111 1243 3167 1289 et
3194 1233 3368 1293 Filius
3397 1246 3502 1306 est,
3538 1241 3614 1296 ibi

2009 1311 2176 1366 etiam
2206 1312 2298 1366 ille
2329 1315 2452 1370 erit.
2506 1315 2707 1373 Verum
2741 1319 2846 1377 hoc
2878 1337 3062 1380 rarum
3091 1334 3176 1382 est
3196 1369 3210 1393 ,
3241 1339 3294 1384 et
3323 1343 3450 1387 sunt
3481 1344 3609 1389 rota

2010 1403 2372 1460 credentium.
2427 1405 2702 1466 Craterum
2751 1416 2936 1470 nescio
2966 1429 3032 1473 an
3069 1431 3334 1492 sequatur
3361 1424 3608 1482 eﬂ’ectus.

2013 1494 2226 1554 Dicitur
2249 1497 2393 1555 enim
2419 1517 2434 1554 :
2487 1500 2650 1558 Unxit
2681 1515 2729 1561 te
2755 1504 2927 1576 Deus,
2963 1509 3102 1568 Deus
3128 1525 3248 1571 tuus
3273 1559 3286 1582 ,
3340 1520 3454 1575 oleo
3485 1521 3618 1578 licti—

2009 1591 2114 1655 τίω,
2148 1608 2258 1662 pra:
2283 1595 2626 1665 participibus
2657 1601 2780 1669 tuis,
2827 1601 2933 1660 hoc
2961 1615 3072 1675 est,
3108 1623 3174 1664 eo
3201 1612 3344 1677 oleo,
3378 1615 3524 1684 quod
3559 1615 3613 1671 bi

2011 1685 2102 1752 qui
2139 1684 2215 1740 tui
2247 1688 2540 1760 participes
2564 1701 2690 1748 sunt
2712 1733 2726 1755 ,
2759 1704 2852 1748 aut
2883 1711 3030 1765 raro,
3063 1709 3154 1756 aut
3185 1717 3483 1776 numquam
3517 1724 3614 1778 po-

2015 1783 2202 1830 terunt
2222 1777 2486 1838 invenire.
2514 1781 2574 1838 lu
2602 1785 2794 1841 horum
2818 1787 2989 1858 igitur
3008 1793 3343 1852 christorum
3382 1777 3613 1857 salutem

303 1867 476 1926 fictile
502 1867 582 1926 sic
609 1878 852 1935 vocatur,
870 1869 1056 1939 idfest,
1073 1869 1251 1945 pande.
1283 1871 1388 1926 Sed
1417 1879 1472 1927 et
1499 1869 1698 1943 Cyrus,
1723 1870 1909 1926 Persa-
1939 1875 1989 1936 Β
2015 1881 2272 1938 egressus
2297 1881 2382 1926 est
2409 1871 2556 1929 Deus
2587 1875 2656 1931 de
2696 1877 2816 1934 loco
2840 1894 2974 1951 suo,
3001 1884 3142 1940 sicut
3169 1895 3226 1942 et
3252 1887 3508 1947 Michaeas
3534 1893 3616 1947 lo-

305 1976 425 2016 rum
457 1976 552 2018 rex
582 1969 747 2032 atque
771 1962 1077 2026 Medorum,
1105 1965 1201 2035 qui
1223 1964 1290 2020 de
1305 1963 1620 2034 captivitate
1641 1963 1905 2034 pupulum

305 2052 572 2110 relaxavit
601 2053 756 2126 (licet
779 2055 927 2111 multi
949 2067 1154 2121 errent,
1188 2063 1243 2110 ct
1270 2055 1342 2114 de
1371 2055 1600 2112 Domino
1622 2056 1906 2113 Salvatore

303 2145 568 2218 scriptum
592 2146 831 2219 putent),
859 2148 1011 2204 audit
1044 2163 1140 2219 per
1155 2147 1347 2206 Isaiam
1378 2166 1390 2204 :
1423 2147 1554 2204 Haec
1580 2148 1707 2204 dicit
1731 2146 1908 2204 Domi-

301 2257 400 2296 nus
432 2240 626 2298 christo
655 2259 766 2296 meo
792 2241 926 2314 Cyro
950 2285 963 2310 ,
995 2246 1150 2316 cujus
1179 2244 1321 2300 tenui
1349 2244 1634 2308 dexteram,
1671 2253 1726 2298 ut
1757 2241 1905 2296 audi-

303 2343 416 2388 rent
444 2351 617 2392 coram
644 2352 703 2388 ea
732 2347 908 2407 gentes
938 2335 1094 2408 (lsai.
1125 2352 1251 2404 XLV,
1284 2337 1362 2409 l),
1395 2347 1502 2394 etc.
1539 2336 1605 2394 Et
1633 2335 1699 2394 ad
1725 2344 1907 2392 extre-

303 2442 451 2482 mum
490 2425 728 2484 dicitur:
778 2427 855 2486 Tu
880 2439 1054 2484 autem
1079 2445 1183 2484 non
1207 2429 1497 2500 cognovisti
1523 2443 1624 2495 me,
1665 2426 1806 2497 quod
1839 2427 1907 2484 dc

303 2519 589 2576 Salvatore
621 2521 770 2578 nefas
799 2530 882 2578 est
913 2521 1242 2592 intelligere.
1293 2523 1390 2578 Est
1419 2530 1754 2592 unguentum
1783 2534 1904 2590 pro-

303 2613 580 2683 pheticum
604 2656 618 2682 ,
645 2629 756 2687 quo
785 2616 1092 2687 prmcipitur
1121 2616 1251 2672 Elia:
1281 2657 1299 2683 ,
1346 2621 1406 2670 ut
1446 2613 1706 2672 Elismum
1739 2622 1906 2685 ungat

303 2707 358 2764 in
409 2706 730 2780 prophetam
765 2708 856 2784 (Ill
887 2709 1016 2782 Reg.
1053 2708 1189 2780 λιιι).
1241 2709 1308 2764 Et
1350 2723 1516 2778 super
1565 2708 1750 2764 omnia
1801 2724 1904 2764 un-

300 2808 630 2872 guentorum
671 2817 871 2872 genera
895 2846 909 2872 ,
953 2813 1038 2857 est.
1077 2811 1408 2874 unguentum
1440 2799 1728 2871 spirituole
1754 2801 1904 2871 quod

303 2904 530 2951 vocatur
571 2895 752 2952 oleum
791 2895 1176 2953 exsultationis
1198 2937 1213 2962 ,
1246 2911 1354 2966 quo
1384 2896 1598 2965 ungitur
1629 2894 1902 2963 Salvator,

304 2999 360 3048 et
387 2988 584 3046 dicitur
613 2990 680 3046 ad
708 3004 869 3050 eum:
923 2989 1212 3062 PrOpterca
1239 2991 1392 3046 tinxit
1440 2999 1488 3046 te
1530 2989 1672 3046 Deus
1696 3035 1712 3062 ,
1764 2987 1906 3044 Deus

305 3093 450 3150 tuus,
479 3083 594 3140 oleo
618 3084 979 3140 exsultationis
1002 3099 1110 3156 prae
1129 3084 1466 3157 participibus
1495 3085 1600 3140 tuis
1630 3083 1737 3156 [AL
1771 3081 1904 3155 suis]

307 3175 429 3250 (Ps.
459 3193 584 3235 κων
609 3222 624 3247 ,
657 3177 736 3250 8).
789 3178 1088 3248 Participes
1114 3186 1297 3236 autem
1328 3192 1423 3234 eos
1456 3187 1584 3248 pulo
1611 3219 1627 3244 ,
1675 3178 1739 3232 ad
1769 3191 1906 3247 quos

2010 1963 2228 2060 quitur:
2257 1965 2324 2021 Et
2343 1971 2640 2040 egrediatur
2659 1973 2723 2027 de
2745 1973 2860 2031 loco
2881 1988 3052 2034 suout
3076 1981 3236 2039 solvet
3259 1984 3448 2057 (Mich.
3467 2003 3507 2055 t,
3533 1991 3613 2060 3).

2008 2055 2144 2121 Quia
2173 2060 2320 2114 enim
2361 2061 2414 2118 hi
2447 2063 2536 2132 qui
2569 2063 2892 2139 indigebant
2929 2075 3108 2131 salute
3139 2075 3206 2131 ad
3236 2055 3358 2134 cum
3407 2055 3614 2137 intrare

2011 2150 2327 2222 noluerunt,
2381 2155 2494 2227 ipse
2522 2173 2778 2230 egressus
2807 2173 2892 2219 est
2917 2167 2987 2223 de
3016 2168 3306 2240 majestate
3337 2189 3432 2230 sua
3461 2185 3515 2232 et
3547 2176 3617 2232 de

2009 2241 2130 2297 loco
2157 2258 2258 2300 suo
2283 2287 2297 2313 ,
2351 2256 2409 2302 ut
2433 2263 2530 2306 eos
2563 2251 2656 2320 qui
2706 2254 2840 2310 foris
2878 2268 3037 2314 erant
3064 2261 3292 2320 duceret
3322 2265 3376 2320 in
3411 2277 3611 2324 terram

2011 2348 2420 2396 mansuetorum
2445 2345 2839 2419 regionemque
2863 2351 3182 2421 viventium,
3214 2357 3282 2413 de
3304 2375 3409 2429 qua
3441 2362 3613 2419 Adam

2010 2432 2186 2485 fuerat
2229 2435 2535 2502 expulsus:
2582 2439 2649 2494 de
2691 2456 2796 2511 qua
2841 2457 3095 2514 egressus
3123 2446 3258 2505 Cain
3288 2452 3622 2513 lnhahitavit

2009 2525 2063 2580 in
2088 2534 2234 2582 terra
2250 2527 2382 2586 Naid
2404 2530 2560 2602 (Gen.
2591 2549 2650 2588 ιιι
2675 2545 2720 2589 et
2738 2553 2814 2605 tv,
2842 2555 2944 2594 sec.
2971 2539 3165 2614 LXX).
3193 2544 3488 2606 Sciendum
3517 2567 3616 2606 au-

2013 2626 2119 2712 tem
2153 2628 2210 2675 ut
2237 2637 2398 2693 supra
2425 2625 2681 2691 diximus,
2712 2630 2857 2701 quod
2884 2632 2976 2688 ubi
3003 2649 3300 2704 posuerunt
3320 2639 3467 2698 LXX
3498 2645 3619 2712 plu-

2010 2711 2110 2765 rali
2141 2727 2374 2768 numero
2397 2757 2412 2781 ,
2441 2726 2502 2771 ut
2531 2717 2761 2775 «(sares
2791 2721 3010 2779 christos
3042 2736 3173 2791 tuos,
3209 2730 3280 2786 ibi
3309 2747 3430 2788 esse
3456 2735 3623 2809 656

2009 2801 2063 2856 in
2096 2803 2367 2862 chraico
2397 2823 2623 2866 LMESUA
2645 2827 2754 2868 era
2774 2829 3036 2873 usssmcu
3065 2820 3294 2904 (7mm
3316 2836 3402 2886 ns:

2009 2899 2161 2968 quod
2193 2899 2386 2972 Aquila
2415 2906 2734 2974 transtulit,
2787 2911 2842 2964 in
2881 2899 3248 2971 salutem'cum
3276 2918 3480 2976 Christo
3503 2899 3616 2991 tuo,

2010 3011 2120 3052 non
2165 3000 2304 3068 quod
2352 3000 2497 3055 Deus
2527 3017 2785 3074 egressus
2815 3007 2885 3061 sit
2916 3049 2930 3072 ,
2975 3017 3035 3063 ut
3063 3012 3304 3068 salvaret
3331 3017 3615 3087 populum,

2009 3099 2064 3143 et
2093 3089 2334 3146 salvat-et
2353 3089 2636 3150 Christum
2660 3111 2818 3152 suum
2844 3114 2858 3166 ;
2891 3101 2987 3155 sed
3015 3104 3158 3172 quod
3187 3105 3243 3159 in
3265 3106 3495 3164 salutem
3523 3126 3619 3181 po-

2011 3183 2122 3253 puli
2156 3187 2370 3242 venerit
2394 3202 2516 3244 cum
2543 3187 2766 3247 Christo
2795 3207 2917 3257 suo,
2943 3194 3096 3266 juxta
3129 3197 3266 3255 illud
3293 3199 3577 3273 Evangelii
3604 3224 3615 3258 :

307 3267 550 3340 loquitur
589 3279 644 3328 et
672 3269 949 3328 Joannes:
1000 3269 1072 3326 Et
1115 3288 1204 3328 vos
1250 3280 1573 3345 unguentum
1625 3269 1821 3326 habetis
1871 3287 1907 3323 α
1932 3277 1978 3340 C
2014 3275 2175 3332 Pater
2217 3279 2271 3332 in
2303 3295 2386 3335 me
2407 3321 2421 3345 ,
2455 3290 2502 3334 et
2523 3298 2618 3353 ego
2645 3282 2701 3337 in
2736 3283 2928 3351 Patre;
2955 3298 3000 3342 et
3029 3286 3191 3344 Pater
3216 3293 3267 3346 ln
3295 3309 3379 3348 me
3404 3267 3616 3352 nutriens

306 3373 484 3420 sancto
515 3362 561 3437 (Ι
584 3361 744 3420 Joan.
773 3380 836 3432 tt,
869 3364 982 3436 20).
1029 3365 1100 3422 Et
1125 3376 1248 3436 post
1275 3365 1550 3422 modicum
1577 3382 1590 3420 :
1623 3363 1754 3420 Htec
1783 3365 1910 3420 scri-

307 3456 389 3530 psi
417 3456 556 3512 vobis
585 3457 649 3512 de
675 3456 758 3513 his
783 3459 873 3530 qui
899 3459 1148 3514 seducunt
1180 3475 1305 3514 ros:
1333 3469 1383 3516 et
1408 3459 1636 3514 chrisma
1657 3457 1800 3529 quod
1823 3474 1914 3512 ac-

309 3549 514 3620 cepistis
544 3549 606 3604 ab
635 3566 726 3618 eo,
753 3559 959 3606 ntaneat
986 3551 1039 3606 in
1068 3551 1242 3608 vobis:
1279 3562 1325 3607 et
1354 3567 1458 3606 non
1487 3565 1688 3607 necesse
1716 3547 1913 3604 habetis

309 3653 365 3696 ut
391 3643 580 3714 aliquis
605 3644 784 3702 doceat
807 3661 891 3702 ros
911 3662 932 3714 ;
954 3647 1045 3703 sed
1065 3649 1236 3714 ipsum
1265 3647 1489 3703 chrisma
1507 3646 1712 3702 docebit
1734 3661 1822 3702 uos
1848 3645 1913 3700 de

313 3737 576 3806 euntibus,
607 3747 656 3792 et
685 3755 860 3796 vmsm
885 3749 980 3805 est,
1013 3750 1066 3796 et
1092 3757 1196 3796 non
1223 3750 1297 3798 est
1327 3739 1677 3808 mendacium,
1709 3750 1756 3795 et
1781 3741 1916 3796 sicut

309 3844 402 3884 nos
425 3831 628 3899 docuit,
660 3842 863 3888 manete
895 3834 947 3888 in
977 3849 1038 3890 eo
1062 3827 1257 3906 (lbid.,
1285 3834 1383 3900 26.
1409 3833 1526 3906 27).
1565 3835 1644 3892 Ac
1671 3849 1742 3888 ne
1771 3834 1914 3889 forte

313 3923 402 3994 qui
441 3920 607 3994 655
637 3922 875 3978 chrisma
907 3924 1163 3994 baptismi
1193 3925 1586 3995 perdiderunt,
1616 3925 1914 3995 desperent

313 4013 381 4066 de
409 4013 702 4072 chrismate
729 4016 1038 4088 reparando
1059 4058 1077 4084 ,
1123 4018 1382 4087 scriptum
1425 4024 1512 4076 est
1539 4018 1592 4074 in
1623 4014 1910 4076 Levitis-0:

314 4105 468 4174 Quod
510 4106 755 4177 leprosos
788 4117 940 4166 extra
965 4119 1144 4168 casu'a
1175 4110 1453 4182 projectus
1477 4125 1605 4170 cum
1631 4111 1701 4170 ad
1731 4124 1914 4169 sacer-

314 4199 499 4258 dotem
527 4203 764 4272 venerit,
787 4211 842 4260 et
871 4203 1022 4274 lepra
1047 4203 1220 4273 ipsius
1246 4203 1414 4261 luerit
1443 4204 1756 4270 emundata,
1781 4206 1912 4262 init-

315 4300 394 4348 tat
431 4292 536 4350 sibi
565 4293 828 4352 sacerdos
855 4296 1034 4353 oleum
1078 4296 1130 4352 in
1163 4312 1328 4356 manu
1355 4297 1577 4354 sinistra
1605 4342 1618 4366 ,
1663 4305 1724 4354 et
1749 4295 1914 4354 intin-

315 4396 404 4444 cto
433 4386 603 4458 digito
627 4389 830 4459 septies
858 4400 1114 4462 aspergat
1143 4391 1324 4450 oleum
1351 4407 1534 4450 cerata
1567 4391 1825 4458 Domino,
1853 4399 1915 4450 et

321 4489 503 4556 tangat
529 4483 729 4540 eodem
761 4484 888 4540 uico
917 4485 1219 4542 auriculam
1242 4488 1364 4554 ejus
1392 4487 1487 4558 qui
1517 4489 1766 4558 ieprosus
1795 4486 1915 4543 iuc-

318 4584 421 4640 rat.
457 4585 510 4632 et
537 4577 781 4634 dextram
815 4594 1056 4647 manum,
1085 4591 1142 4636 et
1167 4581 1415 4638 dextrum
1448 4579 1664 4650 pedem,
1688 4589 1742 4636 et
1767 4580 1913 4650 qutid

2009 3369 2125 3441 ipse
2145 3371 2270 3442 facit
2287 3387 2444 3442 opera
2460 3391 2555 3426 sua
2573 3372 2753 3447 (Ιοαη.
2776 3393 2886 3446 xw,
2905 3379 3019 3450 l0).
3047 3379 3156 3438 Sed
3176 3391 3231 3439 et
3245 3387 3431 3454 quinta
3449 3388 3618 3442 editio

2013 3461 2270 3518 similiter
2295 3465 2610 3520 transtulit:
2638 3465 2896 3540 Egressus
2915 3487 2970 3526 es
2990 3473 3045 3526 in
3068 3476 3290 3531 salutem
3312 3481 3492 3551 populi
3519 3461 3617 3547 tui,

2013 3556 2068 3608 in
2110 3553 2332 3610 salutem
2377 3573 2496 3612 cum
2523 3557 2734 3614 Christo
2764 3571 2872 3617 tuo.
2933 3562 3240 3624 Theodotio
3267 3581 3451 3626 autem
3486 3588 3614 3629 vere

2011 3648 2168 3718 quasi
2201 3659 2487 3719 pauperet
2521 3649 2779 3708 Ebionita
2807 3698 2821 3723 ,
2855 3656 2950 3710 sed
2995 3667 3047 3712 et
3075 3659 3440 3727 Symmachus
3473 3665 3617 3734 ejus-

2011 3738 2138 3797 dem
2169 3741 2440 3811 dogmatis
2464 3785 2478 3811 ,
2533 3759 2830 3816 pattperem
2874 3761 3098 3807 sensum
3125 3755 3298 3811 secuti
3328 3799 3342 3824 ,
3390 3758 3618 3817 iudaice

2014 3837 2444 3893 transtulerunt:
2496 3836 2750 3911 Egressus
2775 3855 2831 3897 es
2857 3843 2915 3897 in
2940 3845 3163 3902 salutem
3187 3851 3376 3920 populi
3401 3853 3479 3906 tui
3496 3894 3512 3921 ,
3559 3863 3615 3908 ut

2010 3927 2240 3984 calcares
2279 3928 2549 3985 Christum
2579 3943 2748 3986 tuum.
2803 3933 2904 3990 Et:
2938 3932 3194 4008 Egressus
3219 3957 3269 3994 es
3295 3941 3498 3998 salt-are
3519 3962 3616 4017 po-

2011 4020 2194 4092 pulum
2219 4031 2386 4089 tuum,
2417 4023 2620 4078 satiare
2647 4023 2909 4080 Christum
2941 4038 3104 4083 (unus.
3149 4030 3286 4087 Rem
3305 4034 3614 4094 incredibi-

2011 4111 2120 4169 lem
2150 4113 2400 4171 dicturus
2424 4131 2572 4180 sum,
2600 4117 2696 4174 sed
2725 4128 2909 4174 tamen
2937 4136 3145 4177 veram.
3194 4123 3290 4180 isti
3323 4129 3611 4185 semiehri-

2008 4208 2175 4264 stiani
2203 4209 2430 4266 Iudaica
2469 4212 2914 4269 transtulerunt:
2949 4224 3010 4272 et
3046 4214 3269 4274 indecus
3309 4219 3503 4291 Aquila
3533 4223 3614 4280 in-

2013 4311 2342 4375 terpretatus
2369 4315 2497 4374 est,
2545 4314 2606 4361 ut
2647 4306 3010 4364 Christianus.
3069 4310 3234 4367 Sexta
3286 4313 3456 4370 editio
3479 4332 3610 4387 pro-

2012 4398 2150 4454 dens
2181 4399 2628 4456 manifestissime
2657 4409 3080 4471 sacramentum,
3113 4403 3188 4458 ita
3220 4407 3385 4462 vertit
3403 4424 3473 4464 ex
3507 4411 3613 4468 lle-

2011 4490 2201 4546 braao:
2235 4490 2490 4562 Egressus
2513 4507 2590 4559 es,
2619 4500 2676 4546 ut
2695 4492 2923 4547 saluarcs
2949 4495 3204 4565 populum
3231 4507 3380 4552 tuum
3401 4517 3494 4571 per
3520 4503 3610 4560 Ιε.

2013 4601 2130 4639 sum
2155 4582 2420 4639 Christum
2451 4594 2598 4637 tuum
2621 4625 2635 4651 ,
2670 4586 2817 4654 quod
2847 4587 3041 4644 Graece
3064 4587 3268 4645 dicitur
3295 4593 3491 4659 ἐξῆλθες
3515 4604 3606 4654 τοῦ

317 4668 647 4726 remanserit
691 4668 758 4726 de
788 4680 1064 4742 unguento
1093 4682 1272 4728 totum
1303 4672 1478 4728 mittat
1506 4671 1562 4726 in
1591 4684 1753 4742 caput
1789 4673 1912 4742 ejus

2013 4684 2191 4734 σῶσαι
2235 4678 2319 4734 τὸν
2363 4678 2492 4734 λαόν
2523 4697 2620 4733 σου
2659 4677 2745 4734 διὰ
2767 4679 2963 4740 Ἰησοῦν
2989 4682 3080 4739 τὸν
3104 4685 3324 4760 Χριστόν
3356 4710 3475 4746 σου.
3507 4692 3608 4748 Cui

319 4759 507 4834 (Leuit.
539 4762 672 4835 xlv).
720 4763 968 4836 Cunulue
1010 4767 1192 4824 omnia
1231 4766 1350 4824 haec
1379 4767 1484 4823 rite
1509 4767 1912 4838 compleverit:

320 4862 448 4912 tunc
477 4855 722 4914 immolet
761 4857 1138 4916 holoraustum
1169 4874 1272 4930 pro
1295 4876 1363 4916 eo
1385 4901 1402 4926 ,
1437 4868 1498 4918 et
1526 4859 1642 4930 ipse
1671 4859 1914 4918 christus

318 4961 543 5008 vocetur
573 4952 688 5008 Dei.
736 4952 870 5010 Volo
899 4953 1100 5025 aliquid
1124 4955 1348 5021 dicere;
1392 4955 1688 5016 sedsimeo
1718 4972 1785 5012 ne
1813 4973 1912 5014 ne-

317 5044 650 5116 gligentibus
703 5047 1048 5104 occasionem
1105 5049 1279 5106 ruina:
1335 5049 1609 5106 tribuam:
1667 5050 1813 5121 quod
1861 5054 1914 5106 in

323 5139 620 5212 Scripturis
658 5143 864 5199 sanctis
893 5142 1038 5199 idem
1071 5143 1238 5200 homo
1265 5142 1580 5215 frequenter
1612 5154 1806 5200 unctus
1833 5145 1915 5200 in-

324 5235 593 5291 veniatur.
661 5236 902 5308 Dcuique
948 5237 1115 5292 David
1157 5238 1316 5293 tertio
1341 5246 1540 5294 unctus
1563 5249 1652 5296 est
1679 5238 1752 5312 (ll
1781 5237 1913 5311 Reg.

2015 4769 2198 4825 sensui
2231 4777 2412 4839 potest
2441 4769 2572 4823 illud
2599 4770 2866 4843 adoptari,
2899 4773 3045 4845 quod
3066 4791 3326 4848 egressus
3353 4781 3424 4836 sit
3441 4763 3613 4840 Pater

2015 4877 2142 4916 cum
2170 4859 2310 4918 Filio
2349 4861 2420 4916 de
2459 4861 2670 4933 templo
2714 4871 2774 4919 et
2799 4864 2870 4922 de
2895 4869 3244 4926 caeremoniis
3271 4871 3607 4945 Judteorum,

2015 4955 2210 5010 dicens
2237 4972 2248 5008 :
2298 4955 2637 5026 Relinquetur
2657 4956 2794 5012 vobis
2821 4959 3004 5016 domus
3030 4971 3196 5017 uestra
3225 4966 3426 5023 deserta
3449 4968 3605 5041 (Luc.

2015 5066 2137 5119 ms,
2166 5051 2258 5120 55)
2285 5067 2300 5117 ;
2349 5059 2404 5104 et
2432 5047 2460 5090 δ
2491 5051 2702 5106 venerit
2736 5053 2800 5108 ad
2831 5056 3060 5110 salutem
3088 5059 3336 5128 gentium
3362 5106 3376 5130 ,
3425 5074 3479 5118 ut
3505 5069 3614 5123 sal-

2022 5152 2184 5199 varct
2221 5144 2514 5199 credentes
2553 5159 2651 5214 per
2685 5144 2868 5200 losum
2896 5147 3172 5205 Christum
3208 5151 3404 5211 Filium
3429 5172 3610 5218 suum.

2099 5237 2279 5294 LXX:
2323 5237 2517 5293 Misisti
2567 5239 2621 5294 in
2669 5251 2825 5311 caput
2867 5241 3146 5311 impiorum
3197 5258 3428 5305 mortem.
3500 5253 3616 5313 Non

323 5341 378 5384 vs
417 5338 465 5384 et
494 5325 646 5401 xu):
693 5330 838 5402 quod
875 5346 978 5388 nos
1003 5345 1110 5387 non
1143 5331 1508 5403 intetligatnus
1537 5347 1704 5403 super
1731 5348 1799 5388 eo
1829 5331 1923 5403 qui
2025 5341 2277 5404 putemus
2329 5332 2400 5387 de
2451 5332 2554 5387 hac
2595 5332 2704 5389 dici
2751 5343 2928 5390 morte
2977 5340 3258 5395 comnmui
3296 5357 3400 5413 qua
3427 5361 3620 5407 omnes

323 5421 672 5492 peccaverit;
704 5434 758 5480 et
787 5422 986 5482 iterum
1013 5425 1234 5494 ungitur
1277 5423 1500 5496 (sufﬁcit
1532 5425 1680 5482 enim
1703 5425 1924 5492 leproso
2025 5423 2315 5489 morimur,
2345 5434 2402 5480 et
2434 5438 2683 5481 mortuus
2709 5435 2795 5482 est
2824 5428 3120 5492 Abraham.
3151 5443 3202 5486 et
3231 5439 3513 5506 appositus
3534 5454 3622 5500 est

328 5525 389 5573 ut
429 5529 548 5588 post
573 5517 814 5590 primum
845 5528 1183 5590 unguentum
1215 5519 1486 5589 perdita
1512 5558 1530 5587 ,
1570 5528 1808 5590 ungatur
1833 5534 1922 5576 se-
2029 5517 2095 5572 ad
2127 5525 2308 5588 patres
2337 5532 2468 5573 suos
2499 5516 2708 5590 (Genet.
2746 5520 2904 5589 xxv);
2954 5529 3010 5575 et
3053 5524 3336 5595 propheta:
3359 5573 3372 5595 ,
3411 5542 3468 5588 et
3499 5536 3619 5606 ipse

327 5611 554 5683 cunde),
587 5607 697 5672 sed
728 5629 893 5685 super
923 5630 992 5672 eo
1020 5616 1111 5686 qui
1139 5630 1238 5686 per
1257 5614 1386 5672 dies
1411 5615 1659 5686 singulos
1690 5613 1924 5684 prolicit,
2023 5609 2275 5669 Christus
2326 5620 2404 5666 est
2459 5619 2705 5666 mor-tuus
2736 5609 2916 5682 (toan.
2943 5615 3054 5685 χιχ)
3083 5656 3099 5681 ,
3142 5618 3236 5674 sed
3275 5637 3424 5680 mors
3458 5631 3627 5688 missa

403 5759 432 5786 ⁸
461 5749 1132 5827 Perperambiartianzeus
1160 5754 1325 5811 verba
1345 5795 1360 5820 ,
1394 5753 1464 5808 ad
1491 5754 1840 5827 patriarchas,
1873 5761 1921 5809 et

333 5839 365 5874 α
390 5865 403 5887 ,
449 5825 806 5899 prec-turmis“
822 5868 851 5899 ,4
887 5825 1079 5899 legens
1119 5844 1159 5882 ι
1181 5843 1301 5897 rege
1325 5843 1388 5880 ac
1411 5825 1745 5899 patriarchis.
1765 5843 1770 5846 ·
1791 5827 1921 5881 Mss.

473 5895 489 5950 i
518 5894 764 5967 aditique
797 5897 922 5954 libri
951 5894 1046 5954 alii
1091 5894 1363 5969 supplent.

2071 5753 2127 5880 ιθ)
2162 5753 2352 5851 ᾔθεὶη.
2386 5768 2514 5820 ms.,
2564 5763 2611 5808 et
2637 5756 2769 5812 venit
2801 5761 2868 5812 ad
2897 5759 3117 5820 salutem
3143 5765 3463 5828 credentium
3486 5817 3501 5840 ,
3553 5791 3630 5847 ut,

2093 5841 2142 5880 ε.
2173 5851 2191 5880 '1

2034 5841 2142 5881 eux
2173 5841 2191 5882 ἦ
