4028 6342
450 337 589 395 1521
1710 335 1769 391 s.
1813 331 2079 390 unseen
2121 309 2495 393 inanem"
3617 349 3750 406 ,δίε

450 452 616 508 estin
651 448 868 516 iniquos
901 446 945 520 (ι
975 447 1102 518 Reg.
1128 462 1187 513 ιι,
1217 445 1310 517 6);
1361 454 1420 502 ut
1460 447 1552 518 qui
1599 447 1750 520 prius
1798 447 2050 502 vivebant
2075 447 2126 508 Δ
2155 451 2345 520 populi
2379 452 2499 507 Dei.
2535 453 2601 507 Et
2626 469 2734 508 non
2782 456 2962 510 solum
2991 458 3226 528 sceptris
3273 457 3417 528 ejus,
3465 459 3562 514 sed
3588 462 3750 517 etiam

449 541 748 614 iniquitati,
769 540 970 595 mortui
990 553 1240 610 peccato,
1263 539 1508 595 viverent
1525 540 1755 611 justitiai
1771 539 1813 608 (ι
1834 538 1948 593 Pet.
1967 537 2046 610 ιι).

449 638 601 705 Quod
630 635 850 706 quidem
876 644 929 690 et
953 633 1108 689 Anna
1137 634 1188 689 in
1220 635 1467 689 oratione
1491 650 1586 689 sua
1611 632 1909 704 signiﬁcat:
1946 632 2051 686 Do-

451 731 619 785 minus
663 728 848 783 occidit
894 737 942 783 et
980 728 1225 798 viviﬁcat.
1285 727 1499 785 Occidit
1531 728 1675 784 enim
1710 737 2046 799 peccatores,

449 828 676 880 mittens
705 824 756 876 in
785 823 964 893 capita
997 823 1286 891 impiorum
1317 830 1572 884 mortem,
1608 831 1667 876 ut
1707 820 2048 891 vivilicetju-

450 916 634 972 stitiae.
690 915 874 970 Dicam
928 914 1135 982 aliquid
1185 915 1490 970 audacius:
1537 913 1790 969 Christus
1834 913 1900 967 ad
1949 912 2051 967 hoc

449 1009 602 1066 venit
641 1008 1014 1075 inmundum,
1067 1018 1124 1064 ut
1173 1009 1224 1062 in
1276 1008 1452 1079 capita
1482 1009 1789 1080 iniquorum
1815 1005 2053 1063 mitteret

450 1114 706 1158 mortem.
757 1101 828 1158 Et
873 1101 1017 1156 sicut
1055 1101 1172 1172 ipse
1214 1113 1441 1172 peccato
1476 1111 1729 1156 mortuus
1767 1108 1854 1155 est
1881 1098 2051 1154 semel

446 1199 489 1272 (l
518 1197 640 1253 Pet.
674 1198 753 1269 ιιι)
783 1215 796 1252 :
829 1195 910 1252 sic
941 1206 996 1252 et
1023 1197 1101 1251 illi
1133 1209 1483 1252 morerentur
1514 1196 1786 1267 iniquitati
1814 1211 1830 1261 ;
1877 1203 1932 1250 et
1960 1191 2051 1264 qui

447 1292 578 1348 facti
625 1293 846 1346 fuerant
897 1290 1192 1359 participes
1223 1291 1421 1345 mortis
1451 1288 1614 1360 hujus
1637 1334 1650 1358 ,
1686 1291 1807 1343 vitae
1830 1301 2050 1357 quoque

451 1383 744 1455 participes
773 1384 988 1438 fierent.
1028 1383 1190 1439 Juxta
1223 1382 1551 1438 llebraicum
1584 1391 1765 1437 autem
1795 1380 1884 1434 ubi
1913 1378 2049 1434 scri-

454 1490 607 1551 ptum
640 1489 756 1536 est:
785 1477 1100 1533 Percussisti
1126 1488 1280 1549 caput
1303 1477 1366 1530 de
1387 1476 1540 1530 domo
1568 1476 1742 1546 impii,
1773 1483 1955 1544 caput,
1994 1484 2054 1528 ut

447 1572 602 1637 dixi,
651 1570 951 1642 principem
1002 1569 1162 1639 hujus
1215 1567 1404 1624 mundi
1453 1567 1829 1637 accipiamus:
1887 1565 2050 1638 657

449 1676 505 1721 ct
528 1665 750 1720 domum
782 1662 976 1737 ipsius,
1005 1663 1290 1730 mundutn,
1319 1677 1648 1731 omnemque
1671 1659 1909 1714 animam
1937 1673 2053 1728 pec-

449 1758 675 1825 catoris,
710 1759 760 1814 in
791 1773 895 1826 qua
928 1757 1182 1813 diabolus
1210 1756 1451 1812 habebat
1483 1753 1795 1826 lmSpitium.
1843 1751 2051 1808 Idcirco

2153 543 2320 613 capiti
2351 545 2675 601 bellatorum
2705 564 2843 617 quos
2870 565 3242 620 percusseras,
3277 553 3371 622 qui
3392 563 3666 608 venerunt
3691 564 3753 610 ut

2154 637 2334 702 turbo,
2371 646 2425 692 ut
2454 637 2837 710 dispergerent
2870 657 2979 709 tne,
3011 642 3066 697 id
3100 653 3206 711 est,
3230 655 3290 700 ut
3315 657 3638 702 everterent
3673 647 3754 702 ls-

2153 731 2288 796 rael,
2343 742 2397 786 et
2429 732 2482 786 in
2516 734 2793 790 diversum
2825 737 3100 805 captivum
3131 737 3495 796 deducerent.
3550 739 3627 795 Ita
3657 755 3754 795 au-

2155 831 2262 880 tem
2294 827 2642 883 exsultabant
2685 829 3022 884 devorantcs
3059 846 3378 902 pauperem,
3427 842 3485 888 et
3534 832 3750 903 subjec-

2156 929 2267 974 tum
2317 921 2420 974 sibi
2451 922 2640 990 Israel,
2692 925 2846 994 quasi
2897 925 3002 981 hoc
3031 926 3085 980 in
3118 926 3450 982 abscondito
3480 927 3745 995 facerent,

2153 1024 2206 1069 et
2228 1030 2348 1080 nos,
2377 1013 2667 1087 ignorante
2699 1026 2773 1080 te,
2825 1019 3180 1076 devorarent.
3223 1021 3428 1077 Venisti
3463 1021 3652 1093 itaque
3681 1021 3750 1074 ad

2154 1107 2406 1177 prailium
2443 1125 2540 1180 pro
2573 1113 2776 1182 populo
2811 1122 2924 1179 tuo,
2963 1124 3019 1169 et
3065 1114 3361 1186 quadrigas
3389 1125 3513 1170 tuas
3544 1115 3749 1170 immit-

2156 1210 2278 1258 tens
2305 1203 2357 1259 in
2403 1220 2595 1276 aquas,
2632 1207 2734 1262 hoc
2763 1217 2868 1275 est,
2905 1209 2958 1263 in
2990 1221 3182 1279 gentes
3213 1211 3438 1279 multas,
3467 1212 3643 1266 fecisti
3668 1212 3750 1266 eis

2158 1299 2300 1351 viam
2335 1297 2388 1351 in
2412 1299 2527 1353 luto
2556 1316 2818 1370 aquarum
2852 1303 3171 1369 multarum,
3204 1303 3257 1358 id
3289 1313 3392 1372 est,
3435 1313 3496 1358 ιιι
3529 1303 3755 1360 concul-

2153 1403 2248 1444 ccs
2278 1404 2397 1456 eos,
2427 1391 2652 1462 etquasi
2678 1392 2855 1447 lutum
2881 1399 3145 1464 equorum
3170 1404 3387 1450 tuorum
3411 1403 3470 1452 et
3492 1411 3755 1451 curruum

2157 1484 2354 1554 ungula
2381 1495 2436 1540 et
2462 1495 2580 1539 rota
2609 1498 2887 1544 eonteras.
2915 1490 3067 1558 Quod
3096 1499 3282 1546 autem
3309 1493 3565 1562 sequitur
3598 1509 3612 1546 :
3645 1490 3754 1546 Au-

2154 1577 2280 1644 divi,
2334 1588 2383 1632 et
2413 1580 2750 1637 conturbatus
2799 1592 2871 1637 est
2901 1593 3071 1639 venter
3119 1602 3261 1640 meus
3293 1587 3407 1640 :ad
3435 1603 3609 1642 vocem
3656 1591 3674 1658 (
3700 1595 3760 1644 ut

2153 1669 2536 1738 subaudiatur,
2593 1673 2759 1746 tuam)
2790 1685 3212 1732 contremuerunt
3239 1677 3378 1732 labia
3415 1696 3553 1744 mea,
3585 1681 3762 1751 ingre-

2156 1760 2332 1814 diatur
2360 1763 2582 1834 putredo
2628 1765 2682 1818 in
2716 1767 2916 1821 ossibus
2941 1769 3085 1835 meis,
3119 1779 3164 1824 et
3193 1769 3363 1826 subter
3399 1788 3482 1826 me
3505 1781 3705 1827 scatent
3736 1790 3756 1829 :

447 1861 632 1908 autem
667 1851 972 1922 percutitur
995 1861 1158 1920 caput
1192 1850 1247 1903 in
1273 1848 1439 1903 domo
1472 1847 1654 1917 impii,
1688 1856 1765 1912 ut,
1799 1846 1896 1900 illo
1927 1860 2050 1916 per-
2079 1850 2128 1911 B
2155 1865 2210 1908 ut
2241 1857 2557 1926 requiescam
2580 1858 2633 1912 in
2661 1859 2746 1915 die
2767 1861 3138 1932 tribulationis,
3173 1867 3525 1921 utascendam
3552 1868 3621 1921 ad
3662 1885 3759 1940 po-

449 1961 614 2004 cusso
641 1954 803 2017 atque
843 1945 1018 2014 ejecto
1045 1985 1060 2010 ,
1109 1944 1202 1998 fiat
1229 1943 1427 1998 domus
1459 1941 1552 1997 Dei
1580 1981 1596 2007 ,
1654 1951 1708 1996 et
1739 1940 1946 1994 habitet
1977 1937 2049 1994 ibi

441 2037 680 2110 justitia,
714 2048 769 2092 et
801 2036 1100 2092 inambulet
1131 2035 1183 2091 in
1214 2050 1302 2091 ea.
1345 2035 1411 2090 Et
1441 2035 1544 2089 hoc
1567 2033 1789 2103 dignum
1815 2041 1900 2087 est
1925 2045 2052 2087 sen-

447 2131 551 2188 tire
580 2130 649 2186 de
679 2131 812 2199 Deo,
844 2130 936 2201 qui
985 2143 1241 2200 egressus
1278 2136 1363 2183 est
1412 2129 1462 2182 in
1495 2127 1722 2182 salutem
1753 2124 1936 2196 populi
1967 2123 2050 2178 sui

447 2240 568 2282 cum
593 2223 812 2279 Christo
854 2239 952 2278 suo
978 2265 992 2288 ,
1027 2231 1106 2288 ut,
1141 2235 1402 2293 percusso
1445 2217 1822 2291 hujuscemodi
1849 2216 2049 2285 capite,

446 2318 538 2374 ille
588 2318 682 2374 tiat
729 2315 784 2371 in
808 2316 964 2371 nobis
995 2325 1160 2386 caput
1188 2356 1204 2383 ,
1235 2314 1328 2385 qui
1351 2323 1432 2369 est
1463 2312 1647 2367 omnis
1674 2311 1774 2366 viri
1803 2317 1967 2380 caput
1997 2317 2054 2363 et

452 2408 715 2466 Ecclesia:
737 2425 870 2463 suae.
907 2409 965 2464 Si
993 2409 1116 2478 quis
1137 2423 1268 2478 ergo
1302 2405 1450 2476 impii
1482 2418 1541 2460 se
1574 2405 1752 2460 adhuc
1777 2402 1942 2458 sentit
1962 2402 2054 2456 do-

450 2519 623 2572 mum,
659 2501 779 2557 Filii
807 2501 907 2557 Dei
939 2501 1270 2573 deprecetur
1313 2499 1604 2556 adventum
1632 2540 1645 2566 ,
1692 2507 1748 2553 ut
1795 2506 2053 2554 contera-

451 2607 538 2655 tur
582 2597 636 2652 in
685 2611 744 2652 se
790 2596 941 2667 impii
972 2604 1152 2665 caput.

520 2691 670 2748 LXX
703 2710 716 2746 :
751 2690 1030 2748 Suscitasti
1051 2688 1256 2744 vincula
1281 2705 1441 2761 usque
1469 2689 1538 2743 ad
1567 2687 1760 2744 collum
1783 2688 1835 2742 in
1873 2688 2046 2758 ﬁnem.

450 2785 746 2844 Suscitavit
817 2784 1082 2840 Dominus
1137 2785 1354 2839 vincula
1411 2783 1716 2849 charitatis,
1768 2791 1827 2836 ut
1882 2782 2053 2853 priori

448 2895 617 2936 onere
647 2879 919 2949 deposito,
946 2889 1000 2934 et
1025 2877 1348 2948 gravissimo
1377 2878 1510 2948 jugo
1535 2892 1644 2947 quo
1671 2876 2055 2947 premebamur

452 2973 688 3043 abjecto,
741 2971 863 3027 leve
910 2969 1115 3026 Christi
1175 2970 1581 3042 susciperemus
1621 2969 1810 3041 jugum
1839 2986 1853 3036 ;
1885 2979 1940 3025 et
1998 2970 2051 3024 in

451 3084 618 3124 curru
670 3067 814 3122 illius
847 3066 1034 3138 positi,
1077 3065 1325 3136 aurigam
1369 3066 1634 3136 optimum
1682 3074 2049 3136 portaremus.

451 3163 603 3232 Quod
654 3161 874 3232 quidem
903 3171 959 3217 et
987 3159 1296 3216 Theodotio
1326 3159 1379 3215 in
1404 3161 1601 3215 bonam
1645 3169 1859 3230 partem
1905 3161 2054 3216 acci-

2153 1949 2332 2022 pulum
2379 1953 2670 2008 accinctum
2717 1965 2970 2028 nostrum,
3004 1958 3093 2014 hic
3119 1969 3421 2017 estsensus
3456 1979 3470 2017 :
3499 1961 3658 2019 Nunc
3685 1963 3756 2019 li-

2154 2043 2349 2100 benter
2373 2062 2565 2103 omnes
2595 2051 2837 2119 patimur
2857 2053 3163 2122 angustias,
3195 2065 3248 2110 et
3275 2057 3340 2110 ad
3368 2057 3761 2114 comminatio-

2155 2155 2280 2195 nem
2337 2148 2482 2196 tuam
2541 2142 2672 2198 totis
2703 2146 3004 2201 visceribus
3066 2151 3568 2207 contremiscimus.
3601 2153 3760 2212 Nunc

2155 2243 2398 2290 tremunt
2447 2235 2585 2292 labia
2626 2253 2769 2301 mea.
2797 2248 2853 2295 et
2883 2256 3052 2310 pavor
3081 2244 3280 2300 mentis
3306 2246 3539 2317 trepidas
3567 2249 3619 2303 in
3655 2264 3760 2305 ore

2151 2328 2426 2398 signatur,
2457 2339 2511 2384 et
2539 2345 2646 2385 non
2670 2333 2851 2387 solum
2882 2333 3054 2400 istud,
3088 2335 3184 2390 sed
3212 2337 3377 2392 etiam
3408 2340 3558 2395 aliud
3611 2341 3761 2400 ultro

2153 2431 2356 2488 appeto
2380 2431 2434 2476 et
2486 2423 2629 2478 ultro
2673 2423 2976 2482 desidero:
3031 2428 3367 2500 ingrediatur
3409 2433 3643 2502 putredo
3705 2437 3758 2490 in

2155 2514 2375 2570 OSsibtls
2405 2516 2544 2571 meis
2580 2517 2688 2590 [AL
2724 2535 2848 2576 ossa
2881 2520 3046 2596 mea].
3078 2534 3135 2579 et
3163 2525 3350 2582 subter
3377 2543 3463 2584 me
3502 2539 3754 2600 scateat;

2154 2609 2259 2665 hoc
2279 2619 2386 2678 est,
2419 2612 2660 2668 libenter
2682 2615 2861 2685 patior
2882 2619 3026 2688 quod
3053 2634 3246 2689 passus
3271 2632 3356 2678 est
3375 2621 3502 2690 Job,
3531 2640 3638 2679 non
3669 2641 3762 2680 so-

2153 2703 2265 2758 lum
2289 2719 2486 2760 carnes
2513 2722 2688 2776 meas,
2716 2709 2810 2764 sed
2835 2713 3102 2769 medullas
3129 2729 3348 2786 quoque
3369 2717 3576 2772 ossium
3596 2719 3763 2790 cupio

2154 2796 2426 2863 labefieri,
2479 2810 2536 2855 et
2563 2809 2797 2856 stratum
2836 2820 3016 2861 meum
3063 2808 3354 2876 putredine
3403 2813 3657 2881 corporis
3705 2823 3764 2869 et

2153 2889 2460 2946 innumeris
2486 2903 2706 2950 scatere
2738 2898 3044 2966 vermibus,
3075 2908 3132 2955 ut
3184 2909 3480 2972 postquam
3513 2902 3602 2960 hic
3652 2920 3762 2976 pro

2155 2984 2398 3053 peccatis
2441 2987 2576 3040 meis
2627 2986 2745 3043 haec
2791 2990 3124 3058 sustinuero,
3176 2994 3520 3063 requiescam
3549 2997 3604 3051 in
3665 2998 3761 3054 die

2152 3090 2360 3142 amara,
2418 3077 2472 3132 in
2504 3078 2592 3134 die
2647 3081 3048 3151 tribulationis,
3081 3085 3135 3141 in
3189 3088 3281 3143 die
3324 3090 3676 3146 necessitatis
3706 3100 3764 3148 et

2155 3169 2442 3239 angustiae.
2497 3175 2561 3226 Et
2589 3175 2882 3230 ascendam
2914 3178 2982 3233 ad
3021 3179 3283 3250 populum
3317 3185 3627 3240 accinctum
3656 3203 3763 3242 no-

451 3259 609 3330 picns
658 3256 772 3310 ait:
811 3254 1024 3309 Ornasti
1073 3253 1478 3324 fundamentum
1525 3270 1685 3322 usque
1736 3253 1806 3306 ad
1831 3253 2044 3308 collum.
2075 3242 2122 3308 (ἒ
2152 3272 2362 3331 strum,
2403 3261 2598 3320 fortem
2649 3267 2926 3338 videlicet,
2962 3242 3293 3330 bella-torem
3345 3289 3508 3348 atque
3551 3295 3762 3351 pugna-

451 3352 646 3420 Quinta
695 3349 905 3405 editio:
955 3346 1268 3412 Denudasti,
1327 3345 1470 3412 sive,
1538 3347 1800 3400 evacuasti
1849 3346 2054 3416 funda-

452 3455 682 3501 mentum
713 3459 872 3508 usque
909 3441 978 3496 ad
997 3439 1211 3508 collum,
1242 3438 1373 3508 sela,
1407 3439 1458 3492 id
1489 3449 1595 3502 est,
1640 3456 1859 3510 semper.
1915 3441 2052 3508 Quia

453 3540 598 3596 enim
653 3536 1069 3592 fundamentum
1127 3532 1354 3599 Christi,
1401 3532 1543 3602 quod
1592 3540 1710 3587 erat
1763 3533 1816 3587 in
1873 3535 2053 3590 anima

453 3632 812 3702 singulorum,
844 3625 1109 3697 allophyli
1140 3633 1287 3680 terra
1301 3625 1622 3693 obruerant,
1650 3626 1896 3696 egeritur
1925 3643 2056 3682 con-

454 3733 607 3798 gesta
634 3724 856 3788 humus,
886 3731 942 3778 et
962 3720 1203 3777 nudatur
1228 3717 1495 3791 optimum
1539 3719 1977 3788 fundamentum,
2001 3733 2058 3780 et

454 3827 702 3886 ornatur,
733 3814 969 3887 utiquod
997 3815 1223 3879 latebat,
1256 3821 1524 3882 appareat
1552 3822 1608 3866 et
1643 3827 1796 3868 suam
1829 3813 2061 3884 recipiat

453 3914 782 3976 claritatem,
819 3919 876 3964 et
909 3909 1013 3963 hoc
1065 3908 1212 3963 fit-in
1267 3907 1696 3978 sempiternum,
1758 3909 1902 3979 quod
1952 3911 2059 3966 lle-

456 4009 643 4065 braice
673 4004 874 4060 dicitur
920 4019 1073 4060 seu.
1103 4002 1386 4071 Simulque
1435 4002 1727 4057 considera
1757 4004 1902 4072 quod
1952 4005 2056 4076 ipsi

454 4099 624 4166 LXX,
656 4112 844 4154 rerum
888 4095 1218 4151 necessitate
1243 4093 1533 4163 compulsi,
1570 4096 1660 4165 qui
1701 4110 1921 4166 semper
1947 4099 2058 4154 sela

447 4188 951 4260 interpretabantur
977 4186 1294 4257 diapsalma,
1326 4200 1473 4242 nunc
1510 4188 1944 4259 transtulerunt,
2000 4193 2054 4246 in

460 4288 640 4356 finem.

531 4377 713 4450 (Vers.
747 4377 817 4432 14
863 4375 1048 4448 seqq.)
1081 4371 1408 4430 Maledixisti
1453 4377 1671 4445 sceptris
1717 4379 1853 4448 ejus,
1900 4379 2057 4451 capiti

459 4473 770 4530 bellatorum
799 4472 935 4543 ejus,
967 4469 1288 4524 venientibus
1319 4478 1376 4523 ut
1405 4469 1635 4524 turboad
1656 4471 2057 4545 dispergendum

459 4583 557 4622 me.
589 4564 892 4620 Exsultatio
922 4578 1100 4616 eorum
1125 4562 1259 4616 sicut
1287 4564 1400 4634 ejus
1428 4563 1513 4629 qui
1541 4562 1752 4616 devorat
1774 4580 2055 4635 pauperem

2155 3368 2294 3409 cem.
2355 3354 2426 3409 Et
2456 3358 2706 3427 pulchre,
2762 3364 3090 3420 ascendam:
3127 3369 3196 3422 ad
3248 3370 3557 3426 accinctum
3608 3373 3759 3429 enim

2156 3449 2414 3517 papulum
2437 3465 2660 3523 semper
2682 3457 3018 3514 ascenditur.
3047 3459 3450 3534 Eleganterque
3484 3476 3760 3522 nostrum:

2157 3543 2247 3612 qui
2283 3542 2426 3598 enim
2459 3547 2753 3604 tribulatus
2785 3561 2891 3610 est.
2920 3561 2974 3607 et
2998 3568 3284 3622 pressuras
3314 3556 3555 3614 libenter
3593 3561 3761 3616 susti-

2158 3635 2298 3702 nuit,
2330 3646 2384 3692 et
2408 3643 2768 3710 praesentibus
2794 3646 2951 3701 malis
2974 3646 3158 3703 futura
3185 3652 3407 3722 praemia
3433 3669 3762 3725 compensa-

2158 3729 2265 3794 vit,
2298 3741 2530 3786 nostrum
2577 3737 2842 3793 audacter
2891 3739 3150 3811 loquitur,
3187 3753 3246 3800 ut
3269 3745 3424 3816 juxta
3453 3747 3758 3819 Abraham,

2157 3820 2308 3878 Isaac
2363 3825 2635 3895 etJacob,
2663 3841 2716 3884 et
2748 3831 2864 3900 ipse
2897 3833 3138 3891 dormiat
3184 3837 3237 3893 in
3285 3852 3573 3898 senectute
3611 3843 3760 3899 bona

2159 3917 2353 3986 plenus
2383 3920 2624 3990 dierum,
2657 3933 2711 3980 et
2735 3937 3046 3996 apponatur
3071 3931 3137 3986 ad
3168 3943 3351 4002 patres
3393 3950 3550 3991 suos.
3599 3937 3759 4006 Quod

2159 4009 2204 4065 si
2231 4011 2354 4080 quis
2385 4012 2594 4071 dixerit
2623 4035 2637 4071 :
2670 4018 2810 4074 Ecce
2841 4021 2893 4075 in
2945 4022 3189 4081 historia:
3218 4030 3569 4101 expositione
3628 4033 3758 4088 dum

2160 4107 2358 4169 nescis,
2390 4109 2674 4180 allegoriae
2700 4113 2922 4170 clausus
2946 4133 3006 4173 es
3033 4121 3263 4189 retibus,
3308 4133 3363 4179 et
3394 4126 3758 4198 tropologiam

2160 4196 2410 4256 historiae
2441 4204 2732 4261 miscuisti.
2761 4206 2959 4264 Audiat
2991 4228 3097 4268 non
3128 4229 3349 4286 semper
3371 4196 3759 4290 metaphoram

2161 4290 2428 4358 historize,
2490 4296 2806 4368 allegoriam
2856 4315 3206 4363 consonare:
3250 4283 3386 4378 quia
3437 4310 3759 4382 frequenter
3799 4283 3865 4343 Ῥ

2161 4382 2387 4440 hismria
2419 4387 2534 4457 ipsa
2595 4396 2965 4465 metaphorice
3010 4399 3232 4468 texitur,
3275 4409 3332 4457 et
3373 4403 3476 4458 sub
3523 4404 3760 4477 imagine

2161 4478 2429 4545 mulieris,
2463 4483 2547 4537 vel
2579 4486 2742 4542 unius
2774 4489 2872 4543 viri
2900 4489 2968 4546 de
2993 4500 3104 4547 toto
3138 4494 3337 4563 populo
3365 4495 3532 4568 659
3554 4498 3756 4566 pradi-

2159 4580 2332 4626 catur.
2370 4572 2438 4627 Et
2459 4591 2601 4632 nunc
2624 4594 2756 4649 ergo
2786 4595 3074 4651 possumus
3099 4584 3285 4642 dicere
3306 4603 3373 4642 ex
3404 4604 3640 4656 persona
3663 4607 3759 4662 po-

455 4665 507 4718 in
539 4660 861 4715 abscondito.
908 4657 1056 4712 Viam
1085 4657 1256 4727 fecisti
1285 4657 1338 4711 in
1367 4657 1502 4711 mari
1531 4659 1676 4727 equis
1704 4659 1826 4726 tuis,
1859 4660 1912 4713 in
1943 4661 2054 4715 luto
2075 4646 2138 4709 Ἰ)
2162 4665 2273 4734 puli
2293 4664 2577 4725 :Libenter
2594 4673 2962 4742 captivitatem
2985 4677 3758 4756 subeo,mquoanimoangus—

455 4770 710 4829 aquarum
737 4752 1036 4806 multarum.
1063 4749 1272 4817 Audivi,
1305 4759 1351 4803 et
1394 4751 1732 4806 conturbatus
1778 4762 1852 4806 est
1881 4763 2053 4810 venter

459 4865 601 4904 meus
629 4863 645 4901 :
669 4845 737 4900 ad
756 4860 930 4900 vocem
949 4851 1368 4898 contremuerunt
1392 4842 1530 4896 labia
1555 4859 1684 4898 mea.
1713 4842 2054 4917 Ingrediatur

459 4940 681 5012 putredo
703 4940 757 4993 in
788 4938 990 4992 ossibus
1018 4935 1167 5003 meis,
1199 4944 1244 4988 et
1277 4936 1450 4988 subter
1478 4952 1558 4988 me
1598 4945 1838 4991 scatent:
1864 4947 1921 4990 ut
1973 4956 2054 4992 re-

457 5039 716 5107 quiescam
750 5033 798 5086 in
827 5033 910 5085 die
941 5028 1294 5083 tribulationis
1324 5043 1451 5083 mea:
1478 5027 1663 5100 [Vulg.
1697 5040 1840 5086 tacet
1881 5033 2049 5106 mete],

455 5139 511 5183 ut
541 5127 817 5182 ascendam
845 5123 914 5176 ad
942 5123 1192 5192 populum
1221 5122 1511 5174 accinctum
1533 5132 1780 5176 nostram.
1811 5125 1877 5178 Et
1903 5141 2049 5182 nunc

452 5230 660 5276 tantum
719 5217 1050 5273 llebraicum
1091 5214 1416 5270 disserimus
1452 5212 1557 5286 [AL
1607 5217 1938 5291 posuimus],
1990 5230 2050 5276 ut

455 5316 751 5388 separatim
779 5313 847 5368 de
872 5312 1115 5366 editione
1131 5309 1492 5378 Septuaginta
1523 5309 1882 5381 disseramus,
1911 5317 2050 5370 mul-

453 5423 564 5466 tum
605 5409 749 5464 enim
783 5405 854 5460 ab
887 5403 1130 5459 omnium
1165 5401 1525 5456 translatione
1553 5401 1831 5460 discordat
1862 5423 1878 5459 :
1930 5407 2049 5462 Μα-

447 5502 701 5566 ledixisti,
737 5501 934 5567 inquit,
960 5497 1204 5566 sceptris,
1253 5496 1302 5549 id
1335 5504 1439 5561 est,
1471 5496 1658 5566 regnis
1689 5499 1848 5566 ejus:
1903 5501 2045 5557 haud

447 5599 670 5654 dubium
695 5593 824 5664 quin
851 5591 1024 5661 impii,
1060 5589 1129 5644 dc
1167 5603 1275 5658 quo
1306 5603 1470 5658 supra
1515 5589 1733 5644 dixerat
1763 5608 1779 5644 :
1825 5591 2049 5648 Percus-

444 5691 557 5743 sisti
595 5697 752 5759 caput
783 5684 846 5738 de
893 5684 1047 5738 domo
1097 5681 1244 5746 impii
1275 5696 1293 5734 :
1325 5680 1604 5734 denudasti
1651 5683 2047 5754 fundamentum

443 5795 604 5848 usque
652 5779 720 5831 ad
776 5774 991 5831 collum.
1029 5771 1388 5842 lntelligimus
1416 5783 1598 5828 autem
1649 5775 1907 5847 impium,
1960 5782 2046 5837 vel

447 5867 988 5934 Nabuchodonosor,
1033 5865 1119 5920 vel
1172 5879 1398 5921 onmem
1453 5865 1829 5928 adversarium
1881 5871 2049 5946 658

2162 4759 2264 4813 tias
2293 4760 2557 4828 sustineo,
2590 4775 2644 4819 et
2673 4768 3005 4836 gravissimo
3059 4771 3482 4846 Babyloniorum
3531 4795 3757 4848 premor

2157 4851 2312 4922 jugo,
2361 4865 2414 4908 et
2445 4857 2703 4928 quidquid
2736 4861 2939 4917 ultimas
2967 4876 3022 4920 et
3051 4865 3204 4922 dura:
3261 4872 3604 4928 necessitatis
3649 4884 3755 4943 est,

2162 4947 2403 5015 gaudens
2436 4951 2610 5019 patiar
2633 4951 2741 5024 (Al.
2774 4958 2970 5027 patior)
3001 4975 3014 5012 :
3069 4969 3274 5016 tantum
3300 4974 3358 5019 ιιι
3400 4980 3468 5022 eo
3510 4975 3760 5038 tempore

2166 5041 2502 5110 requiescam
2553 5059 2664 5115 quo
2691 5047 2986 5106 maledicos
3015 5055 3246 5123 sceptris
3296 5056 3475 5127 impii,
3525 5069 3581 5115 et
3630 5062 3759 5133 equi

2156 5136 2232 5188 tui
2275 5137 2564 5193 calcabnnt
2612 5140 2784 5195 lutum
2818 5159 3079 5215 aquarum
3106 5149 3422 5219 multarum,
3455 5163 3514 5208 ut
3567 5168 3758 5224 postea

2157 5243 2280 5283 cum
2314 5232 2517 5286 sanctis
2549 5235 2653 5288 tuis
2679 5234 2982 5294 Zorobabel
3007 5251 3060 5296 et
3087 5241 3216 5297 Jesu
3249 5243 3361 5300 lilio
3400 5246 3659 5318 Josedec,
3703 5260 3758 5308 et

2159 5321 2328 5377 Esdra
2354 5325 2662 5394 sacerdme,
2681 5339 2736 5383 et
2765 5331 3023 5388 Nchemia
3056 5335 3110 5389 in
3145 5345 3345 5393 terram
3370 5343 3759 5408 repromissio-

2156 5414 2239 5468 nis
2259 5427 2516 5471 revertar.
2539 5419 2828 5493 ﬂuensque
2861 5441 2927 5480 ne
2949 5429 3172 5485 omnino
3196 5434 3614 5501 praetermittere
3643 5437 3756 5496 his-

2159 5507 2353 5562 toriam
2386 5510 2716 5582 videremur,
2747 5517 3150 5586 quodammodo
3185 5524 3294 5579 vim
3327 5525 3563 5584 fecimus
3593 5531 3754 5586 intel-

2159 5599 2345 5666 lectui,
2399 5613 2450 5658 et
2483 5603 2535 5660 in
2584 5609 2956 5674 captivitatem
3005 5616 3272 5673 traximus
3315 5623 3618 5678 sententias
3645 5639 3751 5681 non

2155 5706 2491 5762 sequentes:
2546 5713 2692 5754 nunc
2747 5703 2815 5756 ad
2848 5704 3202 5776 Septuaginta
3264 5713 3645 5783 translator-es,
3698 5725 3754 5772 et

2155 5787 2222 5844 ad
2252 5791 2649 5856 expositionem
2678 5800 3070 5872 trojiologicam
3101 5815 3457 5866 revertamur.

2233 5882 2378 5940 LXX
2407 5901 2422 5939 ε
2458 5885 2701 5946 Divisisti
2729 5893 2784 5947 in
2803 5902 3020 5964 stupore
3045 5900 3219 5971 capita
3247 5907 3549 5974 potentium.
3599 5909 3752 5967 Sicut
