4050 6342
315 295 454 354 15Ξ9

1121 289 1768 351 (ςΟΜΜΕΝΤΑΒιοῐιυΜ
1809 289 1873 346 IN
1913 286 2188 345 ABACUC
2229 288 2359 345 LIB.
2402 288 2467 345 ll.
2514 288 2668 346 CAP.
2711 289 2794 345 lll.

3470 287 3610 348 15ῖο

311 407 572 466 Ecclesia:
598 415 652 464 et
679 408 853 462 omnis
881 407 981 463 viri
1008 406 1258 462 Christus
1282 416 1365 462 est
1387 415 1549 476 caput
1573 404 1628 478 (Ι
1649 403 1771 460 Cor.
1798 403 1900 476 xt),
1930 403 1986 466 Α
2011 419 2134 459 nem
2191 419 2346 458 suam
2378 403 2595 460 diﬁ‘erre
2624 405 2822 475 potuit.
2855 422 2873 456 ο
2905 404 3018 459 lloc
3047 403 3144 459 ille
3171 402 3364 460 ludens
3388 403 3614 460 dixerit.

311 505 384 560 ita
418 512 444 541 ι
472 513 795 558 cunctorum
825 505 1134 557 daemonum
1159 503 1248 572 qtti
1273 501 1324 556 in
1353 500 1454 555 hoe
1484 501 1687 556 saeculo
1711 499 1908 555 debac-

309 597 564 661 chantur,
593 605 756 667 caput
772 603 856 651 est
875 595 1183 650 Beelzebub
1209 594 1464 665 princeps
1484 593 1904 659 daemoniorum,

309 699 365 746 et
395 691 624 762 singulae
653 703 842 744 eorum
875 698 1068 744 turma:
1101 688 1303 742 habent
1329 687 1504 756 capita
1539 697 1592 741 et
1631 686 1910 757 principes

308 799 459 840 suos.
509 783 672 838 Verbi
700 781 896 854 gratia,
953 781 1180 852 Spiritus
1231 780 1650 836 fornicationum
1709 781 1910 836 habent

307 878 662 949 praepositum
691 891 881 941 suum,
913 875 1138 944 spiritus
1167 875 1410 929 avaritiae
1439 875 1641 929 habent
1672 874 1911 953 ἄρχοντα

308 987 490 1039 suum,
521 972 749 1042 spiritus
771 985 924 1026 vana:
948 969 1162 1042 glorite,
1196 970 1424 1040 spiritus
1453 969 1750 1035 mendacii,
1793 970 1909 1038 Spi-

308 1066 450 1122 ritus
503 1064 841 1119 infidelitatis
903 1063 1101 1119 habent
1146 1063 1408 1134 praesides
1437 1062 1465 1100 b
1512 1061 1738 1118 malitia:
1777 1077 1910 1117 sum.

308 1160 455 1216 Deus
515 1162 700 1229 itaque
729 1158 1192 1214 clementissimus
1243 1157 1332 1229 qui
1375 1159 1593 1212 miserat
1624 1158 1676 1212 in
1730 1157 1914 1228 capita

317 1254 628 1324 iniquorum
661 1262 916 1318 mortem,
951 1252 1042 1324 qui
1101 1253 1463 1307 suscitavcrat
1488 1252 1702 1307 vincula
1742 1267 1913 1322 usque

320 1346 388 1401 ad
417 1346 642 1412 collum,
677 1346 729 1400 in
764 1345 923 1400 finem
955 1344 1155 1399 dividit
1185 1345 1349 1400 etiam
1377 1345 1556 1414 capita
1610 1344 1910 1415 potentium

311 1441 366 1496 in
397 1451 645 1511 stupore,
678 1440 987 1510 utprimutn
1021 1440 1299 1511 principes
1329 1449 1546 1511 separet
1572 1456 1600 1494 a
1625 1440 1908 1511 subjectis,

308 1546 365 1592 et
388 1537 540 1608 quasi
567 1550 769 1606 corpus
795 1535 1032 1590 decollet
1063 1550 1090 1589 a
1120 1535 1326 1605 capite,
1353 1547 1408 1589 et
1433 1535 1524 1590 ubi
1549 1547 1709 1606 caput
1741 1536 1912 1606 pessi-

308 1645 458 1686 mum
485 1629 686 1695 fuerat,
716 1628 788 1682 ibi
813 1627 1257 1699 caputoptitnutn
1290 1637 1614 1698 reponatur.
1637 1629 1910 1684 Ponamns

2011 496 2283 552 Caeterum
2345 497 2588 552 Ecclesia
2639 497 2843 552 Christi
2879 512 3003 553 cum
3062 499 3434 553 exsultatione
3477 513 3612 554 can-

2016 594 2146 648 tavit
2182 610 2195 647 :
2237 592 2467 647 Divisisli
2495 594 2547 646 in
2577 601 2788 665 stupore
2815 594 2988 665 capita
3032 594 3343 663 potentium.
3397 592 3614 662 Loquar

2013 697 2066 741 et
2089 703 2189 756 ego
2213 686 2414 756 aliquid
2442 685 2568 740 huic
2594 685 2812 740 simile:
2847 685 3063 748 Divide.
3088 684 3344 750 Domine,
3390 686 3444 740 in
3498 695 3613 740 stu-

2015 794 2150 848 pore
2174 783 2439 844 omnium,
2457 778 2665 844 Achab,
2693 787 2751 834 et
2767 778 2988 834 Jeznbcl
3009 777 3098 849 (Ill
3119 777 3246 851 Reg.
3265 794 3355 834 xxt
3371 777 3617 850 etxvnt).

2017 873 2130 928 Neu
2163 875 2380 944 quidem
2409 890 2510 945 ego
2545 875 2725 938 Elias;
2757 875 2852 928 sed
2889 885 3070 929 tamen
3101 874 3179 929 illi
3217 873 3408 928 Achab
3447 883 3501 928 ct
3527 871 3618 930 Je-

2017 969 2165 1022 zahel
2191 968 2583 1024 interfecerunt
2615 967 2849 1033 Naboth,
2875 977 2929 1022 et
2954 969 3196 1023 tulerunt
3225 970 3440 1024 vineam
3465 971 3584 1036 ejus
3606 1008 3622 1033 ,

2017 1072 2070 1117 et
2099 1061 2317 1116 hortum
2342 1077 2454 1116 su:e
2485 1062 2734 1117 fecerunt
2786 1062 3018 1117 luxui-ite
3071 1061 3156 1134 (IV
3194 1061 3326 1136 Reg.
3370 1077 3420 1116 tx
3445 1072 3494 1116 et
3522 1077 3552 1116 x
3583 1060 3622 1134 ).

2016 1157 2337 1212 Inveniatur
2365 1157 2562 1228 aliquis
2589 1171 2779 1212 servus
2807 1168 2930 1212 tuus
2989 1157 3218 1224 Abdias,
3279 1157 3371 1228 qtti
3433 1166 3624 1227 pascat

2016 1266 2309 1321 pauperem
2343 1259 2494 1304 tuum
2523 1261 2691 1319 atque
2717 1249 3053 1315 mendicum,
3097 1249 3261 1322 661
3311 1248 3622 1305 fornicarize

2018 1346 2241 1416 sanguis
2291 1345 2450 1400 detur
2503 1344 2764 1410 canibus;
2814 1343 3000 1400 Achab
3053 1343 3258 1413 impius
3312 1351 3367 1398 et
3414 1357 3614 1397 avarus

2011 1441 2199 1510 jaculo
2232 1439 2443 1494 Domini
2463 1439 2812 1517 ‘trucidetur.

2087 1533 2231 1590 LXX
2276 1552 2287 1588 :
2340 1533 2810 1588 Commovebuutur
2858 1533 2910 1587 in
2955 1549 3013 1586 ea
3061 1531 3174 1604 [ΑΙ.
3221 1530 3301 1604 eo]
3328 1571 3344 1598 ,
3380 1530 3613 1601 aperient

2015 1635 2191 1702 frenos
2230 1646 2350 1686 suos
2393 1631 2526 1684 sicut
2563 1631 2828 1685 comedens
2885 1646 3084 1702 pauper
3119 1630 3174 1684 in
3209 1630 3464 1684 absconso
3507 1626 3623 1701 [AL

308 1723 622 1794 exemplum
652 1766 666 1790 ,
722 1729 782 1776 ttt
827 1720 975 1793 quod
1026 1721 1257 1777 dicimus
1306 1721 1648 1777 manifestius
1692 1722 1782 1776 liat
1816 1741 1826 1776 :
1862 1721 1943 1816 si}
2014 1723 2361 1796 abscondito].
2404 1723 2596 1795 Capita
2634 1739 2756 1778 cum
2788 1721 2961 1777 divisa
3007 1724 3207 1777 fuerint
3244 1738 3273 1776 a
3302 1721 3622 1792 corporibus

307 1816 531 1888 quando
585 1825 850 1888 tyrannus
905 1817 1286 1882 obtruncatur,
1357 1816 1624 1887 imagines
1693 1813 1987 1889 qttoque’B
2015 1820 2151 1885 suis,
2172 1827 2226 1872 et
2248 1818 2418 1873 divisa
2448 1833 2555 1872 non
2580 1817 2745 1872 aliter
2769 1816 2868 1870 nisi
2897 1815 2950 1869 itt
2976 1824 3240 1885 stupore,
3263 1814 3408 1886 quod
3431 1813 3623 1870 Graece

308 1913 429 1981 ejus
461 1909 831 1980 deponuntur,
873 1917 930 1963 et
961 1916 1189 1974 statuas;
1230 1916 1284 1963 et
1331 1909 1479 1963 vultu
1537 1910 1916 1965 tantummodo

308 2010 670 2068 commutato,
693 2000 988 2072 ablatoque
1005 2001 1208 2071 capite,
1237 2000 1356 2070 ejus
1382 2002 1475 2072 qui
1499 2003 1710 2068 vicerit,
1748 2003 1914 2058 facies

310 2096 718 2168 superponitur,
743 2105 804 2149 ut
831 2110 916 2149 ma
929 2104 1091 2149 nente
1113 2110 1176 2149 co
1187 2109 1372 2165 rpore,
1393 2111 1454 2150 ca
1466 2095 1917 2166 pitibusqtzeprm-

309 2191 464 2257 cisis,
496 2199 661 2260 caput
690 2189 835 2244 aliud
859 2198 1248 2244 commutatur.
1284 2188 1396 2244 lloc
1425 2189 1558 2243 tuihi
1606 2188 1916 2259 intelligere

321 2285 460 2340 libet
507 2282 575 2338 de
607 2283 992 2338 haereticorum
1019 2281 1422 2349 conciliabulis,
1455 2281 1603 2352 quod
1643 2281 1916 2351 capitibus

313 2378 589 2434 heresemn
618 2392 645 2430 a
672 2376 890 2432 ctrteris
920 2375 1134 2446 populis
1164 2375 1464 2444 separatis,
1491 2375 1684 2429 inloco
1721 2389 1914 2430 eorum

312 2483 473 2544 caput
527 2487 649 2528 esse
680 2469 931 2527 Christus
986 2470 1232 2542 incipiat.
1286 2469 1573 2538 Simulque
1622 2470 1914 2525 considera

311 2567 610 2635 Scripturae
669 2574 874 2621 sanctae
914 2563 1363 2635 signiticantiam,
1394 2563 1558 2635 660
1605 2565 1750 2634 quod
1807 2579 1914 2620 non

312 2660 544 2724 dixerit,
577 2657 898 2728 prtecitlisti,
933 2657 1022 2712 vel
1050 2655 1334 2712 succidisti
1366 2657 1546 2726 capita
1569 2658 1870 2727 potentium
1895 2701 1910 2724 ,

313 2755 410 2812 sed
443 2755 679 2810 divisisti
703 2753 878 2825 :quod
901 2754 1046 2809 enim
1071 2752 1360 2815 dividitur,
1384 2767 1490 2807 non
1518 2759 1626 2806 tatn
1660 2761 1913 2823 amputa-

315 2857 405 2906 tttr
433 2861 488 2906 et
514 2849 780 2920 perditur,
811 2863 975 2920 quam
1016 2859 1308 2920 separatur
1339 2850 1392 2904 in
1429 2859 1634 2920 partes.
1667 2849 1737 2906 Ut
1781 2866 1917 2922 quo-

315 2946 480 3002 modo
519 2945 572 3000 in
603 2944 962 3000 fabricatione
994 2945 1159 2998 turris
1194 2943 1400 3011 (Cenes.
1433 2944 1533 3017 χι),
1564 2945 1745 3016 lingua
1795 2962 1917 3016 qute

321 3042 468 3096 male
499 3039 648 3094 unita
680 3039 876 3102 fuerat,
911 3048 1162 3110 separata
1190 3049 1295 3106 est,
1321 3051 1370 3094 et
1407 3041 1700 3110 pessimum
1742 3040 1918 3096 foedus

316 3137 431 3192 utili
462 3135 730 3191 divisione
780 3136 1116 3190 conscissum
1147 3154 1158 3188 :
1191 3134 1273 3189 sic
1319 3144 1372 3190 et
1405 3135 1580 3205 capita
1627 3135 1744 3192 haec
1795 3153 1916 3207 qua:

321 3244 446 3286 cum
496 3228 822 3299 corporibus
850 3229 966 3282 suis
993 3227 1101 3299 (Al.
1127 3229 1268 3295 sive)
1294 3229 1440 3283 inter
1474 3200 1536 3283 se
1591 3200 1914 3285 videbantur
1942 3200 1988 3263 Ο

319 3322 529 3378 habere
559 3337 890 3378 consensum
927 3320 1120 3394 (plura
1151 3321 1294 3376 enim
1327 3321 1711 3380 haereticorum
1741 3325 1915 3395 capita

317 3423 465 3481 sunt,
491 3431 614 3486 quae
656 3430 779 3470 cum
809 3414 1065 3469 diversos
1093 3415 1281 3469 oculos
1316 3414 1574 3483 habeant,
1628 3425 1807 3472 tamen
1863 3419 1917 3473 in

319 3527 444 3574 una,
476 3521 533 3565 ut
559 3511 634 3565 ita
662 3510 863 3575 dicam,
895 3510 1076 3580 lingua
1107 3509 1472 3579 blasphemia:
1502 3511 1790 3566 adversum
1817 3511 1917 3567 Ec-

316 3605 540 3660 clesiam
571 3601 818 3674 latrant),
843 3602 1219 3658 dividerentur
1245 3603 1298 3656 in
1331 3614 1540 3671 partes,
1558 3613 1648 3658 eta
1674 3605 1918 3676 deceptis

317 3697 648 3769 corporibus
695 3705 968 3768 separata,
1027 3696 1172 3751 bono
1197 3697 1358 3766 capiti
1412 3697 1591 3751 locum
1649 3696 1916 3753 facerent.

321 3791 617 3848 Possumus
647 3789 750 3844 hoc
773 3788 1046 3844 versiculo
1081 3791 1180 3850 uti,
1211 3790 1257 3843 si
1292 3789 1511 3860 quando
1545 3805 1702 3859 rcges
1729 3801 1780 3846 et
1821 3790 1918 3845 du—

317 3900 411 3940 ces
443 3899 633 3940 eorum
691 3882 1064 3938 Christianum
1115 3882 1406 3936 viderimus
1435 3884 1750 3953 sanguinem
1797 3883 1919 3938 fun-

316 3980 470 4046 dere,
499 3989 553 4034 et
579 3986 768 4048 postea
793 3977 1056 4032 ultionem
1085 3977 1293 4032 Domini
1334 3987 1714 4033 consecutam.
1761 3977 1914 4046 Quod

317 4070 520 4126 dudum
545 4072 596 4124 in
626 4069 868 4137 Iuliano,
895 4079 948 4124 et
989 4077 1113 4122 ante
1142 4084 1265 4124 eum
1297 4070 1348 4122 itt
1377 4069 1722 4138 Maximiano,
1749 4081 1804 4123 et
1828 4087 1917 4125 su-

318 4177 418 4237 pra
441 4165 494 4218 in
523 4149 835 4225 Valeriano,
863 4163 1051 4228 Decio,
1078 4161 1414 4227 Domitiano,
1447 4164 1659 4218 Nerone
1688 4180 1918 4233 perspe-

321 4258 534 4320 xitnus;
580 4264 634 4309 et
661 4254 843 4310 dicere
873 4254 938 4310 ad
969 4255 1254 4308 Dominum
1282 4270 1406 4308 cum
1441 4256 1809 4310 exsultatione
1864 4265 1919 4311 et

328 4350 575 4405 oratiooe
605 4350 656 4402 itt
687 4336 916 4403 Cantico
947 4365 960 4402 :
1020 4347 1250 4402 Dirisisti
1278 4349 1331 4400 in
1363 4357 1574 4416 stupore
1603 4349 1773 4421 capita
1823 4365 1916 4418 po-

326 4444 562 4510 tentium,
598 4441 703 4496 hoc
732 4452 834 4508 est,
871 4440 920 4493 itt
951 4447 1177 4510 stupore
1207 4439 1572 4503 credentium,
1605 4439 1686 4494 vel
1718 4441 1770 4494 in
1801 4451 1916 4495 stu-

321 4553 456 4609 pore
489 4547 812 4592 cnnctarum
848 4537 1148 4604 nationum,
1199 4553 1320 4607 qure
1360 4553 1456 4592 eos
1486 4554 1592 4592 non
1651 4539 1917 4608 putabant

2018 1911 2218 1966 dicitttr
2250 1913 2299 1966 ἐν
2333 1912 2567 1968 ἐκστάσει
2610 1927 2624 1965 :
2661 1909 2805 1965 unde
2827 1907 3129 1964 secundum
3163 1922 3282 1961 eam
3315 1907 3625 1962 declinatur

2018 2013 2072 2059 ct
2102 2003 2336 2069 dicitur,
2386 2006 2433 2058 ἐν
2480 2006 2608 2079 αὐτῇ
2636 2048 2650 2072 ,
2684 2004 2785 2057 hoc
2814 2009 2898 2057 est
2922 2042 2936 2067 ,
2969 2001 3022 2054 in
3053 2017 3146 2065 ea,
3180 2000 3432 2070 aperient
3459 1999 3622 2055 etiam

2019 2099 2202 2153 frenos
2255 2112 2384 2153 suos
2409 2143 2422 2166 ,
2474 2097 2590 2153 sive
2622 2112 2811 2152 eorum
2858 2095 3180 2167 (utrumque
3209 2093 3354 2150 enim
3386 2091 3622 2165 intelligi

2018 2193 2218 2264 potest)
2253 2201 2310 2247 ut
2337 2192 2472 2247 illud
2509 2190 2797 2262 imperium
2838 2205 2946 2260 quo
2993 2190 3146 2260 prius
3191 2187 3623 2243 dominabantur

2019 2287 2072 2341 in
2112 2286 2380 2356 subjectis
2412 2286 2514 2340 sibi
2545 2285 2872 2356 corporibus
2892 2327 2906 2351 ,
2940 2285 3247 2339 relaxantes
3277 2281 3412 2337 deut
3443 2281 3621 2336 locum

2019 2381 2232 2437 meliori
2277 2382 2486 2451 equiti,
2535 2389 2590 2435 et
2638 2379 2855 2434 meliori
2900 2378 3125 2448 aurigae.
3179 2377 3243 2432 Et
3286 2377 3390 2433 hoc
3419 2377 3627 2434 faciant

2017 2476 2172 2548 quasi
2196 2475 2550 2531 comedentes
2568 2489 2840 2546 pauperes
2863 2473 2970 2546 [AL
2994 2474 3287 2529 comedens
3313 2470 3539 2544 pauper]
3570 2471 3622 2527 in

2017 2569 2340 2626 abscondito
2363 2611 2378 2635 ,
2413 2584 2523 2624 non
2555 2568 2818 2624 habentes
2850 2568 3158 2623 libertatem
3187 2608 3201 2633 ,
3247 2582 3346 2621 nec
3377 2568 3624 2622 ciborum

2017 2663 2260 2731 aliquam
2309 2662 2693 2719 abundantiam
2721 2703 2736 2729 ,
2785 2656 2880 2716 sed
2925 2674 3082 2716 escas
3115 2657 3355 2723 modicas
3380 2701 3395 2726 ,
3427 2659 3626 2730 quibus

2020 2768 2309 2816 vescentes
2363 2757 2682 2813 abscondite
2730 2757 2942 2811 nullum
2992 2757 3195 2812 vellent
3238 2755 3429 2811 videre
3478 2754 3626 2825 quod

2020 2855 2248 2910 faciunt.
2295 2856 2482 2910 Potest
2526 2866 2582 2910 et
2624 2853 2784 2908 aliter
2831 2854 3190 2924 interpretari
3227 2872 3240 2908 :
3272 2854 3462 2926 Capita
3503 2868 3626 2908 cum

2019 2949 2198 3004 divisa
2253 2950 2454 3006 fuerint
2503 2949 2556 3003 in
2596 2962 2858 3019 stupore,
2900 2949 3055 3018 quasi
3095 2965 3124 3002 a
3163 2958 3364 3004 cmtero
3393 2964 3626 3017 corpore

2021 3044 2324 3108 decollata,
2369 3043 2615 3115 aperient
2661 3059 2724 3099 os
2777 3058 2934 3097 suttm
2964 3083 2980 3109 ,
3031 3042 3175 3113 quod
3223 3042 3378 3113 quasi
3428 3043 3625 3095 cltatno

2021 3139 2498 3195 condemnationis
2543 3137 2720 3193 fuerat
2764 3136 3096 3192 infrenatum
3123 3179 3138 3200 ,
3184 3146 3238 3192 et
3278 3137 3330 3190 itt
3372 3137 3628 3192 similitu-

2022 3233 2205 3289 dinem
2254 3233 2592 3288 vescentium
2643 3231 2800 3286 illisis
2839 3231 2893 3286 in
2937 3247 2996 3284 se
3043 3230 3302 3286 dentibus
3330 3245 3628 3299 concrepa-

2023 3331 2155 3386 hunt
2176 3370 2191 3396 ,
2220 3329 2454 3384 volentia
2481 3343 2696 3384 rursum
2725 3327 3052 3390 comedere,
3073 3327 3169 3382 sed
3197 3328 3306 3382 vim
3325 3327 3626 3384 devorandi

2023 3440 2129 3480 non
2190 3423 2469 3478 habentia.
2526 3423 2780 3493 lntellige
2829 3422 3105 3492 quomodo
3159 3432 3281 3491 post
3334 3421 3622 3477 adventum

2022 3519 2220 3575 Christi
2272 3519 2448 3587 capita
2501 3519 2812 3573 dntnonum
2859 3532 2890 3571 a
2938 3516 3291 3580 nationibus,
3339 3533 3463 3588 qua:
3514 3517 3622 3572 sibi

2022 3614 2174 3681 prius
2210 3611 2468 3681 subjectte
2512 3611 2726 3666 fuerant
2756 3619 3040 3680 separata,
3071 3608 3244 3664 velint
3277 3625 3489 3664 rursum
3521 3624 3622 3664 an-

2022 3706 2225 3775 tiquam
2253 3719 2512 3761 exercere
2544 3705 2865 3774 potentiam.
2896 3703 3002 3759 Sed
3033 3704 3158 3772 quia
3185 3711 3466 3773 amputata
3497 3712 3623 3758 sunt

2021 3814 2049 3854 a
2093 3797 2412 3868 corporibus
2437 3841 2452 3862 ,
2497 3798 2709 3866 plenam
2743 3796 3000 3852 vescendi
3037 3813 3142 3850 non
3183 3795 3422 3852 habeant
3451 3796 3620 3852 liber-

2023 3900 2188 3947 tatem
2248 3909 2260 3945 :
2309 3889 2602 3946 comedunt
2638 3889 2794 3961 quasi
2841 3904 3145 3960 pauperes,
3194 3899 3249 3943 et
3289 3905 3393 3943 non
3441 3888 3619 3943 solum

2022 4001 2287 4058 pauperes
2336 3995 2504 4051 sunt,
2550 3985 2644 4040 sed
2687 3999 2958 4054 pauperes
2988 3986 3039 4038 in
3081 3983 3428 4038 abscondito.
3475 3982 3618 4038 Pau-

2021 4095 2180 4150 peres
2219 4089 2384 4146 sunt,
2418 4081 2542 4150 quia
2576 4079 2836 4150 pristinas
2859 4077 3080 4132 divitias
3110 4076 3463 4148 perdiderunt
3491 4092 3503 4127 :
3528 4090 3624 4131 co-

2022 4174 2246 4229 medunt
2273 4172 2590 4229 abscnndite
2613 4217 2627 4239 ,
2663 4172 2786 4241 quia
2815 4186 3038 4240 semper
3067 4170 3261 4225 sedent
3287 4170 3340 4225 itt
3372 4169 3582 4225 insidiis
3609 4211 3624 4235 ,

2021 4277 2079 4319 ut
2132 4267 2184 4318 in
2235 4263 2463 4319 occultis
2513 4263 2850 4317 interficiant
2885 4263 3256 4315 innocentem.
3293 4259 3416 4314 Harc
3446 4258 3624 4327 capita

2022 4358 2244 4414 eosdem
2279 4357 2480 4413 habent
2507 4356 2701 4411 dentes
2743 4370 2879 4425 quos
2913 4365 2966 4408 et
2995 4353 3242 4422 sagittas.
3279 4352 3345 4405 Et
3373 4351 3622 4420 quamvis

2021 4463 2146 4508 ante
2190 4451 2416 4517 dixerit,
2461 4449 2640 4518 Super
2671 4448 2854 4502 sidera
2887 4446 3013 4502 coeli
3055 4445 3382 4510 ascendam,
3417 4459 3615 4513 ponam

2024 4547 2076 4599 in
2129 4544 2402 4599 excelsum
2459 4540 2646 4595 nidum
2701 4554 2914 4604 meum,
2965 4547 3017 4592 et
3069 4537 3384 4590 universum
3433 4536 3624 4590 orbem

322 4640 428 4686 tam
461 4633 570 4686 cito
601 4646 760 4702 posse
797 4630 1118 4686 concidere.
1157 4631 1296 4686 Dum
1330 4631 1508 4687 adhuc
1555 4647 1730 4686 essent
1762 4649 1914 4704 puer,
1943 4605 1998 4668 Ῑ)
2024 4638 2178 4709 quasi
2227 4651 2331 4690 ova
2380 4633 2672 4690 continebo
2722 4632 2773 4685 in
2823 4646 2980 4685 manu
3032 4643 3184 4694 mea,
3231 4637 3412 4683 tamen
3447 4628 3628 4682 detra-

320 4734 378 4781 et
431 4726 484 4780 in
528 4725 899 4795 grammaticm
935 4724 1062 4778 ludo
1099 4739 1408 4791 exerceter,
1433 4741 1733 4796 omnesque
1762 4726 1925 4780 urbes

323 4819 669 4873 vietimarum
719 4817 986 4889 sanguine
1041 4820 1444 4888 polluerentur,
1501 4834 1566 4874 ac
1615 4821 1803 4875 stthito
1871 4822 1922 4875 in

325 4911 446 4980 ipso
473 4912 872 4979 persecutionis
901 4911 1096 4967 ardore
1126 4911 1322 4968 .luliani
1356 4913 1638 4968 nuntiatus
1667 4924 1818 4969 esset
1842 4916 1926 4970 in-

327 5005 542 5069 teritus,
578 5005 860 5075 eleganter
887 5019 1025 5060 unus
1053 5005 1120 5060 de
1170 5007 1410 5062 ethnicis
1440 5025 1453 5060 :
1503 5027 1522 5060 ι
1585 5010 1872 5075 Quomodo
1901 5053 1915 5076 ,

326 5096 520 5166 inquit,
549 5095 846 5152 Christiani
878 5097 1089 5162 dicunt,
1122 5096 1287 5152 Deum
1329 5112 1485 5154 suum
1534 5115 1656 5155 esse
1711 5102 1921 5170 patien-

327 5200 458 5258 tem,
483 5203 537 5246 et
567 5193 882 5259 ἀνεξίκακονῖ
907 5193 1036 5247 nihil
1070 5195 1405 5262 iracundius,
1435 5197 1570 5250 nihil
1604 5197 1710 5252 hoc
1735 5197 1922 5254 furore

327 5287 694 5355 praesentius:
731 5301 798 5342 ne
847 5287 1065 5342 modico
1094 5287 1311 5358 quidem
1362 5289 1538 5353 Spalio
1594 5288 1922 5360 indignatio-

403 5432 428 5459 ιι
455 5423 530 5478 Ex
559 5424 796 5496 Origene
828 5424 1026 5496 l-lomil.
1070 5425 1122 5479 in
1143 5423 1309 5478 les-ue
1335 5424 1620 5496 desumpta
1653 5424 1769 5479 hate
1790 5441 1916 5496 qua:

328 5505 631 5564 sequuntur
656 5495 794 5565 pene
819 5495 1041 5551 totidem
1067 5496 1248 5550 verbis
1271 5506 1416 5550 suttt.
1440 5495 1518 5550 Ad
1544 5512 1654 5548 rent
1683 5495 1921 5551 nostram

332 5565 448 5639 hrc
475 5569 822 5634 potissimum
856 5568 1057 5622 faciunt
1088 5589 1098 5621 :
1137 5567 1270 5621 Puto
1320 5567 1482 5637 magis
1509 5569 1788 5639 principem
1813 5571 1928 5635 qui-

331 5638 445 5690 dem
473 5639 835 5708 fornicationis
863 5641 1108 5708 spiritum
1133 5655 1288 5693 unum
1309 5655 1417 5692 esse
1439 5654 1456 5691 :
1481 5638 1777 5693 innumeros
1805 5658 1925 5694 vero

330 5724 470 5771 esse.
521 5712 693 5780 quiin
745 5710 842 5765 hoc
883 5715 928 5766 ei
969 5713 1146 5780 ofﬁcio
1187 5720 1437 5779 pareant,
1490 5720 1537 5764 et
1577 5727 1666 5781 per
1697 5712 1929 5782 singulos

331 5796 561 5852 quosque
590 5782 820 5837 homines
853 5784 1041 5838 diversi
1071 5785 1289 5851 Spiritus
1316 5783 1409 5836 sub
1434 5799 1493 5838 eo
1523 5784 1754 5854 principe
1791 5783 1928 5837 utili-

334 5861 520 5921 tantes,
548 5855 613 5908 ad
641 5854 994 5926 hujuscemodi
1014 5872 1101 5909 eos
1119 5866 1326 5926 peccatu
1355 5855 1652 5907 sollicitent.
1678 5856 1933 5910 Similiter

2029 4733 2233 4788 hentur
2287 4729 2356 4784 de
2411 4726 2738 4781 sublimibus
2764 4765 2779 4790 ,
2821 4734 2877 4779 et
2909 4722 3190 4791 perdentia
3231 4721 3629 4789 supellectilem

2031 4824 2313 4897 pristinam
2334 4863 2348 4887 ,
2381 4833 2708 4890 omnemque
2735 4816 3095 4872 substantiam
3127 4815 3323 4870 domus
3351 4829 3462 4868 suae
3489 4855 3504 4876 ,
3538 4813 3629 4866 vix

2030 4917 2181 4989 quasi
2206 4929 2472 4984 pauperes
2497 4912 2635 4966 clam
2651 4911 2939 4965 comedere
2960 4921 3014 4964 et
3043 4908 3296 4962 mordere
3321 4905 3626 4960 tentahttnt.

2027 5012 2153 5072 Scio
2183 5008 2408 5062 multum
2440 5004 2764 5060 llcbraicum
2793 5003 2862 5058 ab
2894 5002 2975 5056 his
3007 5018 3125 5071 qua:
3151 5001 3294 5055 dicta
3323 5009 3445 5053 sunt
3471 5041 3487 5065 ,
3515 4998 3629 5054 dis-

2028 5117 2292 5172 crepare;
2326 5098 2420 5154 sed
2451 5097 2632 5152 facere
2661 5096 2792 5168 quid
2839 5111 3060 5165 possum
3095 5139 3108 5163 ,
3151 5094 3237 5148 cui
3286 5094 3453 5148 semel
3497 5107 3628 5162 pro-

2030 5197 2264 5270 positum
2294 5206 2376 5248 est
2399 5201 2454 5248 et
2481 5193 2656 5263 ipsum
2686 5191 3012 5246 Hebraicum
3038 5232 3053 5258 ,
3080 5198 3135 5243 et
3159 5189 3408 5260 vulgatas
3436 5188 3488 5242 itt
3515 5196 3634 5243 toto

2030 5292 2163 5347 orbe
2193 5287 2488 5356 scripturas
2518 5281 2910 5354 interpretari?

2028 5434 2075 5480 et
2103 5419 2391 5477 iracundiae
2417 5418 2663 5490 spiritum
2691 5415 2983 5490 principem
3012 5427 3175 5466 unum
3203 5427 3315 5490 esse
3358 5411 3586 5490 arbitror
3613 5427 3633 5466 :

2029 5434 2075 5480 et
2103 5433 2391 5477 iracundae
2417 5433 2663 5490 sptruum
2684 5433 2983 5540 :rmapem
3012 5433 3175 5466 unum
3203 5433 3315 5465 esse
3358 5433 3586 5465 aruuror
3613 5433 3633 5466 .'

2029 5499 2330 5552 innumeros
2355 5505 2469 5545 rero
2492 5506 2600 5542 esse
2620 5505 2677 5542 su
2739 5488 2853 5554 ipso
2883 5494 3092 5556 egentes
3114 5526 3128 5550 ,
3173 5485 3258 5552 qui
3285 5499 3374 5555 per
3399 5484 3633 5554 singulos

2031 5581 2262 5638 quosque
2293 5564 2549 5627 homines,
2584 5558 2887 5630 ltttjttsntodi
2917 5555 3026 5608 vitii
3050 5565 3258 5638 peccata
3297 5557 3630 5637 succendunt.

2034 5628 2295 5696 Similiter
2325 5643 2372 5686 et
2403 5633 2635 5686 avaritiae
2653 5628 2820 5683 unum
2848 5644 2959 5682 esse
2990 5628 3276 5699 prtncipem
3316 5643 3334 5680 :
3355 5628 3431 5680 sic
3469 5636 3514 5679 et
3546 5642 3635 5680 su-

2036 5711 2247 5782 perbire,
2281 5716 2344 5782 et_
2358 5713 2663 5782 ceterorum
2685 5700 2962 5782 malorum.

2109 5780 2134 5818 δ
2178 5769 2286 5834 Nec
2315 5777 2564 5844 diSpIicet
2583 5773 2723 5844 quod
2747 5775 2966 5842 prtcfert
2989 5771 3184 5844 Regin.
3213 5786 3316 5844 ins.
3339 5813 3354 5837 ,
3386 5769 3633 5826 malitite:

2035 5869 2100 5911 ex
2132 5867 2242 5921 quo
2272 5842 2430 5920 paulo
2463 5842 2820 5918 post—dividet,
2857 5860 2954 5914 pro
2982 5843 3188 5908 dividit,
3213 5842 3467 5913 legimus.
