4028 6342
429 265 489 318 13
500 263 556 318 ηἰῑ

1686 260 1742 316 S.
1788 257 2053 315 EUSEBII
2092 258 2474 315 IIIEBONYMI

3592 256 3726 311 1352

494 377 640 433 LXX
675 396 688 431 :
722 376 789 430 Et
827 376 1182 446 superduxisti
1226 377 1279 428 in
1325 375 1456 429 mari
1486 390 1642 444 equos
1672 383 1786 429 tuos
1814 384 2023 428 contur-
2052 374 2104 436 Α
2130 375 2217 429 vel
2268 376 2525 431 habitudo
2572 376 2784 429 turbata
2837 384 2919 430 est
2947 417 2961 438 ,
3019 390 3089 430 ne
3130 378 3326 431 similia
3373 376 3724 432 sustinerem.

425 473 598 527 (tantes
627 488 788 541 aquas
817 471 1032 525 multas.
1077 470 1367 541 Postquam
1396 470 1563 542 662
1597 470 1820 524 miserat
1878 470 2028 525 Deus

428 569 481 621 iit
514 567 692 635 capita
723 564 1037 635 iniquorum
1085 571 1317 619 mortem
1347 603 1364 629 ,
1407 574 1461 617 et
1488 561 1805 619 conciderat
1847 561 2025 631 capita

428 659 731 728 potentium
788 657 842 712 in
887 663 1115 727 stupore
1141 697 1155 721 ,
1192 666 1249 711 et
1287 655 1640 729 confregerat
1679 672 1740 710 ea
1789 655 1841 708 in
1892 656 2028 710 mari

427 750 714 824 (scriptum
746 761 828 805 est
855 750 999 805 enim
1033 750 1087 803 itt
1122 748 1351 804 Psalmis
1382 767 1392 801 :
1424 748 1501 803 Tu
1524 749 1829 820 confregisti
1858 750 2030 821 capita

426 843 672 899 draconis
690 840 865 915 ipset.
886 857 1074 907 LXXIII,
1099 841 1180 915 4])
1201 842 1539 911 principibus
1565 842 1886 907 interiectis,
1914 841 2030 897 sive

425 935 727 992 contractis
751 980 766 1005 ,
796 943 853 991 et
874 934 1023 990 victo
1042 933 1170 989 forti
1197 935 1413 990 venitur
1441 935 1507 988 ad
1538 935 1756 989 domum
1787 934 1908 1001 ejus
1929 975 1943 1000 ,
1979 942 2032 987 et

432 1031 683 1086 universa
730 1030 879 1085 illius
926 1044 1052 1083 vasa
1096 1028 1431 1098 diripiutttur
1474 1027 1666 1097 (Marc.
1704 1027 1847 1099 xui).
1896 1027 2033 1083 Vasa

430 1136 611 1180 autem
658 1134 714 1179 et
759 1124 982 1179 domum
1030 1122 1192 1178 fortis
1220 1132 1275 1178 et
1304 1123 1698 1193 supellectilem
1733 1122 1989 1192 principis
2014 1160 2031 1190 ,

429 1219 568 1290 quid
620 1218 769 1274 aliud
811 1231 1105 1287 possumus
1139 1215 1488 1286 interpretari
1516 1257 1531 1282 ,
1562 1216 1665 1270 nisi
1696 1231 1848 1270 mare
1873 1214 2037 1284 hujus

432 1312 661 1375 saeculi,
714 1314 766 1364 in
816 1325 926 1380 quo
976 1309 1186 1364 habitat
1231 1308 1437 1364 draco?
1488 1307 1873 1378 Superinducit
1905 1322 2036 1378 ergo

433 1405 577 1458 Deus
604 1445 618 1471 ,
673 1405 925 1474 egregius
960 1417 1129 1473 eques
1165 1411 1217 1458 et
1259 1404 1444 1474 auriga
1484 1402 1792 1472 praecipuus
1817 1444 1832 1469 ,
1866 1418 2038 1471 equos

434 1514 565 1553 suos
589 1539 605 1565 ,
639 1499 865 1567 angelos
896 1496 1183 1560 videlicet,
1229 1496 1599 1564 sublimcsque
1630 1498 1856 1551 virtutes
1874 1510 2039 1568 super

438 1605 589 1644 mare
638 1589 797 1658 hujus
846 1589 1031 1644 szeculi
1054 1634 1069 1658 ,
1103 1597 1161 1643 ut
1191 1589 1412 1644 turbent
1456 1604 1625 1659 aquas
1658 1588 1857 1643 multas
1882 1630 1896 1653 ,
1924 1589 2036 1643 dce-

439 1683 623 1737 tuonia
667 1692 721 1737 et
761 1683 1066 1737 contrarias
1094 1690 1414 1752 potestates.
1446 1681 1599 1751 Quod
1630 1683 1675 1737 si
1706 1683 2038 1739 voluerimus

2132 467 2316 522 Potest
2364 482 2582 538 quoque
2632 479 2683 523 et
2727 468 2880 537 quasi
2922 483 3078 522 suunt
3125 467 3328 524 habere
3356 468 3725 539 principium,

2132 567 2393 615 narrante
2424 561 2692 630 propheta
2721 561 2969 615 timorem
2998 575 3159 616 suum
3185 605 3198 627 ,
3225 571 3281 615 et
3311 560 3591 630 quomodo
3619 560 3732 615 for-

2131 653 2351 708 tnidarit
2375 668 2445 708 ne
2466 654 2773 724 peccaverit
2807 652 2916 726 [Αἰ.
2950 655 3227 727 peccaret]
3257 656 3309 710 in
3338 656 3547 725 aliquo,
3579 664 3639 709 et
3665 654 3735 711 ad

2133 760 2320 800 vocem
2386 746 2650 800 orationis
2714 745 2985 801 labiorum
3041 762 3267 801 suorum
3323 747 3736 814 commonitus,

2143 848 2349 894 tantum
2397 840 2641 895 timuerit
2680 840 2885 907 Deum,
2922 849 2981 894 ut
3009 841 3289 912 ingressus
3333 842 3405 896 sit
3446 849 3655 896 tremor
3682 840 3739 897 in

2136 949 2256 988 ossa
2308 933 2425 1004 ejus
2477 952 2489 987 :
2542 942 2599 989 et
2640 934 2744 990 sub
2784 934 3009 991 excelsa
3042 949 3207 991 manu
3234 934 3451 991 Domlni
3479 935 3739 1006 positus,

2136 1027 2283 1081 omni
2324 1027 2517 1081 animae
2571 1042 2684 1082 sua)
2715 1027 3069 1096 fortitudine,
3102 1027 3185 1083 vel
3218 1027 3409 1085 habitu
3439 1025 3549 1100 [AL
3586 1027 3743 1082 babi-

2140 1120 2346 1193 tudine]
2373 1122 2733 1177 ciinturbatus
2762 1124 2851 1177 sit.
2886 1121 3043 1189 Quod
3067 1133 3250 1178 autem
3290 1123 3368 1177 ait
3409 1140 3422 1178 :
3459 1120 3744 1192 Ingressus

2139 1224 2211 1269 est
2241 1224 2429 1269 tremor
2472 1216 2525 1269 in
2567 1232 2683 1270 ossa
2709 1232 2856 1285 mea,
2889 1218 3295 1291 ἐμφατικὼτσρον
3320 1214 3699 1285 accipiendum
3722 1250 3742 1281 ,

2142 1323 2200 1366 ut
2245 1311 2527 1366 videamus
2560 1311 2994 1381 magnitudinem
3032 1311 3249 1366 timoris
3276 1310 3372 1367 Dei
3404 1310 3751 1380 penetrantia

2143 1404 2553 1459 universitatem
2600 1402 2824 1468 animai,
2875 1413 2931 1459 et
2975 1411 3145 1458 totum
3187 1402 3463 1460 hominem
3501 1417 3751 1459 commo-

2141 1500 2319 1554 ventis
2340 1540 2355 1565 ,
2406 1514 2477 1555 ne
2513 1498 2812 1570 quidquam
2843 1497 3052 1555 faceret
3087 1499 3231 1569 quod
3259 1498 3580 1568 displiceret
3609 1498 3749 1553 Deo.

2146 1594 2211 1648 Et
2251 1592 2374 1664 quia
2422 1593 2714 1664 allegorice
2749 1593 2909 1663 juxta
2951 1593 3197 1649 membra
3236 1592 3518 1663 corporis,
3552 1593 3753 1647 anima

2143 1702 2361 1757 quoque
2401 1686 2645 1741 membra
2693 1685 2974 1753 Scriptura
3018 1695 3453 1751 commemorat,
3498 1694 3757 1741 ventrem

439 1779 507 1833 de
549 1779 787 1834 adventu
823 1774 1029 1832 Christi
1058 1777 1408 1848 interpretari
1435 1821 1449 1844 ,
1471 1778 1624 1848 juxta
1656 1778 1783 1833 illud
1816 1780 1959 1848 quod
1989 1780 2040 1835 in
2073 1779 2120 1840 B
2150 1787 2438 1851 paventem
2470 1818 2485 1843 ,
2533 1793 2653 1834 eam
2687 1779 2944 1834 virtutem
2990 1779 3325 1850 accipiamus
3356 1780 3551 1835 animat
3578 1818 3593 1845 ,
3624 1794 3758 1848 quas

441 1870 766 1943 Apocalypsi
800 1869 954 1942 (Cap.
980 1872 1069 1940 fit)
1101 1871 1395 1936 scribitur,
1425 1870 1568 1941 quod
1600 1885 1784 1926 sermo
1826 1870 1925 1925 Dei
1952 1886 2042 1926 se-

439 1968 568 2022 deat
616 1968 667 2021 itt
712 1980 851 2036 equo
890 1965 1013 2020 albo
1040 1973 1095 2020 et
1122 1966 1301 2021 omnis
1332 1967 1605 2020 exercitus
1637 1966 1690 2019 itt
1720 1965 1874 2034 equis
1906 1965 2044 2022 albis

440 2072 698 2130 sequatur
731 2074 854 2115 eum
883 2100 898 2126 ,
932 2058 1237 2114 videbimus
1264 2058 1537 2127 quomodo
1565 2056 1816 2113 Christus
1854 2071 2046 2112 ascen-

440 2154 583 2210 derit
610 2155 662 2209 in
686 2154 954 2224 apostolis
982 2155 1122 2219 suis,
1148 2153 1335 2208 dicens
1356 2155 1437 2209 eis
1470 2169 1482 2206 :
1518 2151 1649 2207 Ecce
1668 2168 1760 2222 ego
1788 2150 2046 2206 vobiscum

441 2269 553 2305 sum
600 2251 837 2305 omnibus
879 2250 1091 2319 diebus,
1129 2267 1287 2320 usque
1321 2251 1389 2304 ad
1427 2250 1922 2303 consumumtionem
1950 2267 2047 2305 sm.

441 2344 548 2398 culi
566 2360 583 2409 ;
614 2352 672 2399 et
708 2362 721 2396 :
752 2341 951 2396 Euutes
975 2384 989 2408 ,
1014 2343 1080 2396 ite
1104 2382 1120 2409 ,
1147 2341 1404 2413 baptizata
1433 2356 1605 2395 omnes
1633 2348 1807 2411 gentes
1832 2378 1848 2405 ,
1879 2351 1927 2395 et
1964 2357 2050 2397 re-

442 2436 584 2505 liqua
620 2434 837 2506 (Matth.
874 2436 1086 2507 xxviii).
1125 2437 1188 2490 Et
1219 2444 1404 2506 postea
1436 2434 1816 2490 conscenderit
1848 2434 1901 2489 in
1941 2448 2049 2490 uno

441 2542 584 2594 equo
636 2526 913 2593 candido,
967 2543 1128 2598 quem
1183 2528 1350 2582 alium
1405 2542 1512 2582 non
1561 2535 1687 2597 puto
1737 2541 1893 2593 esse,
1944 2524 2050 2579 nisi

447 2625 757 2694 apostolum
789 2624 1017 2679 Paulum
1044 2667 1057 2689 ,
1101 2639 1266 2695 super
1307 2641 1468 2696 quem
1512 2624 1761 2696 cquitaus
1784 2672 1797 2695 ,
1831 2640 2049 2680 omnem

446 2716 636 2773 orbem
665 2716 961 2773 circuierit.
991 2718 1252 2773 Ascendit
1273 2731 1454 2775 autent
1486 2733 1668 2774 sermo
1699 2719 1789 2775 Dei
1820 2720 1872 2773 in
1896 2718 2050 2789 equis

446 2811 593 2876 suis,
629 2823 687 2866 ιιι
732 2813 1083 2869 turbarentur
1115 2830 1268 2885 aqum
1300 2815 1519 2883 multat,
1554 2815 1657 2871 boc
1696 2824 1809 2883 est,
1842 2816 1923 2870 vel
1958 2832 2052 2884 po-

446 2907 557 2976 puli
608 2907 797 2972 mttlti,
830 2909 920 2979 qui
958 2919 1085 2964 ante
1133 2909 1185 2963 in
1225 2908 1360 2964 mari
1400 2920 1595 2976 erant,
1629 2917 1685 2964 et
1713 2908 1942 2964 draconi
1975 2916 2054 2965 te-

450 3001 719 3056 nebantur
764 3002 983 3057 obnoxii
1025 3002 1183 3074 (Lata
1211 3004 1349 3056 enim
1387 3013 1435 3058 et
1465 3004 1693 3074 spatiosa
1718 3005 1798 3056 ria
1826 3015 1897 3058 est
1936 3020 2054 3076 qua:

446 3096 592 3148 ducit
636 3094 705 3148 ad
753 3105 966 3150 mortem
1012 3094 1230 3168 (Matth.
1277 3113 1385 3164 vtt,
1425 3098 1546 3168 15),
1580 3108 1636 3152 et
1667 3098 2049 3165 turbarentur.

2148 1874 2462 1944 Spirituales
2508 1875 2663 1931 cibos
2711 1876 2982 1945 recipiat.
3033 1888 3087 1932 et
3128 1877 3265 1931 labia
3293 1920 3306 1945 ,
3339 1878 3535 1946 quibus
3563 1891 3760 1932 secum

2151 1982 2308 2023 mens
2337 1968 2578 2036 loquitur
2598 2010 2611 2037 ,
2644 1978 2700 2023 et
2726 1982 2847 2023 ossa
2898 1969 3118 2024 robusta
3147 1978 3208 2025 et
3235 1969 3409 2024 solida
3454 1968 3711 2039 dogmata
3740 2008 3759 2035 ,

2149 2059 2349 2130 quibus
2393 2070 2502 2115 tota
2551 2060 2752 2115 animat
2796 2076 3066 2130 compago
3110 2061 3393 2116 solidatur.
3443 2061 3565 2115 llatc
3595 2075 3623 2112 a
3666 2074 3766 2116 me

2149 2154 2395 2210 breviter
2435 2154 2579 2209 dicta
2623 2164 2771 2209 sunt.
2820 2155 2875 2210 Si
2917 2155 3039 2225 quis
3066 2168 3247 2209 autem
3277 2155 3366 2209 liis
3393 2155 3671 2224 sagaciora
3699 2161 3767 2208 et

2153 2250 2363 2304 veriora
2407 2248 2694 2317 repererit,
2728 2248 2871 2303 illius
2919 2249 3091 2320 magis
3117 2246 3484 2319 explanationi
3514 2248 3767 2318 prabete

2151 2356 2501 2398 consensum.

2224 2435 2365 2492 LXX
2407 2455 2419 2490 :
2469 2437 2807 2505 chuiescam
2847 2438 2900 2491 in
2942 2437 3025 2491 die
3054 2436 3406 2492 tribulationis
3438 2444 3465 2474 ι
3504 2452 3673 2492 mea:
3703 2446 3767 2491 ut

2152 2534 2430 2588 ascendam
2459 2532 2527 2584 ad
2559 2532 2808 2604 populum
2835 2532 3267 2604 peregrinationis
3295 2547 3442 2586 metu.
3476 2531 3613 2598 Quia
3641 2544 3768 2586 om-

2154 2628 2210 2682 ni
2253 2626 2499 2683 custodia
2550 2628 2763 2683 servavi
2817 2640 2913 2683 cor
2946 2642 3123 2682 meum
3151 2669 3165 2690 ,
3199 2635 3254 2681 et
3281 2627 3533 2683 extimuit
3566 2635 3768 2682 venter

2156 2736 2306 2776 tuens
2356 2737 2386 2775 a
2442 2735 2573 2776 voce
2626 2720 2893 2776 orationis
2942 2720 3211 2776 labioruut
3253 2734 3533 2786 meorum,
3570 2730 3627 2775 et
3675 2720 3765 2774 itt-

2154 2830 2381 2886 gressus
2411 2824 2496 2871 est
2526 2826 2727 2869 tremor
2767 2813 2824 2869 in
2856 2829 2982 2868 ossa
3017 2828 3135 2868 mea
3164 2854 3180 2880 ,
3207 2825 3261 2868 et
3289 2814 3478 2869 subter
3502 2828 3588 2869 me
3614 2827 3762 2868 con-

2156 2910 2369 2966 turbata
2412 2920 2496 2964 est
2538 2909 2797 2964 fortitudo
2828 2912 2914 2963 vel
2948 2906 3209 2963 habitudo
3246 2924 3362 2962 mea
3385 2948 3400 2971 ,
3449 2918 3505 2963 ct
3534 2916 3766 2977 propter

2158 3011 2357 3059 tantam
2385 3001 2693 3059 custodiam
2733 3017 2762 3055 a
2811 3003 3049 3071 peccatis
3078 3002 3293 3056 alienus
3316 2999 3547 3055 effectus
3572 3016 3691 3053 suta
3740 3016 3761 3055 :

2157 3097 2364 3152 idcirco
2409 3110 2552 3150 nunc
2598 3094 2938 3150 conﬁdenter
2978 3094 3104 3150 dico
3150 3111 3160 3147 :
3192 3093 3548 3163 Requiescam
3579 3092 3633 3147 in
3664 3091 3765 3150 die

450 3188 683 3256 primum
715 3205 957 3246 errorem
989 3192 1277 3261 pristinum
1300 3191 1619 3247 deserentes
1651 3209 1663 3244 :
1698 3190 1897 3248 deinde
1925 3207 2053 3247 con-
2079 3175 2124 3239 (ἶ
2161 3192 2525 3247 tribulationis
2552 3233 2565 3257 ,
2616 3199 2677 3245 ut
2722 3189 3010 3245 ascendam
3039 3189 3105 3243 ad
3136 3188 3397 3259 pepulttm
3445 3188 3765 3257 pcregrina-

452 3281 653 3336 tttrbati
706 3283 1014 3338 venientem
1065 3285 1305 3355 equitem
1349 3285 1735 3355 susciperent).
1772 3284 1869 3340 Vel
1903 3296 2053 3341 certe

451 3374 519 3429 de
565 3376 761 3446 quibus
814 3392 977 3445 supra
1016 3376 1290 3443 diximus,
1334 3377 1641 3432 dwtnouum
1677 3389 1909 3433 catervae
1958 3393 2052 3432 ne-

451 3482 718 3538 quaquam
768 3469 836 3523 ita
888 3469 1304 3524 dontinarentur
1346 3470 1400 3524 itt
1451 3472 1623 3533 mari;
1678 3471 1773 3526 sed
1819 3470 2050 3525 turbata:

450 3562 746 3631 cederent,
781 3575 833 3618 et
861 3563 1062 3636 equitis
1096 3563 1391 3633 przeliantis
1417 3564 1638 3619 vulnera
1670 3564 2047 3621 formidarent.

449 3658 624 3723 Atque
657 3654 857 3710 utinam
884 3666 938 3711 et
968 3656 1020 3712 itt
1054 3672 1141 3711 me
1171 3658 1435 3712 ascendat
1465 3659 1686 3713 verbum
1716 3657 1807 3713 Dei
1833 3700 1846 3724 ,
1880 3670 1928 3711 et
1955 3672 2053 3727 per

451 3744 695 3800 lanceam
729 3747 839 3802 oris
867 3749 971 3804 mei
1006 3740 1298 3804 interficiat
1321 3766 1441 3804 eum
1472 3751 1561 3821 qui
1595 3764 1782 3821 regnat
1817 3752 1867 3806 in
1896 3752 2049 3820 aquis

454 3840 642 3893 multis
664 3880 679 3906 ,
722 3851 777 3894 ut
815 3836 880 3895 ad
923 3840 1067 3911 regis
1099 3840 1377 3897 interitum
1406 3883 1423 3910 ,
1451 3858 1603 3913 aqua:
1628 3860 1749 3913 qua:
1780 3844 1887 3899 illis
1914 3845 2047 3899 sub-

447 3934 607 3999 jecta:
664 3930 878 3988 fuerant
928 3930 1301 4000 conturbatm,
1362 3935 1639 4004 praebeant
1690 3936 1828 3990 (0“3
1879 3937 2048 4006 equiti

454 4041 613 4090 meo,
665 4032 719 4081 et
782 4025 987 4083 redacti
1041 4029 1094 4082 in
1143 4042 1299 4082 unam
1347 4026 1702 4098 quadrigam,
1745 4028 2049 4085 efficiamur

454 4116 663 4171 Domini
696 4115 973 4172 Cherubim
995 4160 1010 4186 ,
1049 4116 1195 4189 quod
1238 4119 1625 4189 interpretatur
1654 4121 1881 4175 scicntia?
1912 4122 2049 4176 ntul-

452 4208 640 4265 titudo.
676 4206 979 4283 Numquam
1023 4214 1165 4267 enint
1199 4212 1381 4284 auriga
1404 4255 1421 4280 ,
1468 4214 1547 4269 sic
1584 4215 1920 4285 compositus
1946 4262 1959 4286 ,
1992 4229 2048 4274 et

448 4304 528 4356 sic
579 4300 748 4357 fertur
796 4311 1056 4369 ornatus,
1105 4314 1164 4358 ut
1196 4304 1246 4357 in
1280 4304 1361 4358 bis
1391 4304 1484 4374 qui
1528 4303 1768 4359 scientia:
1800 4305 2047 4362 multitu-

452 4393 578 4449 dine
609 4402 664 4449 et
696 4395 919 4451 habenis
951 4396 1093 4451 inter
1122 4411 1180 4451 se
1209 4394 1488 4465 sapientia:
1526 4394 1873 4468 copulantur.

525 4484 667 4541 LXX
713 4506 724 4542 :
759 4480 1024 4542 Custodivi
1052 4532 1066 4555 ,
1101 4498 1146 4543 et
1194 4489 1429 4543 extimuit
1473 4500 1646 4543 venter
1683 4506 1825 4546 meus
1862 4508 1892 4545 a
1928 4509 2047 4548 voce

2157 3283 2319 3339 tionis
2369 3298 2501 3337 mea:
2527 3326 2541 3345 .
2594 3282 2644 3336 id
2689 3292 2774 3337 est
2796 3321 2813 3347 ,
2858 3281 2949 3352 qui
2979 3294 3135 3350 atque
3160 3289 3221 3333 ut
3250 3294 3353 3350 ego
3379 3280 3431 3334 in
3463 3277 3631 3351 665
3656 3280 3762 3337 hoc

2156 3376 2359 3431 ntttndo
2387 3376 2764 3446 peregrinatus
2794 3384 2898 3429 est.
2937 3373 3244 3429 Ascendant
3281 3380 3464 3426 autem
3495 3373 3760 3428 deorsum

2157 3469 2391 3539 positus,
2437 3476 2491 3523 et
2520 3469 2670 3538 quasi
2717 3466 2785 3522 de
2815 3466 2955 3521 vallo
2982 3465 3048 3520 ad
3081 3464 3401 3519 sublimiora
3432 3464 3612 3518 nitens
3644 3474 3761 3519 tota

2153 3559 2411 3614 aviditate
2440 3558 2770 3613 contendam
2798 3601 2814 3625 ,
2848 3568 2906 3613 ut
2934 3568 3178 3627 tempore
3207 3572 3316 3627 quo
3349 3556 3536 3612 eteteri
3573 3558 3627 3610 in
3663 3555 3761 3611 tri-

2155 3651 2431 3705 bulatione
2454 3658 2579 3705 sunt
2606 3658 2661 3705 et
2688 3649 2966 3720 angustia,
2993 3648 3124 3702 tttibi
3151 3663 3277 3702 cura
3303 3647 3375 3703 sit
3399 3647 3469 3703 de
3496 3662 3755 3714 ascensu,

2154 3744 2427 3815 quomodo
2458 3760 2579 3798 cum
2612 3742 2811 3814 populo
2843 3741 3298 3812 peregrinationis
3340 3757 3474 3795 mea:
3512 3742 3759 3812 requies-

2152 3854 2269 3894 cam
2324 3841 2373 3893 in
2417 3838 2697 3893 altioribus
2749 3837 2904 3892 locis.
2959 3837 3109 3891 Diem
3158 3845 3340 3891 autem
3389 3835 3759 3892 tribulationis

2155 3942 2295 4004 puto
2329 3932 2856 3987 consummationem
2884 3944 3006 3986 esse
3028 3929 3248 3994 mundi,
3276 3930 3345 3985 de
3365 3944 3474 4000 quo
3501 3938 3557 3984 et
3593 3928 3757 3983 Isaias

2149 4028 2227 4083 ait
2260 4046 2270 4081 ε
2326 4027 2444 4081 Dies
2484 4026 2700 4080 Domini
2742 4025 3077 4090 insanabilis,
3107 4024 3302 4096 furoris
3327 4035 3377 4079 et
3412 4025 3536 4091 iraa,
3567 4039 3754 4095 ponere

2151 4121 2321 4175 orbem
2355 4129 2505 4175 terra:
2533 4120 2819 4172 universum
2842 4120 2897 4172 in
2926 4117 3212 4183 desertum,
3246 4126 3292 4170 et
3316 4125 3612 4189 peccatores
3639 4132 3755 4186 ρίτ-

2148 4214 2270 4267 dere
2297 4211 2347 4285 (1
2355 4214 2451 4267 sai.
2492 4211 2630 4284 XIV).

2223 4306 2405 4378 (Vers.
2446 4304 2553 4376 t7.)
2596 4303 2755 4359 Ficus
2814 4306 2949 4358 enim
2998 4319 3103 4357 non
3146 4302 3349 4374 ﬂorebit
3376 4342 3392 4367 ,
3433 4312 3481 4358 et
3522 4318 3627 4357 non
3658 4301 3753 4355 erit

2150 4417 2355 4471 germen
2392 4396 2447 4454 in
2486 4401 2645 4454 vineis
2694 4416 2711 4453 :
2756 4400 3029 4454 mentietur
3058 4414 3189 4464 opus
3217 4398 3399 4466 alicae,
3423 4405 3471 4450 et
3498 4413 3623 4451 arva
3652 4411 3755 4451 non

2151 4493 2367 4579 o/I'erent
2395 4494 2562 4547 cibum
2594 4510 2612 4547 :
2638 4493 2967 4547 abscindatur
2996 4492 3059 4547 de
3085 4492 3205 4546 ovili
3228 4508 3416 4560 pecus,
3446 4502 3496 4545 et
3525 4506 3628 4544 non
3658 4490 3755 4544 erit

450 4580 699 4632 orationis
730 4574 986 4633 labiorunt
1017 4597 1244 4634 meorum
1279 4597 1298 4635 :
1325 4592 1370 4635 et
1398 4583 1658 4653 ingressus
1683 4594 1756 4637 cst
1779 4593 1968 4639 tremor
1991 4587 2047 4640 in
2076 4567 2124 4628 D
2150 4567 2437 4643 armentum
2485 4588 2535 4641 in
2576 4588 2908 4659 prwsepibus.
2957 4585 3100 4642 LXX
3140 4602 3155 4639 :
3200 4584 3338 4651 Quia
3375 4585 3509 4655 ﬁcus
3542 4600 3647 4638 non
3673 4585 3755 4655 af-

448 4689 564 4725 ossa
594 4688 707 4725 mea
728 4718 743 4742 ,
778 4683 823 4726 et
1045 4675 1217 4727 subter
1254 4691 1331 4728 me
1362 4668 1665 4729 conturbata
1691 4689 1761 4731 est
1793 4676 2047 4748 fortitudo

449 4781 583 4818 mea.
635 4766 764 4821 Sive
816 4780 871 4821 ttt
900 4760 1030 4821 alibi
1085 4771 1345 4838 scriptum
1389 4770 1691 4837 reperimus
1732 4773 1760 4829 ἡ
1788 4771 1887 4837 ἕξις
1913 4793 2044 4845 μου,

450 4857 592 4927 quod
634 4875 731 4913 nos
774 4875 1063 4929 poswmus
1094 4860 1278 4917 dicere
1308 4910 1319 4925 ,
1353 4862 1602 4917 habitudo
1636 4880 1751 4916 mea
1784 4881 1803 4918 :
1834 4864 2046 4920 diversa

446 4954 646 5021 quippe
688 4952 1022 5023 exemplaria
1052 4956 1416 5025 reperiuntur.
1453 4955 1691 5011 Possunt
1723 4967 1900 5012 autem
1933 4960 2047 5014 luec

442 5052 499 5098 et
535 5060 598 5099 ex
632 5060 861 5115 persona
885 5042 1162 5116 propheta:
1205 5048 1311 5103 dici
1340 5050 1716 5119 superioribus
1759 5051 2042 5106 coita-reu-

449 5141 518 5192 tia
556 5160 567 5191 ;
604 5140 738 5207 Quia
781 5140 1006 5206 misisti,
1052 5161 1081 5193 o
1116 5141 1343 5198 Domine
1368 5184 1384 5210 ,
1419 5144 1470 5196 itt
1518 5145 1691 5214 capita
1731 5138 2039 5216 iniquorum

445 5246 676 5288 mortem
707 5280 720 5303 ,
768 5242 824 5290 et
862 5236 1135 5290 suscitasti
1169 5237 1385 5293 vincula
1417 5253 1589 5309 usque
1621 5240 1686 5294 ad
1719 5241 1914 5296 collum
1939 5287 1952 5309 ,
1988 5250 2044 5299 et

441 5327 679 5382 divisisti
710 5329 761 5382 itt
789 5339 1012 5398 stupore
1038 5332 1211 5399 capita
1245 5332 1587 5400 potentium,
1620 5341 1673 5387 cl
1698 5333 1953 5388 induxisti
1986 5337 2039 5391 in

443 5432 597 5473 mare
633 5432 803 5489 equos
836 5429 959 5475 tuos
1000 5422 1393 5477 centurbantes
1433 5434 1598 5493 aquas
1641 5424 1838 5479 multas
1873 5442 2040 5495 :pro-

444 5526 624 5585 pit-rea
658 5530 757 5587 ego
786 5518 929 5571 muni
954 5516 1199 5573 custodia
1232 5518 1446 5575 servavi
1476 5535 1795 5586 cormeum,
1831 5530 1886 5577 et
1907 5539 2036 5578 eon-

436 5620 782 5665 tremuerunt
814 5613 1023 5666 viscera
1057 5628 1176 5668 mea
1196 5650 1213 5677 ν
1245 5623 1299 5668 et
1321 5621 1428 5669 tota
1460 5629 1601 5679 mea,
1627 5614 1711 5669 vel
1740 5616 2031 5686 fortitudo,

2151 4685 2277 4751 [cret
2319 4685 2566 4753 fructum,
2597 4689 2645 4735 et
2673 4697 2774 4735 non
2806 4692 2955 4734 erunt
2981 4681 3212 4753 germina
3242 4678 3354 4750 [ΑΙ.
3386 4674 3675 4749 genimina]
3700 4676 3754 4731 in

2152 4775 2309 4828 vineis
2355 4790 2371 4827 :
2430 4773 2705 4827 mentietur
2749 4789 2877 4844 opus
2916 4773 3098 4835 olivaz,
3130 4781 3176 4825 et
3203 4771 3372 4844 campi
3410 4786 3512 4824 non
3556 4772 3755 4840 facient

2150 4886 2291 4924 escas
2320 4885 2339 4923 :
2371 4869 2702 4938 defecerunt,
2736 4883 2795 4921 eo
2819 4867 2959 4938 quod
2988 4865 3309 4921 comederent
3350 4880 3464 4919 oves
3492 4908 3506 4932 ,
3558 4872 3608 4918 et
3648 4879 3754 4918 non

2148 4972 2271 5017 sunt
2312 4962 2456 5016 boves
2495 4963 2549 5015 in
2590 4961 2924 5033 praesepibus.
2973 4960 3132 5016 Juxta
3177 4959 3502 5016 Hebraicum
3548 4959 3604 5013 in
3640 4972 3753 5028 quo

2153 5071 2315 5124 supra
2347 5055 2579 5109 diximus
2605 5073 2616 5107 :
2640 5053 2978 5127 Ingrediatur
3004 5054 3222 5126 putredo
3249 5054 3305 5106 in
3325 5052 3524 5107 ossibus
3554 5052 3679 5105 meis
3702 5061 3752 5106 et

2151 5151 2322 5203 subter
2351 5164 2430 5203 me
2457 5158 2648 5204 scateat
2673 5190 2687 5213 ,
2726 5156 2778 5201 ut
2804 5149 3119 5219 requiescam
3145 5149 3198 5201 in
3228 5148 3311 5201 die
3340 5146 3690 5202 tribulationis
3731 5163 3748 5199 :

2152 5252 2205 5297 ut
2259 5243 2529 5297 ascendam
2591 5245 2658 5296 ad
2707 5241 2962 5313 populum
3012 5243 3301 5296 accinctum
3341 5251 3578 5295 nostrum
3630 5240 3746 5313 [AL

2152 5334 2390 5407 meum]:
2446 5337 2515 5389 ita
2564 5351 2683 5405 quae
2734 5342 3161 5404 praecesserunt,
3209 5334 3606 5402 copulabuntur
3655 5350 3750 5388 se-

2151 5429 2440 5500 quentibus
2474 5446 2484 5482 :
2515 5428 2641 5483 Ideo
2669 5426 3077 5483 tribulationem
3106 5427 3171 5483 ait
3197 5440 3439 5498 przesens
3460 5428 3604 5481 volui
3630 5444 3751 5481 sus-

2149 5521 2365 5587 tinere,
2416 5530 2469 5576 et
2518 5530 2702 5591 postea
2749 5522 2814 5575 ad
2861 5521 3117 5592 populum
3165 5518 3365 5576 fortem
3401 5514 3750 5589 ascendere,

2145 5618 2269 5688 quia
2297 5617 2480 5673 veniet
2505 5615 2623 5671 dies
2655 5616 3020 5671 tribulationis
3048 5625 3105 5670 et
3141 5614 3489 5670 necessitatis
3513 5650 3527 5679 ς
3557 5623 3613 5668 et
3641 5629 3755 5668 cae-

520 5727 843 5805 ftvoculam
899 5744 1063 5789 metu.
1105 5736 1223 5797 qua:
1267 5745 1443 5801 neque
1484 5730 1536 5785 in
1580 5728 1771 5786 Grieco
1811 5742 2063 5805 resonat,
2108 5754 2211 5795 ms.
2273 5730 2495 5804 Reginae
2534 5733 2781 5805 ignorat,
2822 5735 3062 5804 itemque
3094 5732 3257 5805 paulo
3288 5736 3411 5805 post
3442 5726 3640 5801 verba,
3668 5732 3753 5791 vel

445 5788 713 5851 habitudo.
