4050 6342
347 224 486 282 1555

1149 221 1802 282 COMMENTARIORUM
1839 222 1907 282 IN
1948 221 2219 281 ABACUC
2259 224 2388 284 LIB.
2432 225 2498 284 ll.
2537 225 2694 282 CAP.
2739 224 2826 284 Ill.

3518 230 3655 286 1554

343 337 475 394 teris
519 338 570 392 in
613 334 864 406 angustia
903 336 1215 392 constitutis
1240 378 1255 404 ,
1305 351 1407 408 ego
1444 338 1495 394 in
1535 345 1622 391 tua
1661 335 1949 408 majestate
1981 338 2026 400 Α
2057 337 2163 394 Eos
2184 347 2368 396 autem
2396 340 2488 414 qui
2513 357 2617 400 non
2642 342 2890 402 fecerunt
2947 343 3175 414 fructus,
3229 354 3282 404 et
3335 360 3653 424 permanse-

343 428 567 486 lmtabor
599 447 613 486 :
648 426 810 484 Ficus
841 428 1104 484 enimnon
1127 429 1367 500 ﬂorebit,
1401 439 1448 484 et
1489 446 1590 483 non
1616 429 1710 482 erit
1737 445 1944 501 germen

339 524 392 578 in
417 522 579 577 vineis
620 539 637 578 :
671 523 949 576 mentietur
993 539 1122 595 opus
1144 523 1292 577 oliva:
1320 564 1334 589 ,
1369 533 1415 578 et
1445 538 1567 576 arva
1591 538 1693 576 non
1725 519 1944 590 afferent

339 616 546 684 cibum,
578 623 633 672 et
661 626 878 672 caetera.
911 615 1042 684 Quae
1073 617 1197 686 quia
1247 631 1353 671 non
1395 615 1626 672 multum
1666 614 1868 670 distant
1914 629 1942 668 a

337 711 504 778 LXX,
551 727 673 766 cum
727 710 1184 782 interpretatione
1221 725 1411 768 eorum
1457 711 1662 782 pariter
1709 709 1944 766 dissera-

338 821 478 861 mus.
529 805 664 860 Cum
691 803 904 860 venerit
930 804 1048 860 dies
1085 801 1450 860 tribulationis
1472 845 1487 870 ,
1517 811 1573 859 et
1616 820 1716 876 ego
1746 818 1942 858 ascen-

334 901 466 954 dero
491 899 557 953 ad
585 899 844 969 populum
867 898 958 972 qui
1001 914 1211 954 mecum
1241 897 1536 968 aliquando
1565 897 1943 968 peregrinatus

332 1004 415 1052 est
440 1010 453 1048 :
479 994 559 1048 vel
595 1005 743 1048 certe
773 1008 892 1047 cum
925 992 1137 1048 venerit
1179 992 1295 1046 dies
1327 991 1632 1058 eversionis
1661 988 1898 1046 Iudaica:
1921 1029 1938 1058 ,

331 1098 384 1143 et
436 1087 619 1158 populi
677 1085 916 1156 prioris,
969 1098 1022 1140 et
1071 1084 1336 1144 derelicta
1389 1083 1555 1144 fuerit
1595 1082 1701 1138 lilia
1765 1082 1935 1150 Sion,

330 1182 477 1236 sicut
531 1179 944 1238 tabernaculum
1005 1180 1058 1234 in
1112 1180 1308 1246 vinea,
1356 1189 1412 1236 et
1452 1178 1595 1234 sicut
1622 1176 1845 1245 casula,
1883 1177 1937 1232 in

291 1263 293 1265 ’
327 1273 742 1340 cucumerario,
789 1281 844 1327 et
891 1272 1029 1328 sicut
1071 1272 1294 1339 civitas,
1328 1287 1450 1342 quae
1478 1280 1502 1307 ἰ
1549 1277 1936 1341 expugnatur,

326 1384 428 1439 ego
455 1369 546 1440 qui
575 1368 642 1423 de
672 1377 932 1440 pereunte
947 1367 1154 1422 electus
1183 1382 1302 1422 sum
1333 1365 1533 1442 populo
1561 1365 1654 1434 (de
1684 1380 1793 1436 quo
1823 1364 1939 1420 dic-

327 1473 438 1516 tmn
468 1471 553 1517 est
582 1457 717 1531 (Isai
741 1503 754 1526 ,
798 1477 844 1529 l,
889 1461 944 1532 9)
975 1479 988 1514 :
1022 1459 1146 1515 Nisi
1185 1459 1435 1514 Dominus
1462 1459 1758 1532 reliquisset
1790 1458 1936 1516 nobis

321 1571 514 1620 semen,
545 1553 694 1624 quasi
745 1553 979 1610 Sodoma
1025 1554 1327 1624 fuissemus,
1356 1563 1401 1606 et
1437 1553 1582 1624 quasi
1614 1550 1931 1622 Gomorrha,

316 1646 511 1703 similes
558 1646 831 1717 essem-us),
863 1646 1130 1718 copulabo
1180 1661 1265 1700 me
1319 1646 1608 1717 discipulis
1669 1644 1875 1700 Christi
1917 1662 1931 1698 :

2051 442 2178 490 runt
2206 435 2259 490 in
2281 433 2480 494 duritia
2511 451 2628 503 sua,
2656 451 2777 494 esse
2798 438 3112 500 subversos.
3147 437 3259 500 Hoc
3281 439 3457 514 ipsum
3490 439 3654 512 signi-

2051 523 2176 582 ficat
2206 535 2259 580 et
2289 525 2517 582 Joannis
2547 544 2652 582 vox
2684 529 2736 583 in
2762 529 3100 604 Evangelia:
3161 529 3296 588 Ecce
3343 533 3537 592 securis
3583 532 3653 588 ad

2050 619 2252 673 radices
2278 620 2523 676 arborum
2545 621 2655 694 [AL
2682 621 2909 695 arboris]
2938 624 3108 694 posita
3135 634 3229 682 est.
3286 623 3470 682 Omnis
3495 624 3651 682 arbor

2047 727 2165 782 qua:
2195 727 2295 765 non
2327 712 2505 784 fecerit
2533 717 2760 784 fructum
2786 714 2903 788 (Al.
2933 717 3061 782 facit
3085 716 3315 786 fructum
3338 715 3652 791 bonum]ea:-

2048 805 2250 859 cidetur
2275 816 2325 860 et
2356 807 2411 860 in
2440 807 2612 882 ignem
2643 809 2873 864 mittetur
2904 809 3085 883 (Matt.
3115 827 3198 879 ut,
3229 811 3328 878 10;
3376 811 3504 872 Luc.
3553 828 3645 884 III,

2046 899 2122 970 9).
2159 899 2404 954 Diximus
2434 901 2501 956 de
2531 902 2656 968 ticu,
2708 912 3092 970 monstrantes,
3145 906 3313 980 666
3368 920 3490 966 eam
3522 920 3648 964 esse

2046 993 2304 1062 populum
2343 991 2697 1052 Judmorum:
2743 995 2989 1052 dicamus
3044 1007 3100 1053 et
3149 998 3218 1056 de
3265 1000 3450 1068 vinea,
3497 1000 3646 1072 quod

2043 1084 2259 1156 quidem
2290 1086 2448 1142 facile
2481 1088 2747 1160 intelliget
2796 1089 2886 1159 qui
2939 1088 3136 1146 lsaiam
3189 1091 3423 1163 legerit:
3479 1092 3646 1150 Vinea

2041 1179 2182 1252 facta
2209 1188 2282 1232 est
2309 1179 2497 1234 dilecto
2527 1180 2580 1234 in
2608 1197 2791 1248 cornu,
2825 1183 2877 1236 in
2905 1182 3017 1238 loco
3063 1184 3207 1238 uberi
3257 1183 3410 1258 (Isai.
3458 1201 3512 1252 v,
3562 1187 3639 1248 l).

2041 1270 2110 1326 Et
2144 1279 2329 1342 postea
2355 1289 2368 1328 :
2392 1269 2461 1326 Et
2485 1274 2771 1345 exspectavi
2797 1282 2853 1328 ut
2882 1275 3071 1346 faceret
3098 1277 3371 1347 fructum:
3402 1279 3520 1350 fecit
3549 1296 3644 1333 au-

2041 1375 2138 1418 tem
2166 1365 2368 1438 spinas,
2397 1375 2447 1420 et
2476 1382 2578 1420 non
2592 1367 2883 1440 judicium,
2911 1369 3001 1422 sed
3029 1369 3330 1426 clamorem.
3360 1369 3430 1424 Et
3460 1370 3513 1425 in
3553 1373 3645 1428 .lc-

2039 1460 2209 1514 remia
2238 1478 2250 1513 :
2289 1459 2398 1531 Ego
2428 1471 2602 1515 autem
2630 1461 2862 1531 plantavi
2889 1470 2936 1516 te
2964 1463 3162 1517 vineam
3191 1463 3516 1536 fructiferam
3567 1474 3643 1518 to-

2038 1561 2144 1608 tam
2171 1569 2340 1608 veram
2373 1569 2391 1610 :
2421 1553 2676 1626 quomodo
2708 1570 2855 1609 versa
2896 1572 2950 1608 es
2979 1556 3033 1609 in
3075 1556 3480 1611 amaritudinem
3520 1557 3639 1612 vitis

2035 1647 2221 1700 alienae
2253 1644 2386 1718 (Jer.
2422 1661 2480 1716 ιι,
2509 1645 2644 1718 21)?
2671 1646 2737 1702 Et
2769 1646 3114 1704 manifestius
3148 1649 3201 1703 in
3235 1648 3509 1704 Psalmis:
3555 1647 3643 1704 Vi-

316 1754 452 1810 quos
497 1739 622 1812 quia
673 1740 728 1794 in
775 1747 960 1794 monte
989 1739 1182 1806 docet,
1230 1739 1402 1794 turbis
1427 1749 1480 1793 et
1529 1737 1801 1794 debilibus
1827 1739 1926 1792 de:
1959 1733 2006 1793 B
2035 1754 2183 1791 neam
2211 1739 2274 1790 de
2303 1736 2537 1809 zEgypto
2570 1738 2906 1807 transtulisti,
2937 1739 3131 1810 eiecisti
3158 1749 3358 1814 gentes,
3404 1750 3454 1795 et
3489 1740 3642 1814 plan-

313 1847 500 1887 orsum
530 1832 734 1887 relictis
760 1873 773 1896 ,
798 1847 898 1902 ego
938 1832 1001 1885 ad
1039 1842 1297 1888 montana
1337 1831 1725 1888 conscendam.
1770 1829 1930 1888 Ficus

315 1926 464 1982 enim
543 1941 648 1981 non
725 1925 876 1982 dedit
947 1925 1224 1992 fructum,
1285 1925 1354 1981 ad
1431 1941 1591 1998 quam
1658 1924 1810 1982 venit
1871 1925 1926 1979 in

318 2020 616 2092 Evangelio
673 2021 922 2076 esuriens
978 2019 1282 2086 Dominus,
1341 2031 1393 2075 et
1453 2034 1560 2076 non
1612 2019 1820 2076 invenit
1875 2018 1926 2074 in

313 2113 477 2188 665
531 2128 595 2170 ea
627 2128 820 2184 poma,
855 2123 909 2167 et
939 2112 1221 2168 maledixit
1271 2111 1320 2168 ei
1343 2155 1357 2184 ,
1403 2111 1590 2168 dicens
1621 2130 1632 2164 ε
1693 2111 1814 2166 Non
1843 2111 1927 2184 af-

314 2209 446 2279 feres
497 2208 725 2278 fructum
774 2224 936 2279 usque
983 2207 1035 2260 in
1063 2206 1310 2261 saxulum
1343 2204 1504 2280 (Mat.
1540 2221 1653 2274 χχι,
1688 2205 1800 2274 l9).
1859 2203 1925 2260 Et

315 2301 607 2371 diligenter
639 2299 926 2356 considera
959 2299 1090 2370 quid
1123 2298 1324 2354 dixerit
1351 2314 1364 2352 :
1406 2297 1528 2352 Non
1559 2296 1748 2364 a/feres
1781 2300 1924 2368 fruc-

316 2405 423 2449 tum
445 2395 498 2449 in
527 2392 805 2460 saeculum,
861 2409 968 2448 non
1002 2392 1104 2454 ait.
1142 2408 1314 2468 usque
1346 2392 1397 2446 in
1451 2392 1649 2446 sarcula
1697 2390 1923 2445 sarculo-

316 2503 432 2542 rum
460 2505 473 2542 :
504 2483 600 2542 sed
630 2501 753 2542 cum
787 2485 1048 2541 saeculum
1078 2483 1221 2539 istud
1274 2483 1680 2554 pertratisierit,
1737 2491 1794 2538 et
1840 2483 1921 2538 in-

317 2575 539 2634 traverit
564 2575 850 2652 plenitudo
876 2576 1142 2648 gentium,
1180 2586 1306 2632 tunc
1334 2576 1498 2632 etiam
1523 2573 1640 2629 huic
1678 2574 1808 2629 ficus
1841 2573 1920 2628 af-

317 2673 455 2730 feret
480 2673 688 2730 fructus
715 2687 865 2742 suos,
896 2684 949 2729 et
975 2672 1156 2727 omnis
1208 2669 1378 2726 lsrael
1431 2668 1749 2724 salvahitur.
1789 2668 1917 2724 llmc

315 2780 398 2826 est
431 2769 564 2826 ficus
591 2768 656 2824 ad
690 2783 848 2840 quam
879 2767 1042 2824 tertio
1074 2767 1222 2824 venit
1245 2764 1656 2838 paterfamilias,
1683 2775 1736 2820 et
1761 2763 1914 2838 quasi

317 2877 422 2916 non
449 2861 732 2917 facientem
757 2861 962 2917 fructus
990 2859 1103 2915 vult
1131 2859 1454 2914 subvertere
1485 2876 1498 2912 :
1529 2873 1627 2928 pro
1645 2874 1746 2926 qua
1772 2854 1914 2930 agrié

316 2957 454 3023 eula,
484 2957 573 3012 cui
620 2959 911 3014 commissa
965 2955 1162 3022 fuerat,
1219 2953 1568 3024 deprecatur,
1619 2963 1674 3008 ut
1718 2951 1809 3008 det
1860 2941 1912 3007 ei

315 3049 584 3122 spatium,
608 3057 662 3104 et
689 3049 820 3104 dicit
848 3067 861 3104 :
891 3048 1143 3116 Domine,
1174 3048 1374 3102 dimitte
1401 3064 1512 3100 eam
1537 3055 1583 3101 et
1628 3047 1784 3100 istum
1813 3045 1909 3098 σάς

2036 1832 2157 1885 tasti
2179 1849 2291 1885 eam
2320 1830 2443 1905 (Ps.
2478 1848 2668 1902 Lutx,
2702 1833 2781 1904 9).
2814 1832 2944 1890 Haec
2975 1835 3138 1906 igitur
3179 1837 3335 1892 vinea
3365 1835 3434 1891 ad
3478 1851 3639 1912 quam

2036 1924 2424 1996 paterfamilias
2455 1941 2601 1998 smpe
2628 1928 2853 1988 miserat
2880 1943 3073 1984 servos
3103 1927 3324 2000 (Matth.
3383 1929 3521 2002 ut),
3581 1938 3642 1986 ut

2032 2019 2396 2090 acciperctde
2419 2037 2482 2076 ea
2513 2021 2724 2090 vinum,
2758 2022 2904 2096 quod
2932 2022 3173 2080 lzetificat
3225 2040 3323 2080 cor
3375 2024 3636 2094 hominis,

2031 2111 2151 2182 quia
2181 2127 2337 2169 versa
2367 2115 2530 2172 estin
2555 2115 2998 2188 amaritudinem,
3027 2127 3081 2172 et
3128 2117 3423 2174 novissime
3468 2118 3635 2173 etiam

2031 2205 2421 2276 patrisfamilite
2451 2207 2623 2263 filium
2659 2224 2790 2266 ausa
2828 2219 2912 2266 est
2952 2209 3289 2275 interficere,
3340 2227 3448 2266 non
3503 2225 3637 2270 uvas

2028 2296 2258 2366 faciens,
2289 2301 2382 2356 sed
2414 2303 2620 2372 spinas,
2648 2312 2704 2358 et
2725 2319 2830 2358 non
2859 2303 3149 2374 judicium,
3175 2305 3270 2360 sed
3295 2303 3628 2362 clamorem:

2027 2391 2304 2464 Cruciﬁge,
2345 2394 2589 2465 cruci/ige
2642 2412 2758 2448 eum
2776 2396 2796 2450 ,ν
2826 2395 2889 2450 Et
2933 2415 2946 2450 :
3008 2396 3131 2450 Non
3159 2397 3402 2451 habemus
3441 2413 3632 2470 regem,

2025 2486 2125 2540 nisi
2149 2485 2406 2546 Cwsarem
2434 2485 2616 2560 (Joan.
2647 2504 2760 2555 xu,
2793 2488 2824 2544 6
2845 2531 2858 2554 ,
2894 2488 3005 2562 l5).
3038 2490 3339 2562 Propterea
3383 2493 3632 2546 extermi-

2022 2581 2161 2636 navit
2186 2581 2333 2635 illam
2361 2599 2488 2653 aper
2517 2585 2579 2637 de
2612 2581 2766 2650 silva,
2796 2592 2845 2638 et
2867 2584 3154 2656 singularis
3199 2587 3340 2656 ferus
3381 2586 3628 2660 depastus

2022 2685 2098 2729 est
2125 2691 2236 2728 eam
2261 2673 2436 2746 (Psal.
2470 2691 2661 2742 um,
2696 2673 2816 2746 M).
2845 2674 3058 2730 Olivam
3098 2692 3314 2750 quoque
3369 2677 3631 2754 populum

2019 2782 2309 2839 synagogas
2338 2767 2550 2838 liquido
2579 2769 3093 2842 comprobabit,qui
3128 2771 3178 2825 in
3204 2770 3470 2841 Apostolo
3491 2771 3632 2828 frac-

2019 2867 2101 2913 tos
2117 2860 2188 2914 oli
2201 2876 2280 2914 va:
2294 2875 2478 2918 ramos
2492 2861 2686 2934 legerit
2699 2861 2716 2936 (
2730 2861 2877 2916 Rom.
2898 2863 2998 2931 ιιι),
3021 2872 3074 2917 et
3093 2879 3192 2918 nos
3207 2863 3275 2919 de
3286 2864 3526 2919 oleastro
3545 2865 3630 2918 in-

2015 2961 2208 3020 sertos,
2239 2953 2362 3008 utin
2385 2953 2547 3009 ramis
2566 2953 2963 3026 intelligamus,
2997 2956 3404 3014 multitudinem
3441 2957 3630 3016 Judai-

2015 3061 2130 3100 cam
2157 3046 2323 3103 fuisse
2345 3048 2638 3116 succisam,
2665 3049 2716 3101 iu
2753 3049 3030 3106 radicibus
3061 3050 3440 3122 apostolorum
3477 3051 3625 3106 elec-

316 3143 416 3197 huc
444 3160 657 3210 annum,
690 3143 852 3196 donec
877 3141 1075 3214 fodiam
1102 3142 1238 3196 circa
1266 3156 1398 3208 eam,
1443 3150 1492 3193 et
1537 3139 1731 3192 mittam
1781 3129 1912 3192 sterJ
1936 3107 1984 3172 δ
2025 3141 2228 3196 tionem
2253 3156 2375 3198 esse
2407 3151 2702 3210 servatam,
2734 3143 2786 3198 in
2810 3145 3007 3218 quibus
3031 3159 3130 3198 nos
3154 3145 3348 3200 inserti
3381 3144 3630 3200 manebi-

318 3254 430 3304 cus,
464 3249 509 3293 et
537 3236 795 3308 siquidem
821 3236 998 3308 fecerit
1026 3234 1255 3305 fructum
1279 3251 1295 3285 .'
1323 3235 1402 3288 sin
1429 3242 1620 3303 autem,
1657 3241 1777 3286 tunc
1799 3248 1918 3286 suc—
1953 3243 1956 3248 '

316 3333 452 3388 cide:
484 3350 595 3386 eam
627 3329 778 3404 (Luc.
811 3329 949 3404 xui).
979 3330 1232 3402 Agricola
1268 3329 1372 3383 iste
1414 3328 1495 3383 vel
1544 3325 1764 3383 Gabriel
1811 3332 1914 3392 est,

317 3429 399 3484 vel
430 3427 677 3494 Michael,
705 3430 789 3484 cui
813 3427 1139 3484 commissus
1167 3436 1245 3482 est
1295 3427 1527 3498 populus
1573 3423 1912 3496 Judaeorum,

315 3524 407 3596 qui
439 3523 727 3578 Dominum
764 3521 1089 3592 deprecatur
1131 3519 1158 3559 δ
1211 3523 1263 3578 in
1317 3520 1594 3593 passione,
1640 3529 1694 3575 et
1741 3519 1914 3576 dicit:

319 3617 565 3686 Domine,
596 3617 665 3674 da
686 3618 733 3673 ei
760 3619 993 3688 spatium
1026 3617 1384 3688 pmnitentiae,
1417 3628 1472 3672 et
1503 3615 1613 3672 noli
1644 3633 1741 3672 eos
1783 3617 1914 3672 sub-

326 3721 561 3780 vertere,
596 3719 654 3768 et
678 3710 946 3782 siquidem
973 3710 1204 3766 fecerint
1258 3710 1534 3766 fructum:
1567 3710 1653 3765 sin
1710 3719 1910 3778 autem,

317 3813 444 3860 tunc
483 3805 771 3861 subvertes
819 3819 934 3858 eos.
989 3803 1045 3858 Si
1095 3802 1350 3868 fecerint,
1403 3803 1601 3874 inquit,
1654 3803 1913 3872 fructum,

316 3913 422 3952 non
449 3896 588 3950 dixit
615 3893 744 3968 quid
773 3892 1141 3962 sustinerint;
1172 3909 1351 3964 neque
1375 3895 1532 3968 dixit,
1589 3897 1634 3948 si
1688 3893 1919 3952 fecerint

312 3988 571 4058 fructum,
596 3988 993 4062 permanebunt
1014 3999 1068 4044 ut
1096 3998 1287 4056 erant;
1318 3987 1412 4043 scd
1440 3989 1486 4044 si
1513 3987 1746 4044 fecerint
1769 3988 1916 4044 fruc-

314 4092 728 4153 tum,suspensa
756 4081 1030 4136 sententia
1058 4091 1240 4148 est,ut
1270 4080 1652 4146 subaudiatur,
1678 4083 1913 4136 transfe-

317 4190 403 4230 res
426 4190 519 4229 eos
548 4176 599 4230 iu
627 4172 929 4232 Ecclesium
958 4174 1228 4242 gentium,
1259 4183 1314 4228 et
1342 4172 1394 4226 in
1425 4173 1652 4228 alteram
1698 4173 1910 4228 vineam

317 4271 769 4344 transplantabis.
802 4271 964 4328 Venit
993 4272 1254 4328 Dominus
1287 4273 1470 4340 tertio,
1508 4282 1561 4327 et
1611 4289 1715 4330 non
1765 4275 1914 4332 inve-

319 4366 396 4420 nit
446 4365 497 4419 iu
525 4366 606 4421 eis
639 4366 892 4420 fructum.
927 4365 1086 4422 Dedit
1115 4367 1348 4436 primum
1375 4367 1572 4440 Legem
1621 4383 1717 4436 per
1763 4367 1912 4440 Moy-

2022 3253 2158 3303 mus,
2192 3237 2235 3290 si
2270 3237 2557 3293 fecerimus
2585 3238 2849 3304 fructum,
2883 3251 2937 3294 et
2967 3239 3182 3295 dicetur
3203 3239 3273 3295 de
3297 3240 3496 3296 nobis:
3529 3237 3629 3295 Fi-

2019 3319 2077 3381 lii
2112 3329 2184 3382 tui
2212 3330 2346 3382 sicut
2370 3330 2583 3384 novella:
2624 3331 2879 3384 olivarum
2919 3333 2972 3386 in
3024 3332 3242 3392 circuitu
3292 3349 3479 3388 mensa:
3524 3342 3627 3394 tute

2020 3418 2406 3492 (Psal.cxxvu,
2425 3421 2502 3487 4).
2521 3423 2674 3480 Multi
2709 3432 2900 3493 putant
2925 3425 3108 3491 ficmn,
3131 3435 3182 3481 et
3205 3426 3423 3482 vineam
3448 3435 3504 3482 et
3527 3427 3631 3482 oli-

2018 3527 2140 3567 vam
2175 3515 2225 3569 in
2255 3516 2518 3588 mysterio
2545 3517 2717 3590 accipi
2754 3515 3060 3585 Trinitatis,
3094 3520 3238 3589 quod
3272 3521 3405 3578 ficus
3460 3535 3628 3596 prop-

2021 3619 2102 3663 ter
2127 3625 2412 3680 pomorum
2445 3610 2792 3666 dulcedinem
2826 3611 3066 3684 Spiritus
3098 3623 3320 3669 sanctus
3354 3613 3628 3684 intelliga-

2020 3710 2125 3756 tur.
2161 3701 2332 3758 Vinea
2367 3703 2483 3774 ipse
2511 3705 2770 3760 Dominus
2803 3716 2994 3762 noster
3024 3707 3183 3762 Jesus
3213 3706 3484 3772 Christus,
3537 3707 3629 3778 qui

2018 3793 2152 3849 dicit
2177 3794 2229 3850 in
2265 3795 2561 3866 Evangelio
2589 3815 2602 3850 :
2635 3795 2748 3872 Ego
2776 3815 2892 3850 sum
2918 3798 3033 3852 vitis
3067 3796 3247 3869 (Joan.
3270 3814 3361 3868 xv,
3383 3797 3626 3870 l).Oliva

2019 3901 2218 3958 autem,
2255 3893 2399 3948 Deus
2421 3893 2583 3952 Pater
2605 3894 2982 3963 omnipotens,
3015 3909 3042 3946 a
3076 3910 3183 3966 quo
3209 3902 3403 3950 cuncta
3429 3893 3628 3948 illumi-

2019 3997 2235 4054 nentur,
2260 3997 2318 4043 et
2340 3988 2406 4043 de
2434 4001 2540 4058 quo
2573 3988 2894 4058 egrediatur
2923 3989 3042 4056 lux,
3071 3986 3215 4042 et'ad
3239 4003 3401 4060 quem
3426 4003 3627 4058 possu-

2016 4095 2136 4134 mus
2171 4080 2361 4135 dicere
2397 4098 2408 4134 :
2439 4079 2485 4135 0
2512 4080 2674 4144 oliva,
2708 4082 2760 4134 in
2791 4081 2986 4135 lumine
3017 4091 3104 4134 tuo
3133 4081 3422 4136 videbimus
3451 4081 3627 4135 lumen

2017 4169 2189 4244 (Psal.
2221 4188 2386 4238 xxxv,
2424 4171 2535 4242 10),
2569 4171 2620 4228 id
2651 4183 2756 4242 est,
2789 4173 2840 4227 in
2871 4171 3007 4228 Filio
3053 4172 3360 4230 videbimus
3391 4169 3418 4210 ἀ
3450 4172 3626 4248 Spiri-

2018 4278 2126 4321 tum
2158 4278 2426 4324 sanctum.
2461 4267 2540 4321 Ad
2567 4267 2666 4322 has
2698 4268 3006 4322 fructuosas
3037 4268 3292 4335 arbores,
3331 4276 3385 4323 et
3411 4266 3627 4322 uberri-

2016 4378 2156 4417 mam
2199 4363 2438 4434 vineam,
2464 4362 3063 4436 veniuntinfructuosa
3099 4364 3240 4432 ligna
3282 4363 3333 4416 in
3374 4361 3626 4418 Judicum

313 4473 410 4513 seu
450 4476 461 4512 :
496 4459 738 4514 secundo
794 4459 1007 4514 locutus
1056 4470 1139 4515 est
1183 4476 1282 4532 per
1339 4460 1636 4532 prOphetas
1675 4481 1686 4514 :
1752 4463 1911 4516 tertio
1937 4498 1988 4556 Β
2017 4456 2155 4510 libro
2189 4453 2342 4528 (Cap.
2380 4455 2493 4524 ix),
2529 4466 2580 4510 et
2613 4464 2809 4525 rogant
2833 4464 3148 4526 utregnent
3176 4470 3343 4527 super
3383 4470 3464 4511 se.
3513 4455 3620 4512 Sed

313 4552 429 4620 ipse
454 4551 760 4608 descendit.
794 4554 862 4608 Et
891 4564 1013 4632 post
1049 4564 1070 4590 ο
1103 4557 1434 4624 passionem,
1466 4553 1611 4610 datis
1641 4555 1708 4610 ad
1731 4556 1908 4625 poem-

316 4645 538 4700 tentiam
569 4645 925 4718 quadraginta
958 4655 1191 4718 quatuor
1215 4648 1394 4712 annis,
1431 4646 1556 4718 quia
1603 4661 1709 4704 non
1770 4648 1913 4704 fece-

313 4744 442 4790 runt
477 4735 736 4806 fructum,
765 4744 964 4808 quarto
1022 4737 1273 4794 subversi
1326 4749 1472 4792 sunt.
1526 4738 1682 4806 Quod
1731 4748 1912 4800 tamen

313 4838 515 4885 nostra:
542 4829 916 4902 intelligentia!
947 4829 1364 4901 derelinquitur.
1392 4832 1450 4890 in
1483 4831 1737 4902 parabola
1766 4833 1911 4889 enim

314 4940 420 4980 non
449 4923 729 4990 scribitur,
754 4923 882 5000 quid
914 4934 1100 4994 postea
1132 4924 1325 4982 fecerit
1358 4928 1742 4997 paterfamilias
1769 4945 1782 4996 ;
1817 4928 1912 4983 scd

312 5016 439 5088 quid
464 5027 669 5072 tantum
710 5017 957 5088 agricola
989 5017 1314 5088 deprecatus
1369 5022 1458 5075 sit.
1517 5022 1592 5077 Ex
1640 5037 1745 5100 quo
1798 5021 1916 5078 aui-

314 5110 721 5178 madvertimus,
755 5124 848 5166 eos
878 5111 968 5182 qui
998 5111 1065 5168 de
1096 5112 1198 5170 hac
1241 5115 1342 5168 ticu
1391 5114 1628 5174 iecerint
1683 5114 1912 5182 fructus,

311 5203 378 5258 ad
412 5203 672 5274 populum
695 5204 939 5274 gentium
963 5218 1086 5260 esse
1113 5206 1427 5272 translatos,
1451 5207 1517 5262 ad
1536 5223 1695 5278 quem
1718 5221 1911 5263 ascen-

311 5297 390 5352 dit
420 5307 471 5352 et
499 5296 763 5370 propheta
783 5339 797 5363 ,
825 5296 1011 5358 dicens
1048 5316 1061 5353 :
1097 5297 1433 5368 Requiescam
1465 5301 1518 5354 in
1556 5300 1640 5353 die
1691 5301 1914 5356 tribula-

313 5390 488 5456 tionis,
515 5400 570 5445 ut
593 5391 868 5444 ascendam
897 5392 966 5444 ad
993 5392 1238 5462 papulum
1282 5393 1712 5463 peregrinationis
1766 5409 1911 5450 meat.

386 5570 412 5598 ἰ
438 5561 640 5618 Confer
671 5563 896 5620 Hieron.
927 5567 978 5620 in
1011 5564 1162 5619 Isaia,-
1181 5580 1301 5632 cap.
1335 5579 1509 5630 xxv",
1537 5562 1602 5618 ad
1631 5563 1786 5629 cujus
1815 5573 1920 5622 teso

316 5635 529 5706 timonii
565 5636 724 5692 fidem
757 5637 1010 5694 rescribit
1042 5637 1130 5694 hic
1166 5638 1368 5692 Victor.
1393 5679 1405 5702 ,
1443 5647 1789 5706 Oppugnatur.

387 5703 412 5743 δ
442 5707 749 5762 Brevius-in
788 5707 980 5777 Regia.
1032 5725 1156 5772 ms.,
1197 5703 1601 5778 (leprecaturei
1654 5707 1798 5775 dicit,
1849 5707 1918 5764 da

317 5779 543 5850 spatiunt
573 5780 905 5852 poenitentia}.

2017 4565 2305 4620 numquam
2341 4563 2506 4620 super
2532 4548 2675 4622 ligna
2715 4547 3000 4616 silvarum,
3053 4563 3174 4619 quae
3221 4547 3492 4604 debentur
3540 4549 3620 4603 in-

2013 4641 2229 4706 cendio,
2267 4650 2455 4712 regnat
2489 4640 2652 4704 oliva,
2689 4639 2846 4704 ﬁcus,
2877 4648 2933 4695 et
2957 4641 3152 4698 vinea:
3185 4640 3281 4696 sed
3315 4643 3487 4713 magis
3515 4643 3620 4696 im—

2016 4743 2168 4806 perat
2199 4733 2281 4788 eis
2313 4732 2572 4787 rhamnus
2595 4731 2757 4808 plena
2779 4732 3048 4802 sentibus,
3077 4741 3131 4788 et
3174 4732 3384 4788 hericio
3403 4733 3623 4800 similis,

2015 4827 2106 4900 qui
2141 4825 2351 4880 habitat
2377 4825 2428 4879 in
2461 4824 2760 4898 Babylone,
2795 4834 2849 4880 et
2875 4840 3093 4895 semper
3145 4835 3398 4882 versatur
3443 4826 3495 4879 in
3542 4824 3622 4882 f0-

2017 4925 2150 4979 veis.
2182 4922 2312 4990 Qua:
2337 4922 2621 4977 arluiscula
2654 4937 2762 4976 non
2785 4921 2962 4976 solum
2991 4921 3184 4992 spinas
3210 4921 3397 4986 habet,
3427 4919 3521 4974 sed
3565 4928 3623 4975 et

2016 5021 2218 5087 ignem,
2246 5016 2539 5070 vulnerans
2564 5025 2617 5070 et
2643 5014 2979 5070 comburens
3010 5013 3272 5084 quidquid
3303 5011 3466 5086 667
3493 5011 3621 5066 atti-

2016 5111 2177 5186 gerit.
2211 5109 2455 5180 Denique
2486 5123 2741 5182 egressus
2796 5116 2880 5163 est
2951 5108 3113 5180 ignis,
3175 5114 3229 5160 et
3277 5103 3648 5182 consumpsit-

2016 5205 2158 5274 ligna
2189 5203 2477 5256 silvarum!
2510 5200 2580 5257 Ut
2608 5211 2790 5256 autem
2831 5201 2974 5254 scias
3019 5197 3322 5262 secundum
3371 5199 3620 5268 superio-

2017 5312 2129 5359 rem
2164 5294 2598 5365 intelligentiam,
2633 5295 2686 5348 in
2719 5310 2823 5362 qua
2854 5293 2922 5348 de
2952 5307 3223 5368 synagoga
3273 5291 3474 5345 dictum
3531 5305 3620 5343 ac-

2017 5391 2261 5461 cepimus
2289 5406 2302 5444 :
2339 5387 2499 5444 Ficus
2523 5405 2623 5444 non
2651 5389 2804 5459 faciet
2834 5391 3143 5460 fructum,et
3171 5404 3270 5441 non
3300 5396 3448 5441 erunt
3471 5387 3619 5457 geni-

2108 5573 2129 5602 c
2161 5562 2396 5632 Βυτειιηι
2424 5559 2562 5632 idem
2607 5572 2735 5624 ms.,
2779 5565 2894 5626 post
2940 5557 3228 5625 passionem
3276 5557 3633 5632 quadraginta

2016 5635 2216 5690 duobus
2246 5631 2423 5698 armis,
2453 5631 2593 5698 quia,
2625 5639 2735 5684 etc.

2089 5703 2111 5742 ά
2145 5704 2429 5770 interserit
2453 5699 2538 5758 hic
2565 5701 2708 5760 idem
2733 5715 2864 5769 ms.,
2888 5699 3082 5755 lumen.
