4028 6342
434 220 454 274 1
469 220 572 277 355

1685 217 1745 273 S.
1787 214 2060 274 EUSEBll
2094 213 2477 274 HIERONYMI

3600 220 3733 278 1556

430 334 571 388 mina
595 333 649 389 in
674 333 857 394 vineis,
879 346 986 389 non
1011 332 1079 388 de
1104 331 1374 388 fructibus
1406 331 1540 399 dici,
1559 331 1654 387 sed
1683 331 1751 388 de
1771 333 2028 404 operibus
2055 344 2104 404 Α
2133 351 2265 391 meo.
2300 334 2535 406 ldipsum
2566 342 2620 391 et
2644 334 2900 392 Gabriele
2930 336 3327 408 interpretante
3366 355 3384 396 :
3410 337 3482 394 Et
3540 339 3742 394 vocabi-

432 429 618 484 bonis.
653 427 708 482 In
739 428 879 483 oliva
912 428 1204 484 manifeste
1236 428 1462 500 aenigma
1489 428 1754 498 aperitur,
1802 437 1858 485 et
1898 429 2037 485 dici-

441 531 532 578 tur
563 541 575 577 :
609 521 890 577 Mentietur
921 540 1051 593 opus
1101 523 1270 578 olivas.
1311 523 1550 578 Fructus
1581 523 1724 579 enim
1771 539 1909 594 quos
1961 525 2038 579 af-

437 617 581 671 ferre
611 615 938 681 debuerant,
973 615 1026 670 in
1061 615 1318 686 operibus
1350 616 1839 672 demonstrantur:
1885 631 2040 672 men-

437 708 606 763 tietur
631 716 810 762 autem
837 722 975 776 opus
1008 708 1190 775 olivae,
1215 708 1363 764 aliud
1395 709 1789 780 promittentis,
1816 718 1870 765 et
1893 709 2039 764 aliud

433 800 709 863 facientis,
743 802 990 857 dicentes
1033 801 1101 856 ad
1153 802 1376 872 Moysen
1403 819 1422 858 :
1473 801 1662 858 Omnia
1704 819 2040 875 quiscumque

429 897 622 952 dixerit
651 897 920 963 Dominus,
963 898 1210 967 faciemus
1257 897 1452 969 (Exod.
1513 914 1662 963 xxrv,
1718 900 1804 969 7);
1848 907 1903 954 et
1943 911 2040 953 no-

433 991 609 1046 lentes
643 991 692 1045 iu
722 1007 845 1045 eum
868 990 1118 1057 credere,
1146 992 1236 1062 qui
1265 1007 1294 1045 a
1337 991 1525 1064 Moyse
1553 990 1882 1061 prmdicatus
1931 999 2035 1046 est.

434 1080 623 1152 Campi
657 1098 874 1154 quoque
902 1099 1007 1137 non
1035 1082 1231 1138 facient
1259 1082 1517 1140 fructum.
1547 1081 1849 1139 Considera
1894 1081 2038 1154 quod

434 1177 768 1245 Jerusalem,
798 1194 919 1248 qua:
956 1177 1233 1249 quondam
1265 1178 1371 1233 sita
1429 1187 1551 1234 erat
1578 1177 1632 1232 in
1663 1178 1956 1244 montibus,
1990 1185 2045 1233 et

435 1285 650 1330 montes
683 1274 734 1328 in
761 1273 993 1328 circuitu
1027 1273 1144 1344 ejus
1173 1272 1489 1347 (Ps.cxxw,
1516 1273 1599 1344 ‘2),
1624 1285 1678 1329 et
1704 1274 2040 1345 fundamenta

435 1374 548 1443 ejus
580 1371 635 1424 in
675 1368 931 1423 montibus
958 1369 1152 1421 sanctis
1184 1365 1357 1438 (Psal.
1393 1383 1614 1435 Lxxxw,
1652 1365 1729 1438 1),
1759 1380 1903 1421 nunc
1944 1365 2041 1418 litt-

435 1466 582 1520 milis
613 1463 917 1534 appelletur
947 1471 1109 1532 atque
1135 1460 1479 1528 campestris,
1531 1475 1651 1530 qua:
1708 1473 1816 1513 non
1864 1458 2039 1513 solum

439 1557 714 1623 homines,
751 1557 802 1611 id
832 1565 936 1622 est,
964 1553 1310 1610 rationabilis
1343 1568 1450 1610 non
1475 1554 1572 1608 alit
1601 1553 1894 1620 animalia;
1946 1552 2043 1610 sed

439 1667 538 1706 nec
569 1664 766 1722 pecora
793 1649 1014 1720 quidem
1045 1659 1100 1703 et
1131 1647 1323 1716 boves,
1355 1648 1422 1703 de
1449 1647 1645 1720 quibus
1671 1657 1727 1703 et
1782 1647 2041 1704 Salomon

2142 437 2224 483 tur
2248 427 2422 496 Jesus,
2456 431 2566 501 ipse
2589 429 2727 484 enim
2747 427 2968 484 salvabit
3017 431 3272 502 populum
3324 448 3479 487 suum
3525 432 3741 505 (Matth.

2141 539 2200 592 ιι,
2232 523 2351 595 2t).
2385 525 2526 580 Dens
2557 523 2823 581 Dominus
2853 525 3113 581 fortitudo
3137 542 3255 583 mea
3286 546 3299 581 ε
3345 528 3552 584 nullam
3603 530 3746 585 enim

2142 615 2324 680 aliam,
2355 616 2461 672 nisi
2489 618 2541 671 in
2571 615 2790 673 Christo
2812 616 3030 674 habebo
3057 620 3313 676 virtutem
3333 630 3390 676 et
3419 633 3648 677 cunctas
3672 622 3749 676 le-

2141 707 2504 780 gisjustitias,
2539 710 2863 780 quisquilias
2891 713 3239 781 computabo.
3285 713 3352 769 Et
3397 724 3552 784 ponet
3595 715 3748 787 pedes

2143 817 2282 856 meos
2305 801 2452 869 quasi
2482 818 2767 869 cervorum,
2799 813 2860 858 ut
2887 805 3090 860 calcem
3120 822 3285 877 super
3311 807 3559 878 aspidem
3585 817 3640 863 et
3658 809 3754 864 ba-

2145 895 2416 962 siliscum,
2445 907 2499 952 et
2528 897 2685 968 quasi
2708 913 2844 966 puer
2875 899 3134 971 parvulus
3180 905 3393 958 mittam
3426 920 3650 960 manum
3698 905 3752 962 in

2145 987 2408 1058 foramen,
2445 999 2500 1045 et
2524 990 2809 1046 extraham
2830 1004 3164 1064 serpentem,
3193 996 3492 1069 ludamque
3522 999 3634 1072 (At.
3655 998 3757 1055 Ju-

2143 1078 2296 1152 dam)
2324 1079 2394 1137 de
2415 1082 2646 1137 colubro
2673 1098 2693 1137 :
2726 1082 2928 1139 Similis
2965 1086 3101 1139 enim
3159 1097 3238 1143 est
3292 1088 3562 1160 fratruelis
3615 1107 3756 1145 meus

2145 1189 2367 1244 capreaz,
2394 1184 2482 1229 aut
2503 1174 2721 1230 hinnulo
2743 1193 3009 1232 cervorum.
3029 1178 3209 1251 (Cant.
3243 1197 3300 1251 ιι,
3326 1185 3408 1255 9).
3435 1184 3504 1238 Et
3531 1185 3655 1255 quia
3679 1184 3757 1256 ip-

2146 1281 2204 1324 se
2223 1276 2312 1324 est
2339 1283 2556 1336 cervus,
2585 1270 2721 1326 mihi
2745 1286 2960 1344 quoque
2991 1273 3235 1342 donavit,
3261 1287 3318 1331 ut
3338 1291 3534 1334 cervus
3551 1293 3756 1347 essem,

2146 1360 2392 1417 sublimis
2411 1363 2694 1432 cornibus,
2725 1363 2939 1421 ﬁndens
2971 1368 3224 1439 ungulas,
3258 1370 3410 1427 cibos
3450 1372 3756 1438 ruminans,

2146 1465 2202 1513 et
2225 1457 2293 1513 ad
2321 1457 2544 1514 odorem
2575 1475 2753 1515 meum
2783 1470 3068 1530 serpentes
3096 1463 3289 1535 fugans
3319 1482 3334 1520 :
3369 1465 3440 1522 de
3466 1481 3576 1536 quo
3615 1467 3758 1522 dici-

2149 1559 2236 1605 tur
2262 1548 2318 1604 in
2341 1549 2555 1606 decimo
2585 1551 2822 1624 septimo
2853 1553 3120 1611 Psalmo:
3181 1558 3280 1624 Qui
3330 1560 3546 1631 perfecit
3603 1561 3759 1631 pedes

2149 1662 2288 1702 meos
2311 1656 2884 1734 tamquamcervorum,
2917 1659 2962 1706 et
2983 1668 3138 1724 super
3190 1653 3398 1708 excelsa
3455 1664 3609 1724 ponet
3654 1673 3754 1712 me.

435 1745 677 1817 loquitur
703 1745 757 1798 iu
809 1742 1161 1799 Proverbiis:
1217 1741 1418 1796 Adhibe
1462 1757 1642 1795 curam
1699 1739 1781 1796 his
1829 1757 1944 1814 quis
1991 1743 2042 1796 in
2075 1757 2120 1818 Β
2150 1739 2219 1795 Et
2245 1741 2299 1796 in
2330 1741 2589 1797 vicesimo
2617 1750 2850 1797 octavo:
2897 1741 3010 1798 Vox
3035 1741 3250 1800 Domini
3278 1747 3600 1818 perficientis
3648 1765 3759 1802 cer-

437 1855 624 1907 campo
644 1847 761 1893 sunt
785 1837 1094 1910 regionibus,
1127 1845 1173 1890 et
1199 1835 1410 1891 attonde
1433 1837 1665 1904 herbam,
1697 1845 1745 1890 et
1788 1853 2044 1911 congrega

438 1935 615 2004 fenum
648 1941 700 1986 ut
730 1931 920 1987 habeas
943 1941 1058 1986 Oves
1083 1930 1150 1984 ad
1182 1939 1208 1968 α
1235 1932 1560 1986 vescendum.
1595 1931 1769 1987 Boves
1823 1947 2045 2004 quoque

441 2041 550 2085 non
585 2037 746 2083 erunt
773 2026 826 2080 in
855 2025 1194 2096 praesepibus
1223 2041 1238 2080 :
1268 2025 1390 2095 quia
1423 2023 1517 2078 ubi
1547 2025 1706 2096 plena
1738 2032 1867 2079 sunt
1906 2039 2046 2096 prae-

443 2121 616 2190 sepia,
649 2119 938 2175 manifesta
970 2126 1056 2173 est
1080 2117 1346 2175 fortitudo
1374 2118 1532 2174 bovis
1564 2116 1752 2188 (Prov.
1800 2133 1912 2184 xxv,
1965 2120 2042 2190 lt).

441 2216 550 2274 Bos
578 2217 866 2286 operarius
894 2227 1014 2272 est:
1047 2216 1144 2271 bos
1184 2214 1400 2270 Domini
1450 2223 1764 2272 sustentans
1815 2215 2042 2286 jugum:

449 2312 548 2368 bos
575 2312 629 2368 in
659 2311 816 2383 cujus
841 2311 1129 2382 vestigium
1159 2310 1250 2381 qui
1275 2309 1506 2378 severit,
1537 2308 1727 2364 beatus
1760 2318 1863 2364 est.
1917 2307 2045 2364 0m-

444 2408 532 2464 nia
561 2408 677 2462 [nec
705 2408 1022 2462 auferentur
1064 2423 1090 2456 a
1140 2401 1364 2474 populo,
1414 2402 1541 2473 quia
1598 2403 1786 2474 inique
1839 2403 1950 2473 egit
1995 2402 2046 2457 iu

446 2504 616 2559 Deum
642 2499 961 2556 Creatorem
993 2514 1174 2555 suum.
1203 2496 1360 2566 Quod
1384 2496 1430 2552 si
1460 2495 1700 2552 volueris
1729 2496 1838 2568 (Al.
1859 2496 2049 2551 nolue-

447 2597 550 2670 ris)
601 2595 742 2651 dicm
789 2593 1153 2650 tribulationis
1183 2592 1328 2648 diem
1375 2591 1865 2649 consummationis
1911 2592 2050 2646 acci-

450 2707 613 2766 pere,
643 2691 710 2746 ad
749 2705 844 2747 eos
882 2689 1092 2745 referes
1117 2687 1301 2744 omnia
1331 2687 1421 2759 qui
1451 2687 1642 2742 dicunt
1699 2701 1758 2742 se
1807 2699 1927 2740 esse
1985 2684 2051 2740 de

450 2784 724 2852 Ecclesia,
753 2792 808 2840 et
839 2799 944 2838 non
979 2783 1183 2838 habent
1211 2796 1377 2852 opera
1404 2779 1658 2851 justitiae.
1691 2779 1756 2834 Et
1804 2779 1959 2847 ﬁcus,
1997 2788 2052 2834 et

449 2880 608 2932 vinea
639 2887 694 2932 et
719 2876 884 2942 oliva,
921 2875 1241 2947 mysterium
1286 2872 1539 2928 videlicet
1579 2871 1884 2934 Trinitatis,
1943 2886 2054 2926 non

450 2969 682 3026 aﬂercnt
704 2973 758 3024 in
785 2970 865 3025 eis
890 2968 1129 3024 fructum
1153 2981 1333 3031 suum,
1359 2973 1413 3022 et
1439 2982 1547 3020 non
1581 2965 1757 3019 solum
1784 2964 2052 3019 frumenta

453 3075 510 3122 et
538 3080 694 3121 escas
726 3064 1167 3127 rationabilium;
1199 3061 1295 3117 sed
1324 3076 1423 3116 nec
1451 3061 1632 3116 cibum
1680 3058 1899 3130 quidem
1957 3057 2054 3113 ha-

2148 1851 2254 1888 vos.
2285 1833 2459 1891 Ponet
2497 1850 2628 1906 ergo
2685 1835 2851 1906 pedes
2895 1851 3048 1894 meos
3093 1839 3235 1894 inter
3282 1850 3520 1896 creteros
3564 1856 3758 1898 cervos

2149 1940 2297 1995 suos,
2323 1935 2379 1982 et
2403 1926 2470 1982 ad
2501 1927 2750 1984 caelestia
2779 1929 3037 2000 perducet
3078 1945 3188 2000 me,
3241 1939 3303 1987 ut
3347 1933 3492 1989 inter
3533 1935 3758 2006 angelos

2149 2033 2340 2075 canam
2364 2020 2592 2091 gloriam
2623 2021 2860 2090 Domini,
2891 2033 2946 2078 et
2980 2039 3146 2096 super
3173 2031 3376 2080 terram
3425 2041 3625 2096 pacem
3667 2025 3758 2083 ho-

2149 2114 2391 2170 minibus
2421 2115 2582 2170 bona;
2609 2114 2906 2172 voluntatis
2946 2119 3292 2175 annuntiem.
3321 2116 3529 2174 Canam
3576 2129 3754 2175 autem

2151 2208 2440 2264 victoriam
2480 2207 2599 2279 ejus
2623 2207 2689 2283 (et
2733 2210 3066 2282 triumphum
3117 2221 3170 2268 et
3221 2221 3486 2283 trepaeum
3545 2213 3741 2270 crucis.

2153 2301 2267 2358 Hoc
2288 2301 2443 2373 juxta
2503 2301 2828 2359 Hebraicum
2872 2313 2976 2360 etc
3019 2305 3262 2376 quintam
3313 2305 3645 2374 editionem,
3692 2305 3758 2362 ad

2154 2405 2368 2466 tempus
2393 2395 2636 2452 Judaica:
2655 2397 2985 2462 eversionis,
3014 2407 3068 2454 et
3095 2398 3162 2454 ad
3203 2397 3494 2455 adventum
3539 2399 3756 2456 Domini

2152 2500 2344 2548 cuncta
2359 2490 2682 2548 referamus.
2701 2493 2760 2550 Si
2780 2504 2958 2549 autem
2973 2493 3311 2549 voluerimus
3327 2493 3393 2548 de
3407 2508 3760 2549 consumma-

2155 2588 2495 2662 tione669
2537 2588 2724 2644 mundi
2771 2589 3054 2659 accipere,
3085 2588 3166 2646 sic
3205 2591 3592 2660 exponendum
3621 2599 3707 2646 est
3745 2606 3757 2644 :

2154 2681 2428 2753 quomodo
2461 2682 2514 2737 in
2551 2682 2746 2738 Exodo
2790 2679 2966 2754 (Cap.
2999 2681 3095 2755 rx)
3138 2682 3357 2752 quando
3389 2697 3650 2753 percussa
3681 2691 3762 2738 est

2157 2771 2454 2846 Egyptus,
2485 2784 2541 2830 et
2572 2774 2845 2846 percussit
2879 2775 3022 2830 Deus
3044 2774 3232 2829 vineas
3265 2790 3454 2830 eorum
3477 2816 3492 2843 ,
3541 2786 3600 2830 et
3627 2774 3761 2830 ficus

2157 2882 2347 2922 eorum
2376 2909 2390 2932 ,
2421 2876 2478 2922 et
2506 2867 2710 2923 occidit
2750 2868 3026 2938 primitiva
3058 2867 3374 2936 hominum,
3407 2879 3461 2924 et
3481 2868 3764 2939 jumento-

2159 2979 2278 3018 rum
2301 2963 2354 3018 in
2377 2962 2642 3034 grandine
2661 3004 2677 3031 ,
2713 2971 2768 3019 et
2799 2961 3088 3034 Egyptizts
3117 2963 3302 3034 fruges
3323 3005 3338 3028 ,
3367 2963 3645 3030 bruchus,
3678 2963 3757 3018 lo-

2158 3067 2420 3128 custaque
2457 3057 2802 3128 consumpsit
2831 3074 2844 3114 :
2875 3056 3011 3112 licus
3063 3057 3116 3112 in
3169 3055 3405 3129 Egypto
3437 3072 3548 3111 non
3582 3057 3762 3112 attulit

455 3159 588 3214 bent
633 3157 685 3211 in
723 3157 932 3228 campis
984 3156 1100 3210 suis
1146 3169 1406 3226 pecorum
1455 3163 1508 3209 et
1550 3153 1944 3224 jumentorum,
2001 3153 2126 3216 etC
2162 3152 2395 3207 fructum
2419 3194 2432 3217 ,
2465 3166 2567 3206 nec
2598 3159 2756 3206 erant
2784 3149 3061 3222 genimina
3091 3149 3142 3203 in
3171 3148 3344 3204 vineis
3373 3163 3590 3215 eorum,
3613 3164 3763 3204 men-

455 3251 723 3323 praasepia
752 3265 942 3306 eorum
965 3264 1134 3304 vacua
1163 3256 1310 3315 sunt,
1341 3255 1396 3302 et
1427 3261 1527 3318 pro
1573 3245 1804 3302 excelsis
1860 3245 2060 3301 monti-

455 3343 558 3402 bus
584 3346 637 3400 in
669 3345 840 3416 planis
871 3343 1274 3413 humilibusque
1306 3349 1610 3396 versantur.

532 3437 717 3511 (Vers.
754 3436 841 3498 18,
879 3437 993 3503 19.)
1027 3433 1141 3506 Ego
1167 3441 1338 3487 autent
1367 3433 1420 3486 in
1449 3432 1672 3486 Domino
1707 3431 1964 3503 gaudebo,
2014 3441 2061 3485 et

455 3529 726 3585 exsultabo
752 3529 806 3582 in
838 3526 942 3580 Deo
971 3528 1100 3582 Jesu
1127 3542 1259 3580 meo.
1309 3523 1451 3579 Deus
1502 3524 1756 3579 Dominus
1809 3523 2062 3594 fortitudo

459 3638 596 3686 mea,
631 3629 680 3674 et
704 3631 854 3692 ponet
877 3619 1032 3691 pedes
1074 3634 1212 3671 meos
1259 3616 1407 3682 quasi
1453 3632 1733 3672 cervorum.
1790 3613 1857 3668 Et
1909 3633 2062 3688 super

459 3714 661 3768 excelsa
685 3729 799 3766 mea
826 3710 1045 3764 deducet
1074 3709 1344 3782 me668
1391 3710 1550 3763 victor
1597 3709 1652 3763 in
1705 3708 1930 3763 Psalmis
1977 3725 2066 3762 ca-

462 3817 685 3860 nentem.
716 3803 860 3858 LXX
883 3821 896 3856 :
931 3802 1045 3874 Ego
1072 3811 1243 3856 autent
1269 3803 1324 3856 in
1349 3800 1576 3855 Domino
1600 3801 1867 3856 exsultabo
1889 3819 1908 3855 :
1935 3818 2064 3873 gau-

461 3900 590 3954 debo
621 3913 776 3970 super
807 3896 914 3951 Deo
943 3895 1164 3950 salutari
1212 3893 1322 3968 [ΑΙ.
1358 3893 1655 3967 Saluatore]
1686 3910 1818 3962 meo,
1877 3893 2062 3948 Domi-

459 4009 560 4047 nus
585 3991 723 4046 Deus
751 3991 1005 4061 fortitudo
1028 4007 1163 4059 mea,
1192 3999 1242 4044 et
1268 3999 1421 4059 ponet
1453 3989 1608 4058 pedes
1649 4005 1788 4043 meos
1845 3992 1898 4043 in
1943 4006 2063 4044 con-

457 4089 854 4144 summationem
876 4103 896 4143 :
921 4104 1076 4155 super
1099 4086 1304 4141 eat-celsa
1328 4087 1559 4155 imponet
1583 4101 1683 4151 me,
1703 4093 1759 4138 ut
1780 4085 1979 4138 vincam
2008 4087 2062 4138 in

464 4181 684 4237 Cantica
712 4182 842 4253 ejus.
875 4178 1007 4236 Ficu
1037 4189 1092 4234 et
1119 4181 1359 4252 vinea‘et
1391 4178 1557 4247 oliva,
1586 4179 1737 4249 juxta
1775 4177 1920 4249 quod
1971 4195 2064 4234 ex-

462 4274 644 4346 posui,
674 4289 780 4327 nou
815 4271 1141 4328 facientibus
1169 4272 1401 4326 fructum
1434 4286 1616 4337 suum,
1649 4280 1705 4327 ct
1751 4271 2063 4328 Judaeorum

466 4367 612 4436 agris
635 4381 743 4419 non
793 4363 1147 4419 afferentibus
1188 4363 1360 4431 cibos,
1408 4361 1667 4418 abscissis
1722 4379 1942 4435 quoque
1994 4365 2064 4421 de

465 4458 596 4514 ovili
623 4457 937 4528 pecoribus,
970 4465 1024 4512 et
1071 4456 1335 4510 armentis
1391 4455 1458 4510 de
1510 4456 1866 4526 praesepibus,
1915 4465 2065 4528 post-

2163 3245 2400 3300 tiebatur
2433 3243 2642 3316 (sicubi
2672 3253 2854 3299 tamen
2885 3251 3103 3314 poterat
3127 3241 3358 3314 reperiri
3392 3243 3446 3298 in
3478 3240 3760 3314 Egypto)

2161 3352 2297 3408 Opus
2324 3338 2478 3392 olivae
2499 3380 2512 3404 ,
2543 3349 2598 3393 et
2627 3336 2804 3407 campi
2835 3351 3026 3392 eorum
3060 3351 3168 3391 non
3199 3335 3406 3390 dabant
3433 3349 3592 3392 escas
3623 3333 3644 3409 [
3674 3335 3758 3390 Al.

2163 3429 2442 3504 fructum]
2485 3447 2500 3488 :
2539 3438 2593 3487 et
2619 3431 2984 3498 deficiebant,
3035 3447 3104 3486 eo
3150 3431 3296 3500 quod
3343 3445 3450 3486 non
3497 3430 3765 3486 haberent

2163 3522 2314 3577 cibos
2345 3538 2539 3594 pecora
2571 3538 2763 3578 eorum
2785 3523 2884 3589 ,‘et
2912 3539 3020 3577 non
3050 3531 3209 3577 erant
3230 3522 3399 3578 boves
3423 3521 3477 3576 in
3505 3523 3764 3594 praesepi-

2164 3614 2286 3670 bus.
2319 3615 2558 3683 Populus
2584 3625 2764 3669 autem
2805 3614 2977 3669 Israel
3010 3615 3320 3669 exsultabat
3349 3614 3400 3668 in
3430 3614 3686 3682 Domino,
3712 3624 3762 3670 et

2163 3709 2432 3780 gaudebat
2458 3711 2509 3765 in
2535 3710 2649 3766 Deo
2679 3709 2908 3764 salutari
2941 3725 3042 3763 suo
3071 3729 3084 3764 :
3115 3709 3270 3765 sicin
3293 3712 3765 3766 consummatione

2167 3805 2396 3872 mundi,
2444 3804 2695 3875 quando,
2725 3805 3084 3876 multiplicata
3127 3805 3442 3876 iniquitate,
3485 3805 3766 3861 refrixerit

2165 3898 2403 3954 cliaritas
2426 3897 2445 3971 (
2469 3898 2661 3954 Matth.
2685 3915 2814 3954 xxrv
2831 3898 2876 3973 ),
2901 3906 2958 3954 et
2986 3898 3118 3954 ficus
3141 3915 3247 3954 non
3270 3899 3513 3955 attulerit
3534 3899 3760 3971 fructus,

2166 4001 2221 4047 et
2251 3992 2425 4047 vinea:
2470 4007 2578 4046 non
2628 3991 2924 4047 habuerint
2948 4007 3113 4057 uvas,
3168 4001 3221 4048 et
3265 3994 3552 4049 mentitum
3599 3992 3765 4048 fuerit

2167 4098 2303 4153 opus
2333 4083 2524 4150 olivae,
2580 4092 2635 4138 et
2661 4086 2840 4153 campi
2873 4100 2980 4140 non
3013 4086 3448 4157 germinaverint
3479 4087 3633 4141 cibos
3657 4129 3671 4150 ,
3712 4095 3764 4140 et

2166 4188 2364 4234 cratera
2393 4193 2515 4247 quae
2541 4189 2882 4250 sequuntur:
2909 4190 3036 4236 tunc
3058 4182 3383 4253 quicumque
3404 4181 3762 4255 670juslus

2167 4282 2224 4327 et
2260 4272 2523 4328 eleCtione
2569 4273 2662 4328 Dei
2704 4273 2900 4345 dignus
2955 4273 3120 4329 fuerit
3165 4274 3423 4330 inventus
3450 4320 3464 4344 ,
3515 4275 3764 4347 loquetur

2169 4367 2447 4421 exsultans
2479 4409 2492 4420 .
2524 4366 2638 4439 Ego
2662 4378 2834 4421 autem
2859 4369 2915 4422 in
2948 4368 3174 4424 Domino
3205 4368 3476 4424 exsultabo
3496 4410 3513 4438 ,
3533 4372 3764 4442 gaudebo

2168 4462 2222 4515 in
2249 4458 2359 4514 Deo
2385 4461 2608 4515 salutari
2633 4459 3040 4529 meo,Dominus
3071 4463 3325 4532 fortitudo
3353 4481 3487 4518 mea.
3522 4464 3586 4519 Et
3614 4465 3764 4536 quasi

466 4567 628 4623 quam
656 4549 945 4606 audierunt
966 4564 997 4604 a
1024 4549 1292 4604 Domino:
1328 4547 1667 4619 Relinquetur
1699 4548 1840 4603 vobis
1879 4549 2063 4603 domus
2093 4563 2140 4623 ι)
2169 4554 2378 4624 positus
2403 4568 2432 4608 a
2474 4552 2584 4608 Deo
2635 4569 2802 4624 super
2848 4554 3372 4610 consummationem
3426 4556 3613 4612 saeculi
3643 4599 3655 4620 .
3713 4565 3766 4611 ut

463 4657 628 4701 vestra
658 4645 859 4700 deserta
887 4642 1107 4714 (Matth.
1133 4660 1293 4711 uni,
1324 4642 1442 4715 58),
1477 4644 1680 4714 populo
1724 4645 1886 4699 etiam
1935 4659 2063 4714 cap—

461 4739 657 4794 tivitati
687 4737 910 4804 tradito,
941 4746 996 4792 et
1024 4740 1077 4792 in
1119 4745 1232 4792 toto
1284 4735 1417 4792 orbe
1466 4736 1737 4806 disperso,
1799 4736 2061 4807 propheta

458 4832 529 4888 de
561 4831 760 4902 populo
807 4829 1138 4896 Judmorum,
1191 4830 1282 4900 qui
1326 4830 1713 4900 interpretatur
1749 4831 2062 4896 antplexatio

464 4929 554 4998 (eo
580 4925 724 4995 quod
756 4924 1023 4980 amaverit
1047 4925 1356 4992 Dominum,
1382 4932 1436 4978 et
1461 4923 1756 4978 adliaeserit
1776 4924 1846 4987 ei,
1879 4923 2064 4994 illique

425 5033 522 5094 _se
549 5016 814 5089 junxerit)
860 5033 925 5072 ex
953 5031 1186 5087 persona
1218 5017 1591 5087 apostolorum
1625 5029 1679 5071 et
1712 5017 1890 5086 populi
1938 5032 2060 5072 cre-

459 5110 644 5166 dentis
677 5113 726 5164 in
759 5109 980 5165 Christo
1007 5111 1283 5181 loquitur:
1313 5108 1426 5182 Ego
1449 5127 1565 5166 vero
1591 5111 1642 5182 in
1671 5108 1897 5165 Domino
1937 5129 2066 5182 gau-

461 5203 613 5268 debo,
637 5212 684 5256 et
710 5202 978 5257 emsnltabo
1005 5203 1055 5256 in
1085 5201 1188 5256 Deo
1244 5200 1372 5256 Iesu
1429 5219 1560 5256 meo.
1599 5181 1714 5257 νΡιο
1763 5220 1870 5274 quo
1921 5181 2064 5259 LXX

471 5293 922 5349 transtuleruntb
971 5303 1046 5367 τῷ
1099 5299 1291 5370 Esi-napi
1342 5315 1465 5366 μου,
1520 5293 1570 5348 id
1625 5304 1732 5362 est,
1790 5293 2066 5352 Saluatore

531 5490 557 5517 η
583 5481 818 5550 Corrigit
852 5479 1121 5536 Victorius
1148 5480 1216 5534 ad
1256 5479 1571 5534 vestiendum
1604 5496 1622 5534 :
1666 5480 1746 5535 sic
1785 5480 1931 5535 enim
1977 5481 2055 5537 le-

454 5552 602 5675 θεω-
623 5552 810 5607 Graece
833 5552 994 5607 Prov.
1023 5553 1090 5607 ‘27
1111 5555 1220 5608 ς’ἱνα
1244 5550 1376 5626 ἔχῃς
1401 5552 1643 5629 πρόϐατα
1660 5553 1730 5614 εἰς
1747 5553 2048 5626 ἱματισμόν.

511 5626 685 5675 uleatti
715 5639 929 5675 aiioaue
960 5623 1296 5675 editio.Sint.
1327 5630 1526 5675 innuit-
1551 5623 1756 5675 aanind
1780 5628 2048 5675 vestimen-

511 5626 685 5692 ulgata
715 5639 929 5694 quoque
960 5623 1526 5695 editi0,Sint,inquit,
1551 5629 1670 5696 agni
1689 5623 2052 5680 ttd’vestimen-

459 5703 568 5746 tum
598 5711 768 5749 suum.
799 5696 980 5751 Nostri
1012 5707 1193 5751 autem
1223 5711 1353 5750 mss.
1383 5699 1774 5760 assentiuntur,
1815 5704 2046 5752 tantum-

452 5779 559 5835 que
587 5765 653 5818 ab
680 5765 946 5835 impressa
971 5767 1210 5824 lectione
1237 5767 1527 5836 abluduut,
1555 5767 1696 5839 quod
1724 5768 1946 5822 habeant
1970 5772 2046 5824 le-

2167 4656 2359 4716 postea
2405 4644 2471 4700 ad
2515 4647 2794 4716 superiora
2829 4647 3202 4715 conscendat,
3242 4657 3299 4704 et
3329 4665 3358 4704 a
3390 4649 3502 4705 Deo
3565 4649 3761 4706 educa-

2167 4749 2254 4794 tur
2279 4739 2345 4794 ad
2373 4755 2646 4795 summum
2673 4780 2688 4807 ,
2719 4739 2867 4796 dicet
2891 4758 2904 4795 :
2937 4740 3007 4796 Et
3039 4751 3191 4813 ponet
3223 4741 3377 4813 pedes
3397 4759 3538 4798 meos
3559 4743 3616 4798 in
3643 4760 3762 4798 con-

2165 4832 2555 4887 summationem
2574 4873 2588 4898 ,
2628 4848 2784 4902 super
2818 4834 3026 4888 excelsa
3061 4835 3292 4906 imponet
3319 4851 3398 4888 me
3423 4851 3440 4888 :
3470 4845 3528 4890 ut
3555 4852 3678 4891 cum
3703 4836 3765 4890 ab

2167 4927 2445 5002 ἀγωνοθέτῃ
2499 4925 2669 4993 Jesu,
2727 4927 2818 4998 qui
2863 4928 3072 4998 primus
3113 4930 3166 4982 in
3219 4944 3394 4998 agone
3445 4931 3762 5001 superavit,

2171 5017 2457 5089 praemium
2498 5018 2664 5074 fuerit
2684 5019 3032 5075 cantantibus
3057 5021 3332 5091 positum:
3355 5037 3458 5093 ego
3481 5023 3690 5079 vincam
3714 5023 3762 5078 in

2173 5111 2416 5166 carmine
2441 5111 2591 5181 ejus,
2623 5121 2678 5167 et
2706 5126 2901 5167 manus
2929 5128 3066 5168 mea:
3095 5124 3428 5184 componant
3454 5117 3720 5171 citharam
3749 5158 3763 5184 ,

2173 5213 2226 5260 et
2271 5205 2630 5276 psalterium,
2687 5217 2742 5262 et
2793 5222 2957 5262 omne
3005 5222 3336 5279 organorum
3384 5224 3588 5280 genus,
3636 5211 3767 5266 scri—

2173 5299 2408 5371 bamque
2448 5301 2838 5373 panegyricum
2881 5301 3267 5372 triumphanti.
3299 5301 3366 5357 Et
3396 5302 3489 5373 qui
3527 5303 3584 5358 in
3625 5303 3766 5375 prin-

2159 5493 2290 5555 gunt
2323 5499 2420 5553 pro
2450 5483 2681 5539 habeas:
2714 5483 2947 5551 scilicet,
2977 5497 3109 5538 oves
3162 5482 3231 5538 ad
3279 5483 3615 5540 vescendum
3675 5485 3765 5540 ba-

2161 5559 2346 5621 beant,
2378 5568 2529 5610 recto
2555 5558 2740 5626 utique
2764 5569 2956 5609 sensu.

2229 5626 2255 5664 ι’
2283 5626 2470 5683 Grznca
2497 5625 2684 5694 verba,
2712 5634 2786 5701 τῷ
2819 5628 3017 5705 σωτῆρί
3043 5648 3166 5699 μου,
3198 5632 3276 5693 et,
3307 5625 3363 5680 id
3406 5637 3502 5694 est,
3553 5629 3607 5683 in
3663 5629 3766 5687 Re-

2154 5699 2264 5770 giu.
2302 5715 2404 5753 ms.
2431 5715 2538 5753 non
2563 5710 2711 5753 sunt.

2229 5781 2250 5810 ε
2283 5770 2474 5841 Regin.
2499 5786 2628 5838 ms.,
2653 5780 2700 5824 et
2721 5787 2876 5824 unam
2905 5769 3204 5838 editionem,
3232 5779 3286 5825 nt
3312 5771 3382 5824 ad
3402 5782 3626 5845 tempus,
3653 5783 3760 5830 etc.
