4050 6342
365 291 506 348 1557

1105 292 1761 355 COMMENTARIORUM
1799 298 1866 354 IN
1907 298 2304 355 SOPHONIAM
2346 299 2570 356 le‘ER.
2609 301 2760 358 CAP.
2805 302 2845 356 l.

3519 305 3656 362 1358

359 407 510 476 cipio
540 407 752 464 locutus
778 422 896 464 sum
929 426 942 463 :
980 409 1258 483 Usquequo
1279 410 1515 466 clamabo
1539 453 1557 479 ,
1588 422 1636 466 et
1667 429 1772 466 non
1799 429 1958 468 ρεπιι-
1985 420 2040 480 Α
2063 413 2295 468 laudabo
2324 416 2635 484 mquitatcm
2679 417 2830 488 ejus,
2880 425 2933 474 et
2967 424 3225 475 cantores
3268 428 3501 476 caeteros
3538 437 3662 480 meo

357 501 466 555 dies
490 501 513 556 ?
550 502 876 572 oociferabor
902 503 972 556 ad
1000 513 1048 557 te
1078 504 1178 558 vim
1201 505 1440 575 patiens,
1495 513 1542 557 et
1570 521 1673 558 non
1702 505 1966 561 salvabis?
2063 508 2308 564 carmine
2336 509 2630 580 superabo.

355 604 411 650 et
441 593 511 650 de
535 595 750 666 jnstitia
780 595 902 666 ejus
928 596 1251 667 judicioque
1281 606 1539 652 causatus
1566 611 1685 652 sum
1716 615 1729 652 :
1774 607 1967 668 postea

351 722 3647 775 ὢ

952 854 1095 969 S.
1171 856 1893 972 EUSEBII
1967 862 3054 984 EIEBONYMI

1439 1051 2006 1115 STRIDONENSIS
2049 1055 2546 1120 PRESBYTERI

1175 1210 2898 1462 COMMENEARIORUM

348 1446 351 1447 ξ
485 1540 1880 1758 SOPHONIAM
1961 1446 3525 1721 “‘PROPHETAM

1583 1791 1955 1889 FLIBER
2031 1807 2388 1893 UNUS.

1644 2079 2358 2263 ﬁculneae.

416 2452 768 2526 671-672
807 2451 1117 2524 Antequam
1143 2451 1478 2523 SopbOuiam
1503 2452 1812 2524 aggrediar,
1851 2455 1944 2526 qui
1977 2465 2026 2525 Β
2053 2476 2173 2516 rum
2201 2503 2214 2526 .
2258 2473 2313 2519 et
2342 2481 2462 2536 quae
2491 2466 2734 2539 integros
2762 2467 2931 2524 libros
2958 2467 3201 2541 ﬂagitent
3235 2470 3359 2545 [ΑΙ.
3385 2471 3590 2542 ﬂagitet
3609 2469 3652 2545 ].

346 2562 524 2604 nonus
563 2556 648 2602 est
695 2550 750 2600 in
797 2546 994 2602 ordine
1035 2545 1325 2602 duodecim
1382 2545 1812 2618 prophetarum,
1862 2564 1949 2604 re-

345 2639 728 2714 Spondendunt
747 2639 1067 2696 videtnrhis
1087 2641 1177 2711 qui
1195 2657 1283 2694 me
1298 2640 1634 2696 irridendum
1650 2642 1945 2709 aestimant,

343 2735 488 2809 quod
523 2734 652 2810 [Αι.
683 2734 1000 2807 quomodo]
1031 2734 1252 2790 omissis
1279 2734 1412 2790 viris
1436 2776 1451 2802 ,
1485 2735 1552 2790 ad
1584 2751 1678 2790 vos
1708 2735 1944 2792 scribam

341 2829 690 2901 potissimum
717 2871 733 2893 ,
767 2845 800 2883 ο
828 2828 996 2883 Paula
1027 2838 1084 2884 et
1111 2828 1491 2884 Eustochium.
1524 2830 1626 2896 Qui
1657 2829 1704 2885 si
1741 2830 1949 2886 scirent

341 2920 566 2984 Oldam,
600 2920 729 2976 viris
751 2921 1095 2983 tacentibus,
1131 2921 1486 2992 prophetasse
1514 2964 1529 2990 ,
1561 2931 1616 2977 et
1642 2922 1944 2979 Debboram

337 3016 581 3088 judicem
615 3017 823 3087 pariter
850 3027 905 3072 et
933 3015 1239 3089 propheten
1263 3059 1276 3083 ,
1311 3016 1500 3072 hostes
1527 3017 1731 3085 Israel,
1775 3018 1944 3074 Barac

341 3113 573 3168 timente
592 3155 606 3178 ,
629 3125 924 3184 superasse
955 3109 1163 3184 (ludio.
1187 3127 1240 3166 IV
1265 3110 1318 3184 ):
1346 3123 1400 3168 ct
1429 3111 1614 3166 Judith
1637 3122 1694 3168 et
1720 3113 1943 3180 Esther,

343 3206 396 3262 in
431 3219 557 3280 typo
578 3207 858 3273 Ecclesiae,
898 3214 954 3262 et
982 3207 1252 3263 occidisse
1273 3207 1656 3273 adversarios,
1701 3218 1756 3262 et
1795 3211 1942 3278 peri-

343 3309 521 3354 turum
547 3300 713 3356 Israel
744 3300 813 3355 de
837 3300 1083 3370 periculo
1112 3300 1416 3357 liberasse:
1447 3310 1473 3340 δ
1501 3318 1794 3373 numquam
1821 3313 1942 3374 post

341 3403 552 3466 tergum
593 3411 771 3450 meum
805 3411 1029 3450 manum
1069 3405 1362 3450 curvarent
1417 3396 1470 3450 in
1503 3395 1799 3452 ciconiam.
1835 3395 1941 3451 Ta-

340 3505 438 3546 ceo
465 3489 534 3547 de
565 3492 723 3546 Anna
747 3497 805 3547 et
826 3491 1103 3546 Elisabeth
1127 3533 1142 3557 ,
1193 3500 1247 3546 et
1275 3491 1492 3547 caeteris
1521 3493 1722 3548 sanctis
1750 3492 1942 3548 mulie-

337 3585 511 3653 ribus,
544 3601 774 3656 quarnm
800 3586 950 3641 velut
979 3586 1223 3641 siderum
1257 3586 1557 3657 igniculos,
1598 3588 1803 3643 clarum
1831 3588 1940 3643 Ma-

336 3679 432 3734 ria:
471 3679 653 3733 lumen
696 3677 998 3734 abscondit.
1048 3677 1130 3733 Ad
1161 3679 1392 3749 gentiles
1425 3679 1653 3735 feminas
1681 3681 1894 3735 veniam
1920 3723 1936 3750 ,

336 3781 396 3828 ut
438 3781 492 3828 et
539 3772 680 3843 apud
732 3772 918 3828 saeculi
964 3773 1321 3842 philosophos
1371 3772 1591 3828 videant
1629 3774 1936 3829 animorum

2052 2555 2178 2611 Mihi
2212 2567 2444 2625 tantum,
2471 2561 2595 2630 quia
2622 2560 2767 2614 aliud
2787 2561 2970 2630 operis
3003 2562 3289 2630 incumbit,
3308 2564 3362 2618 in
3394 2563 3499 2620 fine
3528 2579 3656 2635 pro—

2049 2651 2156 2722 logi
2181 2651 2384 2708 dixisse
2402 2654 2656 2720 sufficiat,
2692 2655 2986 2710 Dominum
3014 2667 3389 2726 resurgentem
3418 2658 3655 2728 primum

2049 2745 2371 2816 apparuisse
2399 2746 2718 2803 mulieribus
2746 2746 2913 2818 (Mat.
2935 2765 3126 2815 xxvm,
3151 2759 3196 2804 et
3215 2748 3383 2821 Luc.)
3405 2793 3419 2818 ,
3441 2762 3495 2807 et
3519 2766 3652 2823 apo-

2048 2841 2318 2897 stolorum
2349 2842 2468 2898 illas
2498 2844 2669 2899 fuisse
2697 2844 3001 2914 aposmlas,
3038 2853 3094 2900 ut
3124 2847 3520 2902 erubescerent
3549 2847 3653 2903 viri

2048 2951 2158 2991 non
2189 2950 2462 3007 quaerere,
2497 2953 2661 3010 quem
2693 2940 2804 3009 jam
2844 2939 3091 3011 fragilior
3133 2954 3296 2996 sexus
3338 2941 3643 2998 invenerat.

2123 3124 2280 3195 (Cap.
2320 3123 2363 3178 l.
2389 3153 2460 3162 --
2484 3122 2644 3178 Vers.
2697 3119 2776 3191 1.)
2804 3121 2966 3194 673
3005 3121 3230 3175 Verbum
3271 3118 3488 3175 Domini
3513 3121 3653 3190 quod

2045 3217 2243 3287 factum
2273 3223 2346 3269 est
2392 3215 2460 3268 ad
2506 3214 2832 3286 Saphoniam
2864 3212 3034 3284 ﬁlium
3063 3213 3246 3278 Chusi,
3279 3211 3307 3251 ι)
3341 3213 3438 3284 ﬁlii
3469 3210 3650 3267 Codo-

2045 3310 2152 3376 lice,
2181 3309 2281 3380 ﬁlii
2312 3309 2556 3379 Amerina,
2587 3308 2686 3381 ﬁlii
2715 3307 2989 3372 Ezechiae;
3022 3309 3075 3362 in
3107 3307 3292 3363 diebus
3321 3306 3508 3373 Josice,
3545 3309 3646 3380 ﬁlii

2045 3404 2267 3458 Ammon
2291 3403 2428 3474 regis
2455 3401 2622 3456 Juda.
2657 3399 2802 3458 LXX
2840 3400 3118 3455 similiter.
3150 3399 3401 3456 Tradunt
3430 3400 3646 3456 llebra'i

2043 3497 2432 3566 cujuscumque
2477 3495 2756 3566 propheta:
2802 3505 2958 3565 pater
3007 3504 3100 3548 aut
3141 3509 3273 3548 avus
3316 3503 3549 3564 ponatur
3592 3493 3644 3549 in

2044 3590 2246 3656 titulo,
2308 3590 2458 3660 ipsos
2515 3604 2730 3661 quoque
2797 3587 3093 3658 prophetas
3150 3589 3338 3645 fuisse.
3395 3588 3550 3645 Unde
3593 3599 3648 3645 et

2042 3681 2213 3738 Amos
2249 3693 2268 3721 ε
2301 3696 2444 3737 unus
2481 3682 2550 3738 de
2593 3681 2879 3737 duodecim
2915 3681 3217 3754 prophetis,
3263 3682 3352 3752 qui
3383 3681 3594 3738 dixerat
3630 3703 3640 3738 :

2046 3774 2168 3829 Non
2215 3792 2329 3829 sum
2373 3775 2650 3848 prapheta,
2687 3793 2780 3830 nec
2816 3777 2959 3846 ﬁlius
3005 3776 3272 3848 prop/tela!
3301 3791 3317 3832 :
3347 3775 3438 3831 sed
3465 3785 3645 3848 pastor

335 3864 674 3920 dill‘erentias
699 3865 869 3936 quaeri
897 3865 1080 3921 solere
1107 3910 1122 3934 ,
1169 3881 1274 3920 non
1307 3881 1623 3936 corporum.
1669 3867 1824 3922 Plato
1853 3869 1935 3922 in-
1962 3870 2007 3932 C
2041 3886 2339 3942 caprarum,
2374 3871 2616 3926 vellicant:
2646 3870 2916 3942 sycamina
2947 3869 3133 3940 (Amos
3178 3885 3271 3937 vn,
3309 3869 3421 3943 14),
3474 3872 3643 3940 patris

335 3959 494 4015 ducit
521 3961 809 4029 ASpasiam
839 3959 1206 4030 disputantem
1242 3977 1256 4016 :
1288 3960 1508 4032 Sappho
1538 3977 1661 4017 cum
1702 3963 1936 4020 Pindaro

333 4053 614 4123 scribitur,
659 4063 716 4110 et
752 4055 934 4111 Alcato
962 4071 978 4112 :
1011 4055 1287 4110 Themista
1326 4056 1466 4112 inter
1504 4057 1935 4126 Sapientissimos

334 4145 564 4202 Graecisa
595 4145 1016 4218 philosophatur
1045 4166 1060 4205 :
1092 4149 1400 4204 Corneliam
1433 4149 1836 4217 Gracchorum,
1879 4151 1931 4206 id

332 4250 450 4307 est,
502 4252 743 4296 vestram
771 4283 786 4306 ,
840 4250 950 4296 tota
986 4241 1243 4297 Romana:
1273 4243 1426 4298 urbis
1465 4243 1619 4298 turba
1662 4245 1929 4300 miratur:

333 4331 645 4389 Carneades
667 4333 1157 4405 eloquentissimus
1190 4337 1637 4409 philosophorum
1665 4381 1681 4404 ,
1726 4340 1933 4395 acutis-

332 4429 501 4484 simus
531 4429 815 4485 rhetorum
841 4472 857 4496 ,
919 4433 1010 4500 qui
1056 4430 1196 4501 apud
1242 4432 1559 4486 consulares
1599 4431 1748 4487 viros
1785 4441 1839 4487 et
1878 4434 1930 4486 in

332 4521 622 4577 Academia
649 4522 867 4592 plausus
888 4522 1132 4577 excitare
1152 4533 1546 4592 consueverat,
1573 4523 1932 4597 673-674

332 4630 439 4670 non
466 4615 685 4670 erubuit
706 4615 758 4670 in
796 4616 1000 4686 privata
1032 4615 1215 4681 domo,
1246 4617 1505 4672 audiente
1528 4629 1776 4672 matrona
1805 4660 1821 4682 ,
1861 4621 1930 4674 de

329 4709 676 4780 philosophia
706 4709 1006 4780 disputare.
1037 4709 1180 4776 Quid
1214 4709 1448 4764 referam
1485 4711 1712 4764 Catonis
1737 4710 1928 4776 filiam,

330 4799 483 4856 Bruti
511 4801 798 4873 conjugem
825 4842 841 4869 ,
893 4801 1048 4873 cujus
1084 4804 1257 4859 virtus
1289 4801 1416 4858 facit
1461 4820 1528 4858 ne
1569 4804 1738 4874 patris
1766 4804 1930 4858 mari-

353 4893 477 4965 ique
527 4896 890 4950 constantiam
946 4904 1236 4966 tantopere
1290 4898 1602 4954 miremur?
1652 4898 1816 4954 Plena
1845 4907 1929 4954 est

330 4986 559 5044 historia
579 4998 687 5044 tam
708 4987 896 5044 Graeca
929 5004 1092 5060 quam
1131 4990 1320 5047 Latina
1358 4993 1652 5048 virtutibus
1695 4992 1925 5048 femina-

2045 3978 2245 4018 nomen
2277 3963 2331 4018 in
2366 3963 2525 4017 titulo
2556 3978 2663 4018 non
2697 3963 2876 4018 habet.
2925 3963 3037 4016 lloc
3077 3963 3122 4018 si
3157 3979 3344 4020 verum
3397 3973 3512 4034 est,
3543 3962 3641 4020 So-

2047 4057 2275 4127 phonias
2307 4057 2590 4128 propheta,
2644 4073 2809 4129 quem
2858 4071 3006 4112 nunc
3036 4072 3300 4112 conamur
3341 4072 3642 4128 exponere,

2043 4151 2068 4190 (ἶ
2099 4155 2348 4220 nomine,
2381 4162 2440 4206 ut
2471 4153 2546 4208 ita
2579 4153 2779 4222 dicam,
2806 4150 3156 4222 prOphetico,
3183 4158 3238 4206 et
3268 4151 3505 4218 gloriosa
3533 4166 3646 4206 ma-

2036 4245 2216 4318 jorum
2265 4260 2488 4300 suorum
2541 4245 2710 4316 stirpe
2763 4255 3052 4315 generatus
3088 4253 3204 4310 est;
3253 4244 3439 4300 habuit
3495 4247 3638 4300 enim

2041 4348 2249 4410 patrem
2272 4337 2462 4404 Chusi,
2497 4353 2654 4394 avum
2683 4337 2992 4403 Godoliam,
3025 4353 3282 4406 proavum
3333 4339 3635 4410 Amariam,

2037 4441 2254 4485 atavum
2301 4430 2587 4485 Ezecltiatn
2628 4439 2725 4485 :et
2771 4430 2930 4484 talem
2959 4429 3278 4500 quadrigam
3330 4431 3448 4500 ipse
3492 4431 3640 4486 velut

2037 4533 2314 4579 extremus
2356 4524 2545 4594 auriga
2595 4522 2907 4592 complevit.
2962 4521 3168 4577 Nomen
3215 4521 3512 4592 SOphonite
3543 4525 3635 4579 alii

2035 4615 2321 4684 speculam,
2363 4613 2454 4668 alii
2495 4608 2748 4668 ar'canum
2797 4611 3010 4668 Domini
3053 4613 3474 4669 transtulerunt.
3507 4613 3636 4687 Sive

2035 4708 2200 4780 igitur
2249 4708 2490 4777 specula,
2545 4717 2568 4743 ο
2604 4705 2718 4761 sive
2768 4705 3146 4760 absconditum
3204 4706 3422 4762 Domini
3469 4707 3639 4763 inter-

2038 4809 2300 4872 pretetur,
2329 4811 2624 4871 utrumque
2657 4803 2936 4869 prophetae
2959 4799 3231 4856 convenit.
3260 4801 3468 4856 Dicitur
3490 4803 3633 4857 enim

2037 4905 2085 4950 et
2121 4897 2185 4948 ad
2218 4893 2472 4949 Ezechiel
2505 4913 2515 4947 :
2550 4892 2662 4948 Fili
2688 4894 2935 4961 hominis,
2964 4895 3344 4964 speculatorem
3391 4905 3438 4950 te
3483 4899 3636 4969 posui

2038 4989 2211 5042 domui
2241 4985 2412 5042 Israel
2440 4975 2656 5060 (Επειδὴ.
2702 5003 2782 5058 tu,
2819 4987 2931 5059 l7).
2979 4990 3044 5043 Et
3081 4988 3132 5043 in
3166 4989 3276 5044 alio
3307 4989 3429 5044 loco
3463 5009 3474 5044 :
3510 4988 3634 5044 Non

403 5138 426 5166 ο
462 5128 597 5184 Huic
631 5128 810 5184 simile
845 5136 930 5200 est
967 5129 1112 5197 quod
1143 5130 1341 5200 legitur
1373 5131 1513 5200 apud
1548 5131 1790 5186 Persium
1834 5128 1933 5185 Sa-
1960 5128 2012 5188 D
2041 5128 2123 5184 Ex
2161 5125 2332 5200 Persii
2365 5125 2548 5180 Satira
2572 5141 2628 5180 ιε

330 5201 429 5257 lira
465 5203 484 5256 l
520 5243 535 5267 ,
574 5200 772 5272 Jannm
815 5199 961 5255 nulla
1001 5199 1215 5256 ciconia
1270 5199 1496 5272 pinsita
1536 5213 1709 5272 tergo.
1752 5201 1810 5256 ld
1841 5211 1924 5256 est

329 5288 490 5328 nemo
518 5273 700 5342 digitis
743 5271 991 5327 dextera:
1033 5287 1226 5326 manus
1272 5271 1324 5328 in
1373 5290 1538 5328 unum
1577 5271 1824 5330 collectis
1855 5274 1921 5328 ad

329 5343 501 5399 instar
535 5343 696 5398 rostri
727 5345 1063 5398 ciconiarum
1084 5387 1098 5410 ,
1125 5344 1534 5416 ridet.ll-Ianutu
1582 5345 1768 5416 itaque
1798 5361 1922 5400 cur-

327 5431 459 5470 vare
492 5424 614 5484 post
645 5427 850 5484 tergum
881 5417 932 5469 in
961 5414 1226 5470 ciconiam
1255 5459 1269 5480 ,
1303 5415 1446 5471 idem
1479 5427 1592 5479 est,
1649 5414 1700 5471 ni
1737 5417 1920 5484 fallor,

329 5501 396 5543 ac
420 5489 600 5542 ridere
621 5486 854 5555 aliquem
881 5486 1052 5557 digito
1084 5487 1198 5542 sive
1228 5502 1392 5543 manu
1413 5500 1638 5545 curvata
1660 5490 1725 5545 ad
1752 5490 1923 5546 instar

331 5559 458 5614 colli
487 5557 837 5612 ciconiarum.
864 5558 921 5613 In
946 5573 1053 5614 uno
1079 5560 1271 5614 codice
1295 5577 1396 5614 ms.
1421 5559 1478 5616 S.
1505 5559 1764 5617 Germani
1793 5578 1918 5618 nos-

336 5631 404 5684 tri
451 5647 477 5682 a
522 5630 703 5684 Pratis
749 5629 982 5695 legimus
1027 5648 1235 5685 manum
1263 5632 1485 5686 mitteret
1516 5634 1571 5688 in
1631 5636 1913 5689 ciconcam.

331 5701 514 5774 Mser.
541 5731 613 5741 —
637 5699 904 5774 lrridendi
933 5702 1188 5770 modum,
1219 5718 1379 5774 quem
1404 5714 1458 5758 et
1489 5707 1660 5774 Epist.
1706 5707 1808 5761 ηδ
1850 5706 1916 5761 ad

336 5773 640 5849 Rusticum,
668 5787 818 5849 num.
846 5773 934 5849 i8,
964 5784 1116 5849 notat
1147 5793 1161 5829 :
1193 5773 1250 5829 si
1277 5775 1446 5849 subito
1475 5773 1790 5849 reSpeuris,
1831 5790 1919 5832 aut

335 5845 652 5900 ciconiarum
679 5843 1029 5914 deprehendes
1048 5856 1163 5916 post
1185 5857 1233 5901 te
1254 5846 1390 5902 colla
1411 5843 1615 5904 curvari
1635 5891 1650 5917 ,
1676 5843 1784 5918 aut,
1811 5860 1914 5906 etc.

2152 5195 2193 5247 Ο
2217 5196 2360 5251 ιεηκ.
2396 5210 2424 5247 a
2453 5204 2617 5257 tergo,
2653 5210 2802 5260 quem
2837 5197 2969 5246 nulla
2992 5199 3174 5247 ciconia
3208 5199 3373 5260 pinsit,
3403 5206 3499 5250 etc.

2099 5273 2127 5312 ι)
2155 5273 2370 5344 Peccat
2395 5269 2656 5344 Martian.
2693 5271 2784 5342 qui
2839 5271 3024 5344 verba,
3053 5269 3159 5344 ﬁlii
3201 5269 3460 5337 Godolice,
3511 5291 3632 5344 qua}

2029 5343 2324 5421 prmferunl
2348 5341 2472 5397 libri
2504 5358 2718 5421 omnes,
2751 5342 3096 5421 supine‘satis
3125 5346 3516 5421 praetermittit.

2105 5430 2126 5458 c
2160 5417 2353 5486 Regiu.
2389 5427 2516 5476 ms.,
2549 5415 2706 5468 Amos
2726 5430 2894 5486 unum
2933 5414 2997 5466 de
3025 5415 3321 5478 duodecim,
3352 5426 3403 5470 ct
3437 5431 3631 5472 cense-

2027 5484 2280 5562 qneutcr,
2333 5504 2434 5542 non
2474 5486 2678 5542 habere.
2724 5484 2827 5539 Pro
2871 5501 2973 5538 non
3016 5501 3152 5552 sum,
3202 5500 3416 5558 quoque
3447 5490 3622 5560 ponit,

2188 5578 2296 5614 ram
2307 5602 2317 5611 .

2188 5580 2317 5614 ram.

2029 5580 2130 5671 nos
2156 5580 2348 5688 fierine
2373 5632 2573 5686 rectius
2605 5628 2771 5701 habet
2815 5626 3002 5701 Regia.
3037 5644 3137 5681 ms.
3165 5645 3363 5684 canone
3397 5646 3494 5701 pro
3535 5651 3628 5688 no-

2027 5709 2160 5761 mine
2185 5723 2202 5758 :
2237 5705 2472 5774 pessime
2516 5713 2696 5756 autem
2729 5699 2974 5754 Martiali.
3025 5701 3231 5770 legerat
3260 5715 3383 5757 cunt
3399 5699 3624 5778 addito,

2027 5780 2115 5850 qui
2139 5780 2361 5850 nomine.

2103 5859 2127 5887 ε
2160 5846 2442 5906 lnterserit
2469 5845 2611 5902 idem
2641 5860 2770 5916 ms.,
2803 5845 2911 5900 siue
2939 5860 3210 5904 arcanum.
