4028 6342
430 263 497 320 45
508 265 569 318 59

1670 267 1726 322 S.
1773 264 2044 324 EUSEBII
2084 262 2464 324 HIERONYMI

3582 262 3721 320 1540

431 383 582 452 faciet
606 379 863 438 Dominus
890 384 1196 456 quidquam,
1225 384 1328 439 nisi
1358 383 1652 440 revelaverit
1679 382 2021 454 disciplinam
2049 382 2100 446 Α
2124 381 2229 436 sias
2258 381 2649 451 interpretatur
2677 382 2892 440 eleuatio
2924 379 3175 452 Domini)
3208 390 3262 434 et
3291 379 3397 436 fuit
3418 379 3504 435 vir
3524 379 3724 452 justus,

430 490 576 528 suam
625 476 785 528 servis
813 475 918 529 suis
959 476 1243 548 prophetis.
1277 475 1345 530 Et
1377 474 1506 530 noni
1551 475 1752 532 Psalmi
1811 473 2030 540 titulus,

432 589 526 642 pro
567 571 886 626 absconditis
912 573 1008 642 ﬁlii
1058 573 1470 645 interpretatur.
1495 572 1602 627 Iste
1633 586 1763 642 ergo
1793 569 2032 642 prephe-

435 677 509 732 ta,
543 668 631 734 qui
661 676 780 721 erat
809 667 860 719 in
886 667 1108 737 specula
1144 677 1196 722 et
1228 667 1280 722 in
1319 667 1644 722 sublimibus
1670 666 2026 733 constitutus,

433 766 486 810 et
515 769 740 810 noverat
771 759 1032 828 mysteria
1065 758 1304 823 Domini,
1340 759 1482 812 ﬁlius
1528 769 1646 812 erat
1685 757 1843 813 Chusi
1893 757 1912 830 (
1942 757 2031 828 qui

437 851 826 920 interpretatur
853 851 1146 920 humilitas,
1177 855 1266 910 vel
1309 852 1564 926 Ethiope
1593 867 1734 908 utens
1754 894 1770 921 ,
1815 852 1884 908 de
1926 866 2034 924 quo

439 951 622 1010 pbstea
674 943 1025 998 tractabimus
1054 941 1097 1015 ),
1124 944 1356 999 habebat
1386 959 1602 1015 quoque
1649 961 1808 998 avum
1858 942 2035 1000 Gude-

437 1035 584 1101 liam,
646 1035 735 1104 qui
794 1033 996 1090 dicitur
1047 1038 1353 1110 magnitudo
1406 1037 1642 1104 Domini,
1676 1048 1729 1092 et
1772 1051 2034 1106 proavum

439 1126 726 1190 Antariam,
751 1128 842 1197 qui
875 1139 927 1181 et
953 1129 1067 1197 ipse
1100 1130 1327 1183 vertitur
1359 1129 1412 1183 in
1455 1146 1742 1184 sermonem
1775 1129 1984 1184 Domini
2016 1147 2035 1184 :

440 1229 495 1274 et
522 1229 736 1274 atavum
775 1219 1076 1292 Esse/tiam,
1119 1222 1214 1294 qui
1242 1233 1401 1278 sonat
1421 1223 1781 1296 fortitudinem
1803 1222 2034 1278 Domini.

441 1313 519 1368 De
551 1313 869 1370 fortitudine
901 1316 1081 1386 itaque
1113 1318 1348 1380 Domini,
1392 1327 1552 1372 natus
1600 1327 1679 1374 est
1721 1333 1903 1373 sermo
1933 1319 2039 1373 Du-

442 1408 686 1474 mini,et
714 1409 780 1462 de
809 1424 1062 1464 sermone
1122 1411 1334 1465 Domini
1389 1420 1512 1464 nata
1579 1421 1664 1465 est
1721 1410 2038 1481 magnitudo

447 1501 687 1566 Domini,
734 1511 788 1554 et
824 1501 891 1556 de
923 1502 1296 1572 magnitudine
1330 1503 1545 1562 Domini
1576 1512 1700 1558 nata
1731 1513 1816 1558 est
1864 1505 2040 1558 humi-

443 1592 585 1656 litas,
607 1591 773 1666 6⁸14
799 1603 853 1648 ut
885 1610 1005 1648 cmn
1040 1593 1350 1663 pervenerit
1383 1594 1580 1663 aliquis
1610 1595 1675 1649 ad
1711 1591 2034 1664 perfectum,

441 1689 622 1742 dicat:
656 1687 777 1742 Non
803 1705 916 1742 sum
949 1691 1138 1760 dignus
1167 1691 1337 1745 vocari
1364 1691 1634 1760 apostolus
1679 1691 1874 1762 (lCor.
1910 1706 1966 1744 ιχ
1996 1692 2033 1760 ).

2135 488 2188 532 et
2214 474 2284 532 de
2312 475 2558 530 laudibus
2579 475 2719 545 ejus,
2748 474 3064 547 Regnum-um
3093 488 3311 546 quoque
3357 482 3412 530 et
3440 473 3696 544 Paralipo
3715 501 3728 514 -

2136 583 2334 626 menon
2366 567 2558 624 scribit
2603 568 2828 626 historia
2876 567 2974 639 (Ν
3003 567 3139 640 Reg.
3191 582 3359 632 χχιιι.
3391 576 3440 622 et
3471 565 3513 622 ll
3541 565 3726 624 Paret.

2135 660 2358 736 δίκην).
2392 662 2459 716 Et
2489 661 2681 717 habuit
2711 673 2917 732 patrem
2945 664 3202 726 Ammon,
3231 675 3390 715 avum
3443 660 3730 715 Manassen

2136 754 2236 828 (ιν
2265 755 2393 827 Reg.
2422 753 2561 827 xxx).
2589 755 2867 826 Legimus,
2896 755 3187 811 Manassen
3222 765 3342 826 post
3372 756 3540 810 multa
3559 756 3732 810 scele-

2137 864 2218 912 ra,
2243 857 2296 901 et
2321 855 2441 920 post
2469 849 2841 920 captivitatem
2863 847 2917 906 in
2939 848 3236 922 Babylone,
3253 848 3432 919 egisse
3456 847 3732 917 paeniten-

2139 947 2289 1010 tiam,
2319 955 2370 999 et
2399 943 2464 998 ad
2498 944 2725 998 meliora
2769 955 3092 1000 cenversum
3150 943 3362 999 Domini
3417 943 3735 998 misericor—

2135 1037 2278 1096 diam
2309 1047 2684 1094 consecutum.
2721 1045 2746 1075 ⁸
2781 1036 2932 1093 Unde
2980 1046 3038 1092 et
3094 1035 3219 1092 lidei
3267 1052 3404 1103 suae,
3429 1051 3528 1106 per
3570 1050 3733 1106 quam

2139 1131 2446 1186 crediderat
2497 1130 2634 1197 Deo,
2681 1130 2850 1184 lilium
2899 1130 3120 1184 vocavit
3163 1131 3456 1202 ἐπώνυμον,
3509 1127 3565 1183 id
3617 1138 3732 1193 est,

2141 1227 2413 1284 Ammon:
2458 1224 2727 1296 siquidem
2778 1225 3182 1316 AIHONQ‘DR)
3227 1226 3358 1296 ﬁdes
3409 1225 3740 1293 interpreta-

2141 1329 2246 1376 tur.
2275 1317 2562 1390 Simulque
2592 1318 2903 1383 considera,
2935 1321 3079 1391 quod
3111 1334 3452 1391 nequaquam
3484 1327 3543 1372 ut
3573 1334 3734 1388 supra

2141 1427 2295 1484 reges
2317 1414 2505 1468 decem
2537 1411 2798 1478 tribuum,
2830 1412 2880 1466 id
2904 1421 3008 1478 est,
3036 1428 3192 1484 reges
3233 1411 3403 1467 Israel
3432 1420 3736 1482 ponantur;

2141 1508 2236 1562 sed
2269 1520 2424 1578 reges
2457 1513 2666 1562 tantum
2695 1505 2868 1562 indue.
2899 1508 3018 1562 iam
3061 1505 3206 1562 enim
3235 1504 3427 1562 decem
3464 1504 3638 1560 tribus
3667 1505 3738 1559 ab

2146 1599 2384 1672 Assyriis
2415 1597 2518 1654 sub
2566 1611 2694 1670 rege
2722 1599 2951 1654 Ezechia
2990 1606 3146 1672 patre
3187 1597 3438 1654 Manasse
3489 1596 3741 1654 deducta:

2146 1696 2354 1750 fuerant
2379 1695 2432 1748 in
2461 1693 2830 1763 captivitatem
2859 1693 2879 1766 (
2907 1693 2973 1749 IV
3005 1691 3138 1765 Reg.
3165 1693 3229 1747 l7
3258 1693 3299 1762 ).
3327 1691 3441 1747 lloc
3473 1693 3525 1745 in
3561 1705 3742 1761 proas-

444 1782 508 1836 Et
533 1782 665 1836 illud
699 1783 749 1836 in
783 1783 1011 1838 Psalmis
1038 1802 1050 1838 :
1086 1784 1305 1839 Domine
1325 1829 1338 1852 ,
1370 1803 1474 1840 non
1501 1796 1574 1840 est
1623 1785 1910 1842 exaltatum
1948 1801 2038 1841 cor
2067 1787 2114 1846 Β
2143 1787 2254 1844 mio
2275 1796 2334 1842 et
2381 1788 2430 1842 in
2473 1787 2628 1841 titulo
2654 1787 2743 1856 So;
2766 1785 2945 1842 honia:
2971 1786 3346 1857 generationis
3371 1795 3426 1840 et
3455 1783 3735 1853 temporis.

439 1893 628 1944 meum,
657 1895 819 1949 neque
843 1879 964 1932 elati
993 1889 1112 1932 sunt
1136 1878 1274 1932 oculi
1304 1881 1403 1933 mei
1430 1879 1549 1951 (Ps.
1580 1895 1740 1946 cxxx,
1769 1879 1853 1950 1).
1888 1880 2037 1934 Huc-

442 1987 612 2042 usque
643 1973 798 2042 quasi
835 1988 1010 2044 prono
1039 1975 1192 2043 lapsu
1223 2016 1235 2036 ,
1269 1985 1323 2029 et
1384 1989 1478 2044 per
1531 1974 1686 2042 plana
1729 1981 2035 2041 currentes,

442 2063 495 2118 in
525 2079 594 2120 eo
622 2065 764 2136 quod
795 2066 953 2120 Cltusi
975 2067 1137 2120 etiam
1171 2065 1420 2137 Ᾱίιηίορδ
1448 2083 1588 2121 meus
1621 2067 2035 2138 interpretatur,

445 2158 789 2229 impegimus.
814 2158 949 2214 Nam
985 2169 1106 2230 post
1139 2172 1315 2215 tantas
1366 2161 1601 2217 virtutes
1631 2157 1909 2230 quomodo
1941 2175 2040 2218 no-

444 2266 569 2306 men
604 2251 877 2323 Ethiopis
907 2268 1105 2309 sonare
1141 2255 1340 2324 poterit
1384 2255 1434 2309 in
1483 2255 1731 2310 laudem?
1765 2256 1828 2309 Et
1873 2257 2044 2324 siqui-

444 2344 571 2399 dem
605 2345 887 2416 Scriptura
919 2345 1146 2403 dixisset
1177 2347 1336 2416 Chus,
1373 2347 1424 2402 id
1456 2359 1562 2417 est,
1598 2347 1870 2418 /Ethiops,
1901 2349 2045 2403 vide-

448 2439 606 2496 batur
628 2440 1026 2496 indissolubilis
1055 2445 1320 2512 qutestio;
1351 2443 1496 2496 Chus
1524 2444 1726 2512 quippe
1757 2452 1914 2500 natus
1959 2451 2045 2498 est

446 2533 513 2586 de
542 2532 733 2588 Citam.
759 2531 872 2588 Sed
902 2533 954 2588 in
982 2548 1048 2589 eo
1069 2535 1212 2604 quod
1235 2534 1326 2598 ait,
1344 2532 1525 2600 Chusi,
1543 2534 1642 2590 hoc
1669 2545 1772 2600 est,
1795 2535 2044 2607 /Etltiops

443 2624 871 2688 meus,vitletur
915 2640 1114 2681 sonare
1171 2627 1488 2698 mysterium
1546 2644 1558 2680 :
1616 2627 1759 2698 quod
1815 2627 1905 2684 ille
1951 2627 2045 2700 qui

445 2719 718 2791 quondam
774 2719 1030 2790 Ethiops
1088 2719 1284 2787 fuerat,
1313 2736 1507 2778 versus
1557 2721 1610 2778 in
1664 2721 2043 2792 pmuitentim

447 2812 783 2885 (secundum
816 2813 947 2868 illud
976 2815 1120 2885 quod
1165 2814 1365 2870 dicitur
1397 2831 1410 2868 :
1444 2813 1722 2887 Ethiopia
1771 2815 2044 2887 praeveniet

443 2923 625 2963 manus
657 2912 771 2981 ejus
792 2906 904 2964 Deo
931 2908 1060 2978 (Ps.
1091 2925 1262 2976 vau,
1289 2907 1415 2982 52).
1455 2909 1520 2966 Et
1555 2909 1607 2966 in
1631 2910 1739 2966 alio
1767 2909 1890 2966 loco
1911 2907 2040 2980 (Ps.

444 3019 588 3068 LXXI,
619 3004 685 3063 9)
714 3020 727 3056 :
759 3003 825 3057 In
867 3017 1142 3073 conspectu
1175 3007 1286 3077 ejus
1316 3004 1581 3076 procident
1611 3002 1924 3074 ,Ethiopes)
1957 3003 2044 3057 di-

441 3107 532 3152 cat
554 3111 674 3152 rum
699 3111 902 3167 spensa
943 3098 995 3153 in
1029 3098 1260 3154 Cantico
1287 3098 1627 3153 canticorum
1661 3117 1675 3152 :
1708 3096 1880 3169 Nigra
1905 3114 2042 3166 sum,

441 3191 532 3246 sed
556 3189 665 3264 (Al.
699 3190 772 3263 et]
798 3191 1027 3260 speciosa
1050 3190 1160 3259 ﬁlia
1187 3189 1478 3246 Jerusalem
1523 3187 1712 3261 (Cant.
1739 3205 1776 3254 l,
1813 3190 1845 3244 4
1862 3189 1905 3260 ).
1939 3188 2048 3246 Le-
2077 3175 2121 3239 (ἶ

442 3285 618 3355 ginms
647 3294 702 3338 et
728 3287 776 3338 in
801 3284 1040 3340 .leremia
1054 3286 1171 3340 Ahd
1183 3286 1376 3340 imelec
1391 3284 1707 3342 eunuchum
1728 3283 2044 3352 Ethiopem

446 3377 718 3446 placuisse
749 3379 859 3434 Deo
891 3376 1034 3450 (Jer.
1065 3377 1298 3446 xxsvm)
1338 3393 1350 3432 :
1385 3387 1438 3432 et
1467 3378 1520 3434 in
1572 3379 1724 3436 Actis
1770 3377 2048 3448 apostolo-

445 3488 565 3526 rum
593 3471 906 3540 JEthiopem
940 3474 1250 3528 eunuchum
1279 3472 1485 3539 regium
1536 3470 1806 3526 Candacis
1835 3479 2044 3528 tantum

449 3564 708 3620 habuisse
734 3565 975 3620 Studium
1011 3564 1413 3633 Scripturarnm
1445 3575 1501 3621 et
1531 3563 1694 3634 Legis
1726 3565 1844 3631 Dei,
1879 3573 1940 3620 ut
1994 3563 2048 3620 iu

449 3658 700 3715 vehiculo
757 3659 1006 3729 legeret:
1053 3667 1109 3714 et
1153 3660 1218 3713 ad
1275 3658 1608 3715 adorandum
1655 3657 1948 3713 Dominum
1993 3657 2046 3713 in

448 3750 678 3821 Temple
725 3751 844 3819 ejus
898 3752 1112 3805 veniret
1161 3750 1463 3807 Jerusalem
1523 3749 1737 3822 (Actor.
1793 3765 1922 3815 \‘lll,
1956 3749 2046 3819 9).

449 3844 604 3900 Unde
629 3846 750 3900 talis
785 3844 916 3900 lides
947 3844 1111 3915 digno
1143 3844 1365 3914 praemio
1387 3855 1708 3910 coronatur,
1733 3853 1787 3898 et
1815 3842 2050 3898 mittitur

453 3939 518 3994 ad
549 3956 672 3992 cum
723 3937 1005 4008 Philippus
1058 3939 1416 4006 evangelista,
1450 3937 1767 4007 statimque.
1795 3935 2046 4002 docetur,

450 4031 644 4097 credit,
680 4032 1008 4100 baptizatur,
1035 4041 1090 4085 et
1113 4032 1298 4086 salvus
1318 4041 1422 4085 est.
1457 4031 1518 4084 Et
1544 4045 1649 4084 non
1678 4030 1854 4084 solum
1885 4045 2054 4086 cuitu-

449 4125 616 4190 chus;
635 4123 731 4178 sed
748 4139 872 4179 cum
888 4124 1264 4179 additamenta
1277 4123 1378 4180 viri
1395 4125 1639 4193 ponitur,
1658 4123 1946 4180 eunuchus
1964 4124 2052 4180 vir

451 4213 722 4284 Ethiops.
776 4213 913 4282 Quia
963 4215 1108 4269 enim
1159 4215 1444 4272 eunuchus
1485 4224 1604 4272 erat
1653 4214 1884 4282 Christi,
1909 4222 1964 4272 et
1989 4229 2052 4272 se

451 4311 908 4366 eunnehizaverat
942 4321 1162 4382 propter
1191 4325 1417 4381 regnum
1447 4311 1736 4374 calorum,
1764 4321 2051 4382 prepterea

455 4405 560 4460 viri
591 4405 916 4461 vocabulum
942 4422 1046 4461 non
1068 4407 1354 4462 amiserat.
1392 4406 1559 4463 Recte
1596 4421 1811 4477 quoque
1839 4408 2052 4476 Sopho-

455 4500 573 4553 nias
603 4500 758 4568 quasi
809 4499 952 4554 ﬁlius
981 4499 1174 4564 Chusi,
1202 4498 1253 4554 id
1296 4508 1400 4562 est,
1429 4497 1728 4569 ASthiopis,
1762 4499 1814 4556 in
1856 4515 2051 4556 consct-

2143 1879 2295 1935 Nunc
2334 1879 2612 1935 videamus
2651 1879 2778 1951 quid
2826 1880 2944 1949 ipsa
2984 1893 3205 1950 quoque
3245 1878 3533 1949 prephetia
3566 1877 3740 1932 conti-

2143 1985 2290 2030 neat.
2814 1979 2820 1984 ’

2215 2068 2405 2137 (Vera.
2429 2067 2486 2133 2,
2513 2070 2561 2122 5.
2591 2065 2610 2138 )
2650 2066 2978 2138 Congregans
3004 2064 3326 2138 congregabo
3352 2064 3530 2119 omnia
3558 2082 3589 2118 a
3611 2064 3746 2135 facie

2143 2173 2311 2226 term,
2346 2161 2474 2218 dicit
2515 2159 2792 2227 Dominus,
2835 2176 3156 2231 congregans
3196 2159 3453 2213 hominem
3477 2168 3528 2212 et
3569 2175 3738 2228 pecus,

2143 2272 2456 2329 congregans
2487 2253 2694 2309 volatile
2725 2253 2858 2322 (mli,
2886 2262 2933 2307 et
2957 2255 3120 2322 pisces
3152 2251 3312 2305 maris
3335 2266 3356 2305 :
3381 2261 3432 2305 et
3458 2253 3630 2306 ruina:
3648 2252 3743 2304 im-

2147 2351 2347 2416 piorum
2372 2356 2606 2412 erunt,et
2635 2348 2930 2419 disperdam
2960 2345 3192 2400 homines
3213 2363 3244 2399 a
3269 2345 3403 2416 [acie
3432 2353 3604 2407 terrae,
3622 2345 3745 2400 dicit

2148 2445 2418 2500 Dominus.
2455 2442 2600 2500 LXX
2627 2459 2640 2496 :
2674 2441 2972 2513 Defectione
3001 2439 3210 2510 deﬁciat
3238 2455 3270 2494 tt
3293 2439 3430 2511 fuit!
3459 2448 3638 2508 terra,
3667 2439 3746 2492 di-

2144 2541 2212 2592 cit
2234 2536 2527 2592 Dominus:
2550 2535 2760 2605 deficiat
2788 2533 2964 2598 homo,
2999 2543 3047 2587 et
3057 2536 3304 2606 jumenta
3329 2548 3346 2585 :
3373 2533 3623 2599 deﬁciant
3654 2548 3743 2586 ro-

2145 2631 2313 2686 tatilin
2342 2630 2476 2695 ctuti,
2496 2639 2544 2684 et
2574 2629 2737 2699 pisces
2763 2628 2925 2682 maris
2970 2633 3026 2692 σξ-
3050 2637 3096 2681 et
3131 2625 3533 2695 inﬁmobuntttr
3555 2627 3702 2698 impii
3719 2631 3738 2691 ζ

2143 2733 2189 2779 et
2213 2723 2448 2792 auferam
2485 2721 2688 2788 iniquos
2715 2737 2750 2774 α
2770 2721 2903 2792 facie
2925 2731 3095 2789 tet-rte,
3121 2720 3248 2773 dicit
3269 2718 3548 2778 Dominus.
3575 2717 3604 2756 δ
3629 2720 3741 2777 lloe

2147 2817 2294 2888 quod
2325 2816 2604 2888 posuimus
2631 2816 2684 2869 in
2717 2813 3100 2884 Septuaginta,
3130 2823 3179 2867 et
3211 2811 3620 2882 inﬁrnmbtmtur
3651 2811 3747 2865 int-.-

2147 2913 2248 2984 pii,
2293 2911 2361 2966 de
2391 2908 2785 2966 Theodotionis
2814 2909 3176 2968 translatione
3216 2907 3456 2965 additum
3489 2917 3608 2964 est:
3647 2919 3744 2978 pro

2149 3019 2258 3075 quo
2285 3003 2647 3075 Symmachus
2681 3004 3069 3070 interpretatus
3097 3009 3203 3066 est,
3227 3008 3273 3054 et
3301 3010 3324 3040 ο
3356 3000 3608 3058 scandala
3632 3017 3746 3056 cum

2149 3099 2342 3165 impiis,
2363 3108 2419 3152 ut
2439 3097 2816 3163 subaudiatur,
2847 3096 3322 3168 congregabantur,
3351 3096 3750 3162 sivedeﬁcient:

2153 3193 2348 3262 Quinta
2371 3201 2551 3246 autem
2577 3191 2768 3256 editio,
2798 3201 2848 3246 et
2885 3191 3165 3259 inﬁrmitas
3187 3206 3304 3248 cum
3323 3191 3497 3258 impiis
3523 3190 3746 3260 deﬁciet.

2151 3285 2423 3342 Debemus
2471 3299 2624 3354 ergo,
2655 3283 3104 3340 consuetudinem
3137 3293 3387 3338 nostram
3431 3293 3748 3351 sequentes,

2151 3378 2384 3446 prlmum
2415 3376 2700 3434 bistOriatn
2729 3384 2939 3440 texere,
2964 3387 3018 3431 et
3041 3386 3226 3445 postea
3249 3375 3320 3432 de
3341 3375 3750 3432 sublimioribus

2151 3469 2453 3539 disputare.
2504 3469 2816 3524 Extremum
2848 3469 3052 3539 quippe
3104 3483 3333 3538 regnum
3365 3467 3598 3524 duarum
3652 3470 3750 3524 tri—

2153 3561 2338 3626 buum,
2369 3577 2489 3633 qua:
2521 3562 2856 3616 vocabantur
2881 3559 3019 3618 Juda
3051 3571 3107 3618 et
3136 3560 3443 3631 Benjamiu,
3477 3561 3583 3616 sub
3603 3559 3750 3618 Josia

2152 3653 2339 3722 luisse,
2361 3654 2487 3710 nulli
2505 3651 2731 3710 dubium
2751 3661 2855 3708 est.
2885 3652 2984 3710 Illo
3005 3654 3150 3709 enim
3172 3653 3486 3720 interiecto,
3509 3653 3610 3709 tilii
3633 3654 3751 3723 ejus

2150 3748 2240 3818 qui
2262 3757 2452 3818 postea
2473 3757 2862 3818 regnaverunt,
2877 3757 2933 3804 et
2955 3757 3203 3818 nepotes,
3228 3763 3335 3806 non
3357 3757 3464 3800 tam
3491 3761 3751 3817 regnasse

2150 3841 2406 3898 credendi
2432 3850 2578 3908 sunt,
2598 3856 2758 3912 quam
2778 3840 3017 3896 ludibrio
3039 3841 3205 3897 habiti
3221 3840 3389 3896 fuisse
3411 3839 3480 3898 ab
3496 3839 3752 3913 ,θυμία

2151 3951 2300 4006 rege,
2327 3945 2382 3994 et
2406 3934 2698 3998 Chaldaeis,
2735 3943 2791 3990 et
2814 3936 2977 3994 variis
3005 3934 3431 4004 captivitatibus,
3457 3934 3754 3992 mortibus-

2149 4048 2256 4103 que
2283 4031 2530 4087 cruciati.
2565 4031 2697 4096 Quia
2719 4029 2884 4100 igitur
2901 4029 3131 4100 populus
3149 4037 3366 4100 pateret
3392 4043 3454 4084 se
3479 4042 3745 4088 excusare

2149 4127 2316 4199 676
2338 4128 2392 4180 in
2422 4127 2640 4197 regibus
2667 4126 2820 4181 malis
2844 4169 2858 4194 ,
2887 4137 2944 4182 et
2971 4123 3158 4182 dicere
3180 4140 3193 4176 :
3217 4123 3329 4184 Nos
3359 4124 3613 4180 volumus
3642 4139 3755 4179 ser-

2152 4221 2267 4274 vire
2307 4218 2441 4289 Deo,
2492 4218 2588 4276 sed
2641 4218 2995 4289 prohibemur
3022 4233 3053 4272 a
3083 4217 3325 4288 regibus,
3357 4215 3517 4274 datur
3550 4232 3645 4272 rex
3669 4217 3754 4286 ju-

2153 4324 2290 4379 stus,
2318 4327 2426 4381 quo
2457 4310 2669 4368 zelante
2695 4311 2871 4368 zelum
2906 4311 3140 4376 Domini,
3168 4321 3222 4366 et
3249 4311 3450 4383 populo
3484 4311 3758 4370 nihilomi-

2155 4421 2256 4460 nus
2287 4405 2338 4460 in
2371 4405 2638 4462 idolorum
2667 4405 2814 4464 cultu
2843 4414 3249 4476 perseverante,
3278 4405 3424 4475 justa
3473 4405 3568 4464 irae
3597 4420 3757 4464 causa

2157 4498 2432 4572 profertur
2473 4515 2507 4558 a
2550 4500 2812 4566 Domino,
2864 4509 2915 4556 et
2963 4500 3316 4570 prepbetatur
3365 4499 3432 4556 de
3475 4500 3760 4554 eversione

453 4591 747 4660 quentibus
792 4591 947 4647 libris
995 4591 1064 4646 de
1093 4591 1650 4662 pmnitcntia'sdl-ibit
1690 4590 2008 4662 Ethiopum
2039 4609 2054 4649 :
2083 4575 2135 4637 Ῑ)
2159 4594 2483 4661 Jerusalem,
2509 4602 2566 4651 et
2593 4592 2906 4664 captivitate
2934 4593 3094 4659 Juda,
3123 4606 3180 4648 et
3208 4592 3432 4650 victoria
3469 4592 3759 4648 Nabucho-

455 4683 623 4738 Trans
645 4684 884 4755 ﬂutttina,
905 4684 1100 4754 inquit,
1131 4683 1440 4756 xEthiopite,
1465 4685 1588 4739 inde
1609 4685 1841 4755 deferent
1861 4685 2057 4742 hostias

458 4782 603 4836 mihi.
643 4780 768 4835 llmc
799 4779 868 4834 de
895 4779 1216 4850 genealogia
1259 4777 1575 4848 Sophonim,
1604 4778 1768 4851 675
1797 4780 1889 4851 qui
1932 4795 2058 4851 pro-

463 4873 710 4945 phetarit
741 4873 793 4926 in
824 4870 1016 4927 diebus
1033 4871 1216 4929 Josite.
1250 4869 1538 4940 Quomodo
1585 4881 1765 4928 autem
1803 4872 1923 4930 dies
1976 4872 2060 4929 di-

460 4975 656 5020 cuntur
705 4964 840 5019 Elia:
883 4962 938 5018 hi
983 4965 1074 5032 qui
1119 4963 1188 5018 ab
1233 4977 1299 5020 eo
1351 4963 1642 5019 illuminati
1700 4973 1827 5020 sunt
1858 4982 1871 5018 :
1903 4965 1973 5022 ita
2005 4974 2061 5021 et

460 5058 579 5113 dies
608 5057 770 5113 Josia:
818 5056 909 5128 qui
956 5071 1016 5112 se
1049 5056 1324 5110 Ievaverat
1349 5055 1416 5110 ad
1459 5056 1742 5110 Dominum
1774 5055 1935 5128 (quia
1965 5055 2061 5112 Jo-

540 5231 564 5258 η
594 5221 792 5276 Contra
824 5218 981 5274 ﬁdem
1025 5219 1268 5273 omnium
1298 5215 1693 5290 exemplarium
1740 5231 1869 5272 mss.
1891 5215 2062 5290 Eras-

467 5309 589 5350 mus
633 5301 687 5348 et
733 5292 1006 5347 Marianos
1057 5291 1382 5346 lleln-aicum
1432 5285 1632 5344 n'omcn
1677 5297 1816 5377 plus
1866 5285 2059 5356 Aman,

467 5405 564 5460 pro
594 5387 787 5443 Graeco
811 5389 1092 5460 ἐπῴνυμον,
1115 5383 1274 5460 nobis
1297 5382 1624 5460 obtrudunt,
1656 5383 1911 5460 tollentes
1941 5383 2061 5460 pul-

465 5456 799 5516 cherrimam
849 5457 1163 5527 Hieronymi
1193 5456 1521 5527 sententiam
1569 5470 1672 5527 qua
1713 5456 1905 5510 statuit
1949 5456 2059 5510 Ma-

469 5547 667 5587 nassen
694 5547 872 5598 regem
901 5539 1020 5596 post
1047 5526 1196 5582 Suam
1234 5526 1607 5596 paenitentiam
1643 5526 1812 5598 lilium
1838 5541 2061 5598 vocasse

467 5604 654 5670 Amen,
712 5597 931 5672 propter
977 5601 1140 5654 (idem
1179 5615 1274 5669 per
1305 5615 1467 5668 quam
1499 5598 1629 5672 Deo”
1657 5597 1908 5672 credidit.
1962 5597 2065 5652 Vo—

467 5676 609 5726 cavit
643 5669 1018 5742 igitur—lilium
1071 5673 1394 5741 cognomine
1439 5685 1556 5726 suae
1604 5669 1750 5732 ﬁdei,
1809 5669 1911 5724 hoc
1944 5678 2063 5742 (est,

474 5740 778 5812 Eponymon
817 5760 832 5800 :
873 5747 996 5813 quia
1049 5740 1308 5798 llebraice
1340 5744 1526 5808 Anton,
1558 5742 1673 5796 sive
1703 5742 1905 5813 Amano
1932 5740 2068 5798 ﬁdes

475 5815 696 5886 dicitur,
726 5824 785 5872 ut
811 5812 956 5876 idem
979 5815 1342 5886 Hieronymus
1369 5815 1781 5887 interpretatur.
1813 5812 1994 5876 Mur.

2164 4686 2419 4742 donosor.
2469 4685 2714 4757 Dicitque
2757 4686 3017 4742 Dominus
3050 4702 3145 4756 per
3173 4683 3526 4756 prophetam:
3553 4684 3763 4754 Nequa-

2165 4795 2322 4851 quam
2356 4780 2495 4836 ultra
2527 4779 2755 4834 tribuam
2806 4778 3213 4850 pmnitentiam;
3257 4778 3353 4836 sed
3378 4792 3408 4832 a
3437 4776 3574 4836 facie
3605 4785 3762 4834 teme

2167 4873 2416 4931 universa
2464 4889 2780 4932 consumam
2823 4892 2832 4927 :
2879 4889 2990 4930 non
3042 4875 3232 4940 homo,
3280 4887 3390 4932 non
3435 4875 3761 4942 jumentmn,

2167 4984 2272 5022 non
2321 4967 2564 5034 volatile,
2597 4982 2704 5024 non
2755 4967 2930 5037 pisces
2975 4967 3142 5024 maris
3189 4965 3570 5030 retuaucbunt.
3623 4965 3762 5024 Iram

2166 5063 2366 5133 quippe
2410 5062 2618 5118 Domini
2669 5061 2833 5117 etiam
2882 5061 3036 5116 bruta
3078 5061 3325 5116 sentiunt
3361 5059 3622 5114 animalia
3660 5078 3672 5114 :
3713 5068 3765 5117 et

2237 5222 2265 5261 ι’
2297 5221 2518 5282 Addunt
2545 5226 2707 5284 iidem
2735 5227 2974 5283 editores
3023 5235 3228 5282 textum
3260 5240 3328 5282 es
3377 5221 3668 5288 llebraieo.
3718 5235 3764 5280 et

2168 5296 2624 5366 ruinaaimpiornm
2649 5309 2822 5354 erunt.
2843 5297 2998 5370 Quod
3025 5299 3074 5352 in
3102 5299 3258 5370 nullo
3283 5298 3554 5370 reperitur
3579 5298 3765 5370 codice

2173 5371 2561 5443 manuscripto,
2620 5367 2894 5443 superﬂue
2934 5385 3148 5443 quoque
3195 5367 3464 5434 additum,
3523 5369 3764 5440 prudens

2171 5441 2343 5512 lector
2375 5441 2654 5512 intelliget.
2688 5441 2864 5499 MART.

2245 5521 2267 5549 θ
2308 5509 2576 5596 Corrupté
2615 5529 2758 5596 nunc
2801 5517 2916 5594 ipse
2941 5511 3277 5596 _Re_gln._tt_ts:
3312 5522 3359 5565 et
3404 5509 3457 5596 in
3501 5511 3765 5596 scandala

2170 5593 2320 5660 erunt
2362 5579 2576 5660 impiii:
2617 5579 2836 5660 scilicet'
2871 5589 2955 5660 noti
2978 5579 3324 5660 ῖάήσςκάνδοεζα
3370 5585 3467 5660 σὺν
3498 5584 3759 5660 ὰὶσεϐἐςξιν,

2172 5653 2478 5725 εει-ἰριιιωέ
2504 5658 2851 5730 Symmacho,
2887 5657 3230 5712 Barberinius
3249 5653 3572 5728 llexaplaris
3595 5653 3763 5712 codex

2175 5737 2258 5786 est
2283 5739 2491 5788 auctor.
