4050 6342
314 268 441 322 15H

1097 267 1749 327 COMMENTARIOBUH
1792 268 1855 325 IN
1894 268 2288 328 SOPHONIAM
2329 269 2556 327 LIBER.
2590 268 2743 326 CAP.
2781 272 2821 326 Ι.

3467 271 3608 327 1542

311 386 532 442 vastatis
562 385 804 451 urbibus,
840 384 1256 456 hominibusque
1296 386 1617 454 interfectis,
1650 386 1903 441 solitudi-
1932 389 1983 450 Α
2010 396 2065 442 et
2089 388 2265 457 pisces
2287 389 2475 443 muris.
2504 387 2754 455 Quatuor
2776 398 2905 443 sunt
2925 402 3049 459 qua
3068 388 3330 458 jubentur
3348 388 3606 457 deﬁcere,

310 494 434 536 nem
481 489 536 535 et
568 480 847 536 raritatem
897 480 1189 535 beStiarum
1221 494 1435 550 quoque
1480 478 1597 533 ﬁeri
1628 487 1685 536 et
1713 479 1909 535 volati-

308 574 440 629 lium
483 575 848 646 pisciumque,
897 582 924 611 ⁸
967 573 1122 629 testis
1149 572 1420 643 Illyricum
1447 572 1599 645 (Mss.
1636 571 1907 644 lllyricus]

307 677 423 733 est,
472 668 626 725 testis
653 665 941 733 Thracia,
971 666 1125 721 testis
1174 664 1283 738 [ΑΙ.
1320 662 1480 736 teste]
1524 664 1579 719 in
1618 679 1727 735 quo
1756 673 1907 719 ortus

307 778 450 824 sum,
482 759 508 798 ι)
540 762 740 825 solum,
768 759 859 816 ubi
893 768 1091 830 praeter
1134 759 1333 816 cmlum
1377 768 1429 813 et
1461 768 1660 813 terram
1692 767 1745 813 et
1786 772 1909 813 cre—

306 866 524 912 scentes
550 871 768 928 vepres,
796 865 851 911 et
877 854 1150 910 condensa
1181 853 1467 919 silvarum,
1498 864 1688 908 cuncta
1721 850 1905 924 perie-

306 960 455 1007 tunt.
502 949 617 1006 Hoc
658 958 872 1016 autem,
924 948 1096 1019 inquit
1145 948 1439 1017 propheta,
1486 946 1730 1011 accidet,
1780 947 1905 1014 quia

308 1045 604 1117 impiorum
660 1043 765 1099 fuit
829 1044 994 1100 nimia
1046 1042 1353 1098 multitudo.
1405 1038 1672 1097 Corrnent
1725 1038 1907 1110 itaque

305 1139 455 1209 impii
487 1149 539 1192 et
564 1137 952 1205 disperdentur
982 1137 1250 1201 homines,
1283 1146 1334 1190 et
1357 1136 1455 1191 erit
1486 1134 1720 1190 solitudo
1742 1148 1906 1204 super

307 1230 500 1286 faciem
550 1240 729 1287 terrae.
784 1230 892 1287 Sed
940 1240 995 1286 et
1020 1229 1088 1285 de
1115 1228 1583 1285 consummatione
1614 1226 1799 1282 mundi
1828 1225 1907 1282 id-

306 1326 483 1396 ipsum
537 1325 788 1397 accipere
838 1339 1127 1395 possumus
1167 1341 1181 1375 :
1231 1321 1377 1394 quod
1426 1330 1481 1376 et
1525 1321 1798 1385 homines,
1851 1328 1907 1376 et

308 1433 530 1489 pecora,
564 1429 617 1475 et
648 1418 913 1481 volatilia,
965 1428 1019 1474 et
1051 1418 1226 1487 pisces
1255 1415 1420 1471 maris
1446 1424 1501 1470 et
1532 1416 1781 1469 universa
1811 1414 1906 1468 de-

307 1511 511 1576 ﬁcient,
543 1519 597 1565 et
643 1511 987 1565 intirmentur
1017 1509 1198 1582 impii,
1230 1521 1283 1563 et
1332 1508 1548 1563 tollatur
1592 1508 1845 1578 iniquitas
1874 1523 1905 1564 a

305 1602 444 1659 facie
492 1610 676 1659 terrae.
726 1602 881 1671 Quod
931 1602 976 1657 si
1022 1601 1357 1657 voluerimus
1397 1610 1450 1656 et
1497 1600 1657 1655 altius
1702 1600 1905 1670 aliquid

306 1697 615 1766 intelligere
646 1695 891 1766 (propter
921 1694 1024 1751 hoc
1051 1694 1196 1765 quod
1240 1693 1438 1749 dicitur
1466 1709 1495 1748 a
1528 1693 1900 1765 Septuaginta,

2011 479 2247 549 primum
2278 479 2442 535 homo
2464 480 2827 546 rationabilis,
2855 480 3056 538 deinde
3088 482 3190 537 tria
3209 496 3331 554 qum
3359 482 3606 552 subjecta

2008 582 2138 629 sunt
2189 573 2426 639 homini,
2458 573 2728 643 iumenta,
2769 583 2823 630 et
2873 575 3138 638 volatilia,
3168 582 3228 631 et
3268 575 3446 645 pisces
3483 590 3607 646 quas

2010 677 2139 737 puto
2156 665 2274 723 etin
2286 676 2479 723 octavo
2495 667 2702 737 psalmo
2717 669 2868 735 poni:
2890 667 3114 742 Insuper
3132 677 3181 723 et
3201 684 3384 737 pecora
3400 669 3570 736 campi
3585 683 3605 721 :

2006 759 2237 814 rolucres
2258 758 2377 815 cali
2401 770 2452 815 et
2492 760 2654 829 pisces
2682 761 2842 814 maris
2859 802 2874 825 ,
2898 761 2984 831 qui
3014 760 3373 828 perambulatis
3400 762 3609 816 semitas

2008 855 2166 910 matis
2186 853 2477 923 (Psal.vut,
2494 856 2574 925 8).
2598 853 2755 922 Quod
2775 864 2956 910 autem
2977 856 3207 924 primttm
3229 854 3459 920 dixerat,
3475 868 3611 910 oves

2008 959 2057 1002 et
2080 950 2242 1003 boves
2258 948 2563 1016 universas,
2577 949 2729 1017 quasi
2751 950 3019 1018 prmcipus
3036 950 3103 1004 de
3117 951 3371 1018 iumentis
3384 963 3606 1019 separa-

2009 1040 2104 1107 vit,
2128 1050 2182 1097 et
2203 1057 2323 1096 cum
2345 1041 2427 1095 his
2444 1055 2568 1111 qua:
2598 1056 2853 1097 mansere
2876 1039 2984 1114 [AL
3014 1039 3604 1113 remansere]jumenta

2009 1151 2298 1192 numerare
2324 1152 2387 1193 ea
2416 1135 2612 1191 noluit.
2650 1136 2877 1192 Deﬁciat
2913 1138 3096 1205 itaque
3128 1136 3321 1202 homo,
3351 1135 3609 1192 deﬁciant

2003 1231 2284 1302 jumenta,
2316 1230 2571 1286 deﬁciant
2614 1231 2858 1286 volatilia
2902 1232 3060 1296 cmli,
3091 1231 3349 1287 deﬁciant
3379 1232 3554 1301 pisces
3589 1246 3606 1285 :

2006 1334 2062 1378 et
2083 1338 2189 1379 non
2212 1322 2371 1390 dixit,
2394 1323 2654 1379 deﬁciant
2679 1324 2887 1392 bestir,
2914 1324 3172 1380 deﬁciant
3193 1323 3403 1394 reptilis
3428 1334 3611 1380 terrae.

2007 1418 2104 1473 Hac
2131 1418 2280 1475 enim
2308 1434 2416 1473 non
2441 1417 2644 1476 debent
2663 1419 2923 1481 deﬁcere.
2945 1418 3041 1475 sed
3066 1419 3278 1487 perire;
3301 1432 3491 1473 verum
3513 1417 3613 1473 de-

2009 1510 2198 1567 ﬁciant
2225 1526 2288 1567 ea
2319 1527 2438 1579 qua:
2487 1521 2714 1581 possunt
2760 1510 2965 1568 habere
3008 1511 3430 1567 correctionem.
3462 1510 3612 1577 Quo-

2008 1607 2170 1663 modo
2193 1606 2511 1663 tlefecerunt
2529 1607 2680 1664 Sat-2e
2700 1606 3011 1672 muliebria,
3028 1606 3315 1677 etjuhetur
3334 1604 3610 1661 Abraham

2007 1710 2064 1755 ut
2086 1699 2273 1755 audiat
2307 1716 2665 1772 quaecumque
2688 1700 2820 1757 Sara
2852 1701 3177 1769 praeceperit
3203 1696 3413 1770 (Cenes.
3444 1712 3609 1763 xvtn,

308 1786 610 1861 Defectione
636 1787 845 1858 deﬁciat
868 1804 899 1842 a
929 1789 1065 1858 facie
1104 1787 1277 1859 terris)
1314 1798 1335 1827 ε
1369 1797 1423 1843 et
1453 1787 1813 1843 defectionem
1849 1789 1902 1844 in
1935 1789 1979 1850 Β
2008 1793 2145 1862 xxi).
2174 1793 2363 1848 Deﬁcit
2390 1794 2509 1862 quis
2536 1801 2593 1848 ut
2623 1796 2807 1858 homo,
2830 1793 2874 1847 si
2901 1800 3221 1848 contemnat
3252 1790 3512 1857 humana,
3545 1796 3608 1845 et

305 1881 505 1935 bonam
553 1892 764 1952 partem
819 1879 1069 1952 accipere
1120 1878 1273 1949 juxta
1328 1878 1504 1934 illud:
1540 1880 1608 1932 Et
1655 1879 1904 1948 deﬁciens
1940 1889 1952 1900 '

305 1983 538 2029 mortuus
570 1983 645 2028 est
677 1972 942 2028 Abraham
978 1972 1034 2028 in
1063 1984 1322 2028 senectute
1349 1971 1507 2038 bona,
1530 1988 1687 2028 senes:
1716 1981 1767 2026 et
1788 1974 1904 2042 ple-

304 2084 400 2122 nus
426 2068 655 2132 dierum,
679 2076 723 2122 et
746 2066 1018 2138 appositus
1049 2074 1123 2118 est
1144 2064 1213 2118 ad
1236 2065 1488 2135 populum
1517 2080 1667 2119 suum
1691 2062 1904 2135 (Cenes.

304 2176 430 2229 xxv,
465 2158 545 2232 8),
579 2170 633 2215 et
663 2158 733 2215 de
769 2160 856 2215 his
884 2174 1004 2229 qua:
1051 2158 1120 2213 de
1151 2158 1303 2214 Isaac
1328 2170 1383 2213 et
1424 2158 1595 2214 Jacoh
1626 2158 1905 2228 Scriptura

306 2253 494 2325 refert)
519 2252 767 2309 videmus
794 2252 1071 2325 quomodo
1090 2251 1399 2308 defectione
1432 2251 1685 2309 deﬁciant
1711 2266 1741 2307 a
1759 2251 1907 2307 facie

309 2357 493 2411 teme,
524 2356 579 2400 et
610 2343 714 2401 hoc
743 2359 838 2401 eos
885 2344 1115 2415 implere
1156 2355 1488 2416 praeceptum
1525 2362 1537 2398 :
1564 2336 1663 2412 Qui
1694 2345 1904 2401 haben-

310 2453 391 2495 tes
421 2438 895 2495 conversationem
939 2438 992 2492 in
1033 2439 1211 2503 caelis,
1244 2447 1299 2494 et
1330 2438 1384 2493 in
1438 2453 1626 2499 carne,
1662 2453 1769 2493 non
1812 2452 1901 2491 se-

305 2532 545 2589 cundum
577 2548 799 2588 carnem
830 2532 1151 2598 militantes,
1184 2546 1249 2587 eo
1278 2530 1423 2602 quod
1456 2530 1634 2586 sciant
1664 2530 1792 2585 illos
1815 2531 1907 2600 qui

308 2628 361 2681 in
388 2641 556 2681 carne
581 2626 791 2693 vivunt,
829 2626 938 2680 Deo
965 2625 1180 2697 placere
1214 2639 1324 2680 non
1349 2638 1534 2694 posse,
1560 2634 1824 2693 quantum
1853 2625 1908 2679 in

306 2734 365 2775 se
387 2730 473 2776 eSt
500 2720 683 2775 omnia
722 2729 886 2789 agunt
923 2733 990 2773 ne
1024 2719 1133 2773 sint
1171 2718 1227 2774 in
1257 2734 1444 2784 carne,
1479 2719 1575 2773 sed
1608 2717 1658 2771 in
1689 2718 1905 2787 spiritu,

307 2823 361 2867 et
388 2828 416 2868 a
442 2823 585 2869 terra
616 2814 939 2869 recedentes
966 2812 1120 2868 aiunt
1155 2831 1168 2865 :
1204 2812 1609 2878 Consuscitavit,
1640 2822 1689 2867 et
1728 2829 1909 2867 conse-

306 2907 426 2961 dere.
466 2923 560 2962 nos
605 2907 727 2979 fecit
769 2908 823 2962 in
864 2906 1154 2961 ccelestibus
1209 2907 1263 2959 in
1314 2905 1521 2960 Christo
1554 2906 1730 2979 (Rom.
1770 2904 1904 2976 vni).

310 3000 466 3069 Quod
521 3000 567 3056 si
625 3001 824 3071 aliquis
873 3002 1192 3073 opposuerit
1259 3000 1547 3057 adversum
1609 3002 1711 3056 hoc
1762 3003 1904 3072 quod

308 3093 362 3148 in
422 3094 620 3149 bonam
673 3102 883 3165 partem
940 3092 1273 3165 accepimus,
1331 3093 1621 3166 defectione
1697 3094 1906 3163 deﬁciat

306 3204 338 3241 a
393 3186 531 3259 facie
584 3196 778 3251 terrae,
832 3185 962 3241 illud
1036 3185 1179 3257 quod
1256 3185 1323 3241 de
1394 3186 1585 3240 lsmael
1646 3179 1984 3255 scriptumC

307 3293 389 3336 est
425 3300 437 3336 :
486 3282 648 3354 677
685 3279 755 3335 lli
788 3288 906 3335 sunt
953 3281 1078 3333 anni
1126 3280 1244 3335 vita!
1291 3277 1525 3341 lsmael,
1570 3288 1769 3332 centum
1814 3280 1906 3334 tri-

306 3378 449 3447 ginta
476 3384 694 3449 septent,
718 3384 764 3428 et
792 3374 1039 3443 deﬁciens
1068 3383 1302 3427 mortuus
1332 3382 1432 3439 est,
1466 3383 1510 3427 et
1534 3383 1608 3427 est
1638 3375 1907 3444 appositus

306 3469 376 3523 ad
402 3486 568 3542 genus
591 3486 746 3524 suum
768 3468 928 3539 (Gen.
955 3484 1085 3534 xxv,
1105 3466 1224 3539 17):
1252 3467 1706 3539 respondebimus
1726 3469 1774 3523 ei
1802 3468 1907 3537 pri-

310 3579 494 3631 mum,
528 3574 583 3618 et
613 3565 792 3633 ipsum
824 3563 1014 3618 Ismael
1046 3560 1217 3618 ﬁlium
1252 3576 1371 3617 esse
1395 3561 1707 3629 Abraham,
1738 3571 1792 3616 et
1820 3578 1911 3619 ac-

306 3660 518 3730 cepisse
541 3659 681 3713 dona
712 3668 769 3714 et
802 3656 987 3728 partes
1016 3672 1045 3711 a
1068 3667 1246 3729 patre,
1268 3656 1566 3712 secundum
1595 3672 1909 3713 mensuram

309 3769 458 3809 suam
494 3772 504 3808 :
540 3752 742 3808 deinde
771 3751 1026 3807 absolute
1054 3754 1349 3825 scriptum,
1380 3751 1627 3821 deﬁciens
1672 3760 1910 3807 mortuus

304 3859 400 3913 est,
434 3858 489 3903 et
512 3861 621 3902 non
649 3845 773 3901 addi
806 3845 973 3917 (quod
996 3848 1262 3917 scriptum
1299 3854 1383 3902 est
1412 3847 1479 3901 de
1509 3845 1810 3917 Abraham)
1856 3849 1910 3902 in

306 3949 567 3995 senectute
612 3939 776 4008 bona,
808 3956 964 3994 senex
1006 3950 1055 3993 et
1085 3940 1270 4013 plenus
1299 3941 1523 4009 dierum,
1566 3950 1613 3994 et
1643 3942 1909 4013 appositus

305 4042 381 4086 est
411 4034 479 4086 ad
507 4032 762 4104 populum
790 4048 964 4086 suum.
996 4030 1127 4087 Sive
1153 4031 1222 4087 de
1253 4031 1435 4087 Isaac:
1470 4029 1519 4083 F
1526 4041 1708 4087 uerunt
1739 4044 1907 4091 autent

304 4126 414 4180 dies
444 4124 603 4181 Isaac
631 4142 759 4197 quos
797 4125 924 4179 vixit
945 4171 959 4195 ,
992 4126 1117 4180 anni
1145 4135 1345 4181 centum
1375 4127 1634 4196 octoginta
1661 4126 1903 4197 quinque,

303 4229 351 4273 et
383 4218 629 4288 deﬁciens
656 4215 812 4271 Isaac
839 4227 1073 4273 mortuus
1099 4228 1208 4285 est,
1238 4229 1285 4273 et
1316 4220 1584 4291 appositus
1623 4230 1697 4274 est
1723 4221 1791 4274 ad
1818 4237 1909 4292 ge-

306 4329 404 4365 nus
435 4326 589 4366 suum
614 4326 768 4365 senex
802 4318 850 4364 et
875 4310 1059 4381 plenus
1094 4310 1298 4365 dierum
1330 4309 1440 4382 (Ib.
1474 4328 1637 4381 xxxv,
1669 4311 1759 4380 28,
1789 4312 1906 4387 29).

307 4401 414 4457 Nec
445 4418 551 4457 non
590 4409 644 4456 et
685 4400 753 4455 de
797 4398 967 4456 Iacob
1003 4419 1014 4454 :
1064 4399 1131 4455 Et
1159 4403 1377 4457 cessavit
1404 4400 1567 4457 Jacob
1596 4404 1907 4476 prwcipiens

304 4496 432 4566 ﬁliis
458 4494 590 4560 suis,
614 4506 659 4547 et
689 4493 871 4546 levans
896 4493 1051 4561 pedes
1076 4510 1233 4563 super
1259 4496 1452 4548 lectum
1482 4493 1672 4566 defecit
1696 4542 1708 4563 ,
1737 4509 1785 4550 et
1813 4515 1906 4567 ap-

2009 1902 2116 1940 non
2140 1885 2281 1941 ultra
2302 1886 2569 1941 moriatur
2594 1895 2655 1939 ut
2677 1888 2863 1947 homo,
2887 1893 2944 1941 et
2972 1884 3194 1939 audiat:
3228 1882 3344 1955 Ego
3368 1868 3503 1945 dixi,
3531 1883 3610 1937 dii

2010 1978 2129 2033 estis
2153 1977 2268 2050 (Ps.
2299 1993 2481 2043 uxxr,
2504 1976 2582 2047 6).
2612 1976 2806 2033 Deficit
2826 1976 2969 2033 alius
2991 1986 3053 2030 ut
3069 1977 3406 2046 iumentum,
3426 1974 3522 2045 qui
3544 1974 3614 2031 ad

2012 2069 2117 2141 [.-tl.
2174 2068 2257 2142 in]
2297 2070 2491 2126 altiora
2540 2069 2917 2126 conscendens
2947 2066 2975 2106 ἀ
3007 2085 3114 2125 non
3161 2079 3454 2124 accusatur
3501 2083 3620 2124 sero

2011 2180 2171 2221 mone
2197 2164 2515 2235 prophetico
2540 2182 2551 2218 :
2584 2162 2912 2228 Homo,cum
2937 2164 2994 2217 in
3014 2164 3210 2218 honore
3239 2172 3509 2227 esset,non
3535 2163 3619 2217 in-

2010 2258 2228 2324 tellexit,
2252 2266 2589 2327 comparatus
2620 2265 2695 2311 est
2706 2257 2964 2328 juntentis
2984 2256 3371 2328 insipientibus,
3396 2266 3442 2309 et
3470 2255 3618 2311 simi-

2010 2354 2072 2407 lis
2096 2352 2203 2425 [ΑΙ.
2240 2349 2582 2423 assimilatas]
2613 2351 2781 2420 factus
2816 2361 2891 2405 est
2931 2350 3037 2404 illis
3094 2348 3215 2421 (Ps.
3259 2364 3459 2413 xuvnt,
3489 2349 3611 2417 91).

2012 2446 2203 2500 Deﬁcit
2230 2445 2383 2515 quasi
2423 2445 2591 2517 678
2626 2444 2843 2498 volatile
2874 2443 3028 2508 cmli,
3060 2444 3148 2513 qui
3182 2443 3309 2498 facit
3339 2443 3443 2497 sibi
3477 2457 3612 2511 pen-

2011 2555 2105 2595 nas
2133 2539 2347 2610 aquilae,
2378 2550 2432 2593 et
2462 2539 2752 2594 revertitur
2778 2536 2844 2591 ad
2876 2536 3101 2591 domum
3128 2535 3485 2607 praeceptoris
3520 2533 3611 2591 sui

2009 2632 2184 2696 dives,
2209 2639 2263 2687 et
2287 2646 2505 2685 onmem
2531 2630 2788 2684 deserens
2810 2636 3186 2699 paupertatem
3209 2626 3393 2699 (Prov.
3426 2626 3606 2697 xxut).

2014 2724 2204 2780 Deﬁcit
2235 2721 2391 2794 quasi
2416 2724 2580 2794 piscis
2602 2721 2795 2788 maris,
2816 2721 2908 2790 qui
2932 2720 3365 2790 comprehensus
3392 2717 3612 2788 sageois

2011 2818 2264 2882 Domini,
2298 2832 2422 2872 cum
2466 2817 2623 2872 bonis
2666 2817 2906 2886 piscibus
2937 2828 3224 2884 separatur
3247 2812 3429 2883 (Matt.
3463 2813 3609 2884 xm).

2010 2911 2143 2967 Cum
2189 2914 2306 2967 haec
2337 2913 2490 2980 juxta
2532 2919 2865 2981 praeceptum
2904 2908 3116 2964 Domini
3165 2907 3368 2963 fuerint
3414 2921 3613 2976 perpe—

2013 3014 2169 3072 truta,
2200 3006 2624 3061 inﬁrmabuotnr
2655 3004 2828 3073 impii,
2855 3017 2964 3057 non
2994 3003 3256 3057 habentes
3280 3008 3492 3057 tantum
3520 3014 3607 3053 rn—

2012 3103 2158 3157 horis
2180 3112 2438 3170 quantum
2473 3099 2640 3170 prius.
2666 3096 2775 3154 Sed
2800 3107 2856 3151 et
2886 3096 3141 3151 tollentur
3165 3093 3358 3163 iniqui,
3384 3106 3493 3147 non
3521 3092 3606 3146 di-

2017 3199 2122 3265 xit,
2151 3196 2479 3260 occidentur;
2529 3193 2649 3259 sed,
2693 3190 2965 3257 tollentur,
3005 3203 3062 3243 ut
3105 3187 3173 3242 ad
3218 3186 3441 3241 meliora
3473 3200 3605 3237 cono

2016 3291 2183 3356 vcrsi,
2207 3290 2274 3345 de
2305 3288 2580 3359 impietate
2607 3295 2662 3341 et
2694 3283 3002 3354 iniquitate,
3037 3281 3103 3337 ad
3147 3281 3425 3349 pietatem,
3445 3277 3609 3347 justi-

2019 3387 2255 3454 tiamque
2287 3381 2555 3447 translati,
2582 3378 2842 3448 incipiant
2872 3391 2993 3431 esse
3021 3374 3168 3447 quod
3198 3383 3324 3429 ante
3353 3387 3458 3427 non
3490 3370 3610 3424 fue-

2016 3486 2158 3531 rant.
2184 3476 2312 3531 litcc
2335 3473 2631 3530 secundum
2664 3469 3046 3542 tropologiam.
3085 3468 3357 3523 Debemus
3385 3465 3531 3521 enim
3557 3473 3612 3519 et

2016 3568 2278 3639 Maiorum
2312 3564 2818 3636 interpretationem
2844 3578 3064 3633 ponere.
3092 3561 3212 3617 iam
3245 3558 3353 3632 (Al.
3382 3556 3611 3630 Tamen]

2017 3662 2066 3714 iu
2101 3660 2321 3714 lectoris
2341 3655 2569 3713 arbitrio
2600 3656 2724 3721 erit,
2756 3664 2940 3711 utrum
2982 3653 3355 3716 severitatem,
3386 3665 3453 3705 an
3494 3650 3607 3705 clec

2016 3754 2273 3810 mentium
2307 3750 2433 3805 velit
2462 3764 2659 3805 sonare
2686 3764 2805 3820 quae
2836 3748 2975 3802 dicta
3002 3758 3148 3801 sunt.

2086 3847 2270 3919 (Vers.
2302 3847 2336 3900 4
2372 3842 2556 3915 seqq.)
2606 3841 2670 3896 Et
2701 3841 2972 3897 extendam
3004 3854 3211 3893 manuni
3248 3854 3415 3892 meum
3456 3852 3610 3906 super

2013 3941 2211 3996 ludam
2242 3951 2288 3996 et
2314 3954 2471 4009 super
2498 3952 2669 3995 omnes
2696 3933 3015 3988 habitatores
3049 3930 3339 3987 Jerusalem
3371 3945 3389 3984 :
3420 3939 3467 3982 et
3497 3927 3606 3981 dis-

2013 4034 2223 4108 perdam
2255 4033 2316 4085 de
2345 4031 2458 4085 loco
2483 4028 2579 4082 hoc
2601 4027 2846 4098 reliquias
2878 4023 3032 4107 Ilaal,
3064 4033 3109 4078 et
3151 4024 3364 4078 nomina
3387 4020 3612 4076 redimo-

2012 4144 2128 4182 rum
2156 4142 2271 4181 cum
2307 4122 2687 4190 sacerdotibus,
2714 4130 2759 4173 et
2794 4135 2881 4174 eos
2915 4119 3004 4189 qui
3040 4118 3263 4171 adorant
3300 4130 3455 4186 super
3482 4122 3615 4167 tecta

2014 4221 2253 4276 militiam
2277 4219 2422 4287 caeli,
2458 4226 2506 4273 et
2534 4216 2755 4271 adorant
2782 4224 2831 4268 et
2848 4216 3037 4287 jurant
3067 4212 3119 4264 in
3166 4201 3412 4276 Domino,
3445 4215 3491 4259 et
3518 4206 3614 4276 ju-

2010 4325 2126 4370 rant
2154 4315 2207 4369 in
2240 4312 2501 4368 Male/tom
2533 4327 2552 4367 :
2583 4322 2633 4365 et
2677 4309 2765 4379 qui
2806 4315 3110 4362 avertuntur
3151 4304 3213 4359 de
3248 4314 3363 4377 post
3406 4311 3606 4375 tergum

2011 4406 2248 4475 Domini,
2282 4416 2329 4462 et
2359 4407 2448 4479 qui
2487 4422 2588 4461 non
2615 4404 2927 4475 qumsierunt
2961 4401 3241 4455 Dominum
3285 4414 3374 4454 nec
3403 4398 3611 4452 investi-

2011 4510 2260 4574 gaverunt
2292 4514 2427 4552 eum.
2462 4495 2605 4551 LXX
2639 4513 2651 4549 :
2685 4493 2754 4547 Et
2784 4493 3061 4547 extendam
3090 4504 3299 4543 manum
3328 4503 3497 4541 meam
3520 4504 3612 4540 su-

304 4591 500 4661 positus
530 4595 603 4641 est
635 4589 703 4641 ad
730 4584 985 4657 papulum
1010 4603 1165 4640 suum
1191 4585 1346 4658 (Gen.
1370 4604 1514 4652 χιιι,
1539 4588 1651 4659 5‘2).
1684 4587 1760 4645 Ex
1794 4605 1902 4660 quo
1932 4586 1982 4646 D
2007 4607 2097 4664 per
2141 4590 2341 4644 ludam
2360 4630 2375 4657 ,
2404 4598 2453 4643 et
2492 4603 2647 4657 super
2676 4602 2852 4639 omnes
2889 4585 2976 4654 qui
3000 4583 3238 4639 habitant
3266 4582 3557 4637 Jerusalem
3586 4597 3605 4635 :

306 4682 657 4753 intelligimus
680 4676 829 4734 aliud
850 4690 973 4736 esse
1005 4688 1215 4734 tantum
1239 4677 1499 4748 deﬁcere,
1520 4692 1572 4736 et
1600 4680 1745 4736 aliud
1775 4697 1901 4738 cum

305 4774 615 4831 defeetione
650 4774 837 4844 plures
866 4772 1072 4842 pariter
1104 4772 1308 4828 habere
1335 4774 1587 4827 virtutes.
1620 4774 1777 4840 Quod
1807 4790 1904 4829 au-

303 4877 413 4924 tem
438 4868 673 4939 primum
702 4866 917 4920 dixerat
945 4865 1298 4935 generaliter,
1322 4866 1607 4937 defectione
1628 4867 1838 4938 deﬁciat
1869 4884 1901 4924 α

304 4962 441 5034 facie
462 4971 614 5017 terra!
640 4966 864 5030 :postea
892 4954 948 5013 in
972 4966 1158 5029 partes
1180 4958 1361 5014 divisit
1384 4957 1664 5028 Scriptura
1693 4959 1897 5033 divina,

303 5055 523 5114 deﬁciat
554 5055 738 5121 homo,
766 5065 824 5109 et
846 5052 1094 5124 jumenta
1118 5094 1135 5120 ,
1158 5053 1421 5111 deﬁciant
1447 5056 1690 5112 volatilia
1729 5058 1854 5113 omli
1879 5100 1896 5126 ,

378 5246 404 5322 ξ
430 5236 636 5322 pmnes
673 5250 816 5322 .mss.
850 5234 1069 5322 codices
1116 5235 1359 5322 retinent
1383 5249 1577 5319 vocem
1620 5236 1867 5310 Illyricas
1888 5256 1908 5322 ,-

302 5311 398 5368 sed
430 5310 572 5366 haud
598 5308 760 5380 dubie
792 5307 1061 5380 imperitia
1088 5318 1332 5363 veterum
1355 5307 1779 5380 θχμρινίρεωνιιιιι,
1812 5307 1899 5380 qui

303 5384 621 5440 nescierunt
652 5378 859 5453 Illyrim
885 5381 991 5435 dici
1025 5378 1293 5450 Illyricum
1320 5391 1513 5435 neutro
1538 5378 1760 5449 genere,
1794 5378 1899 5437 neu

306 5456 551 5528 Illyricas
583 5453 903 5528 masculino,
929 5455 1145 5525 quando
1175 5468 1271 5523 pro
1292 5453 1568 5523 provincia
1602 5463 1653 5507 ct
1680 5456 1899 5524 regione

304 5546 351 5584 ³(
371 5524 1141 5667 (filiforfzgiitlxoppidum
1173 5594 1472 5655 Dalmatia).
1493 5595 1899 5667 [nummumque

303 5671 597 5740 conﬁnium
618 5668 741 5740 fuit.
760 5668 832 5722 De
859 5666 963 5740 hac
987 5668 1296 5740 Hieronymi
1326 5670 1520 5736 patria,
1545 5668 1712 5729 multa
1741 5666 1896 5723 nobis

306 5746 359 5798 in
390 5745 509 5809 ejus
540 5737 661 5793 Vita
694 5737 923 5793 dicenda
953 5744 1101 5792 sunt.

382 5826 402 5853 ε
436 5811 596 5867 Addit
635 5811 827 5883 Regin.
864 5825 991 5880 ms.,
1028 5826 1334 5881 possumus;
1363 5809 1459 5867 sed
1492 5812 1671 5869 verius
1700 5822 1893 5869 sensus

2011 4695 2059 4740 et
2086 4680 2319 4756 auferam
2353 4682 2419 4737 de
2442 4682 2556 4737 loco
2592 4681 2691 4735 hoc
2722 4679 2936 4735 nomine
2963 4670 3191 4745 Baetim,
3214 4685 3263 4732 et
3284 4677 3493 4731 nomine
3522 4693 3605 4731 sa-

2010 4778 2271 4833 cerdotum
2301 4793 2415 4830 cum
2454 4774 2827 4838 sacerdotibus,
2856 4782 2907 4828 et
2944 4788 3031 4827 eos
3072 4773 3161 4844 qui
3198 4771 3428 4825 adorant
3454 4785 3611 4839 super

2010 4878 2144 4926 tecta
2165 4869 2405 4925 militiam
2430 4869 2565 4933 coeli,
2591 4878 2639 4923 et
2678 4883 2764 4922 eos
2785 4868 2873 4939 qui
2883 4868 3071 4941 jurant
3100 4865 3153 4918 in
3181 4862 3427 4927 Domino,
3451 4868 3497 4915 et
3512 4861 3608 4931 ju-

2008 4972 2128 5020 rant
2148 4965 2201 5019 in
2230 4981 2348 5036 rege
2367 4980 2487 5029 suo,
2511 4971 2557 5017 et
2582 4978 2670 5017 eos
2700 4962 2786 5033 qui
2818 4959 3081 5015 declinant
3112 4976 3143 5012 ιι
3165 4956 3413 5023 Domino,
3449 4963 3494 5007 et
3521 4954 3609 5023 qui

2012 5075 2112 5114 non
2132 5058 2398 5129 requirunt
2422 5055 2726 5123 Dominum,
2750 5064 2798 5109 et
2824 5055 2913 5125 qui
2930 5070 3035 5108 non
3054 5052 3275 5107 retinent
3304 5048 3606 5103 Dominum.

2018 5238 2085 5293 ab
2107 5238 2365 5295 inferiore
2397 5238 2680 5295 videbimus
2702 5238 2923 5310 pendet.

2084 5311 2107 5346 ά
2143 5313 2292 5365 Erret
2320 5326 2383 5364 eo
2409 5324 2593 5377 sensu,
2616 5306 2758 5380 quod
2783 5320 2837 5363 et
2868 5318 3115 5366 notatum
3135 5306 3373 5363 Victoria
3402 5306 3601 5380 fuerat,

2014 5384 2243 5453 tiogztttdi
2291 5383 2613 5453 particulam
2636 5378 2905 5436 ‘Martizin.
2940 5390 3100 5435 tacet.
3136 5382 3203 5453 Si
3231 5380 3374 5434 enim
3422 5378 3606 5453 deﬁcit

2008 5452 2128 5526 quis
2167 5463 2225 5509 ut
2255 5452 2417 5507 homo
2442 5496 2453 5514 .
2489 5470 2609 5508 cum
2655 5454 2887 5507 humana
2928 5452 3234 5526 contemnit
3268 5468 3280 5503 :
3324 5459 3377 5526 et
3420 5452 3603 5507 deﬁcit

2006 5521 2127 5594 quis
2156 5538 2209 5581 ut
2241 5529 2543 5594 jumentnm
2570 5566 2582 5589 ,
2610 5538 2731 5579 Cum
2759 5526 2822 5577 ad
2846 5524 3036 5579 altiora
3067 5521 3389 5579 conscendit
3425 5542 3437 5578 :
3470 5537 3600 5593 ergo

2006 5616 2114 5652 non
2147 5606 2323 5668 ptlleal
2366 5599 2615 5668 accusari
2663 5611 2916 5650 sermone
2947 5596 3294 5668 prOphctico,
3323 5595 3366 5668 si
3416 5594 3602 5668 deﬁcit

2005 5684 2126 5723 esse
2147 5664 2478 5739 iumentum.
2514 5667 2751 5737 Exponit
2776 5668 2920 5739 enim
2950 5664 3182 5738 mystice
3210 5664 3337 5739 quid
3366 5667 3438 5720 sit
3464 5664 3592 5739 deﬁ-

2003 5755 2128 5794 cere
2150 5736 2301 5809 ’θεεᾳ
2329 5739 2415 5795 vel
2446 5736 2746 5809 hominem,
2778 5738 2859 5795 vel
2880 5736 3324 5809 jumentum,vcl
3355 5738 3593 5807 vitiatur,

2008 5812 2090 5871 vel
2124 5811 2353 5885 piscem.
2385 5810 2513 5869 Mss.
2546 5811 2723 5868 neStri
2755 5818 2876 5885 post
2904 5809 3109 5869 Victor.
3143 5810 3459 5867 resﬁtuunt.
