4028 6342
415 213 558 272 ista
1595 259 1599 262 .
1672 217 1730 276 s.
1773 216 2048 276 eussun
2083 215 2469 276 HIERONYMI
2916 203 2919 206 ’
3582 219 3718 278 tau

413 326 547 385 Post
581 327 871 411 impiorum
925 327 1148 400 ruinas,
1179 339 1235 387 et
1288 328 1596 402 iniquorum
1651 331 1958 390 ablationes
1987 349 2015 388 a
2046 335 2102 396 Α
2123 333 2350 390 tendere
2385 333 2673 388 Dominum
2703 333 2770 388 ad
2813 332 3076 404 supplicia
3107 340 3459 404 peccatorum
3505 347 3722 388 manum

415 419 555 478 facie
601 431 800 490 terrae,
853 435 1252 496 consequenter
1296 426 1558 482 adversus
1609 425 1801 482 Judam
1845 436 1900 484 et
1929 427 2024 482 ad—

413 529 608 570 versus
659 513 957 572 Jerusalem
1006 533 1076 572 ex
1129 532 1360 588 persona
1413 518 1627 575 Domini
1684 521 1922 576 dicitur:
1954 520 2024 575 Et

421 609 696 665 extendam
743 628 958 666 manum
1002 629 1171 668 meam
1215 631 1370 687 super
1417 613 1612 670 ludam
1649 625 1696 669 et
1727 634 1881 687 super
1915 633 2023 672 om-

417 718 510 758 nes
550 703 871 760 habitatores
917 704 1213 762 Jerusalem
1265 710 1560 778 (extensio
1606 711 1807 782 quippe
1835 728 2024 769 manus

418 807 630 868 gestum
695 799 1048 869 percutientis
1099 801 1392 874 ostendit)
1445 821 1458 857 :
1504 813 1553 858 et
1610 805 1911 875 disperdam
1962 809 2026 860 de

421 888 537 944 loco
589 891 686 944 Itoc
728 891 980 962 reliquias
1023 892 1157 949 Baal
1181 911 1199 949 :
1227 894 1343 950 Non
1386 895 1532 966 quod
1558 897 1858 954 secundum
1882 898 2027 955 LXX

428 983 650 1039 nomina
695 984 901 1040 Baalitn
949 990 1163 1056 penitus
1212 989 1488 1044 eradenda
1538 988 1682 1057 siut;
1731 993 1824 1048 sed
1878 993 2025 1064 quod

429 1087 454 1116 η
467 1078 619 1149 juxta
643 1079 968 1137 liebraicum
992 1083 1229 1140 cultores
1253 1085 1368 1155 ejus
1389 1100 1421 1141 e
1443 1086 1640 1157 populo
1661 1090 1750 1160 qui
1775 1089 1931 1159 pauci
1957 1090 2028 1146 de

424 1172 574 1229 etede
601 1175 836 1230 hostium
875 1189 1253 1234 remanserant
1287 1180 1338 1235 in
1361 1179 1497 1236 Juda
1528 1189 1586 1237 et
1611 1183 1938 1252 Jerusalem,
1965 1199 2027 1241 se

429 1271 793 1325 comminetur
843 1271 1083 1326 auferre.
1141 1270 1374 1328 Nomina
1429 1289 1646 1346 quoque
1700 1276 2026 1333 aedituorum

426 1375 551 1417 cum
603 1363 1009 1432 sacerdmibus,
1045 1365 1171 1435 quia
1221 1365 1278 1421 in
1330 1378 1533 1424 tantam
1571 1368 1742 1424 Judas
1768 1371 1935 1444 679
1975 1384 2030 1429 et

428 1452 714 1526 Beujamin
737 1468 1005 1514 venerant
1031 1459 1391 1529 impietatem,
1417 1470 1476 1516 ut
1505 1462 1556 1516 in
1579 1463 1810 1533 Temple
1840 1465 2027 1519 Domi-

427 1546 486 1603 ni
509 1550 683 1621 (juxta
714 1551 859 1622 quod
888 1553 1080 1608 scribit
1110 1553 1386 1622 Ezechiel,
1418 1564 1472 1611 et
1510 1555 1824 1627 Regnorum
1869 1574 2031 1627 quar-

429 1649 515 1697 tus
539 1643 680 1698 liber
719 1645 986 1716 ostendit)
1016 1654 1249 1702 statuam
1279 1648 1402 1704 Baal
1426 1693 1440 1716 ,
1465 1647 1492 1687 δ
1523 1665 1682 1720 quam
1734 1651 2026 1723 imaginem

2127 444 2277 484 suam
2305 443 2468 500 super
2495 427 2712 495 Judam,
2739 429 2829 499 qui
2871 427 2973 483 sibi
3010 427 3228 482 videtur
3273 443 3473 483 nomen
3507 425 3724 482 Domini

2125 522 2402 591 conﬁteri,
2428 531 2483 578 et
2501 537 2665 593 super
2684 522 3009 590 Jerusalem,
3032 522 3332 578 Ecclesium
3357 539 3480 592 qua:
3503 537 3570 577 ex
3600 535 3730 591 pace

2125 616 2317 672 sortita
2384 617 2708 672 vocabulum
2765 625 2884 686 est,
2945 625 3000 671 ct
3061 615 3278 670 auferre
3364 615 3432 670 de
3487 613 3731 670 Ecclesia

2127 710 2345 766 nomina
2375 710 2602 780 Baalim,
2634 709 2775 782 quod
2805 711 3198 782 interpretatur
3235 711 3290 765 in
3315 709 3728 766 sublimioribus.

2129 803 2352 860 Auferet
2375 815 2556 859 autem
2598 805 2858 860 Dominus
2893 805 3110 860 nomina
3151 821 3304 860 vana:
3336 804 3532 876 glorim
3560 812 3617 859 et
3641 803 3736 858 ad-

2130 897 2433 952 tuiratiouis
2463 897 2614 952 falsa;
2637 941 2650 961 ,
2675 913 2797 968 quae
2825 907 3112 966 versantur
3147 897 3200 953 in
3234 897 3502 964 Ecclesia,
3530 897 3585 951 in
3628 910 3731 966 qua

2123 992 2282 1064 juxta
2305 991 2590 1057 Jacnbum,
2611 990 2636 1030 ἀ
2653 993 2956 1047 honoratur
2974 992 3231 1047 annulum
3254 1007 3479 1048 aureum
3503 991 3731 1054 habens,

2129 1095 2185 1140 et
2207 1085 2580 1140 contemnitur
2607 1100 2832 1155 pauper,
2856 1084 3024 1156 680
3053 1100 3174 1138 cum
3205 1083 3272 1139 ad
3305 1083 3606 1139 adventum
3646 1083 3732 1152 ju-

2130 1178 2266 1234 dicis
2287 1187 2341 1232 et
2372 1180 2662 1244 senatoris,
2693 1188 2748 1234 et
2784 1178 2838 1233 in
2868 1193 3160 1233 commune
3192 1177 3438 1234 omnium
3483 1175 3733 1240 divitum,

2129 1274 2288 1346 plebs
2311 1273 2562 1329 universa
2585 1273 2863 1344 consurgit
2881 1315 2896 1340 ,
2924 1281 2978 1327 et
3001 1281 3194 1330 sancto
3216 1271 3442 1344 pauperi
3469 1286 3542 1326 ne
3561 1269 3738 1325 standi

2129 1370 2349 1441 quidem
2375 1369 2517 1426 inter
2544 1379 2789 1425 catervas
2804 1371 3124 1439 potentium,
3153 1366 3616 1422 etconsessioues
3641 1380 3733 1422 eo-

2132 1479 2250 1518 rum
2277 1462 2534 1517 tribuitur
2565 1463 2746 1529 locus;
2787 1461 2881 1517 sed
2911 1470 2966 1517 et
2996 1463 3217 1516 nomina
3241 1458 3596 1515 sacerdotum
3620 1473 3740 1514 cum

2132 1557 2508 1614 sacerdotibus
2546 1558 2635 1628 qui
2679 1557 2877 1612 frustra
2916 1557 3018 1611 sibi
3061 1553 3400 1626 applaudunt
3427 1554 3481 1608 in
3511 1553 3729 1624 episco-

2135 1653 2242 1724 pali
2275 1653 2518 1718 nomine,
2551 1662 2606 1708 et
2647 1652 2701 1707 in
2739 1650 3066 1723 presbyterii
3108 1648 3394 1720 dignitate,
3424 1656 3482 1703 et
3529 1662 3638 1704 non
3683 1648 3738 1702 in

428 1733 542 1791 Zeli
577 1737 840 1794 Dominus
867 1747 1061 1808 vocat,
1093 1743 1418 1808 statuerint,
1459 1751 1514 1798 et
1554 1743 1610 1797 in
1646 1743 1842 1799 eodem
1872 1759 2031 1799 sanc-
2063 1731 2112 1792 Β
2140 1761 2305 1818 opere
2331 1745 2545 1816 (Iacob.
2588 1744 2681 1818 ιι).
2712 1745 2867 1803 Unde
2908 1747 3188 1815 signauter
3227 1758 3335 1800 non
3366 1742 3479 1809 ait,
3512 1751 3562 1796 et
3589 1759 3745 1812 Opera

433 1829 610 1882 tuario
662 1828 806 1883 idola
866 1839 921 1884 et
988 1831 1274 1886 Dominum
1344 1833 1548 1904 pariter
1613 1835 1862 1890 venerati
1928 1836 2037 1891 sint

434 1919 654 1991 (Ezech.
690 1922 831 1996 vm).
865 1923 1024 1981 Unde
1057 1927 1340 1998 signanter
1380 1928 1649 1984 idolorum
1687 1929 2034 2000 sacerdotes,

433 2031 542 2072 non
586 2017 906 2074 sacerdotes
935 2059 952 2086 ,
1003 2022 1102 2075 sed
1136 2031 1158 2060 ε
1191 2027 1485 2095 τεμενὶτας,
1519 2023 1570 2078 id
1599 2033 1685 2079 est
1708 2065 1723 2090 ,
1773 2025 1993 2080 redimas
2015 2064 2032 2091 ,

433 2111 520 2167 vel
569 2111 836 2168 fanaticos
885 2112 1180 2185 appellavit
1209 2114 1317 2188 (ιν
1353 2116 1481 2188 Reg.
1527 2133 1560 2172 ι
1608 2126 1656 2172 et
1701 2118 1860 2190 xvn),
1893 2116 2034 2189 quod

439 2203 706 2262 Hebraice
733 2205 931 2263 dicitur
962 2211 1642 2284 accuuunmtmnmn).
1696 2213 1764 2267 Et
1803 2213 2036 2268 aedituos

435 2313 567 2370 ergo
593 2309 650 2355 et
676 2301 990 2358 sacerdotes
1011 2305 1283 2374 quondam
1307 2304 1426 2368 Dei,
1447 2314 1502 2361 et
1522 2321 1618 2361 eos
1641 2307 1731 2378 qui
1766 2307 1818 2362 in
1849 2308 2037 2363 doma-

433 2391 580 2448 tibus
603 2393 906 2450 adorabant
926 2396 1173 2452 militiam
1201 2399 1350 2466 caeli,
1375 2399 1545 2456 solem
1578 2409 1634 2457 et
1656 2401 1839 2456 lunam
1872 2411 1927 2457 et
1952 2417 2039 2456 as-

436 2493 518 2541 tra
549 2488 775 2558 reliqua,
800 2497 857 2543 et
883 2489 1259 2560 qui-jurabant
1293 2494 1344 2546 in
1372 2495 1594 2550 nomine
1625 2495 1863 2561 Domini,
1889 2507 1946 2552 et
1984 2497 2037 2552 in

437 2579 659 2636 nomine
685 2581 816 2638 idoli
849 2583 1283 2642 Ammanitarum
1314 2588 1582 2644 Melchom
1625 2589 1792 2662 (quod
1824 2607 1852 2646 a
1896 2592 2039 2648 LXX

437 2674 492 2729 in
519 2691 690 2747 regem
721 2691 942 2733 versum
969 2680 1072 2751 est)
1099 2680 1312 2736 auferet
1337 2683 1596 2740 Dominus
1627 2685 1699 2741 de
1734 2685 1855 2741 loco
1884 2687 2042 2743 Jeru-

436 2768 630 2835 salem,
650 2771 768 2827 sive
790 2771 1090 2843 disperdet,
1112 2777 1216 2834 ἀπὸ
1246 2787 1411 2834 κοινοῦ
1436 2780 1578 2834 enim
1603 2780 1946 2838 subauditur.
1979 2782 2042 2837 Et

438 2866 738 2935 disperdam
751 2868 943 2924 deloco
961 2871 1056 2925 hoc
1078 2873 1323 2944 reliquias
1335 2873 1468 2930 Baal
1477 2919 1488 2934 .
1505 2885 1551 2930 et
1566 2876 1864 2946 disperdam
1878 2880 2045 2932 nomi-

435 2973 504 3011 na
515 2959 827 3014 aedituorum
842 2977 958 3016 cum
976 2965 1348 3028 sacerdotibus.
1365 2977 1411 3020 et
1423 2967 1719 3037 disperdam
1732 2986 1818 3024 eos
1829 2972 1918 3041 qui
1928 2973 2049 3026 ado-

437 3060 555 3105 rant
579 3069 734 3122 super
758 3063 892 3108 lecta
911 3057 1154 3111 militiam
1171 3058 1307 3124 caeli,
1331 3070 1380 3114 et
1397 3061 1695 3132 disperdam
1712 3080 1797 3118 eos
1815 3066 1901 3135 qui
1917 3065 2045 3120 ado-

2139 1840 2464 1895 sacerdotum
2492 1856 2611 1894 cum
2634 1838 2984 1894 sacerdotibus
3006 1882 3021 1904 ,
3049 1837 3142 1894 sed
3163 1879 3177 1903 ,
3205 1837 3416 1890 nomina
3445 1850 3465 1890 :
3490 1834 3587 1906 qui
3629 1844 3747 1888 tan-

2142 1932 2420 1987 tummodo
2453 1931 2586 1986 falsa
2611 1931 2830 1986 nomina
2861 1930 3160 2001 praeferunt
3178 1927 3533 1998 dignitatum,
3555 1934 3612 1982 et
3634 1939 3747 1980 ma-

2139 2025 2206 2082 lis
2225 2025 2479 2097 operibus
2502 2039 2598 2080 sua
2623 2013 2843 2079 ntﬁnina
2866 2022 3179 2089 destruunt,
3201 2028 3257 2075 et
3277 2033 3376 2075 eos
3397 2019 3497 2090 qui
3518 2016 3750 2072 adorant

2140 2135 2305 2191 super
2350 2128 2487 2175 tecta
2542 2118 2791 2173 militiam
2839 2116 2995 2181 cceli,
3025 2115 3115 2184 qui
3159 2114 3448 2168 elevantur
3486 2111 3748 2166 adversus

2140 2210 2427 2268 scientiam
2461 2210 2582 2274 Dei;
2616 2219 2673 2265 et
2701 2223 2862 2264 omne
2889 2207 3035 2278 quod
3060 2206 3269 2277 geritur
3297 2206 3352 2260 in
3395 2203 3625 2268 smculo,
3657 2203 3752 2256 ﬁc-

2141 2316 2251 2362 tam
2305 2306 2408 2361 sibi
2459 2304 2743 2360 scientiam
2795 2303 3145 2374 pollicentes,
3193 2299 3441 2355 referunt
3487 2299 3556 2353 ad
3598 2307 3748 2354 ortus

2140 2399 2428 2456 stellarum
2450 2407 2506 2452 et
2533 2396 2841 2464 occubitus,
2874 2405 2932 2452 et
2959 2392 3474 2450 mathematicorum
3508 2407 3749 2462 sequun-

2144 2503 2229 2550 tur
2281 2508 2532 2559 errores,
2569 2502 2623 2547 et
2666 2506 2762 2547 eos
2799 2490 2888 2562 qui
2927 2488 3158 2544 adorant
3194 2485 3488 2542 Dominum
3521 2495 3578 2541 et
3611 2484 3746 2539 Mel—

2143 2589 2326 2652 cltom,
2357 2589 2449 2659 qui
2481 2588 2682 2643 smculo
2707 2586 2910 2657 pariter
2927 2592 2981 2639 et
3011 2583 3245 2638 Domino
3268 2590 3464 2651 putant
3491 2595 3554 2635 se
3585 2593 3746 2649 posse

2144 2685 2444 2750 servire,et
2471 2682 2684 2738 duobus
2713 2679 2950 2736 dominis
2978 2676 3320 2744 satisfacere,
3344 2674 3458 2730 Deo
3491 2682 3545 2729 et
3581 2688 3750 2727 mam-

2147 2794 2324 2836 mona:
2357 2797 2369 2833 :
2403 2779 2492 2848 qui
2527 2779 2827 2833 militantes
2855 2773 3109 2843 Christo,
3143 2772 3388 2842 obligant
3416 2785 3478 2825 se
3513 2769 3746 2840 negotiis

2147 2871 2520 2935 saecularibus,
2549 2877 2606 2925 et
2648 2867 2900 2923 eamdem
2941 2866 3233 2935 imaginem
3278 2861 3519 2918 offerunt
3557 2861 3673 2915 Deo
3697 2870 3750 2915 et

2147 2968 2387 3032 Cmsari,
2435 2975 2637 3020 etcum
2677 2963 2883 3019 Christi
2920 2960 3238 3017 sacerdotes
3283 2973 3340 3014 se
3379 2973 3505 3014 esse
3532 2957 3746 3021 dicant,

2152 3061 2292 3118 ﬁlios
2346 3075 2476 3115 suos
2529 3066 2856 3113 consecrant
2913 3053 3199 3120 Melchom,
3244 3051 3296 3106 id
3353 3059 3459 3114 est,
3499 3050 3612 3120 regi
3658 3063 3748 3102 suo

437 3155 555 3199 rant
573 3155 620 3199 et
622 3146 806 3217 jurant
825 3149 877 3202 in
894 3148 1199 3218 Domino,et
1208 3156 1469 3228 jurantin
1487 3133 2043 3232 Melchom,etdisper-
2073 3133 2119 3196 (ἶ
2154 3155 2220 3228 (Il
2252 3155 2388 3209 Tim.
2416 3152 2497 3223 ιι).
2525 3152 2692 3206 Recte
2722 3150 2866 3206 enim
2891 3148 3096 3203 habent
3115 3161 3300 3216 regem
3333 3144 3634 3208 hominem,
3655 3141 3742 3213 qui

440 3237 561 3292 dant
588 3255 674 3294 eos
701 3243 789 3312 qui
809 3255 1128 3313 avertuntur,
1164 3248 1277 3302 sive
1310 3248 1573 3304 declinant
1608 3252 1672 3304 de
1702 3261 1818 3320 post
1847 3263 2045 3325 tergum

441 3331 680 3402 Domini,
696 3347 743 3390 et
762 3339 850 3402 qui
867 3356 970 3394 non
992 3351 1228 3412 quaerunt
1253 3359 1389 3409 eum,
1408 3342 1526 3398 sive
1548 3360 1648 3398 non
1675 3347 1918 3402 retinent.
1938 3348 2048 3403 Ad-

440 3437 736 3485 vertuntur
767 3441 953 3488 autem
993 3444 1115 3502 post
1147 3433 1254 3507 [AL
1295 3434 1363 3489 de
1402 3441 1544 3506 post]
1591 3447 1798 3509 tergum
1835 3440 2049 3496 Domini

444 3520 635 3587 Israel,
673 3526 762 3594 qui
794 3525 1170 3594 relinquentes
1205 3526 1408 3582 cultum
1455 3529 1572 3600 ejus
1603 3531 1791 3602 jurant
1822 3533 1874 3588 in
1917 3535 2049 3590 Mel-

447 3615 628 3680 chom,
659 3623 715 3670 et
741 3617 974 3672 adorant
1000 3618 1245 3674 militiam
1274 3621 1423 3687 coeli,
1458 3635 1510 3676 et
1541 3637 1878 3681 venerantur
1918 3627 2048 3682 Baal

446 3709 650 3766 idolum
679 3711 1052 3770 Sidoniorum.
1083 3714 1372 3786 [lucusque
1397 3718 1640 3774 historice
1662 3736 1859 3777 sensus
1883 3737 2048 3793 expo-

445 3805 581 3859 situs
609 3815 694 3859 est
727 3823 740 3859 :
769 3807 1054 3863 videamus
1077 3819 1132 3862 et
1158 3825 1460 3882 anagogen.
1488 3812 1719 3884 Propter
1760 3815 2046 3870 Dominum

450 3901 539 3971 qui
566 3900 636 3955 de
664 3901 804 3955 tribu
835 3901 970 3956 Juda
995 3912 1150 3958 ortus
1177 3913 1294 3974 est,
1323 3915 1381 3961 et
1412 3919 1638 3976 propter
1663 3909 1964 3965 Jerusalem
1994 3911 2046 3966 in

449 4007 554 4062 qua
593 3997 840 4063 regnavit
869 3993 1058 4060 Judas,
1092 3995 1198 4052 boc
1223 4009 1328 4064 est,
1361 3999 1623 4056 Dominus
1663 4012 1828 4074 atque
1859 4003 2049 4058 Salva-

451 4092 559 4147 tor.
585 4085 833 4141 dicamus
857 4089 1078 4158 quando
1106 4089 1466 4160 multiplicata
1496 4093 1659 4150 fuerit
1691 4096 1964 4165 iniquitas,
1999 4106 2053 4151 ct

453 4176 734 4234 refrixerit
773 4181 1013 4236 charitas
1045 4183 1374 4254 multorum,
1401 4195 1455 4241 et
1504 4188 1756 4243 veniente
1797 4189 2051 4252 Domino,

454 4284 577 4325 rara
605 4270 742 4328 ﬁdes
770 4277 1082 4345 apparuerit
1110 4275 1163 4330 in
1197 4285 1363 4345 terra,
1395 4279 1662 4333 intantum
1695 4288 1752 4334 ut
1780 4289 2058 4337 tententur

451 4367 618 4422 etiam
659 4369 818 4426 electi
859 4370 954 4426 Dei
979 4369 1209 4443 (Matth.
1238 4387 1386 4440 xxw,
1416 4371 1544 4427 Luc.
1571 4377 1735 4443 xvnt)
1763 4392 1775 4429 :
1807 4382 1935 4430 tunc
1961 4392 2055 4432 ex-

531 4575 556 4638 f‘
585 4565 762 4620 Verba
788 4566 940 4638 juxta
966 4565 1284 4638 Hebraicum
1317 4565 1503 4636 Regin.
1539 4580 1640 4622 ms.
1672 4567 1905 4638 ignorat.

527 4637 557 4676 ιι
589 4638 842 4713 Imperite
875 4637 1064 4713 legunt
1092 4637 1328 4713 editores
1371 4647 1500 4713 ante
1529 4654 1628 4713 nos
1650 4681 1664 4704 ,
1687 4637 1843 4708 quam
1871 4643 2056 4713 imagi-

457 4727 576 4766 nem
606 4707 717 4763 caeli
747 4710 996 4762 Dominus
1018 4717 1180 4762 vocat.
1228 4709 1382 4776 Quod
1409 4707 1763 4766 falsissimum
1797 4722 1903 4776 est,
1927 4707 2051 4768 cum

455 4782 658 4840 idolum
693 4781 820 4853 Bual
851 4781 1113 4853 Dominus
1141 4796 1428 4850 numquam
1462 4784 1746 4839 vocaverit
1774 4785 2052 4853 imaginem

455 4853 588 4917 caeli,
625 4853 716 4906 sed
752 4852 950 4906 idolum
979 4854 1094 4907 sive
1123 4853 1402 4923 imaginem
1431 4853 1544 4908 Zeti
1579 4853 1799 4924 (Ezech.
1835 4852 1956 4922 vut,
1993 4856 2046 4917 5,

457 4943 515 4992 v,
550 4925 626 4996 8).
659 4925 718 4982 S.
742 4924 1035 4996 (lygirauni
1057 4927 1228 4979 codex
1257 4941 1358 4996 ius.
1393 4929 1830 4996 retinetquoque
1861 4943 2049 4981 vocent

455 4995 658 5053 idolum
700 4995 802 5052 hoc
835 5001 953 5052 loco
973 5037 986 5061 ,
1015 5013 1174 5065 quam
1215 4995 1414 5050 idolum
1441 4996 1553 5051 Ζειί
1582 4995 1836 5051 Dominus
1868 5007 2050 5065 vocat;

457 5071 549 5123 alii
585 5071 813 5142 legunt.
848 5069 1144 5142 imaginem.
1180 5069 1304 5125 Scin
1343 5079 1534 5142 tamen
1568 5068 1765 5142 Ezech.
1802 5085 2047 5142 vilicap.

455 5155 522 5196 ex
556 5141 932 5196 Theodotioue
956 5139 1238 5211 imaginem
1259 5141 1370 5194 caeli
1399 5141 1630 5208 positum
1657 5139 1840 5196 fuisse.
1868 5141 2043 5196 MART.

455 5241 528 5252 —-
555 5213 757 5268 Confer
776 5229 897 5284 quae
918 5213 983 5266 ad
1005 5212 1375 5266 Commentar.
1408 5212 1459 5264 in
1487 5211 1758 5266 Ezechiel.
1781 5228 1879 5283 cap
1934 5229 2047 5280 vm,

459 5285 566 5340 col.
599 5287 690 5352 83,
717 5287 1072 5340 observamus
1103 5293 1216 5338 not.
1249 5300 1301 5336 a.

537 5370 558 5396 ε
579 5358 999 5414 Restitutionetu
1029 5355 1188 5425 hujus
1211 5356 1314 5410 loci
1332 5353 1505 5408 noluit
1528 5353 1787 5409 Erasmus
1808 5357 1910 5410 sibi
1931 5373 2046 5425 per-

456 5432 704 5498 mittere;
739 5429 962 5503 coujicit
988 5444 1120 5503 vero
1160 5426 1776 5503 lcgendutnispoqév-ra;
1807 5446 1824 5503 :_
1851 5429 2046 5503 Maria-

455 5520 556 5559 nus
589 5504 815 5558 Erasmo
843 5502 1230 5565 audacior,sed
1263 5517 1366 5555 non
1399 5500 1717 5570 diligentior
1740 5501 1790 5554 in
1815 5501 2046 5556 lectione

451 5577 948 5646 manust-rimorum
977 5577 1259 5642 librorum,
1288 5585 1457 5630 totum
1485 5576 1800 5647 Hieronymi
1823 5586 2048 5629 contex-

447 5655 559 5701 tum
593 5650 918 5704 subvertere
955 5664 1121 5705 ausus
1149 5663 1230 5704 eSt
1252 5691 1268 5715 ,
1305 5660 1359 5705 et
1393 5665 1488 5718 pro
1524 5649 1734 5705 Grarcis
1780 5649 2042 5702 llebraica

443 5721 959 5794 veritasitbstituere
983 5725 1084 5776 hoc.
1111 5721 1274 5776 modo
1294 5739 1312 5777 :
1332 5721 1484 5778 Unde
1503 5721 2044 5794 signanteridolorum

442 5791 730 5846 sacerdotes
752 5833 766 5856 ,
803 5810 904 5846 non
947 5799 1182 5858 592nm,
1215 5794 1268 5847 itl
1307 5803 1407 5860 est,
1439 5791 1755 5861 sacerdotes,
1798 5793 1886 5848 sed
1916 5792 2044 5846 (rdi-

2150 3265 2335 3322 regem
2367 3247 2658 3303 Dominum
2685 3243 3066 3316 perdiderunt,
3093 3251 3144 3295 ct
3173 3237 3265 3310 qui
3298 3252 3391 3306 per
3422 3238 3562 3290 mala
3589 3250 3748 3306 opera

2150 3345 2429 3402 declinant
2455 3358 2480 3395 a
2517 3340 2770 3404 Domino,
2797 3348 2851 3392 et
2880 3353 2986 3391 non
3017 3334 3306 3406 requirunt
3335 3346 3484 3392 eum,
3513 3330 3750 3385 retinent

2151 3455 2246 3495 sua
2281 3447 2502 3509 peccata
2537 3434 2854 3505 fugientem.
2883 3430 2941 3487 Si
2971 3429 3095 3501 quis
3125 3436 3304 3482 autem
3340 3423 3580 3478 voluerit
3603 3422 3752 3493 juxta

2153 3531 2661 3602 interpretationem
2738 3525 3018 3582 nominum
3091 3521 3244 3576 Judae
3327 3529 3380 3574 et
3454 3517 3754 3573 Jerusalem

2157 3644 2322 3699 super
2353 3626 2530 3680 anima
2583 3621 3018 3691 uniuscujusque
3049 3617 3152 3673 hoc
3193 3617 3370 3685 ipsum
3405 3614 3712 3685 intelligere
3738 3653 3752 3678 ,

2157 3736 2266 3776 non
2332 3718 2579 3785 errabit,
2636 3715 2780 3788 quod
2851 3712 3066 3768 auferat
3143 3710 3412 3764 Dominus
3500 3710 3753 3764 universa

2159 3828 2278 3883 quae
2330 3811 2596 3874 diximus,
2647 3808 2732 3862 vel
2780 3806 2832 3860 itt
2884 3803 3361 3860 consummatione
3403 3801 3630 3864 mundi,
3672 3799 3757 3854 vel

2157 3907 2212 3962 in
2263 3905 2598 3974 singulorum
2659 3898 2845 3963 exitu,
2899 3896 3117 3968 quando
3179 3893 3404 3949 audient
3468 3911 3482 3947 :
3541 3891 3750 3958 Stulte,

2157 4003 2256 4055 hac
2287 4007 2433 4053 nocte
2467 4000 2737 4068 auferetur
2775 3993 2954 4046 anima
2992 3999 3082 4044 tua
3128 4006 3160 4043 a
3205 3999 3253 4043 te
3310 3986 3478 4058 (Luc.
3514 3985 3643 4059 xu).
3692 3985 3755 4040 Et

2159 4093 2419 4150 extendat
2463 4103 2681 4146 manum
2713 4101 2864 4142 suam
2915 4099 3082 4152 super
3126 4096 3281 4146 eum,
3323 4079 3415 4149 qui
3471 4078 3752 4133 Dominum

2160 4199 2183 4226 θ
2215 4205 2323 4244 non
2355 4182 2668 4246 conﬁtetur,
2699 4191 2757 4236 et
2793 4193 2960 4248 super
2987 4193 3111 4232 eum
3141 4175 3231 4246 qui
3263 4187 3483 4228 sensum
3517 4172 3668 4242 pacis
3699 4185 3756 4226 se

2157 4279 2568 4348 haberejactat,
2601 4282 2661 4328 ut
2689 4271 2902 4328 auferat
2929 4279 3093 4339 atque
3124 4265 3408 4336 disperdat
3447 4265 3517 4320 de
3552 4265 3643 4318 tali
3669 4262 3757 4318 Je—

2157 4373 2398 4432 rusalem
2430 4383 2648 4426 onmem
2673 4365 2985 4437 superbiam
3009 4404 3024 4429 ,
3057 4373 3109 4418 et
3149 4360 3318 4416 falsos
3348 4357 3402 4414 iu
3439 4359 3608 4415 Deum
3639 4356 3753 4414 cul-

2078 4577 2128 4636 Ι)
2159 4581 2270 4626 tuos
2299 4569 2378 4623 vel
2428 4568 2698 4640 fanaticos
2733 4563 3038 4640 appellavit.
3087 4561 3272 4640 Quam
3309 4561 3752 4640 depravationem

2159 4640 2361 4697 nemini
2377 4634 2794 4694 condonandam
2821 4643 2982 4689 vocat
3006 4638 3120 4702 ipse
3143 4634 3545 4689 restitutionem
3569 4646 3752 4690 contra

2157 4713 2316 4767 ﬁdem
2344 4712 2584 4766 omnium
2618 4709 2868 4762 codicum
2912 4720 3043 4760 mss.
3076 4706 3165 4774 qui
3195 4705 3436 4760 retinent
3465 4706 3610 4774 quod
3659 4721 3754 4761 nos

2155 4785 2446 4840 edidimus.
2474 4782 2643 4836 Porro
2678 4795 2876 4850 nomen
2909 4779 3166 4850 τεμένιτος
3210 4777 3294 4832 vel
3327 4781 3595 4840 τεμενίτης
3616 4777 3754 4846 apud

2155 4855 2378 4911 Suitlam
2411 4853 2678 4923 significat
2702 4849 3254 4923 aedituum,siverunt
3274 4851 3530 4923 quidegit
3559 4853 3611 4904 in
3635 4852 3752 4923 loco

2153 4927 2260 4982 diis
2299 4919 2496 4988 sacro';
2523 4925 2702 4996 τεμένη
2735 4920 3058 4996 οιιίηιέιρ-ιιά
3091 4919 3316 4975 llieron.
3353 4921 3404 4974 in
3433 4919 3482 4996 c_.
3513 4936 3590 4974 vr.
3624 4921 3753 4976 Eze-

2155 4998 2346 5053 chielis
2374 5008 2429 5053 et
2450 4991 2591 5062 apud
2622 4995 2870 5048 eumdem
2895 4991 3120 5048 Suidam
3145 5002 3273 5044 sunt
3300 4993 3514 5060 templo,
3541 4997 3751 5056 sacella,

2156 5070 2375 5124 delubra
2414 5079 2457 5123 et
2487 5067 2623 5140 luci;
2655 5067 2942 5140 reuévopog,
2975 5077 3188 5140 quoque
3217 5064 3414 5117 dicitur
3441 5063 3671 5140 redituris
3699 5075 3753 5119 et

2156 5141 2257 5196 loci
2305 5151 2493 5194 custos.
2541 5135 2721 5194 MART.
2753 5135 2842 5176 -'
2874 5135 3208 5204 licpouimus
3255 5151 3319 5188 ex
3365 5136 3574 5190 nostris
3622 5151 3751 5192 mss.

2154 5218 2421 5286 τεμενίτᾳς
2448 5221 2592 5286 recte
2638 5225 2668 5286 _a
2699 5209 2963 5286 rigavi-mg
3000 5225 3026 5286 _:
3073 5206 3252 5262 minus
3293 5205 3438 5286 enim
3489 5207 3753 5276 probatur

2195 5281 2299 5339 tiod
2343 5285 2587 5338 Martiali.
2638 5281 2766 5346 legit
2796 5326 2810 5349 ,
2842 5283 3167 5350 τεμενίτους,
3219 5294 3246 5330 a
3299 5281 3592 5351 τεμένιτος,
3633 5294 3752 5350 quae

2195 5301 2299 5339 ιιοα
2343 5301 2587 5338 ΜῖΙῐΊΙΞιΙΙ.
2638 5301 2766 5346 ιρίζιι
2796 5326 2810 5349 ,
2842 5303 2871 5335 τ

2155 5301 2346 5413 ἕτεραι
2370 5371 2472 5410 vox
2497 5372 2600 5408 non
2637 5353 2874 5408 videtur.

2228 5428 2254 5465 ά
2290 5427 2497 5498 νιιιειιιὶ
2531 5436 2686 5480 antea
2713 5429 3004 5498 veneratur.
3042 5419 3360 5498 Moxnetiam
3405 5437 3507 5498 pro
3540 5438 3749 5477 εοηεεε,

2155 5503 2328 5558 siones
2355 5491 2582 5557 rEtiueut
2608 5494 2952 5554 consessionis
2980 5509 2996 5545 :
3022 5507 3122 5547 tus.
3154 5491 3556 5564 Reginmpinter
3587 5503 3750 5548 cater-

2145 5592 2257 5640 vas,
2281 5586 2327 5631 et
2355 5578 2779 5648 compressiones.
2865 5642 2876 5648 _
3265 5644 3297 5648 __
3458 5641 3470 5648 _
3546 5640 3561 5648 _
3738 5637 3750 5648 ,

2222 5659 2244 5686 θ
2279 5649 2424 5704 Idem
2457 5640 2649 5712 Regin.
2685 5658 2789 5698 ms.
2827 5642 3035 5706 absque
3063 5644 3298 5716 negandi
3333 5640 3598 5712 particula
3620 5681 3636 5706 ,
3664 5640 3748 5709 qui

2147 5717 2424 5776 Dominum
2448 5723 2744 5791 conﬁtetur.
