4028 6342
258 316 281 368 ὶ
294 313 394 371 545

1053 324 1702 388 ΟΟΜΜΕΝΤΛῘΠΟΒΗΜ
1742 332 1809 389 ΙΝ
1851 331 2243 392 ΞΟΡΗΟΝΙΔΜ
2284 338 2513 399 LIBER.
2540 345 2694 402 CAP.
2729 344 2769 400 1.

3424 354 3563 411 1546

256 438 360 494 tus,
392 439 448 484 et
480 432 758 489 variorum
801 451 1020 494 errores
1061 440 1372 512 dogmotum
1393 486 1406 510 ,
1437 454 1493 501 et
1540 449 1859 504 servitutem
1887 449 1940 510 Α
1967 466 2124 518 super
2164 454 2451 525 principes,
2496 470 2544 513 et
2588 477 2743 532 super
2769 460 2909 528 ﬁlios
2942 463 3095 532 regis,
3129 472 3174 518 et
3203 480 3358 538 super
3388 483 3568 522 omnes

255 524 307 577 in
338 524 505 579 Deum
540 529 747 597 pariter
774 540 829 586 et
856 534 1139 602 mundum,
1168 547 1222 592 et
1253 552 1350 607 per
1375 540 1695 603 quotidiana
1729 558 1860 613 pec-

253 627 394 680 cata,
429 621 772 678 aversionem
804 640 833 679 a
867 626 1094 683 Domino
1121 640 1175 684 et
1205 630 1513 700 neglectum
1538 635 1590 688 in
1624 635 1815 692 Deum.

324 710 509 781 (Vers.
581 714 664 783 7.)
734 716 895 773 Silete
959 738 990 773 a
1052 721 1187 792 facie
1256 722 1473 778 Domini
1532 725 1666 791 Dei,
1733 728 1857 800 quia

238 804 400 875 juxta
458 815 529 860 est
597 808 706 864 dies
764 810 1007 883 Domini,
1060 817 1185 886 quia
1236 823 1549 891 praeparavit
1600 821 1857 881 Dominus

246 898 412 971 681
467 900 694 956 hostiam
739 923 752 959 :
792 909 1136 978 sancti/ienuit
1190 922 1395 967 vocatos
1450 932 1591 970 suos.
1650 917 1853 973 LXX:

248 987 449 1047 Timete
501 1011 534 1047 a
589 997 726 1065 [acie
778 998 990 1055 Domini
1044 1002 1173 1069 Dei,
1234 1007 1353 1075 quia
1404 1010 1564 1078 juxta
1616 1020 1690 1065 est
1747 1011 1857 1068 dies

246 1080 484 1156 Domini,
530 1088 652 1159 quia
693 1094 1003 1164 pra'paravit
1057 1094 1311 1151 Dominus
1352 1100 1610 1154 victimam
1648 1120 1794 1157 suam
1836 1122 1857 1160 :

248 1180 601 1250 sanctiﬁcavit
629 1196 832 1240 vocatos
860 1205 1001 1245 suos.
1039 1190 1146 1245 Pro
1176 1207 1241 1248 e0
1270 1193 1413 1263 quod
1445 1194 1588 1250 LXX
1620 1206 1858 1253 transtu-

245 1272 454 1337 lerunt,
500 1276 692 1343 timete,
735 1288 790 1335 et
822 1296 920 1337 nos
951 1285 1255 1351 posuimus,
1286 1287 1453 1355 silete,
1485 1298 1511 1326 α
1542 1288 1593 1343 in
1629 1290 1857 1348 Hebraeo

246 1365 567 1437 interjectio
630 1380 714 1425 est
790 1373 1111 1444 imperantis
1170 1377 1492 1447 silentium,
1549 1397 1653 1452 qua
1714 1399 1859 1454 smpe

245 1469 480 1517 utuntur
532 1472 587 1519 et
631 1465 875 1533 Comici;
926 1469 1021 1524 sed
1068 1480 1121 1525 et
1165 1474 1410 1529 absolute
1457 1476 1764 1547 praecipitur
1804 1478 1857 1533 in

243 1556 461 1612 cunctis
510 1558 813 1626 silentium,
865 1562 1007 1633 quod
1053 1564 1169 1619 dies
1218 1577 1442 1622 ventura
1497 1569 1568 1623 sit
1620 1569 1855 1625 Domini.

246 1646 405 1705 Diem
456 1662 639 1708 autem
684 1655 923 1723 Domini,
956 1657 1100 1713 diem
1132 1660 1499 1732 intelligamus
1528 1665 1858 1732 captivitatis

241 1750 299 1796 et
333 1743 561 1800 ultionis
590 1747 641 1799 in
686 1750 941 1818 populum
973 1762 1342 1822 peccatorem,
1379 1764 1433 1810 et
1462 1755 1694 1813 hostiam
1723 1760 1855 1814 sub-

1959 544 2051 613 qui
2090 545 2265 600 induti
2310 558 2431 602 sunt
2474 562 2607 606 veste
2635 554 2929 625 peregrina.
2962 553 3031 607 Et
3065 555 3280 611 visitabo
3313 570 3333 596 ο
3365 576 3566 613 omnem

1960 636 2049 704 qui
2080 649 2387 709 arroganter
2417 641 2707 713 ingreditur
2746 661 2903 714 super
2933 646 3087 701 limen
3110 647 3161 701 in
3193 648 3276 703 die
3302 648 3395 704 illa
3423 667 3442 705 :
3478 650 3569 721 qui

1961 731 2219 799 complent
2258 733 2471 789 domum
2512 734 2726 793 Domini
2768 737 2867 795 Dei
2904 741 2989 795 sui
3027 741 3303 813 iniquitate
3341 757 3390 800 et
3421 746 3565 801 dolo.

1962 821 2105 878 LXX
2142 843 2155 879 :
2187 823 2256 880 Et
2282 829 2377 881 erit
2406 829 2461 882 in
2492 829 2576 885 die
2602 830 2786 895 hostia:
2819 832 3052 903 Domini,
3083 846 3131 891 et
3160 837 3383 893 ulciscar
3413 856 3568 912 super

1963 916 2239 987 principes,
2283 928 2330 973 et
2373 936 2528 993 super
2564 924 2774 978 domum
2814 928 2970 1000 regis,
2999 937 3048 981 et
3088 946 3243 1001 super
3273 946 3449 987 omnes
3476 934 3567 1004 qui

1960 1007 2134 1061 induti
2169 1020 2292 1063 sunt
2328 1015 2637 1069 vestimentis
2671 1017 2856 1071 alienis
2888 1034 2903 1071 :
2932 1029 2980 1073 et
3021 1019 3244 1076 ulciscar
3271 1040 3428 1095 super
3458 1041 3571 1079 om-

1962 1118 2051 1155 nes
2092 1105 2385 1174 manifeste,
2427 1108 2516 1176 qui
2559 1118 2679 1163 sunt
2719 1111 2771 1164 in
2813 1112 3079 1168 vestibulis
3114 1116 3165 1168 in
3205 1116 3291 1170 die
3334 1115 3450 1183 illa,
3480 1118 3570 1188 qui

1962 1193 2219 1264 complent
2246 1197 2458 1252 domum
2486 1198 2698 1256 Domini
2724 1201 2823 1257 Dei
2850 1205 2935 1258 sui
2964 1206 3231 1276 impietate
3257 1220 3305 1263 et
3325 1208 3469 1265 dolo.
3504 1211 3564 1267 In

1961 1287 2049 1344 die
2088 1289 2325 1346 Judaicze
2375 1295 2727 1363 captivitatis,
2777 1297 2993 1368 quando
3028 1308 3169 1356 totus
3203 1304 3436 1373 populus
3464 1303 3568 1360 im-

1964 1382 2248 1438 molztndus
2296 1394 2401 1452 est,
2431 1386 2673 1443 visitabit
2700 1390 2983 1461 Dominus,
3012 1404 3067 1448 et
3095 1408 3260 1465 super
3289 1396 3564 1469 principes

1962 1474 2052 1544 qui
2080 1491 2236 1530 mane
2262 1476 2521 1533 bibebant
2548 1481 2805 1551 siceram,
2838 1495 2893 1539 et
2920 1500 3084 1555 super
3114 1489 3254 1543 lilios
3282 1490 3450 1561 regis,
3477 1492 3567 1549 vel

1964 1582 2156 1622 omnes
2187 1568 2255 1623 de
2285 1568 2457 1640 Stirpe
2484 1574 2653 1643 regia,
2683 1574 2771 1631 vel
2794 1586 2942 1633 certe
2968 1578 3188 1649 pr0prie
3209 1581 3352 1638 ﬁlios
3375 1583 3561 1651 Josite,

1962 1675 2099 1730 quos
2132 1662 2215 1718 vel
2249 1664 2461 1719 occisos
2485 1667 2570 1722 vel
2591 1678 2781 1739 captos
2810 1671 3066 1741 legimus,
3095 1686 3145 1729 et
3175 1692 3341 1747 super
3370 1693 3563 1736 omnes

1962 1757 2050 1823 qui
2084 1756 2258 1812 induti
2285 1770 2412 1815 sunt
2438 1772 2588 1818 veste
2620 1767 2931 1837 peregrina,
2956 1769 3059 1825 hoc
3080 1781 3185 1840 est,
3209 1773 3301 1844 qui
3334 1790 3434 1845 pro
3465 1776 3561 1834 Dei

241 1838 520 1894 versionis
544 1838 870 1913 Jerusalem,
898 1851 953 1898 et
977 1846 1466 1903 sanctiﬁcationem
1498 1865 1687 1906 eorum
1715 1868 1853 1923 quos
1884 1852 1930 1912 B
1959 1849 2105 1904 Cllllu
2151 1853 2390 1907 venerati
2424 1866 2551 1912 sum
2581 1856 2741 1913 idola.
2775 1860 2842 1915 Et
2871 1876 3036 1932 super
3064 1878 3257 1921 omnes
3281 1869 3371 1938 qui
3400 1884 3561 1925 arro-

238 1931 521 1989 dedicavit
550 1935 941 2002 inlerl'ectioni,
975 1940 1275 1994 secundum
1321 1941 1452 1997 illud
1481 1944 1625 2013 quod
1658 1944 1852 2000 dicitur

239 2022 296 2077 in
340 2023 580 2081 Jeremia
628 2045 641 2081 :
689 2025 977 2099 Sancti/ica
1014 2048 1097 2085 eos
1138 2033 1191 2086 in
1223 2032 1308 2087 die
1346 2034 1719 2103 interfectionis
1758 2053 1850 2090 eo-

236 2134 359 2171 rum
417 2118 633 2190 (Jerent.
679 2138 780 2189 xu,
822 2125 898 2195 5).
956 2125 1018 2179 Et
1060 2134 1145 2181 est
1189 2141 1387 2183 sensus
1421 2148 1434 2184 :
1472 2128 1631 2184 Venit
1659 2141 1849 2186 contra

235 2211 469 2282 impium
528 2216 787 2285 populum
838 2219 974 2273 olim
1035 2221 1294 2290 praedicta
1352 2224 1686 2292 captivitas,
1737 2225 1848 2295 jam

236 2325 412 2381 prope
454 2322 557 2368 est.
599 2312 711 2370 Sub
753 2314 898 2371 Josia
942 2317 1087 2371 enim
1130 2334 1258 2389 rege
1288 2319 1569 2389 prophetia
1600 2320 1847 2375 texitur:

237 2404 348 2459 hoc
392 2404 706 2474 interiecto,
750 2406 777 2446 δ
819 2410 1007 2465 timete
1047 2425 1075 2463 a
1119 2410 1254 2466 facie
1298 2411 1510 2467 Domini
1551 2413 1684 2482 Dei,
1726 2414 1847 2484 quia

229 2495 391 2567 juxta
441 2510 525 2553 est
574 2499 691 2556 dies
740 2501 994 2569 Domini,
1046 2503 1169 2573 quin
1219 2504 1544 2573 praeparavit
1588 2505 1850 2560 Dominus

235 2591 517 2648 victimam
561 2610 737 2663 suam,
775 2596 1129 2651 sanetiticavit
1158 2604 1376 2652 vocatos
1407 2612 1553 2652 suos.
1588 2598 1723 2653 Tota
1749 2615 1846 2654 va-

236 2688 404 2742 stitas
446 2689 615 2758 venit,
664 2689 733 2745 de
774 2706 880 2761 qua
924 2702 978 2747 et
1017 2692 1070 2746 in
1104 2692 1357 2747 Ezechiel
1391 2709 1403 2746 :
1449 2691 1615 2757 Venit,
1652 2694 1847 2765 inquit,

235 2778 365 2848 ﬁnis
392 2797 411 2833 :
434 2780 559 2849 ﬁnis
584 2782 717 2835 venit
744 2781 961 2852 (Ezech.
994 2800 1087 2847 vn,
1114 2784 1198 2855 9.),
1230 2793 1285 2839 et
1312 2793 1534 2841 czetcra.
1568 2786 1694 2841 Haec
1720 2787 1850 2841 mihi

234 2872 466 2927 victima
508 2872 703 2944 placet,
740 2875 837 2930 has
879 2874 1008 2931 mihi
1041 2876 1248 2930 hostias
1276 2877 1632 2933 sanctiﬁcavi.
1667 2878 1850 2935 Potest

236 2976 426 3023 autem
447 2969 551 3024 hoc
563 2970 704 3038 quod
731 2971 824 3037 ait,
850 2970 1192 3038 sancti/ienuit
1214 2982 1414 3026 vocatos
1433 2989 1573 3039 suos,
1592 2974 1728 3041 etde
1744 2971 1847 3027 Ba-

237 3064 482 3136 byloniis
503 3066 699 3136 accipi,
721 3080 855 3136 quos
884 3066 934 3120 in
968 3067 1226 3122 ultionem
1259 3067 1440 3137 populi
1464 3068 1627 3121 etiam
1661 3082 1848 3122 servos

237 3172 374 3213 suos
397 3166 572 3227 vocat,
596 3156 935 3214 vindicantes
953 3158 1388 3229 injuriamsuam.
1418 3156 1624 3226 Vocavi,
1649 3159 1843 3230 inquit,

240 3248 735 3305 Nabuchodonosor
764 3267 966 3305 servum
993 3268 1160 3305 meum
1188 3250 1321 3323 (Jer.
1350 3252 1562 3323 xxv,9).
1589 3253 1655 3306 Et
1678 3252 1731 3307 in
1759 3267 1850 3307 eo-
1882 3249 1925 3311 C
1961 3262 2164 3314 Ponere
2207 3252 2475 3320 cmpimus

238 3343 367 3399 dem
394 3346 687 3412 volumine,
708 3361 815 3400 non
833 3346 1005 3401 solum
1026 3362 1265 3413 servum,
1281 3347 1373 3402 sed
1399 3347 1703 3403 columbam
1723 3362 1845 3402 eum

238 3453 460 3508 quoque
486 3447 639 3492 vocat
658 3439 729 3493 :A
744 3439 875 3508 [acie
887 3439 1051 3511 gladii
1068 3440 1315 3494 columba:
1336 3438 1498 3510 (Ibid.
1512 3483 1525 3507 ,
1547 3440 1662 3509 50).
1681 3441 1848 3495 Porro

242 3530 548 3587 secundum
574 3533 958 3603 tropologiam,
985 3536 1108 3603 quia
1142 3534 1301 3589 iacies
1333 3534 1543 3589 Domini
1573 3545 1655 3589 est
1686 3550 1849 3605 super

243 3622 511 3678 facientes
540 3624 702 3691 mala,
728 3633 786 3679 ut
815 3624 1005 3695 perth
1031 3624 1097 3679 de
1123 3634 1266 3680 terra
1289 3626 1610 3681 memoriam
1632 3642 1844 3696 eorum,

242 3721 303 3770 et
318 3728 490 3784 prepe
512 3724 594 3770 est
610 3714 728 3770 dies
747 3713 935 3785 judicii
953 3715 1105 3784 (quia
1120 3716 1187 3770 ad
1200 3719 1662 3785 comparationem
1686 3728 1847 3775 aeter-

244 3807 435 3862 nitatis
465 3823 624 3863 omne
646 3808 805 3877 hujus
826 3808 1012 3864 saeculi
1039 3818 1253 3881 tempus
1275 3810 1440 3866 breve
1464 3813 1569 3881 est)
1592 3813 1707 3868 sive
1727 3812 1845 3868 exi-

244 3909 333 3955 tus
361 3901 700 3971 singulorum
734 3918 747 3955 :
784 3901 1009 3957 timeant
1032 3917 1247 3967 omnes,
1276 3913 1329 3957 et
1351 3902 1568 3969 sileant,
1592 3920 1659 3959 ne
1682 3903 1847 3959 facies

246 3995 463 4051 Domini
500 3994 590 4068 (de
619 4011 724 4065 qua
750 4006 974 4051 sanctus
998 3997 1074 4051 ait
1102 3995 1220 4069 (Ps.
1250 4012 1324 4064 tv,
1354 3997 1409 4067 7)
1435 4016 1445 4051 :
1474 3998 1754 4071 Signatum
1775 4009 1847 4054 est

244 4102 404 4159 super
441 4105 537 4143 nos
573 4089 745 4144 lumen
782 4090 953 4144 vultus
982 4090 1077 4157 tui,
1111 4088 1359 4162 Domine)
1394 4101 1737 4159 peccatorum
1770 4093 1847 4149 fe-

246 4197 411 4247 num,
458 4182 748 4251 stipulam,
790 4183 933 4253 ligna
974 4193 1289 4239 consumat.
1332 4183 1666 4255 Prasparavit
1702 4184 1845 4240 enim

246 4273 513 4331 Dominus
562 4274 793 4331 bosuam
835 4291 1013 4341 suam,
1046 4285 1215 4332 totum
1246 4276 1468 4333 Levitici
1499 4278 1846 4350 mysterium,

248 4370 464 4441 quando
494 4385 590 4441 per
624 4371 800 4441 ignem
832 4384 889 4427 et
913 4371 1231 4427 emisionem
1256 4374 1557 4443 sanguinis,
1585 4383 1641 4428 et
1660 4388 1847 4428 veram

247 4464 583 4520 oblationem
612 4464 747 4519 salvi
777 4464 930 4533 ﬁent,
956 4464 1048 4535 qni
1074 4464 1324 4520 salvandi
1348 4476 1497 4532 sunt,
1524 4474 1579 4520 et
1609 4465 1850 4521 sanctiﬁ-

247 4557 518 4613 cabnntur
551 4558 748 4612 vocati.
773 4557 1000 4626 Quidam
1035 4559 1106 4613 de
1136 4558 1359 4627 nostris,
1389 4558 1531 4613 diem
1561 4557 1771 4614 Domini
1794 4566 1849 4614 et

1953 1950 2145 2010 ganter
2173 1943 2550 2015 ingrediuntur
2572 1963 2737 2019 super
2767 1951 2931 2009 limen
2963 1955 3014 2009 in
3042 1955 3132 2012 die
3164 1958 3276 2019 illa.
3310 1959 3412 2015 hoc
3455 1969 3563 2031 est,

1954 2033 2242 2090 adversum
2275 2040 2560 2109 superbos,
2590 2043 2678 2113 qui
2707 2059 2830 2100 cum
2859 2048 3092 2117 quodam
3121 2049 3267 2107 fastu
3294 2064 3348 2109 et
3378 2054 3563 2126 digni-

1957 2128 2082 2183 tatis
2126 2133 2438 2202 supercilio,
2482 2137 2680 2207 gradus
2729 2142 2918 2212 templi
2961 2154 3017 2200 et
3056 2150 3350 2206 sanctuarii
3392 2152 3560 2210 limen

1954 2223 2276 2279 ascendunt.
2307 2226 2479 2282 Porro
2509 2232 2632 2301 quia
2662 2233 2715 2288 in
2744 2249 2809 2289 eo
2841 2236 2931 2292 ubi
2965 2254 3061 2295 nos
3093 2239 3439 2313 interpretati
3465 2260 3561 2303 su-

1955 2330 2097 2382 mus,
2138 2320 2224 2387 qui
2261 2332 2570 2394 arroganter
2608 2327 2971 2398 ingrediuntur
3003 2331 3029 2370 (λ
3060 2352 3217 2407 super
3248 2338 3428 2406 limen,
3462 2358 3562 2412 po-

1956 2416 2058 2464 test
2099 2412 2331 2483 intelligi
2370 2417 2667 2474 secundum
2711 2421 3041 2481 Hebraicum
3069 2469 3084 2493 ,
3124 2430 3214 2497 qui
3255 2434 3563 2490 transiliunt

1954 2503 2110 2558 limen
2153 2521 2173 2559 :
2211 2516 2265 2561 et
2306 2506 2409 2565 hoc
2450 2510 2708 2569 historice
2749 2519 3095 2575 sentiendum
3133 2533 3249 2592 est,
3292 2525 3565 2582 vindicabo

1952 2612 2107 2668 super
2146 2615 2252 2663 eos,
2286 2601 2377 2671 qui
2402 2602 2555 2672 juxta
2600 2605 2910 2678 Regnorum
2957 2614 3188 2682 primum
3220 2616 3416 2673 librum
3450 2636 3561 2677 non

1954 2688 2165 2744 calcant
2197 2690 2359 2747 limen
2394 2694 2687 2768 idolorum,
2720 2705 3208 2772 superstitionibus
3233 2712 3561 2779 servientes,

1952 2782 2045 2852 qui
2089 2784 2439 2854 repleverunt
2477 2790 2708 2847 domum
2742 2794 2851 2865 [ΑΙ.
2897 2799 3180 2873 templum]
3214 2803 3426 2860 Domini
3469 2806 3565 2865 Dei

1952 2876 2038 2930 sui
2071 2891 2178 2932 non
2206 2880 2381 2935 solum
2416 2880 2684 2940 idolorum
2718 2889 2892 2956 cultu,
2925 2891 3020 2946 sed
3051 2893 3337 2964 iniquitate
3365 2908 3419 2953 et
3445 2914 3566 2955 sce-

1951 2968 2064 3025 lere
2095 2980 2150 3025 et
2180 2975 2327 3028 omni
2354 2978 2670 3043 mendacio,
2700 2991 2754 3035 ut
2784 2983 2851 3037 ad
2879 3000 3125 3042 errorem
3155 2991 3437 3061 religiom‘s
3458 2993 3565 3050 ini-

1951 3062 2128 3131 quitas
2168 3079 2384 3137 quoque
2424 3069 2477 3123 in
2519 3072 2794 3142 subjectos
2836 3085 2891 3132 et
2931 3079 2986 3133 in
3028 3082 3307 3150 proximos
3337 3088 3560 3145 menda-

1950 3154 2092 3209 cium
2130 3156 2469 3228 jungerctur.
2514 3163 2620 3220 Sed
2653 3167 2776 3237 quia
2808 3171 2980 3226 semel
3010 3182 3066 3229 et
3097 3176 3433 3249 tropologice
3462 3197 3560 3237 ex-

2518 3272 2532 3311 :
2578 3255 2835 3315 Visitzthit
2865 3261 3131 3320 Dominus
3164 3267 3216 3323 in
3245 3270 3481 3327 adventu
3509 3282 3566 3330 et

1952 3342 2206 3410 passione
2244 3344 2568 3413 Salvatoris,
2611 3350 2662 3405 id
2706 3362 2808 3420 est,
2852 3354 2906 3411 in
2954 3357 3043 3413 die
3089 3359 3280 3417 hostia:
3325 3363 3447 3421 Filii
3477 3369 3561 3423 sui

1950 3449 2116 3504 super
2144 3437 2435 3495 Pontiﬁces
2464 3450 2519 3497 et
2544 3442 2870 3504 Sacerdotes
2902 3453 3087 3521 populi
3117 3453 3353 3524 Judaici,
3387 3468 3443 3515 et
3472 3476 3563 3517 ευ-

1950 3543 2048 3599 per
2073 3528 2293 3586 domum
2323 3536 2545 3606 regiam.
2574 3536 2754 3611 Usque
2780 3541 2846 3598 ad
2874 3544 3006 3600 illud
3027 3549 3173 3604 enim
3200 3560 3412 3623 tempus
3438 3570 3562 3625 per-

1949 3637 2340 3683 severaverunt
2379 3645 2534 3700 reges
2567 3642 2590 3669 °
2622 3634 2776 3691 Judae
2816 3637 2885 3694 de
2923 3642 3095 3711 stirpe
3130 3644 3320 3713 David,
3355 3662 3557 3706 secun-

1950 3717 2076 3774 dum
2123 3724 2461 3791 prophetiam
2508 3728 2677 3784 Jacob
2721 3746 2736 3783 :
2786 3731 2913 3787 Non
2956 3735 3163 3806 deﬁciet
3208 3742 3448 3812 princeps
3498 3762 3563 3802 ea:

1948 3809 2125 3877 Iuda,
2180 3830 2341 3879 neque
2388 3817 2495 3873 dua:
2542 3820 2607 3873 de
2654 3824 2937 3893 femoribus
2988 3832 3121 3901 ejus,
3175 3832 3336 3888 donec
3386 3809 3559 3892 veniat

1950 3904 2034 3956 cui
2086 3907 2367 3975 repositum
2431 3920 2549 3981 est,
2608 3922 2658 3969 et
2719 3915 2832 3982 ipse
2892 3920 2993 3973 erit
3053 3927 3369 3994 exspectatio
3430 3946 3561 4000 gen-

1949 3993 2079 4048 tium
2126 3994 2532 4067 (Genes.x1.tx,
2571 4003 2691 4075 10).
2744 4005 2875 4062 Post
2921 3993 3159 4069 hostiam
3206 4016 3351 4070 enim
3399 3993 3564 4093 683

1950 4085 2163 4143 Domini
2228 4090 2467 4148 ablatum
2533 4104 2615 4150 est
2682 4114 2910 4170 regnum
2974 4118 3004 4157 a
3055 4103 3282 4165 Jutlaeis.
3341 4085 3560 4169 Ειτῖιιἶ

1949 4197 2041 4249 per
2085 4199 2279 4254 omnes,
2330 4185 2543 4256 inquit,
2596 4191 2685 4258 qui
2721 4194 2895 4248 induti
2933 4208 3053 4252 sunt
3092 4204 3405 4259 vestimentis
3435 4206 3562 4263 alie-

1950 4278 2029 4331 nis
2057 4324 2070 4345 ,
2116 4280 2207 4349 qui
2253 4293 2601 4338 recesserunt
2655 4300 2683 4340 a
2735 4291 3079 4357 protecdone
3126 4303 3182 4349 et
3227 4295 3554 4359 indumento

1952 4369 2068 4441 Dei,
2104 4380 2157 4427 et
2187 4387 2285 4427 suo
2330 4390 2519 4432 errore
2562 4382 2811 4449 cooperti
2860 4394 3008 4439 sunt.
3036 4384 3104 4440 Et
3131 4388 3354 4445 ulciscar
3407 4411 3562 4467 super

1952 4478 2127 4517 onmes
2154 4465 2421 4535 manifeste
2449 4469 2537 4536 qui
2572 4478 2693 4523 sunt
2727 4471 2780 4524 in
2810 4475 3113 4545 vestibulis,
3162 4478 3269 4536 hoc
3307 4492 3424 4549 est,
3459 4465 3554 4557 qui

1949 4554 2163 4623 egressi
2190 4566 2316 4611 sunt
2347 4557 2415 4613 de
2447 4560 2651 4630 templo
2677 4560 2774 4616 Dei
2807 4581 2817 4616 :
2853 4574 2909 4619 et
2944 4582 3067 4623 cum
3111 4569 3385 4631 deberent
3428 4554 3556 4636 esse

249 4652 488 4708 hostiam
518 4653 662 4723 ejus,
690 4661 746 4709 et
782 4653 1270 4710 sanctilicationem
1301 4662 1639 4722 vocatorum,
1674 4655 1727 4708 in
1755 4653 1855 4708 ad-
1884 4646 1938 4709 D
1963 4649 2315 4719 intrinsecus,
2349 4663 2571 4724 propter
2600 4666 2825 4725 peccata
2850 4674 2947 4717 sua
2979 4666 3188 4734 egressi
3232 4681 3356 4726 sunt
3386 4673 3559 4743 foras,

247 4758 418 4801 ventu
460 4745 762 4801 Salvatoris
804 4746 1133 4818 intelligunt,
1177 4746 1392 4818 quando
1433 4747 1742 4802 immolatus
1772 4755 1854 4802 est

250 4840 418 4912 682
439 4840 643 4911 Agnus,
660 4851 717 4896 et
734 4841 787 4895 in
810 4843 1075 4912 sanguine
1097 4840 1215 4910 eius
1237 4841 1557 4897 sanetiticati
1578 4851 1707 4898 sunt
1726 4856 1855 4912 apo-

252 4935 401 5001 stoli,
435 4942 490 4988 et
516 4933 701 4990 caeteri
728 4934 820 5005 qui
849 4950 943 5004 per
970 4948 1065 4989 eos
1098 4934 1278 4990 vocati
1305 4944 1452 4991 sunt.

328 5026 511 5100 (Vers.
537 5027 592 5096 8,
624 5027 705 5100 9.)
736 5026 804 5083 Et
831 5030 929 5084 erit
966 5030 1021 5084 in
1047 5029 1131 5084 die
1158 5029 1343 5085 hostia:
1372 5030 1610 5099 Domini,
1642 5031 1855 5087 visitabo

328 5244 355 5276 α
393 5237 472 5292 Ita
500 5236 690 5306 legunt
719 5251 909 5291 omnes
937 5236 1156 5291 codices
1180 5235 1297 5291 sine
1327 5250 1461 5290 voce
1492 5235 1721 5291 Hebrtea
1746 5249 1844 5303 an,

256 5308 375 5375 has,
414 5324 577 5380 quam
631 5309 997 5389 tlieronymus
1044 5308 1179 5363 dicit
1242 5323 1363 5363 esse
1408 5306 1846 5389 interjectitiiieni

259 5377 577 5452 imperantis
604 5377 903 5445 silentium,
936 5390 991 5434 et
1016 5395 1120 5452 qua
1151 5394 1296 5452 saepe
1324 5390 1548 5452 utuntur
1586 5388 1642 5435 et
1668 5377 1851 5434 Comi-

258 5451 722 5509 ci.’Grammatici
774 5452 1021 5507 hodierni
1072 5451 1283 5507 Hebraei
1330 5451 1519 5506 volunt
1560 5467 1680 5507 esse
1710 5467 1853 5521 apo-

258 5540 428 5598 copen
470 5524 623 5580 verbi
666 5536 783 5584 non
815 5525 975 5598 liissn.
1009 5524 1149 5595 quod
1194 5523 1463 5598 signiﬁcat
1488 5523 1659 5598 siluit,
1698 5540 1853 5598 rem--

260 5592 447 5652 rentia:
470 5612 632 5679 causa
658 5614 672 5663 ;
706 5607 761 5679 et
791 5592 1040 5679 positum
1059 5592 1448 5679 qn,.has,.pro
1480 5606 1614 5679 non,
1642 5595 1848 5650 hasseh.

261 5668 433 5725 Porro
457 5668 602 5740 quod
624 5672 702 5723 ait
731 5668 789 5724 S.
824 5669 1016 5723 doctor
1046 5667 1127 5740 Vde
1173 5666 1551 5740 interiectione
1582 5670 1855 5739 imperan-

264 5740 331 5795 tis
355 5738 659 5811 silentium,
692 5755 798 5796 non
824 5749 907 5825 est
928 5738 1338 5825 intelligendum
1372 5740 1536 5825 quasi
1557 5756 1614 5794 as
1646 5738 1728 5825 vel
1750 5742 1853 5825 lius

264 5814 345 5896 sit.
371 5812 681 5896 interiectio
720 5812 1153 5896 apuducomicos
1186 5819 1374 5896 poetas
1404 5812 1538 5896 ;sed
1577 5813 1849 5896 quodoi-psi

261 5882 741 5943 babeantsimiles
772 5887 825 5941 in
858 5883 1041 5956 lingua
1072 5898 1169 5941 sua
1200 5882 1613 5955 iuterjectiones
1654 5884 1852 5956 quibus

1961 4753 2015 4796 et
2045 4742 2114 4799 de
2143 4744 2383 4799 Ecclesia
2410 4746 2505 4802 Dei
2554 4763 2937 4818 recesserunt,
2988 4756 3363 4829 adimplentes
3416 4742 3558 4821 tem?

1964 4837 2110 4906 plum
2139 4838 2257 4908 ejus
2286 4838 2567 4910 impietate
2596 4851 2651 4897 et
2676 4842 2826 4899 dolo.
2884 4846 2998 4903 lloc
3031 4849 3369 4910 intellectum
3400 4858 3474 4912 sit
3504 4860 3558 4915 in

1964 4932 2140 5001 primo
2166 4931 2473 4989 Salvatoris
2501 4935 2757 4991 adventu.
2786 4937 2925 5006 Quia
2961 4954 3141 4999 autem
3192 4946 3261 5002 de
3297 4955 3558 5007 consum-

1967 5028 2208 5085 motione
2236 5030 2425 5086 mundi
2454 5039 2509 5088 et
2539 5030 2627 5089 die
2670 5033 2863 5105 judicii
2894 5074 2910 5102 ,
2960 5052 3122 5108 quem
3168 5054 3360 5098 omnes
3412 5043 3559 5103 diem

1956 5237 2229 5309 silentium
2260 5240 2580 5309 imperatur.
2612 5241 2793 5299 MART.

2034 5308 2058 5346 δ
2101 5308 2157 5363 1η
2193 5308 2419 5391 Victorii
2451 5314 2720 5391 edition_e,_
2752 5314 2851 5370 hoc
2884 5317 3182 5391 interfecto,
3232 5322 3451 5380 vastitas
3475 5341 3560 5384 ve-

1964 5380 2059 5449 nit,
2089 5392 2321 5466 quatuor
2349 5382 2541 5453 ferme,
2571 5387 2669 5459 qui
2695 5380 3105 5447 ’interseruniur
3151 5380 3261 5463 hic,
3314 5380 3560 5457 versibus

1960 5462 2363 5521 praztermiSsis.

2040 5536 2060 5562 ε
2105 5525 2182 5579 Ex
2213 5525 2641 5603 vulgatis__trium
2679 5531 2986 5603 linguarum
3038 5536 3372 5594 editionibus
3414 5540 3561 5599 Scri-

1965 5605 2135 5667 pturae
2164 5598 2377 5667 supplet
2411 5596 2614 5655 Victor.
2648 5618 2705 5655 su
2746 5596 2820 5658 e'r.

2030 5666 2053 5704 ἀ
2081 5668 2280 5723 Victor.
2311 5670 2676 5727 inarediantur
2700 5622 2819 5727 time

2718 5691 2737 5727 ι

2030 5666 2053 5704 ἀ
2081 5668 2280 5794 illictor.
2311 5670 2676 5740 ingrediantur
2700 5666 2853 5730 limen
2882 5692 2899 5730 .'
2929 5684 3044 5736 tum
3070 5679 3262 5754 Regia.
3295 5698 3432 5753 ms.,
3467 5703 3557 5757 po-

2030 5750 2055 5794 ιε
2114 5755 2215 5794 eat.

1957 5749 2055 5795 test
2094 5749 2215 5810 legi.

2031 5822 2055 5850 ο
2093 5812 2300 5869 Nomen
2332 5811 2489 5869 Judte
2521 5814 2713 5887 Regia.
2743 5833 2848 5875 ms.
2880 5829 3042 5878 tacet.
