4028 6342
458 342 595 398 ιδιτ
1710 334 1769 391 S.
1812 328 2085 392 EUSEBII
2127 329 2509 395 HIERONYMI
3627 329 3762 389 £348

454 454 563 530 [.ll.
597 456 648 510 in
681 453 793 528 die]
826 453 1256 521 interpretantur
1277 450 1534 518 Domini,
1562 450 1738 507 semel
1786 466 2047 521 exposnt-
2076 449 2129 510 Δ
2154 462 2201 507 et
2228 470 2368 509 seras
2390 465 2436 509 et
2468 464 2633 510 vectes
2665 452 2731 526 (ll
2756 452 2978 508 Neltent.
3011 466 3092 519 ιιι,
3128 451 3207 524 5).
3241 448 3395 520 Quod
3442 460 3633 506 autem
3666 449 3760 513 ait.

460 565 581 605 ntus
609 567 622 601 :
659 550 802 605 scire
831 546 1099 603 debemus
1118 586 1133 611 ,
1164 544 1312 615 quod
1346 546 1437 601 illo
1467 552 1714 616 tempore
1735 544 1922 600 visitet
1952 545 2056 599 Do-

458 642 643 699 minus
668 654 838 711 super
862 641 1170 711 principes,
1197 651 1248 697 et
1282 653 1453 709 super
1479 649 1731 710 pastores
1758 680 1772 704 ,
1823 639 1917 708 qui
1976 637 2058 691 lac

456 734 525 791 de
554 735 752 789 ovibus
782 734 1103 803 comedunt,
1131 733 1392 804 lanasque
1430 733 1723 787 tondentes
1746 771 1761 795 ,
1797 747 1905 787 non
1958 746 2058 785 cu-

458 840 584 882 rant
609 826 677 884 de
704 828 1043 883 contritione
1073 828 1257 898 gregis
1286 866 1302 893 ,
1341 834 1399 882 et
1427 840 1593 896 super
1617 826 1760 880 ﬁlios
1789 824 1935 895 regis
1964 824 2056 894 qui

458 937 519 978 se
543 923 753 991 jactant
778 920 1119 977 Christianos
1150 960 1166 988 ,
1196 928 1253 976 et
1272 918 1419 991 quod
1451 919 1599 991 regis
1630 918 1827 974 Christi
1859 919 1973 975 sint
2001 918 2059 972 ﬁ-

464 1013 553 1083 lii,
586 1014 893 1083 gloriantur
927 1028 940 1067 :
967 1026 1021 1070 et
1049 1028 1216 1082 super
1244 1027 1435 1069 omnes
1458 1013 1549 1081 qui
1580 1012 1753 1067 induti
1791 1020 1919 1065 sunt
1966 1024 2058 1065 ve—

455 1107 633 1163 stibus
656 1107 877 1163 alienis.
913 1106 1099 1163 Vestis
1124 1105 1361 1162 ﬁliorum
1394 1106 1536 1177 regis
1558 1115 1614 1160 et
1635 1104 1944 1175 principum
1976 1103 2056 1157 in-

456 1199 803 1267 dumentum,
835 1199 1089 1256 Christus
1115 1210 1201 1256 est
1223 1198 1333 1273 [AL
1365 1199 1572 1255 Christi
1604 1208 1649 1253 el
1691 1196 2055 1269 accepimus],

457 1296 604 1364 quod
634 1293 936 1363 accipimus
979 1294 1032 1347 in
1072 1293 1379 1363 baptismo,
1433 1292 1586 1363 juxta
1638 1290 1768 1347 illud
1803 1289 2059 1345 :Induite

459 1404 551 1443 vos
572 1388 836 1444 Christum
862 1386 1049 1443 Jesttm
1071 1388 1248 1459 (Rom.
1281 1402 1397 1457 xm,
1432 1384 1549 1458 14).
1587 1387 1651 1441 Ει
1681 1401 1696 1442 :
1722 1384 1939 1440 Induitc
1969 1399 2058 1439 vos

458 1482 655 1535 viscera
675 1479 1072 1547 misericordia,
1096 1479 1362 1546 (sanitatis,
1392 1477 1725 1543 humilitatis,
1760 1486 2058 1533 mansuetu-

460 1573 619 1639 dinis,
654 1571 917 1643 patientia:
958 1568 1097 1643 (Col.
1130 1586 1221 1638 ιιι,
1250 1570 1362 1643 12),
1395 1584 1449 1627 et
1481 1581 1708 1626 caetera.
1761 1569 1820 1625 In
1854 1570 2059 1640 quibus

462 1666 825 1735 prazcipitur,
882 1674 943 1720 ut
999 1665 1289 1719 induamur
1332 1678 1478 1720 novo
1529 1663 1752 1719 homine
1806 1663 2057 1730 ccelesti,

454 1758 606 1828 juxta
628 1755 943 1813 Creatorem
978 1765 1253 1823 nostrum,
1280 1768 1337 1813 et
1367 1757 1724 1828 projiciamus
1770 1756 2059 1812 indumen-

2158 559 2205 605 et
2240 549 2474 604 ululatus
2518 549 2823 616 asecttnda,
2872 547 3099 604 secundi
3147 546 3285 602 muri
3344 547 3396 601 in
3430 544 3627 601 eodem
3670 544 3765 598 cli-

2159 652 2303 699 mate
2332 653 2539 713 portam
2559 642 2861 713 signiﬁcat,
2891 639 2960 697 de
2988 656 3090 712 qua
3121 651 3173 695 et
3207 640 3259 694 in
3278 640 3593 709 Regnorum
3624 635 3768 691 libro

2155 737 2417 807 scriptum
2453 748 2572 791 est:
2606 734 2670 790 Et
2699 736 2790 789 ivit
2831 731 3082 788 Helcltias
3112 730 3401 797 Sacerdos,
3425 740 3469 785 et
3513 728 3764 795 Altinum,

2156 836 2205 883 et
2234 827 2473 883 Achabor
2515 827 2626 901 [AL
2684 826 2967 899 Achobor],
3010 834 3059 881 et
3102 823 3341 897 Saphan,
3384 834 3433 879 et
3482 822 3668 877 Asaias
3700 820 3771 875 ad

2160 918 2353 974 Oldant
2395 924 2698 993 praplteten,
2747 936 2959 976 uxorem
2983 917 3187 975 Selium
3232 917 3331 984 ﬁlii
3376 915 3620 981 Thecute,
3670 913 3769 981 (itii

2162 1012 2359 1079 Horas,
2383 1016 2613 1071 custodis
2648 1016 2886 1082 vestium,
2921 1024 2967 1069 et
3008 1014 3118 1070 hac
3164 1012 3427 1068 habitabat
3470 1009 3773 1067 Jerusalem

2159 1108 2212 1163 in
2239 1108 2572 1182 sccunda(lV
2602 1108 2729 1181 Reg.
2779 1124 2908 1175 xx",
2959 1108 3073 1178 Η).
3123 1104 3527 1162 Contritionem
3581 1112 3770 1158 autem

2159 1218 2409 1275 magnam
2448 1219 2479 1258 a
2509 1202 2743 1258 collibus
2781 1201 2850 1257 de
2874 1210 3059 1257 mente
3080 1200 3212 1258 Sion
3245 1210 3298 1256 et
3324 1199 3638 1255 excelsiore
3670 1214 3776 1251 ur-

2162 1296 2245 1351 bis
2272 1306 2422 1366 parte
2445 1296 2685 1367 loquitur
2713 1313 2727 1351 :
2752 1296 2877 1366 quia
2900 1310 3024 1350 cum
3066 1293 3265 1350 altiora
3296 1300 3354 1348 et
3390 1306 3487 1347 arx
3529 1290 3779 1347 civitatis

2161 1390 2361 1444 iuerint
2399 1398 2667 1462 occupata
2700 1432 2715 1458 ,
2767 1388 2988 1445 facilior
3027 1399 3110 1445 est
3159 1389 3212 1444 in
3243 1403 3414 1459 prona
3448 1387 3777 1443 descensus.

2162 1484 2221 1542 Si
2253 1494 2430 1541 autem
2460 1485 2606 1540 diem
2648 1484 2794 1541 illam
2844 1499 3006 1553 quam
3060 1483 3327 1539 Dominus
3375 1482 3777 1548 comminatur,

2160 1576 2304 1632 diem
2342 1577 2611 1648 judiciiut
2639 1592 2803 1646 supra
2828 1576 3164 1631 voluerimus
3193 1575 3466 1645 accipere,
3516 1588 3582 1629 eo
3622 1580 3775 1628 tem-

2160 1685 2298 1742 pore
2320 1669 2538 1740 quando
2564 1670 2819 1723 Vetustus
2856 1668 3073 1724 dierum
3115 1681 3367 1723 sessurus
3412 1675 3493 1722 est
3515 1707 3529 1732 ,
3558 1674 3615 1721 et
3637 1680 3780 1733 ape-

2162 1764 2335 1820 riendi
2368 1763 2515 1830 libri,
2557 1772 2611 1818 et
2641 1762 2943 1833 pandenda:
2984 1760 3336 1817 conscientiae
3379 1758 3724 1831 singulorum
3758 1776 3776 1814 :

461 1858 575 1904 tum
609 1852 812 1906 veteris
837 1848 1076 1904 hominis
1104 1864 1228 1905 cum
1260 1850 1526 1920 aperibus
1560 1849 1678 1921 ejus
1699 1848 1924 1922 (Ep/tet.
1955 1847 2053 1919 tv).

2164 1866 2294 1914 tunc
2324 1856 2642 1926 implebitur
2677 1870 2782 1911 vox
2824 1855 3085 1911 clamoris
3123 1870 3153 1909 a
3203 1864 3356 1925 porta
3396 1868 3786 1924 compungen-

458 1942 597 1997 Cum
634 1956 764 2012 ergo
795 1941 1091 1997 debeamus
1136 1941 1335 1999 talibus
1364 1942 1511 1998 indui
1550 1942 1927 2009 vestimentis,
1961 1955 2060 2012 pro

461 2035 843 2091 misericordia
893 2036 1170 2091 induimur
1221 2035 1575 2102 crudelitate;
1611 2049 1712 2108 pro
1757 2035 2055 2106 patientia,

456 2128 831 2197 impatientia;
883 2144 981 2199 pro
1028 2128 1236 2199 justitia
1265 2170 1279 2195 ,
1324 2128 1743 2198 iniquitatte.'Et
1791 2136 1851 2183 ut
1889 2128 2059 2183 semel

457 2220 658 2287 dicant,
677 2235 775 2289 pro
803 2221 1120 2288 virtutibus,
1145 2221 1325 2287 vitiis;
1355 2219 1405 2276 id
1430 2229 1536 2287 est,
1555 2234 1655 2291 pro
1681 2218 1924 2288 Christo,
1957 2224 2063 2274 Au-

459 2312 732 2369 ticltristo.
765 2313 924 2369 Unde
951 2314 1150 2368 dicitur
1190 2315 1259 2370 de
1303 2314 1462 2370 istius
1492 2314 1639 2369 modi
1695 2315 1915 2371 homine
1947 2333 1958 2368 :
1994 2312 2063 2370 Et

458 2407 671 2462 indutus
709 2417 787 2461 est
822 2406 1183 2463 maledictione
1220 2409 1358 2463 sicut
1402 2410 1701 2464 uestimento
1734 2408 1854 2483 (Ps.
1895 2424 2060 2476 cvm,

462 2501 577 2572 18).
628 2500 932 2557 Viudicabit
970 2517 1187 2573 quoque
1226 2502 1491 2557 Dominus
1532 2502 1978 2559 manifestissime
2008 2504 2061 2557 itt

460 2595 697 2650 adventu
719 2610 839 2659 suo,
866 2596 1033 2651 etiam
1059 2611 1225 2666 super
1247 2612 1343 2652 eos
1360 2598 1598 2665 quicum
1623 2595 1779 2652 bonis
1808 2597 2066 2668 operibus

459 2692 514 2748 in
554 2692 793 2748 Ecclesia
833 2708 957 2749 esse
994 2693 1257 2749 deberent
1286 2738 1299 2761 ,
1336 2693 1621 2763 eiecerunt
1642 2708 1703 2749 se
1730 2694 1801 2749 ob
1830 2708 2065 2750 conver-

456 2786 725 2841 sationem
770 2786 1084 2855 pessimam,
1130 2794 1188 2842 et
1232 2786 1414 2841 traditi
1439 2787 1655 2842 Satanae
1689 2796 1983 2842 versantur
2011 2787 2064 2843 in

457 2879 760 2945 vestibulis,
809 2879 978 2934 immo
1022 2894 1123 2934 nec
1164 2880 1216 2934 in
1256 2879 1562 2945 vestibulis,
1605 2879 1699 2934 sed
1740 2887 1865 2934 ante
1894 2881 2064 2936 vesti-

459 2971 585 3028 bula
629 2988 643 3026 :
686 2972 831 3042 quod
870 2972 1267 3043 signiﬁcantius
1293 2972 1487 3028 Graece
1511 2972 1711 3027 dicitur
1738 2974 1823 3028 ἐπὶ
1847 2979 1915 3033 τὰ
1939 2975 2069 3051 πρό-

458 3066 619 3124 πυλα.
670 3067 734 3121 Et
772 3080 939 3137 super
966 3081 1159 3122 omnes
1191 3067 1508 3133 vindicabit,
1545 3069 1636 3138 qui
1670 3067 1835 3123 Varii»~
1866 3069 2071 3139 iniqui-

461 3159 662 3217 tatibus
694 3166 859 3230 atque
904 3160 1144 3229 peccatis
1176 3160 1406 3231 implent
1439 3160 1766 3228 Ecclesiam,
1795 3173 1849 3216 et
1879 3162 2069 3232 impie-

2163 1951 2296 2006 tium
2329 1947 2496 2022 (Dan.
2539 1948 2660 2017 vn).
2706 1946 2887 2002 Prima
2935 1946 3083 2002 enim
3133 1954 3287 2017 porta
3321 1945 3604 2000 oculorum
3638 1944 3779 2009 erit,

2162 2059 2265 2115 qua
2300 2041 2410 2115 [Αἰ.
2464 2040 2709 2113 quando]
2756 2040 3123 2096 cxibebuntur
3167 2036 3326 2094 nobis
3378 2047 3602 2111 peccata
3642 2048 3785 2092 ante

2163 2134 2351 2190 oculos
2379 2142 2622 2195 nostros,
2670 2143 2725 2188 et
2761 2132 2943 2187 omnis
2990 2147 3189 2201 pompa
3217 2140 3271 2186 et
3300 2132 3480 2201 imago
3518 2129 3786 2200 antiquo-

2168 2244 2288 2285 rum
2350 2229 2620 2285 seelerum
2660 2237 2713 2281 et
2750 2226 3009 2281 vitiorum
3053 2238 3219 2296 atque
3249 2226 3479 2280 luxuriae
3518 2221 3781 2294 profere-

2169 2332 2254 2378 tttr
2276 2323 2330 2377 itt
2354 2322 2620 2377 medium.
2648 2322 2801 2376 Tunc
2832 2320 2963 2375 illud
2994 2321 3100 2375 erit
3122 2335 3311 2374 verum
3333 2318 3480 2389 quod
3505 2318 3781 2388 scriptum

2165 2426 2250 2472 est
2284 2434 2297 2471 :
2334 2415 2464 2470 Ecce
2489 2414 2646 2468 homo
2674 2425 2720 2468 et
2763 2430 2923 2485 opera
2944 2414 3059 2484 ejus
3098 2423 3218 2468 ante
3249 2412 3439 2484 faciem
3459 2414 3592 2485 ejus.
3618 2411 3772 2466 Tur-

2166 2510 2355 2581 quebit
2381 2511 2544 2579 igitur
2572 2524 2694 2565 eum
2723 2508 3092 2571 conscientia,
3121 2515 3176 2563 et
3200 2516 3489 2578 postquam
3515 2521 3784 2576 compun-

2167 2613 2291 2659 ctus
2318 2603 2484 2675 685
2512 2604 2835 2659 clamaverit
2860 2618 2889 2656 a
2920 2604 3095 2673 prima
3125 2602 3413 2656 oculorum
3443 2613 3620 2670 porta.
3647 2604 3785 2655 ulu-

2169 2697 2302 2752 labit
2332 2698 2496 2752 etiam
2523 2711 2552 2751 a
2594 2697 2832 2752 secunda
2868 2739 2882 2764 ,
2938 2710 3101 2767 quam
3153 2706 3209 2751 et
3252 2710 3420 2751 aures
3458 2694 3785 2765 intelligere

2169 2807 2485 2861 possumus.
2521 2791 2623 2847 Per
2655 2790 2756 2847 hos
2770 2791 2913 2846 enim
2945 2790 3034 2845 vel
3065 2789 3303 2845 maxime
3328 2803 3545 2855 sensus,
3575 2790 3785 2860 quibus

2169 2887 2301 2941 vitia
2325 2886 2520 2955 illapsa
2552 2885 2787 2952 fuerant,
2815 2899 3007 2941 eorum
3038 2899 3199 2957 poena
3228 2884 3522 2947 sentietur,
3554 2883 3781 2954 quando

2171 2995 2455 3037 cernemus
2490 2978 2633 3050 quod
2663 2978 2891 3034 iecimus
2936 2987 2990 3033 et
3021 2986 3047 3015 ³
3075 2991 3339 3033 sermone
3365 2976 3533 3043 docti,
3567 2985 3779 3032 totum-

2168 3088 2275 3144 que
2319 3072 2607 3127 audientes
2639 3071 2889 3126 ordinem
2933 3079 3290 3141 peccatorum
3318 3116 3331 3140 ,
3385 3071 3441 3124 in
3492 3069 3773 3127 ululatum

2170 3166 2607 3238 compellantur,
2659 3176 2715 3220 et
2743 3173 3062 3220 conteretur
3110 3162 3241 3236 [Αἰ.
3297 3162 3682 3233 compellimur
3724 3174 3776 3218 et

457 3253 660 3309 tatibus
700 3262 862 3324 atque
899 3253 1291 3323 mendacioget
1322 3252 1546 3310 miscent
1583 3254 1909 3326 sanguinem
1937 3271 2064 3312 san-
2087 3236 2134 3301 (ἶ
2168 3236 2513 3330 conteritur]
2539 3300 2552 3324 ,
2582 3258 2634 3312 in
2668 3257 2825 3313 nobis
2855 3256 3117 3328 quidquid
3146 3255 3320 3311 fuerat
3352 3257 3628 3312 excelsum
3657 3299 3672 3321 ,
3716 3266 3778 3312 et

457 3350 631 3420 guiui.
660 3349 818 3419 Quod
844 3350 893 3405 si
924 3349 1261 3404 voluerimus
1290 3350 1392 3403 hoc
1419 3349 1594 3418 ipsum
1626 3351 1874 3420 accipere
1899 3365 2065 3421 super

456 3443 744 3499 animabus
771 3442 1131 3513 singulorum,
1161 3440 1439 3511 principes
1468 3449 1523 3495 et
1547 3440 1765 3495 domum
1792 3441 1956 3512 regis,
1982 3442 2063 3497 in-

460 3537 771 3606 telligomus
799 3536 1077 3612 λογισμοὺς
1105 3536 1215 3609 [ΑΙ.
1248 3535 1399 3591 addit
1428 3540 1511 3592 καὶ
1535 3535 1846 3606 uisendam],
1876 3534 1928 3588 id
1956 3544 2058 3600 est,

459 3628 798 3698 cogitationes
824 3637 880 3684 et
915 3642 1131 3694 sensus,
1165 3638 1218 3682 et
1264 3628 1437 3699 ipsam
1469 3629 1728 3694 animam,
1754 3641 1877 3697 quae
1901 3626 2064 3680 debet

456 3739 583 3779 esse
617 3724 910 3794 hospitium
938 3721 1106 3796 m4
1130 3724 1276 3795 regis
1305 3742 1319 3777 :
1350 3731 1406 3778 et
1430 3723 1582 3793 juxta
1609 3724 1945 3792 superiorem
1968 3735 2065 3775 ex-

460 3820 785 3892 positionem
828 3818 1147 3876 indumenta
1178 3833 1392 3891 quoque
1418 3820 1621 3886 aliena,
1651 3828 1706 3874 et
1727 3819 1911 3873 omnia
1942 3833 2063 3889 qua:

458 3927 785 3987 sequuntur,
816 3915 1122 3971 referamus
1146 3916 1213 3971 ad
1238 3930 1678 3987 unumquemque
1697 3916 2060 3983 credentium,

456 4010 710 4079 quicum
748 4008 1055 4064 debuerant
1098 4008 1276 4063 induti
1314 4023 1439 4063 esse
1470 4006 1714 4073 Christo,
1753 4016 1807 4062 et
1847 4020 2064 4076 semper

463 4103 674 4159 versari
705 4103 1050 4171 intrinsecus,
1078 4103 1243 4157 variis
1265 4115 1325 4159 se
1352 4113 1699 4173 peccatorum
1727 4110 2067 4173 operuerunt

462 4195 832 4261 vestimentis,
855 4203 913 4251 et
938 4195 1140 4265 egressi
1166 4194 1237 4250 de
1266 4194 1531 4258 Ecclesia,
1558 4195 1613 4249 id
1636 4205 1740 4263 est,
1766 4208 2064 4266 congrega-

459 4289 605 4346 tione
622 4296 956 4354 sanctorum,
982 4302 1080 4357 pro
1102 4288 1389 4342 virtutibus
1412 4287 1777 4358 impleverunt
1803 4288 2062 4358 templum

463 4387 713 4453 corporis
732 4383 817 4441 sui
850 4382 1140 4454 iniquitate
1168 4393 1220 4438 et
1242 4382 1389 4437 dolo.
1678 4446 1682 4450 ,

531 4479 716 4550 (Vers.
748 4478 867 4549 ‘10.)
914 4479 978 4533 Et
1009 4478 1109 4533 erit
1147 4479 1202 4531 in
1243 4478 1328 4531 die
1348 4476 1465 4545 illa,
1509 4476 1635 4530 dicit
1662 4472 1937 4541 Dominus,
1965 4491 2065 4531 vox

460 4575 702 4629 clamoris
742 4588 774 4627 α
813 4583 962 4642 porta
1004 4571 1247 4643 piscium,
1296 4580 1346 4624 et
1377 4567 1609 4624 ululatus
1658 4587 1689 4623 a
1733 4567 1983 4639 secunda,
2017 4578 2063 4623 et

2167 3363 2390 3426 propter
2413 3353 2712 3409 caecitatem
2745 3363 2799 3408 et
2826 3352 3021 3407 surdas
3052 3367 3213 3407 aures
3238 3351 3595 3423 ignorabatur
3621 3367 3649 3404 a
3672 3367 3778 3407 no-

2168 3448 2275 3502 bis.
2306 3447 2404 3504 Vcl
2435 3456 2589 3503 certe
2633 3462 2756 3501 cum
2812 3446 2974 3501 verba
3018 3446 3278 3501 sublimia
3324 3454 3379 3500 et
3421 3445 3661 3501 eruditio
3703 3445 3776 3502 de

2163 3543 2383 3598 excelso
2414 3541 2663 3605 veniens,
2696 3549 2946 3595 conteret
2974 3556 3073 3595 nos
3117 3551 3282 3609 atque
3328 3539 3643 3611 confringet
3674 3582 3689 3605 ,
3717 3550 3777 3595 et

2160 3651 2331 3706 opere
2360 3634 2757 3705 complebitnr:
2810 3633 3099 3708 Rugiebam
3141 3650 3173 3687 a
3215 3636 3409 3707 gemitu
3447 3635 3624 3689 cordis
3672 3634 3775 3688 ruri

2165 3729 2184 3800 (
2210 3727 2303 3783 Ps.
2331 3744 2517 3794 xxxix,
2542 3727 2575 3783 9
2602 3729 2654 3794 ),
2680 3736 2738 3781 ut
2760 3728 2831 3781 sit
2858 3728 3189 3783 sacriﬁcium
3218 3728 3328 3783 Deo
3380 3727 3613 3798 spiritus
3642 3743 3779 3783 con-

2166 3820 2455 3876 tribulatus
2485 3818 2603 3890 (Ps.
2638 3821 2695 3889 ι.)
2720 3836 2735 3885 ;
2761 3821 2813 3874 in
2848 3821 3029 3885 nobis,
3064 3820 3154 3891 qui
3184 3820 3436 3877 homines
3465 3836 3680 3887 sumus,
3718 3830 3780 3875 et

2167 3927 2274 3969 non
2304 3922 2414 3969 tam
2439 3915 2663 3986 grandia
2696 3923 2920 3983 peccata
2951 3912 3198 3979 fecimus,
3226 3924 3283 3969 ut
3308 3914 3587 3968 montibus
3617 3929 3774 3969 com-

2164 4019 2450 4080 parentur,
2479 4006 2649 4063 collos
2673 4006 2893 4062 contriti
2940 4015 3089 4062 sunt.
3118 4004 3178 4061 In
3235 4006 3456 4061 diabolo
3492 4014 3680 4061 autem
3720 4015 3780 4061 et

2167 4101 2379 4172 angelis
2427 4099 2567 4170 ejus,
2617 4098 2832 4155 excelsa
2874 4100 3145 4154 montium
3188 4105 3569 4154 conterentur.
3618 4098 3775 4154 Multi

2169 4202 2359 4265 putant
2385 4192 2539 4261 juxta
2574 4190 2857 4247 historiam
2891 4190 3036 4261 quod
3060 4190 3127 4247 ad
3156 4190 3583 4263 Babyloniorum
3633 4202 3777 4247 tern-

2171 4301 2301 4357 pora
2332 4285 2645 4348 retulimus,
2679 4284 3094 4356 intelligendum
3122 4299 3248 4341 esse
3268 4284 3338 4341 de
3366 4286 3549 4356 primo
3576 4285 3771 4342 Salva-

2165 4380 2301 4435 toris
2328 4380 2580 4440 adventu,
2605 4378 2821 4448 quando
2851 4386 3083 4449 propter
3107 4387 3328 4447 peccata
3347 4379 3536 4445 nimia,
3564 4388 3619 4435 et
3646 4380 3769 4436 cia-

2169 4489 2375 4529 morem
2403 4473 2584 4544 populi
2604 4480 3062 4540 cottcrepantem:
3092 4472 3319 4544 Sanguis
3337 4473 3449 4543 ejus
3469 4489 3625 4541 super
3647 4491 3764 4539 nos,

2168 4577 2215 4622 et
2244 4583 2401 4639 super
2420 4566 2554 4633 ﬁlios
2569 4574 2776 4620 nostros
2806 4563 2988 4634 (Matt.
3013 4564 3658 4636 xxvn,25),eireumdata
3692 4577 3777 4623 est

457 4668 700 4725 contritio
741 4628 931 4740 magna
955 4628 1254 4721 e'collibus'.
1292 4663 1435 4721 LXX
1469 4681 1482 4718 :
1513 4662 1578 4718 Et
1619 4666 1714 4719 erit
1741 4664 1795 4718 in
1834 4664 1930 4718 illa
1953 4628 2055 4733 die,
2088 4628 2144 4693 D
2168 4664 2236 4719 ab
2262 4628 2503 4718 eriereitu
2535 4628 2863 4725 Jerusalem,
2890 4668 2989 4713 eta
3018 4658 3231 4715 duobus
3256 4628 3422 4724 ursis,
3474 4659 3769 4731 Vespasia-

461 4763 585 4818 dicit
618 4762 893 4829 Dominus,
923 4779 1022 4818 vos:
1047 4762 1291 4816 clamoris
1312 4760 1378 4815 de
1398 4768 1553 4831 porta
1580 4760 2057 4832 compungentium,

459 4869 507 4912 et
547 4856 777 4913 ululatus
816 4873 847 4910 η
892 4858 1149 4926 secunda,
1184 4866 1231 4911 et
1268 4857 1512 4911 contritio
1541 4870 1731 4925 magna
1760 4870 1792 4908 a
1815 4853 2056 4908 collibus.

461 4946 657 5019 ln_die
700 4951 895 5006 hostire
936 4949 1153 5005 Domini
1206 4950 1424 5021 quando
1474 4947 1788 5003 extendet-it
1839 4962 2057 5001 manum

458 5058 612 5101 suam
639 5059 804 5117 super
828 5044 1023 5101 ludam
1050 5053 1105 5100 et
1137 5057 1309 5113 super
1339 5057 1532 5098 omnes
1559 5041 1861 5097 habitantes
1901 5039 2058 5095 Jeru-

463 5141 657 5210 salem,
687 5151 742 5197 et
784 5140 1003 5196 hostilis
1024 5154 1143 5195 eam
1176 5140 1467 5193 vallaverit
1492 5137 1787 5201 exercitus,
1818 5137 1921 5192 erit
1950 5151 2059 5192 vox

460 5234 720 5291 clamoris
768 5249 795 5288 a
839 5242 990 5304 porta
1037 5233 1265 5301 piscium
1296 5237 1353 5285 et
1390 5231 1681 5285 ululatus:
1713 5229 1975 5296 secunda,
2007 5238 2068 5285 et

457 5328 727 5387 contritio
768 5343 959 5398 magna
1005 5340 1035 5381 a
1068 5325 1321 5381 collibus.
1380 5325 1595 5380 Portam
1650 5326 1885 5396 piscium
1939 5340 2061 5380 eam

462 5424 753 5490 vocabant,
796 5436 917 5491 quae
968 5416 1268 5490 Diospolim
1314 5417 1466 5474 ducit
1500 5426 1555 5471 et
1580 5415 1811 5487 Juppen,
1842 5425 1897 5473 et
1930 5417 2065 5472 vici-

456 5521 584 5579 nior
626 5518 763 5574 mari
787 5523 911 5574 erat
939 5516 1078 5570 inter
1097 5522 1322 5571 cunctas
1354 5513 1466 5569 vias
1500 5511 1825 5577 Ierusalem,
1858 5512 1927 5566 de
1956 5526 2063 5583 qua

464 5623 521 5670 et
551 5612 747 5668 Esdras
797 5609 964 5666 refert
997 5628 1007 5662 :
1035 5607 1251 5663 Portam
1270 5623 1392 5662 vero
1434 5605 1653 5678 piscium
1673 5605 2063 5675 tedificareruttt

466 5704 564 5774 ﬁlii
612 5704 808 5771 Asnaa,
844 5702 947 5773 ipsi
989 5708 1228 5757 texerunt
1264 5717 1398 5766 eam,
1431 5707 1481 5755 et
1524 5706 1813 5754 statuerunt
1863 5700 2055 5766 mittas,

2168 4772 2239 4813 no
2262 4756 2521 4813 videlicet
2554 4766 2613 4810 et
2662 4752 2808 4817 Tito,
2865 4752 3219 4808 irridentiutn
3271 4768 3564 4824 puerorum
3617 4755 3771 4811 turba

2165 4862 2482 4919 consumpta
2513 4860 2592 4905 εει
2616 4847 2705 4919 (ιν
2736 4846 2863 4916 Reg.
2892 4848 2979 4915 ιι).
3020 4846 3158 4915 Quae
3188 4847 3409 4917 quidem
3459 4847 3773 4919 intelligen-

2169 4949 2239 5003 tia
2273 4946 2442 5015 magis
2465 4943 2588 4998 ﬁdei
2622 4951 2823 4997 nostra:
2848 4938 3137 5007 convenit,
3171 4939 3264 4995 sed
3295 4941 3370 4995 ita
3416 4951 3475 4996 ut
3527 4944 3773 4999 sciamus

2166 5052 2223 5099 et
2241 5040 2409 5112 priori
2432 5036 2675 5093 historiae
2703 5049 2865 5105 posse
2884 5047 3210 5104 congruere,
3240 5035 3326 5089 vel
3350 5043 3499 5091 certe
3524 5036 3770 5106 priorem

2164 5136 2537 5205 captivitatem
2584 5141 2766 5203 typum
2799 5144 2922 5185 esse
2950 5128 3208 5184 secundae
3244 5137 3300 5184 et
3327 5129 3583 5199 perfectae
3612 5147 3773 5188 ever-

2160 5228 2338 5285 sionis
2368 5224 2691 5281 Jerusalem.
2720 5220 2833 5276 Nec
2855 5236 2966 5275 non
2995 5232 3053 5277 et
3083 5219 3190 5276 hoc
3212 5220 3771 5280 animadvertendum

2167 5321 2336 5396 (quia
2394 5330 2591 5374 ADAGIII
2639 5315 2869 5386 (tamn)
2922 5312 3213 5368 manifeste
3266 5314 3320 5368 in
3348 5312 3605 5381 Hebraeo,
3657 5332 3771 5373 non

2166 5424 2375 5487 portam
2397 5407 2875 5479 compungcntium;
2894 5405 2988 5463 sed
3011 5416 3215 5479 portam
3234 5407 3453 5478 piscium
3480 5411 3663 5481 sonat)
3684 5412 3775 5468 οι.

2167 5509 2423 5582 tegoriee,
2445 5514 2660 5575 portam
2683 5501 2913 5571 piscium
2926 5516 3052 5559 esse
3079 5504 3132 5559 in
3144 5503 3587 5574 Jermlmper
3602 5520 3773 5576 quam

2165 5606 2473 5663 inferuntur
2498 5600 2625 5655 boni
2660 5599 2836 5669 pisces
2876 5598 2967 5669 qui
2998 5613 3030 5655 ι
3072 5600 3232 5656 malis
3257 5600 3727 5670 tuerintseparati
3755 5643 3771 5671 ,

2164 5710 2220 5757 et
2249 5696 2539 5772 lugebunt,
2573 5688 2789 5750 caeteris
2810 5687 3233 5763 introeuntibus,
3266 5691 3359 5767 qui
3390 5690 3522 5750 loris
3548 5709 3776 5752 reman-

526 5892 565 5926 ⁷ίί
590 5889 696 5945 Alii
727 5887 879 5959 editi,
904 5900 951 5943 et
981 5888 1255 5943 audientes
1281 5902 1586 5951 sermonem,
1614 5884 1753 5940 docti
1770 5929 1785 5955 ,
1802 5894 2063 5956 totumque
2090 5884 2345 5951 ordinem,
2371 5892 2480 5939 etc.
