4050 6342
276 245 420 314 1549
1067 245 1717 314 COMMENTARIOROM
1756 248 1825 311 ΙΝ
1861 247 1875 306 ε

1985 246 2261 311 ἨΟΝΙΑΜ
2300 252 2529 311 LIBER.
2566 252 2719 311 CAP.
2748 252 2789 312 Ῑ.
3445 250 3584 314 1350

276 376 467 428 serint.
507 370 598 429 Vel
622 379 773 429 certe
801 373 854 427 in
901 373 1006 429 fine
1028 368 1217 429 mundi
1248 380 1303 429 et
1332 374 1382 428 in
1411 370 1881 429 censummatione
1909 372 1963 432 Α
1988 379 2089 426 est.
2122 368 2281 428 Unde
2311 380 2364 426 et
2391 370 2507 428 Noe
2539 372 2619 428 vir
2667 380 2908 439 sanctus,
2944 380 3223 443 postquam
3254 371 3525 443 evigilavit
3557 388 3587 427 e

278 469 539 538 lugebqu
565 482 595 523 a
626 477 781 538 porta
814 468 1043 539 piscium
1066 469 1237 539 prima
1262 513 1275 537 ,
1309 469 1401 539 qui
1430 480 1587 523 suum
1614 466 1881 537 baptisma
1986 476 2204 531 somno,
2236 480 2299 519 ex
2334 464 2719 521 maledictione
2749 480 2944 521 nomen
2998 465 3256 537 imposuit
3301 466 3583 532 Chanaan,

279 576 388 618 non
422 571 812 628 servaverunt;
847 563 1111 634 lugebunt
1134 576 1164 617 a
1193 562 1454 623 secunda,
1488 562 1580 634 qui
1615 575 1721 615 non
1750 575 1880 629 ego.
1987 555 2174 611 dicens
2204 573 2219 611 :
2256 554 2569 613 Maledictus
2595 558 2851 613 Chanaan
2901 578 3067 631 puer,
3099 561 3327 632 fatnttlus
3357 560 3450 614 erit
3483 563 3593 630 {ra-

276 664 405 709 rnnt
428 669 525 725 pro
548 657 788 725 peccatis
808 655 1025 727 dignam
1052 656 1447 725 pmttitentiam.
1474 656 1539 709 Et
1561 655 1668 709 erit
1691 667 1883 723 magna
1988 658 2125 704 trum
2145 666 2359 707 suorum
2391 651 2618 724 (ches.
2652 670 2724 718 ix,
2755 654 2871 727 25).
2899 653 3016 711 Non
3040 657 3216 711 solum
3243 664 3421 710 autem
3448 653 3593 709 Cha-

277 748 537 805 contritio
567 761 733 819 super
774 750 969 812 colles,
1027 751 1117 819 qui
1149 764 1252 805 nec
1281 762 1380 820 pro
1424 748 1667 819 peccatis
1697 747 1886 802 incur-
1989 756 2128 800 naan
2171 746 2544 802 assitnilantur
2594 757 2934 817 peccatores,
2990 748 3085 805 sed
3117 765 3215 820 pro
3246 749 3509 820 qualitate
3539 757 3591 801 et

279 846 389 899 vati
419 854 544 900 sunt
570 854 623 899 ul
650 847 921 901 cervicem
949 860 1101 900 suam
1125 845 1535 909 submitterent,
1566 855 1614 900 et
1648 858 1742 899 sua
1768 857 1887 898 sce-
1987 838 2311 896 diversitate
2344 840 2573 909 peccati,
2603 841 2741 896 alius
2773 842 3105 897 assimilatnr
3138 841 3428 908 Pharaoni,
3454 840 3593 895 alius

280 938 393 994 leta
423 938 795 1008 deplorarem.
825 939 929 993 Per
958 937 1055 993 has
1080 939 1225 994 enim
1249 936 1388 993 duas
1415 950 1605 1010 portas
1634 936 1886 1008 baptismi
1988 931 2225 988 Nemrod
2254 931 2483 1004 giganti.
2518 935 2583 989 Et
2631 934 2972 1001 econtrarin,
3003 948 3100 1004 per
3130 935 3271 989 bona
3324 948 3492 1004 opera
3514 941 3597 989 at-

277 1042 333 1088 ct
386 1030 725 1095 paenitentia:
756 1031 808 1087 in
838 1031 1163 1097 Jerusalem,
1219 1030 1269 1087 id
1324 1040 1428 1099 est,
1491 1028 1544 1086 in
1582 1030 1883 1085 Ecclesium
1989 1039 2096 1095 que
2135 1025 2385 1091 virtutes,
2419 1026 2541 1096 quia
2577 1036 2627 1081 et
2653 1027 2915 1081 virtutum
2944 1025 3138 1081 itinera
3170 1033 3298 1080 sunt
3334 1025 3548 1081 diversa
3580 1068 3594 1092 ,

279 1126 377 1182 Dei
409 1126 493 1182 vel
525 1127 780 1182 introitus
802 1128 890 1183 vel
917 1126 1125 1182 reditus
1155 1132 1260 1181 est.
1991 1114 2090 1170 ille
2122 1126 2145 1154 ε
2173 1118 2422 1187 spiritum
2452 1119 2681 1173 assumit
2733 1115 3034 1185 Abraham,
3082 1119 3173 1170 hic
3230 1115 3423 1189 Moysi,
3455 1116 3597 1171 alius

352 1216 542 1291 (Vt-rs.
578 1218 880 1291 inm
910 1216 1143 1285 Ululate,
1176 1216 1495 1272 habitatores
1524 1214 1649 1287 pila:
1675 1230 1692 1271 :
1714 1224 1741 1253 ι
1771 1230 1889 1270 con-
1993 1208 2129 1264 Elite
2154 1225 2169 1275 ;
2198 1211 2555 1280 quamobrem
2580 1212 2647 1265 ab
2683 1211 2947 1279 Apostolo
2977 1210 3181 1265 dicitur
3207 1228 3217 1264 :
3251 1209 3600 1265 .Eniulamini

279 1312 433 1365 ticuit
459 1313 625 1365 omnis
646 1311 873 1385 papulas
898 1310 1173 1366 Chanaan.
1200 1309 1343 1366 LXX
1371 1328 1383 1365 :
1414 1308 1657 1383 Plangitc
1676 1311 1766 1381 qui
1795 1311 1887 1364 ha-
1990 1304 2307 1360 charismata
2329 1306 2546 1360 meliora
2574 1306 2594 1379 (
2613 1304 2629 1359 i
2663 1306 2783 1362 Cor.
2818 1320 2918 1374 xu,
2950 1306 3011 1360 3i
3032 1303 3074 1379 ).
3109 1304 3209 1373 Qui
3236 1322 3365 1360 vero
3384 1306 3601 1377 perfec-

277 1402 457 1458 bitatis
492 1406 775 1458 concissam
809 1419 827 1457 :
859 1404 982 1471 quia
1010 1403 1333 1459 assimilatas
1364 1410 1439 1458 est
1469 1403 1636 1457 omnis
1661 1402 1887 1475 populus
1992 1406 2084 1453 tus
2115 1407 2198 1453 est
2219 1441 2233 1464 ,
2287 1399 2441 1470 juxta
2475 1416 2592 1456 eam
2629 1410 2810 1457 tamen
2845 1399 3240 1471 perfectionem
3287 1414 3446 1470 quam
3498 1398 3601 1452 bn-

280 1494 683 1551 Chanaan.Pila
704 1495 1100 1567 qutellebraiee
1123 1492 1885 1564 diciturttltcu'rttssMi‘DD),
1992 1504 2153 1548 mana
2201 1492 2444 1550 conditio
2497 1507 2673 1564 potest
2716 1510 2917 1567 capere
2946 1537 2960 1563 ,
2998 1492 3358 1549 similitudine
3404 1493 3497 1550 Dei
3530 1494 3603 1549 si—

278 1598 336 1646 ct
359 1590 430 1644 ab
456 1589 646 1660 Aquila
678 1603 833 1645 versa
867 1598 970 1660 est,
999 1592 1071 1652 εἰς
1098 1591 1188 1647 τὸν
1217 1588 1383 1661 ὄλμον,
1401 1602 1507 1643 non
1538 1602 1634 1659 per
1665 1588 1877 1642 brevem

610 1594 646 1643 la
678 1603 833 1645 versa
867 1598 970 1660 est,
999 1592 1071 1652 εἰς
1098 1591 1188 1647 τὸν
1217 1588 1383 1661 ὄλμον,
1401 1602 1507 1643 non
1538 1602 1634 1659 per
1665 1588 1885 1642 brevem
1993 1597 2209 1658 gnatur.

277 1685 540 1755 syllabam
571 1686 746 1754 prima
766 1684 877 1756 (At.
905 1684 1158 1757 primum)
1189 1684 1416 1755 legenda
1445 1690 1549 1750 est,
1580 1698 1648 1739 ne
1664 1688 1887 1760 σφαῖραν
2066 1679 2425 1751 Disperierunt
2450 1696 2629 1737 omnes
2656 1680 2879 1737 involuti
2901 1693 3135 1755 argento.
3187 1682 3332 1740 LXX
3369 1701 3381 1738 :
3416 1681 3605 1754 Dispe-

276 1789 552 1850 putemus,
584 1778 681 1835 sed
711 1777 1054 1850 productam,
1085 1788 1141 1833 ut
1180 1778 1248 1834 de
1278 1779 1382 1848 pila
1409 1778 1646 1832 sciamus
1676 1777 1803 1845 dici,
1836 1776 1889 1829 in
1922 1770 1970 1833 Β
1997 1776 2201 1830 rierunt
2232 1792 2409 1831 omnes
2454 1777 2544 1849 qui
2602 1781 2755 1832 erecti
2785 1787 2904 1831 sunt
2955 1790 3187 1849 argento.
3213 1778 3316 1846 Qui
3348 1779 3488 1845 sibi,
3524 1779 3606 1833 in-

276 1890 378 1947 qua
395 1872 998 1942 frtmtentatunduntur,
1023 1886 1119 1929 vas
1140 1886 1459 1936 concavum,
1488 1880 1539 1927 et
1555 1871 1889 1927 medicorum
1998 1870 2137 1937 quit,
2158 1868 2211 1924 in
2240 1869 2440 1925 divitiis
2465 1870 2839 1936 conlidebam,
2863 1883 2915 1927 et
2938 1882 3115 1929 tantas
3143 1872 3415 1928 habebant
3448 1888 3600 1942 opes,

274 1979 460 2040 aptum
512 1970 654 2036 usui,
688 1970 741 2023 in
770 1967 796 2008 δ
827 1983 934 2041 quo
981 1968 1197 2038 proprie
1227 1966 1455 2035 ptisanae
1487 1966 1638 2020 feriri
1689 1964 1888 2020 solent.
2000 1968 2059 2017 ut
2087 1979 2149 2019 se
2180 1965 2332 2033 quasi
2358 1964 2633 2021 involutos
2663 1972 2717 2021 et
2746 1974 2930 2036 seplos
2982 1969 3094 2023 suis
3126 1967 3334 2023 divitiis
3366 1968 3604 2023 aastinta—

274 2061 432 2118 Dicat
471 2062 666 2133 aliquis
714 2062 1057 2117 intellexisse
1083 2075 1142 2114 se
1173 2058 1299 2131 quid
1332 2058 1604 2130 significat
1631 2058 1762 2125 pila,
1796 2057 1890 2112 sed
1999 2066 2143 2112 rent.
2174 2054 2269 2112 Vel
2303 2070 2452 2113 certe
2478 2058 2775 2115 secundum
2810 2060 2987 2130 LXX,
3023 2064 3112 2132 qui
3147 2063 3311 2118 erecti
3344 2070 3502 2117 erant
3553 2063 3604 2116 in

273 2157 416 2213 scire
436 2156 573 2210 velle
594 2168 691 2210 cur
713 2156 765 2209 in
790 2153 1045 2224 praesenti
1065 2154 1190 2208 loco
1218 2159 1499 2222 assumpta
1519 2152 1613 2206 sit.
1646 2151 1781 2218 Quia
1807 2163 1894 2203 se-
2001 2152 2316 2221 snperbiam
2349 2162 2403 2208 et
2456 2168 2728 2224 pauperes
2776 2152 3145 2226 despiciebat]!
3178 2200 3189 2215 ,
3224 2155 3300 2211 ira
3330 2158 3605 2223 veniente,

275 2250 384 2305 mel
412 2248 714 2317 descriptio
745 2259 832 2303 est
859 2258 1032 2317 captw
1060 2245 1231 2311 urbis,
1261 2256 1315 2301 et
1360 2245 1561 2301 dicitur
1589 2260 1603 2298 :
1636 2243 1755 2298 Vox
1782 2243 1892 2297 cla.
2002 2246 2196 2300 vastati
2229 2256 2377 2301 sunt.
2404 2246 2693 2320 Simulque
2722 2251 3007 2305 considera
3036 2250 3179 2321 quod
3229 2266 3335 2306 non
3368 2250 3607 2306 dixerit:

276 2344 438 2398 moris
471 2346 502 2397 α
530 2348 681 2411 porta
712 2342 957 2412 piscium,
990 2348 1035 2394 et
1077 2340 1311 2394 ululatus
1341 2354 1372 2391 a
1400 2338 1665 2405 secunda,
1695 2346 1743 2391 et
1772 2348 1898 2389 con-
2002 2338 2241 2409 peribunt
2269 2338 2356 2412 qui
2383 2343 2543 2396 erecti
2573 2352 2690 2397 sunt
2736 2353 2992 2417 argento;
3035 2344 3129 2399 sed
3158 2344 3269 2415 jam
3314 2360 3479 2411 nunc,
3513 2359 3610 2398 an-

277 2439 420 2493 tritio
446 2450 640 2509 magna
668 2453 701 2489 a
732 2433 950 2490 collibus
982 2448 999 2488 :
1029 2446 1173 2488 nunc
1201 2434 1342 2486 idem
1391 2428 1782 2499 descriptionis
1807 2444 1898 2482 oro
2005 2443 2223 2501 tequam
2256 2429 2282 2470 ά
2312 2432 2393 2489 eis
2421 2436 2606 2491 veniat
2635 2437 2885 2506 supplicii
2919 2436 3065 2503 dies,
3118 2440 3168 2491 in
3202 2453 3265 2493 eo
3322 2440 3439 2508 ipso
3466 2438 3609 2507 quod

279 2532 352 2588 do
394 2540 662 2598 servatur,
696 2539 753 2584 et
806 2530 875 2584 de
912 2527 1123 2583 ululatu
1151 2524 1353 2579 dicitur
1381 2539 1596 2590 eorum,
1627 2524 1715 2591 qui
1745 2520 1895 2574 Itabi-
2006 2523 2348 2592 superbiant,
2403 2534 2458 2581 et
2486 2542 2710 2597 semper
2741 2529 2806 2583 de
2834 2530 3107 2585 thesauris
3138 2531 3254 2585 suis
3285 2532 3527 2602 cogitent
3561 2542 3613 2587 et

282 2632 405 2680 tant
432 2626 483 2678 in
534 2623 679 2679 valle
707 2620 875 2678 Siloe.
912 2620 981 2675 Et
1010 2618 1239 2689 pulchre
1267 2618 1553 2686 Scriptura
1581 2629 1687 2668 non
1717 2613 1855 2668 dixit
1880 2652 1895 2678 ,
2006 2618 2372 2685 servianteis,
2394 2619 2659 2689 perierint
2681 2632 2846 2691 atque
2874 2622 3385 2691 corruerint.Quotl
3419 2625 3507 2694 qui
3535 2624 3616 2678 ina-

284 2722 376 2789 qui
410 2718 665 2775 habitatis
690 2716 743 2771 in
777 2715 938 2783 valle,
976 2714 1067 2782 qui
1102 2713 1430 2767 habitatisin
1459 2710 1767 2781 gurgustio;
1802 2707 1897 2761 seti
2008 2708 2306 2776 tellexerit,
2341 2721 2473 2780 puto
2520 2727 2642 2767 eum
2696 2727 2804 2768 non
2840 2718 2974 2769 satis
3017 2728 3218 2785 cupere
3269 2716 3510 2778 divitias,
3564 2717 3613 2771 in

284 2813 376 2885 qui
400 2811 657 2868 habitatis
682 2811 733 2867 in
760 2810 897 2881 pila,
925 2810 1066 2878 quod
1091 2807 1306 2863 scilicet
1327 2804 1605 2874 quomodo
1629 2802 1899 2857 frumenta
2011 2803 2208 2872 quibus
2239 2819 2345 2859 non
2378 2806 2659 2875 peribunt,
2687 2808 2782 2863 sed
2828 2811 3110 2879 perierunt
3138 2810 3228 2881 qui
3260 2808 3430 2866 erecti
3468 2822 3614 2865 sunt.

286 2908 520 2965 feriente
566 2906 799 2979 desuper
828 2915 1005 2972 vecto,
1058 2903 1467 2959 contunduntur
1501 2914 1514 2954 :
1545 2898 1619 2954 ita
1647 2896 1715 2952 de
1746 2906 1901 2967 porta
2010 2896 2195 2969 Neque
2224 2912 2354 2955 vero
2405 2902 2788 2957 mstitnandum
2820 2914 2903 2959 est
2950 2920 3046 2960 eos
3074 2906 3219 2960 solos
3250 2907 3499 2975 periisse,
3527 2908 3617 2975 qui

288 3004 547 3074 piscium,
580 3011 633 3055 et
659 3001 727 3055 de
745 3007 901 3070 porta
929 2997 1193 3061 secunda,
1215 3003 1269 3050 et
1296 2995 1364 3049 de
1384 2992 1616 3048 collibus
1640 3004 1905 3060 proruens
2013 3002 2244 3063 argento
2273 2994 2442 3050 erecti
2469 3005 2617 3063 sunt,
2646 2999 2740 3051 sed
2760 2999 2914 3067 juxta
2938 2997 3079 3053 hanc
3105 2996 3495 3053 difﬁuitionem
3528 3012 3619 3068 pe-

291 3096 346 3153 in
377 3109 475 3151 vos
505 3091 1076 3151 dccurretesercitus.
1115 3088 1377 3161 Populum
1417 3096 1596 3142 autem
1644 3084 1905 3140 Chanaan
2013 3086 2145 3143 ribit
2169 3096 2223 3143 et
2254 3086 2345 3143 ille
2373 3091 2464 3159 qui
2505 3089 2560 3144 in
2592 3092 2809 3161 generis
2840 3090 3123 3149 nobilitate
3152 3107 3211 3147 se
3235 3094 3425 3163 jactat.
3463 3104 3485 3131 υ
3518 3094 3620 3160 Qui

292 3187 587 3259 appellavit
620 3185 885 3257 populum
914 3183 1224 3240 Judaeorum
1253 3223 1265 3245 ,
1294 3180 1447 3251 juxta
1480 3179 1611 3233 illud
1651 3178 1793 3248 quod
1829 3178 1912 3231 le—
1934 3164 1984 3235 C
2017 3181 2285 3251 gloriatur
2312 3183 2767 3252 indignitatibus,
2800 3184 3021 3253 peribit;
3058 3186 3149 3256 qui
3186 3186 3444 3254 inﬂatur,
3479 3187 3623 3252 reri-

294 3282 471 3354 gimus
501 3282 554 3336 in
586 3278 1057 3336 Daniele:Scmcn
1080 3276 1334 3331 Chanaan
1364 3283 1410 3328 et
1440 3270 1701 3327 nonluda
1730 3268 1900 3341 (Dan.
2010 3272 2125 3338 bit;
2171 3274 2264 3344 qui
2306 3274 2359 3329 in
2401 3275 2720 3331 fortitudine
2754 3279 3005 3346 corporis
3039 3277 3337 3347 gloriatur,
3375 3278 3577 3350 peribit
3606 3322 3618 3331 .

296 3391 415 3445 xm,
449 3376 587 3444 56);
623 3384 677 3429 et
707 3374 773 3428 ad
804 3370 1106 3429 Jerusalem
1143 3386 1156 3423 :
1208 3368 1366 3423 Pater
1397 3376 1514 3422 tuus
1546 3363 1902 3425 Amori-lucus.
2013 3366 2213 3433 peribit
2234 3366 2327 3435 qui
2358 3368 2412 3421 in
2443 3362 2676 3423 femineo
2704 3368 2969 3439 languore
3001 3370 3245 3425 mollitus
3279 3385 3492 3425 comam
3525 3386 3624 3425 nu-

297 3478 346 3525 ει
375 3477 536 3522 mater
561 3480 656 3521 tua
676 3464 883 3520 Cethtea
911 3461 1141 3534 (Ezech.
1170 3476 1280 3528 xvi,
1317 3459 1381 3531 5)
1406 3476 1420 3523 ;
1453 3466 1507 3513 ct
1532 3460 1584 3512 in
1608 3455 1714 3510 alio
1742 3455 1904 3509 loco:
2016 3459 2131 3525 trit,
2166 3459 2321 3514 vellit
2351 3460 2517 3531 pilos,
2542 3468 2725 3517 cutem
2749 3463 2905 3531 polit,
2936 3473 2991 3518 et
3018 3462 3085 3518 ad
3136 3465 3418 3534 speculum
3450 3466 3625 3521 comi-

303 3560 575 3625 Chanaan,
608 3562 663 3614 in
695 3575 852 3613 manu
881 3568 993 3622 tua,
1040 3564 1229 3609 statera
1260 3552 1549 3622 iniquitatis
1582 3549 1750 3623 (Osee
1804 3563 1907 3612 XII.
2016 3557 2127 3616 tur,
2156 3566 2276 3622 quae
2303 3553 2521 3624 proprie
2545 3555 2725 3624 passio
2751 3564 2806 3609 et
2838 3556 3054 3611 insania
3077 3556 3403 3613 feminarum
3428 3568 3535 3614 est.
3568 3560 3626 3617 Si

306 3653 394 3723 7).
429 3652 582 3721 Quod
616 3650 663 3706 si
696 3649 1033 3706 voluerimus
1060 3648 1214 3716 juxta
1265 3656 1547 3712 utramque
1602 3637 1913 3697 translatio—
2017 3643 2142 3713 quis
2166 3654 2348 3703 autem
2377 3646 2495 3699 vult
2518 3648 2654 3717 erigi
2701 3656 2756 3703 et
2784 3648 3071 3716 superbire
3118 3658 3304 3707 sancta
3346 3652 3626 3721 superbia,

304 3759 454 3812 nem,
491 3742 848 3814 tropologiatn
881 3752 1086 3806 texere,
1117 3748 1263 3795 recte
1294 3738 1360 3792 ad
1391 3736 1651 3791 ululatum
1680 3743 1735 3789 et
1759 3733 1915 3803 plau-
2020 3738 2266 3807 erigatur
2287 3752 2411 3793 eum
2434 3741 2726 3808 apostolis,
2755 3742 2974 3811 quando
3002 3742 3196 3812 dignus
3222 3741 3391 3798 fuerit
3412 3756 3510 3814 pro
3533 3761 3630 3798 no-

303 3846 451 3893 ctmn
485 3838 827 3892 concitantur
846 3835 939 3904 qui
959 3835 1010 3887 in
1034 3834 1294 3888 extremis
1316 3838 1661 3901 peccatorum
1691 3827 1915 3883 fascibus
2024 3829 2171 3885 mine
2196 3830 2325 3887 Jesu
2364 3830 2568 3887 Christi
2614 3835 3002 3889 contumeliam
3038 3838 3172 3904 pati,
3200 3836 3472 3906 glorietur
3506 3852 3628 3893 cum

308 3931 591 3996 habitant,
642 3939 697 3983 et
742 3929 795 3981 in
826 3927 1100 3982 scelerum
1132 3939 1356 3979 suorum
1409 3924 1515 3978 ima
1545 3922 1782 3977 demersi
1834 3914 1917 3974 di-
2026 3922 2316 3990 Apostolo,
2373 3924 2467 3994 qui
2508 3924 2815 3980 exsultabat
2866 3929 2918 3979 in
2951 3924 3121 4000 688
3162 3929 3632 3997 tribulationibus,

308 4033 441 4080 cunt
468 4040 480 4075 :
514 4020 721 4092 Inﬁxus
753 4036 865 4075 sum
895 4021 949 4074 in
1004 4018 1130 4073 limo
1163 4018 1435 4090 profundi,
1465 4025 1512 4071 et
1568 4031 1672 4070 non
1703 4021 1798 4079 cst,
1836 4017 1918 4068 in-
2025 4014 2213 4070 sciens
2241 4016 2383 4084 quod
2400 4017 2677 4074 tribulatio
2701 4032 2970 4087 operetur
2999 4022 3345 4090 patientiam,
3377 4022 3636 4092 patientia

311 4118 451 4189 quit,
486 4116 774 4170 substantia
796 4113 911 4187 (Ps.
951 4127 1145 4177 vaut,
1170 4112 1259 4183 ἢ).
1289 4111 1447 4168 Unde
1468 4121 1522 4166 et
1544 4110 1763 4165 additur
1786 4125 1799 4162 :
1826 4108 1916 4176 qui
2024 4122 2206 4178 apem,
2234 4124 2361 4180 spes
2385 4121 2567 4167 autem
2597 4127 2702 4168 non
2732 4112 3031 4170 confundat
3060 4115 3243 4187 (llam.
3279 4116 3366 4186 v).

315 4210 568 4265 habitatis
590 4208 919 4277 concissam,
953 4208 1055 4262 hoc
1076 4216 1184 4270 est,
1215 4208 1450 4261 animam
1498 4204 1689 4259 multis
1722 4202 1921 4273 iuiqui-
2104 4204 2125 4274 (
2145 4203 2300 4258 Vers.
2339 4204 2465 4276 12.)
2500 4206 2564 4259 Et
2597 4209 2692 4261 erit
2724 4208 2777 4261 in
2828 4217 3057 4281 tempore
3088 4208 3201 4272 illo.
3252 4209 3520 4265 scrutabor
3547 4208 3641 4266 lc-

315 4306 521 4359 tatihus
554 4302 911 4368 vulneratam,
946 4303 1059 4356 sive
1100 4298 1424 4365 Ecclesium,
1456 4312 1576 4367 qua:
1607 4296 1917 4352 schismati-
2031 4296 2261 4350 rusalem
2292 4299 2345 4351 in
2389 4299 2637 4362 lucernis,
2667 4308 2716 4353 et
2760 4302 2979 4356 uisitabo
3020 4319 3178 4374 super
3204 4305 3337 4357 viros
3360 4306 3559 4374 deﬁxos
3586 4306 3639 4360 in

319 4396 440 4462 bus,
469 4396 878 4465 haeresihnsque
900 4394 1136 4448 lacerata
1164 4402 1270 4459 est,
1290 4402 1350 4447 et
1370 4391 1436 4446 ad
1458 4392 1668 4462 singula
1696 4390 1923 4445 vulnera
2035 4391 2249 4461 fracibus
2299 4394 2407 4447 suis
2436 4411 2454 4454 :
2483 4395 2573 4464 qui
2596 4395 2776 4447 dicunt
2807 4396 2860 4448 in
2892 4397 3138 4451 cordibus
3182 4400 3290 4452 suis
3309 4441 3322 4463 ,
3358 4414 3462 4454 non
3494 4401 3647 4471 faciet

322 4490 528 4561 plangit
560 4488 701 4543 filios
734 4488 1075 4543 interfectos.
1122 4485 1275 4552 Quod
1322 4494 1504 4539 autem
1536 4484 1669 4539 dicit
1698 4500 1711 4537 :
1744 4481 1925 4537 Conti—
2036 4487 2165 4541 bene
2218 4488 2493 4555 Dominus,
2527 4499 2574 4543 et
2620 4504 2721 4544 non
2754 4491 2911 4561 facit't
2949 4492 3103 4546 male.
3140 4491 3281 4548 LXX
3314 4511 3327 4548 :
3361 4493 3426 4548 Et
3456 4497 3552 4550 erit
3594 4497 3649 4551 in

322 4586 452 4652 cuit,
487 4584 603 4639 sive
630 4582 949 4638 assimilatas
976 4589 1050 4636 est
1074 4580 1239 4635 omnis
1262 4582 1489 4650 papulas
1512 4580 1788 4647 Chanaan,
1816 4579 1932 4633 bla-
1956 4572 2013 4634 Ι)
2038 4580 2129 4634 die
2152 4583 2244 4635 illa
2270 4620 2285 4649 ,
2320 4583 2588 4635 scrutabor
2612 4581 2907 4637 Jerusalem
2946 4600 3062 4638 cum
3092 4584 3326 4651 lucerna,
3361 4596 3409 4643 et
3429 4590 3653 4644 ulciscar

325 4681 633 4750 Spbemiam
658 4694 851 4733 eorum
887 4678 942 4732 in
974 4676 1065 4731 die
1087 4673 1279 4744 judieii
1309 4688 1528 4729 cessare
1550 4674 1843 4743 significat,
1879 4681 1935 4727 ct
2037 4690 2197 4746 super
2216 4675 2352 4729 viros
2388 4676 2478 4747 qui
2502 4685 2835 4730 contemnunt
2856 4680 3124 4733 custodias
3156 4696 3298 4747 suas,
3326 4689 3371 4735 et
3396 4683 3577 4736 dicunt
3601 4683 3655 4736 in

327 4789 391 4829 os
422 4775 567 4843 quod
601 4776 653 4829 in
693 4774 864 4827 altqu
896 4779 1218 4842 posuerunt,
1251 4769 1600 4839 linguamque
1629 4769 1695 4821 ad
1728 4779 1933 4822 terram
2045 4770 2291 4825 cordibus
2317 4774 2448 4835 suis,
2483 4786 2587 4824 non
2619 4772 2777 4841 faciet
2802 4771 2927 4826 bene
2967 4770 3244 4841 Dominus,
3275 4786 3321 4829 et
3352 4790 3456 4830 non
3502 4777 3656 4845 faciet

332 4882 505 4940 usque
552 4876 932 4939 penetrantem
962 4902 976 4929 ,
1033 4873 1243 4919 aeterno
1282 4860 1503 4917 silentio
1536 4863 1933 4918 conticesoere.
2048 4863 2206 4919 tmte.
2237 4864 2293 4919 In
2348 4874 2598 4935 tempore
2652 4865 2791 4920 etin
2820 4863 2911 4920 die
2940 4867 3275 4937 captivitatis
3324 4868 3630 4923 Jerusalem

333 4960 400 5016 Et
428 4960 555 5031 quia
604 4969 893 5032 peceatum
926 4957 1177 5027 peccavit
1228 4954 1557 5022 Jerusalem,
1610 4962 1672 5009 et
1702 4954 1827 5011 ideo
1882 4954 1939 5011 in
2050 4958 2135 5012 vel
2169 4975 2199 5013 a
2232 4958 2549 5030 Babyloniis
2580 4960 2661 5015 vel
2696 4975 2725 5014 a
2759 4960 3019 5016 Romanis
3056 4960 3221 5035 (quia
3255 4961 3549 5033 dereliquit
3579 4962 3661 5018 le-

329 5055 755 5109 eommotionem
816 5052 953 5107 facta
1012 5059 1117 5114 est,
1171 5049 1407 5119 populus
1434 5049 1640 5104 dicitur
1662 5047 1939 5117 Chanaan,
2046 5064 2175 5121 gem
2203 5050 2441 5115 Domini,
2497 5063 2549 5106 et
2581 5054 2746 5124 impie
2772 5055 2885 5125 egit
2912 5054 2969 5110 in
3001 5055 3291 5110 Dominum
3337 5054 3660 5112 Creatorem

336 5149 480 5219 quod
516 5149 925 5218 interpretatur,
956 5142 1119 5216 687
1166 5144 1460 5198 commotio.
1494 5143 1610 5198 Non
1659 5146 1806 5200 enim
1841 5160 1940 5211 po-
2052 5149 2273 5217 suum),
2306 5149 2643 5204 scrutabitur
2664 5150 2931 5205 Dominus
2950 5164 3072 5204 cum
3102 5151 3325 5207 lucerna
3350 5152 3533 5206 omnia
3568 5152 3665 5209 ab-

338 5250 451 5300 test
479 5245 709 5298 dicere:
746 5241 943 5297 Statuit
973 5256 1126 5310 super
1166 5250 1366 5309 petram
1417 5240 1569 5308 pedes
1602 5255 1737 5293 meos
1765 5239 1941 5310 (Psal.
2050 5241 2296 5296 scontiita
2349 5240 2657 5298 Jerusalem
2690 5287 2703 5309 ,
2768 5252 2821 5298 et
2861 5242 3069 5298 nullum
3118 5243 3355 5298 inultum
3426 5246 3666 5316 patietur

346 5352 535 5404 xxxix,
567 5335 666 5406 5);
698 5336 793 5392 sed
822 5335 1066 5389 incertus
1086 5340 1143 5389 et
1166 5332 1443 5388 fluctuans
1461 5347 1681 5405 semper
1714 5336 1765 5388 in
1797 5344 1944 5389 motu
2053 5336 2321 5408 eil‘ugere.
2354 5337 2623 5409 Legamus
2652 5338 2880 5410 Jnsephi
2912 5336 3199 5409 historias,
3233 5348 3288 5397 et
3320 5340 3395 5398 ibi
3425 5347 3671 5413 reperie-

421 5538 445 5567 α
466 5528 718 5614 anium
745 5527 1042 5609 Scriptura:
1091 5522 1402 5580 editionum
1441 5521 1770 5578 auctoritate
1808 5535 1942 5593 sup-
2058 5520 2230 5604 ponit,
2264 5522 2410 5614 quod
2440 5538 2543 5614 Itl‘OS
2562 5538 2705 5605 .mss.
2729 5525 3117 5614 editorumqup
3136 5529 3304 5614 codd.
3330 5542 3434 5613 ope
3457 5546 3667 5614 estpun-

350 5600 782 5675 P‘Qtyicii’riusi
815 5594 957 5675 (Ιπξίαο
1232 5668 1241 5675 ,
1360 5667 1370 5675 _
1558 5666 1580 5675 Α
1649 5666 1659 5675 ι
1754 5666 1763 5675 _
2057 5594 2257 5675 ximus.
2288 5595 2409 5649 Mox
2442 5595 2630 5665 Regio.
2672 5611 2803 5662 ms.,
2828 5594 3040 5675 semper
3065 5602 3129 5653 tte
3156 5594 3416 5657 thesauris
3443 5594 3549 5659 suis
3576 5618 3664 5660 co-

422 5673 452 5713 b
700 5666 835 5736 ms.,
860 5672 1039 5750 iniqua
1063 5668 1273 5738 proprie
1295 5667 1517 5750 ptisana;
1541 5666 1659 5750 ﬁeri
1685 5666 1872 5750 solent.
2055 5667 2236 5750 giten-t,
2260 5680 2446 5750 eosque
2468 5677 2693 5750 seruent,
2725 5666 3126 5750 perieriutLetet

429 5758 452 5818 ς
478 5718 681 5813 ﬂeta-inv.
863 5718 1869 5818 etc.
2055 5718 2081 5735 ”
2134 5718 3178 5818 ξίίςρἶίε
3209 5748 3297 5818 qui
3339 5748 3555 5817 inﬂatur
3584 5749 3668 5803 di-

430 5816 456 5856 d
486 5808 732 5873 Martian.
763 5808 1111 5870 incommodo
1135 5826 1299 5868 sensu
1342 5810 1574 5868 alterum
1605 5810 1771 5865 veniat
1806 5824 1942 5881 prte-
2054 5808 2361 5880 nantibus,
2392 5810 2583 5881 peribit
2602 5808 2769 5881 quiin
2788 5814 3126 5888 (arundine,
3150 5808 3261 5874 etc.
3282 5846 3295 5855 ς
