4028 6342
460 258 592 314 1551
1705 258 1762 314 S.
1806 256 2081 316 EUSEBII
2122 256 2511 320 HIERONYMI
3626 261 3777 323 ηδε

459 389 579 427 mus
612 373 894 442 scriptum,
925 372 995 429 de
1042 374 1245 429 cloacis
1288 386 1526 444 quoque,
1563 382 1619 429 et
1671 375 1971 444 speluncis,
2007 386 2054 430 et
2087 378 2134 437 Α
2159 380 2313 450 juxta
2343 391 2435 447 est,
2482 393 2528 437 et
2555 384 2703 439 velox
2732 385 2903 440 nimis.
2940 384 3083 441 LXX
3112 402 3125 440 :
3175 384 3243 440 Et
3273 386 3367 439 erit
3397 385 3653 458 fortitudo
3682 402 3782 439 eo-

455 466 650 531 antris,
684 476 739 521 et
764 466 1055 538 sepulcris,
1104 475 1379 523 extractos
1413 469 1695 537 principes
1727 478 1780 523 et
1824 485 1981 538 reges
2005 478 2061 524 et

456 570 704 630 potentes
731 572 784 617 et
816 562 1155 630 sacerdotes,
1185 563 1275 634 qui
1311 579 1370 619 se
1400 564 1451 617 in
1482 563 1560 619 eis
1581 572 1725 619 metu
1756 564 1951 619 mortis
1967 564 2060 618 ab-

451 653 803 709 sconderant.
835 654 903 709 Et
926 654 1181 720 visitabo,
1210 655 1405 726 inquit,
1437 670 1601 725 super
1624 670 1744 723 eos,
1774 657 1865 727 qui
1890 655 2059 711 conﬁ-

451 743 588 799 dunt
642 744 695 799 in
746 746 1071 816 corporibus
1114 747 1255 814 suis,
1312 760 1365 803 et
1418 749 1468 802 in
1509 748 1717 803 viribus
1744 751 1880 815 suis,
1924 766 2059 821 quos

451 847 476 875 ⁸
502 838 873 908 διασυρτικῶς,
905 840 1067 896 faeces
1099 851 1278 907 vocat,
1333 842 1446 898 sive
1496 854 1738 913 peccata,
1774 845 1825 899 in
1855 846 2057 915 quibus

453 936 669 1006 penitus
723 935 875 992 fuere
927 936 1095 992 deﬁxi
1131 954 1141 990 :
1174 938 1266 1009 qui
1318 938 1576 995 tollentes
1627 940 2053 1009 providentiam,

452 1046 553 1086 nec
587 1030 715 1086 boni
766 1045 869 1087 nec
900 1032 1025 1086 mali
1069 1031 1242 1086 Deum
1272 1043 1553 1089 auctorem
1585 1048 1709 1089 esse
1754 1034 2053 1089 dixerunt:

453 1124 554 1181 hoc
586 1134 693 1193 est,
729 1126 870 1195 quod
897 1140 998 1183 nec
1027 1126 1186 1181 bonis
1236 1127 1402 1194 bona,
1436 1143 1536 1184 uec
1566 1128 1705 1184 mala
1733 1129 1891 1183 malis
1936 1129 2059 1184 red-

449 1216 608 1273 deret
642 1235 655 1273 :
681 1217 775 1273 sed
802 1218 943 1289 quod
977 1218 1207 1274 fortuna:
1234 1229 1429 1276 cuncta
1453 1230 1777 1294 regerentur
1804 1222 2052 1293 arbitrio,

450 1320 506 1366 et
530 1326 662 1367 casu
696 1311 972 1367 ferrentur
1005 1313 1237 1369 incerto.
1264 1313 1320 1369 lo
1364 1317 1841 1371 consummatione
1872 1326 2054 1372 autem

452 1406 664 1469 mundi,
698 1409 826 1476 quia
855 1407 973 1463 dies
1007 1408 1219 1463 Domini
1251 1408 1368 1479 ipsa
1401 1410 1753 1479 intelligitur,
1785 1410 2057 1466 scrutabi-

449 1509 535 1555 tur
569 1500 830 1556 Dominus
855 1498 1187 1568 Jerusalem,
1225 1500 1275 1555 id
1307 1512 1393 1556 est
1419 1502 1719 1558 Ecclesiam
1743 1517 1899 1558 suam
1930 1518 2054 1558 cum

448 1591 671 1648 lucerna
705 1610 719 1647 :
753 1601 808 1648 et
851 1593 1149 1648 ulciscetur
1191 1608 1357 1663 super
1404 1594 1550 1648 viros
1606 1602 2012 1664 contemptores
2039 1638 2053 1663 ,

444 1684 538 1756 qui
571 1685 867 1740 noluerunt
910 1701 1036 1742 suas
1064 1701 1287 1743 servare
1312 1687 1611 1753 custodias,
1668 1688 1719 1742 id
1765 1699 1871 1757 est,
1904 1705 2056 1744 man-

2165 491 2275 526 rum
2303 476 2357 527 iu
2384 476 2641 548 rapinam,
2688 489 2734 532 et
2780 479 2963 533 domus
3010 495 3187 533 eorum
3240 479 3653 550 dissipabuntur.
3702 475 3781 530 Et

2163 569 2490 638 aediﬁcabant
2514 573 2713 635 domos,
2744 582 2793 627 et
2824 591 2925 627 non
2948 573 3252 629 habitabant
3273 576 3324 629 in
3355 576 3450 641 eis,
3484 585 3533 628 et
3566 575 3785 643 planta-

2164 662 2285 715 bunt
2319 664 2511 731 vineas,
2542 674 2589 719 et
2620 682 2721 720 non
2752 666 2920 722 bibent
2944 669 3119 723 viuum
3148 685 3348 735 earum,
3379 668 3504 739 quia
3523 669 3677 740 juxta
3697 677 3785 722 est

2163 753 2269 806 dies
2301 752 2512 809 Domini
2553 773 2770 829 magnus
2816 774 2833 811 :
2872 761 3029 830 juxta
3059 768 3105 814 et
3133 761 3283 815 uelox
3317 759 3491 814 nimis.
3545 758 3787 814 Manife-

2162 855 2305 900 stum
2353 858 2434 902 est
2478 850 2622 920 quod
2650 850 2801 919 juxta
2847 862 3133 923 utramque
3178 853 3551 923 captivitatem
3593 852 3784 907 omnis

2161 954 2347 992 eorum
2377 941 2448 994 sit
2475 956 2648 996 cassus
2674 944 2967 1008 exercitus,
2996 953 3053 999 et
3081 946 3279 1001 domus
3306 945 3524 1013 diruta’,
3571 956 3621 1002 et
3654 946 3783 1016 agri

2162 1029 2443 1103 vineaeque
2472 1044 2696 1089 vastatae
2742 1038 2892 1091 sint:
2930 1053 3028 1093 nec
3060 1039 3198 1093 ultra
3233 1054 3328 1093 eos
3359 1038 3456 1093 Dei
3496 1037 3785 1093 distulerit

2164 1125 2442 1194 patientia.
2487 1127 2592 1185 Sed
2630 1145 2753 1184 cum
2790 1130 3036 1186 dicerent
3080 1131 3145 1187 ad
3193 1132 3513 1203 prophetas,
3564 1132 3669 1189 boc
3719 1132 3779 1187 in

2164 1226 2376 1289 tempus
2406 1222 2525 1288 erit,
2575 1232 2628 1277 et
2673 1222 2727 1276 in
2759 1223 2875 1279 dies
2905 1225 3118 1295 longos,
3146 1228 3361 1281 venerit
3387 1226 3467 1280 eis
3496 1224 3617 1280 dies
3661 1225 3780 1281 Do-

2162 1310 2291 1365 mini
2323 1328 2549 1383 magnus
2583 1324 2637 1370 ct
2664 1316 2819 1370 velox
2852 1317 3034 1372 nimis.
3080 1316 3241 1373 Juxta
3271 1318 3635 1388 tropologiam
3663 1334 3778 1373 au-

2164 1414 2269 1459 tem
2298 1420 2418 1460 cum
2447 1409 2659 1463 venerit
2688 1418 2899 1480 tempus
2926 1409 3140 1479 judicii,
3188 1411 3303 1466 sive
3338 1410 3781 1480 uniuscujusque

2162 1499 2353 1554 mortis
2379 1509 2433 1554 et
2456 1502 2787 1571 egressionis
2809 1519 2837 1557 a
2862 1503 3063 1559 sa’culo
3091 1522 3103 1556 :
3138 1515 3267 1559 tunc
3294 1504 3472 1558 omnis
3498 1503 3775 1559 fortitudo

2161 1606 2348 1647 eorum
2381 1595 2432 1648 in
2462 1593 2821 1666 direptionem
2854 1596 2982 1661 erit,
3014 1605 3069 1650 ut
3099 1596 3241 1667 quod
3278 1595 3418 1650 male
3449 1595 3684 1662 valebat,
3714 1604 3779 1651 et

2160 1687 2471 1758 erigebatur
2500 1688 2765 1743 adversus
2818 1688 3124 1752 Dominum,
3175 1688 3471 1756 inﬁrmum,
3508 1688 3783 1743 fractum-

445 1776 571 1832 data
605 1779 816 1834 Domini
866 1789 1336 1850 cOntempserunt,
1368 1790 1423 1836 et
1456 1782 1681 1850 insuper
1712 1783 1931 1836 ratione
1988 1796 2048 1837 se
2082 1783 2125 1843 Β
2154 1796 2260 1850 que
2303 1788 2548 1836 vertatur
2594 1781 2661 1837 ad
2709 1782 2922 1837 melius.
2979 1782 3138 1838 Velut
3166 1782 3209 1836 si
3241 1781 3367 1853 quis
3391 1781 3777 1837 fortitudinem

446 1888 700 1944 peccare,
717 1874 989 1940 dicentes,
1014 1874 1535 1946 blaspltemaverunt
1557 1876 1607 1930 in
1622 1866 1879 1930 cordibus
1903 1876 2050 1929 suis:

444 1967 588 2037 quod
644 1966 781 2023 nihil
836 1967 1122 2039 prodesset
1155 1967 1503 2036 benefacere,
1536 1984 1636 2025 nec
1661 1968 1881 2025 obesset
1914 1968 2052 2025 male

444 2075 629 2131 agere,
656 2062 782 2130 quia
810 2076 912 2116 nec
942 2063 1208 2117 bonorum
1235 2076 1460 2132 operum
1484 2061 1789 2132 praemium,
1814 2077 1917 2118 nec
1940 2077 2053 2117 ma-

442 2150 620 2208 lorum
655 2167 868 2222 pinnam
893 2154 1215 2211 restitueret
1240 2156 1401 2209 Deus.
1434 2154 1603 2211 Recte
1623 2166 1808 2211 autem
1830 2157 2050 2212 Jerusa-

443 2246 575 2312 lem,
610 2246 660 2302 id
718 2255 825 2312 est,
863 2248 1107 2303 Ecclesia
1143 2248 1300 2319 (qua:
1349 2250 1496 2317 prius
1522 2247 1685 2304 Jebus
1731 2250 2048 2317 vocabatur,

444 2338 589 2411 quod
636 2339 841 2396 dicitur
896 2341 1502 2413 conculcata),quando
1547 2343 1974 2400 conculcabatur
2020 2360 2048 2397 a

438 2433 717 2506 gentibus,
747 2443 801 2489 et
828 2436 1144 2491 daemonum
1178 2434 1473 2491 ludibrium
1501 2447 1641 2503 erat,
1672 2438 1815 2493 dicta
1843 2448 1927 2495 est
1954 2436 2046 2493 Je-

441 2527 562 2594 bus,
594 2537 648 2583 et
678 2536 962 2599 postquam
994 2530 1157 2599 coepit
1188 2529 1242 2584 in
1273 2546 1336 2584 ea
1375 2546 1481 2601 pax
1510 2529 1763 2587 habitare
1804 2530 2044 2599 Domini,

441 2630 496 2677 et
525 2620 698 2677 factus
720 2631 804 2678 est
835 2623 891 2677 in
946 2638 1082 2693 pace
1131 2624 1283 2679 locus
1327 2623 1466 2695 ejus,
1515 2640 1711 2681 nomen
1743 2626 2047 2681 Jerusalem

442 2717 631 2772 sortita
646 2725 747 2773 est.
767 2716 903 2786 Quia
926 2718 1092 2789 igitur
1109 2718 1165 2773 in
1178 2718 1483 2775 noviSsimo
1505 2728 1772 2790 tempore,
1788 2719 1931 2788 quod
1947 2735 2049 2774 ste-

441 2826 508 2882 pe
533 2812 698 2884 689
721 2812 832 2881 jam
865 2812 1127 2881 diximus,
1161 2813 1517 2883 multiplicata
1548 2814 1852 2883 iniquitate,
1889 2812 2049 2869 refri-

442 2915 629 2975 gescet
657 2906 917 2970 cltaritas,
951 2914 1010 2961 et
1062 2905 1197 2960 solis
1249 2905 1434 2961 lumen
1468 2904 1692 2960 recedet
1724 2905 1794 2959 ab
1820 2904 2045 2960 Jerusa-

442 2997 588 3063 lem,
623 3008 680 3055 et
726 3008 877 3054 tanta
910 2999 1018 3056 erit
1066 3001 1317 3065 vastitas,
1377 3010 1436 3055 ut
1483 2998 1708 3055 difﬁcile
1763 3000 2047 3055 salventnr

439 3095 603 3149 etiam
631 3094 792 3150 electi
822 3094 917 3151 Dei
953 3093 1185 3166 (Matth.
1213 3094 1413 3165 xxiv):
1445 3105 1573 3150 tunc
1594 3095 1646 3150 in
1678 3094 1899 3152 lucerna
1927 3110 2043 3151 ser-

2158 1872 2385 1927 lattonis
2405 1882 2461 1929 et
2488 1875 2679 1943 piratae
2706 1886 2759 1930 et
2790 1875 2927 1930 furis
2950 1876 3118 1948 690
3138 1874 3384 1945 diripiat,
3407 1875 3779 1943 inﬁrmosquc

2157 1986 2252 2026 cos
2298 1971 2510 2037 reddat,
2546 1971 2770 2041 prodeSt
2805 1972 2912 2025 illis
2953 1987 3050 2025 sua
3100 1969 3438 2026 inﬁrmitas:
3480 1969 3774 2026 debilitata

2155 2064 2299 2120 enim
2348 2063 2593 2119 membra
2641 2065 2838 2135 quibus
2871 2064 3020 2133 prius
3048 2079 3153 2119 non
3184 2063 3322 2119 bene
3370 2063 3698 2127 utebantur,
3735 2078 3771 2118 a

2156 2162 2301 2217 malo
2343 2177 2510 2232 opere
2557 2160 2870 2217 cessabunt.
2925 2159 3077 2227 Quod
3122 2169 3305 2214 autem
3355 2159 3599 2229 sequitur
3635 2175 3648 2212 :
3691 2156 3772 2212 Et

2153 2256 2336 2309 domus
2387 2271 2563 2309 eorum
2605 2255 2660 2308 in
2706 2255 2985 2319 desertum,
3034 2252 3191 2307 multi
3237 2261 3365 2307 sunt
3412 2251 3465 2307 in
3512 2251 3768 2308 Ecclesia

2152 2350 2490 2405 aediﬁcantes
2514 2349 2640 2407 Sion
2665 2350 2716 2402 in
2743 2350 3030 2419 sanguine,
3063 2358 3117 2403 et
3142 2347 3444 2404 Jerusalem
3479 2348 3529 2402 in
3557 2346 3766 2416 iniqui-

2154 2455 2284 2513 tate,
2318 2444 2516 2516 quibus
2548 2443 2772 2514 prodest
2819 2444 2955 2499 tales
2982 2443 3180 2498 domus
3207 2443 3439 2499 destrui.
3489 2442 3765 2513 Legamus

2151 2538 2475 2602 Leviticum,
2508 2536 2598 2591 ubi
2623 2536 2833 2607 Ieprosa
2864 2536 3058 2592 domus
3084 2535 3291 2591 destrui
3316 2536 3536 2606 jubetur
3563 2533 3757 2604 (Leuit.

2155 2627 2293 2698 xw).
2327 2630 2394 2683 Et
2422 2630 2546 2699 quia
2577 2629 2723 2700 lepra
2755 2643 3080 2699 permanens
3110 2636 3196 2683 est
3220 2636 3275 2682 et
3301 2626 3639 2695 diffunditur,
3670 2626 3757 2681 la—

2150 2722 2304 2793 pides
2335 2722 2455 2792 ejus
2485 2731 2538 2778 et
2566 2722 2707 2793 ligna
2731 2730 2785 2777 et
2809 2720 2991 2776 omnis
3017 2720 3193 2791 pulvis
3218 2732 3379 2776 extra
3397 2719 3671 2774 civitatem
3696 2718 3758 2774 in

2151 2816 2325 2871 locum
2355 2816 2694 2871 immundum
2720 2815 2908 2885 projici
2930 2814 3168 2885 jubetur.
3200 2814 3304 2871 Sed
3326 2823 3382 2871 et
3414 2816 3467 2868 in
3499 2813 3758 2870 Jereutia:

2152 2908 2415 2979 principio
2434 2909 2541 2965 tale
2569 2909 2696 2980 quid
2719 2908 3001 2976 scribitur,
3026 2906 3162 2963 Ecce
3186 2908 3306 2963 dedi
3326 2924 3583 2963 sermones
3612 2924 3755 2963 meos

2149 3002 2202 3056 in
2247 3019 2302 3056 os
2354 3011 2542 3056 tuum:
2572 3018 2687 3056 ecce
2714 3002 2954 3055 constitui
2983 3011 3031 3055 te
3078 3000 3230 3055 hodie
3263 2999 3374 3072 [AL
3410 3010 3550 3056 tacet
3571 2998 3751 3073 hodie]

2146 3112 2298 3167 super
2322 3107 2518 3169 gentes,
2548 3105 2596 3150 et
2622 3112 2784 3167 regna
2810 3111 2828 3148 :
2860 3094 3141 3157 eradicare,
3174 3104 3220 3148 et
3249 3093 3529 3161 suffodere,
3554 3103 3599 3147 et
3642 3094 3753 3148 dis-

441 3189 616 3245 Inanis
664 3191 745 3245 sui
796 3200 959 3261 atque
1010 3189 1243 3245 rationis
1295 3190 1479 3245 omnia
1524 3190 1653 3245 vitia
1701 3191 2040 3247 scrutabitur
2068 3174 2114 3238 C
2148 3191 2380 3261 perdere,
2407 3202 2455 3245 et
2480 3190 2764 3260 aedificare,
2793 3199 2840 3244 et
2864 3189 3100 3260 plantare
3153 3187 3354 3261 (Jer.1,
3385 3188 3585 3259 9,10).
3639 3187 3748 3244 De—

441 3282 704 3337 Dominus
724 3282 778 3337 in
810 3281 1140 3349 Jerusalem,
1170 3293 1227 3339 et
1254 3282 1307 3338 in
1342 3283 1579 3338 medium
1611 3284 1872 3354 proferet,
1897 3292 1952 3338 et
1972 3282 2040 3339 de

439 3377 617 3432 otioso
648 3391 868 3448 quoque
914 3378 1081 3433 verbo
1130 3378 1224 3433 ﬁet
1250 3377 1516 3447 judicium
1546 3387 1601 3434 et
1633 3378 1896 3445 vindicta,
1929 3393 2037 3433 non

438 3471 490 3525 in
527 3482 841 3541 peccatores
868 3472 1114 3545 (poterat
1132 3473 1276 3527 enim
1300 3482 1356 3528 et
1378 3484 1657 3544 peccatum
1681 3475 1892 3528 veniam
1915 3489 2041 3544 pro-

440 3565 700 3638 mereri),
736 3564 832 3621 sed
876 3566 931 3619 in
974 3575 1405 3639 contemptores,
1439 3566 1508 3621 de
1533 3566 1727 3637 quibus
1757 3565 1957 3621 dicitur
1984 3566 2037 3621 in

438 3657 698 3717 Abacuc:
729 3658 910 3716 Videte
932 3672 1326 3734 contemptores,
1348 3672 1395 3716 et
1424 3663 1636 3733 aspicite
1662 3662 1853 3735 (Abac.
1884 3680 1922 3727 ι,
1955 3664 2035 3731 5);

436 3762 492 3809 et
520 3753 574 3809 in
607 3755 715 3810 alio
737 3754 859 3810 loco
888 3769 906 3808 :
939 3754 1116 3823 Quare
1138 3752 1164 3793 δ
1184 3772 1285 3810 nou
1309 3755 1521 3825 respicis
1544 3756 1612 3809 ad
1638 3765 2036 3827 contemptores;

436 3849 516 3903 Ac
554 3847 792 3905 deinde:
828 3848 929 3918 Qui
979 3859 1153 3904 autem
1179 3866 1432 3921 arrogans
1460 3858 1568 3917 est,
1600 3860 1647 3903 et
1694 3860 2033 3923 contemptor,

434 3943 511 3996 vir
539 3942 815 4014 superbus,
872 3951 927 3998 et
968 3951 1189 3998 caetera.
1225 3953 1246 3980 ο
1276 3942 1452 4013 Super
1484 3940 1568 3997 bis
1601 3941 1697 3997 ﬁet
1727 3943 1858 3997 ultio
1884 3987 1897 4011 ,
1945 3944 2036 4012 qui

435 4034 714 4092 custodias
746 4035 965 4090 Domini
994 4051 1099 4091 non
1128 4046 1508 4103 servaverunt,
1533 4046 1589 4093 et
1614 4037 1805 4092 dicunt
1836 4038 1887 4091 in
1914 4052 2036 4091 cor-

434 4128 595 4184 dibus
622 4128 735 4183 suis
764 4148 775 4182 :
810 4127 934 4184 Non
969 4130 1125 4200 faciet
1173 4129 1430 4185 Dominus
1481 4130 1630 4197 bene,
1660 4143 1706 4185 et
1736 4149 1838 4185 non
1880 4133 2035 4203 faciet

435 4219 611 4275 male:
650 4236 758 4276 non
790 4221 934 4294 quod
966 4222 1109 4279 male
1156 4222 1297 4279 Deus
1328 4223 1523 4288 faciat,
1580 4225 1674 4280 sed
1706 4225 1851 4294 quod
1891 4225 2032 4279 mala

432 4316 684 4374 videatur
715 4334 874 4389 paena
910 4335 1034 4376 esse
1063 4319 1113 4375 ei
1137 4320 1226 4391 qui
1256 4320 1480 4391 patitur.
1515 4320 1770 4387 Alioquin
1800 4330 1856 4374 et
1895 4320 2033 4375 scal-

430 4410 605 4479 pellus
636 4412 834 4467 medici
883 4412 1056 4469 malus
1105 4413 1231 4479 erit,
1264 4411 1391 4482 quia
1443 4420 1654 4467 resecat
1696 4411 1948 4478 vulnera,
1979 4421 2034 4466 et

427 4505 672 4573 putridas
693 4514 938 4574 amputat
966 4520 1184 4562 carnes.
1221 4506 1288 4561 Et
1317 4514 1471 4574 pater
1494 4505 1691 4575 malus,
1717 4505 1933 4561 candens
1966 4506 2028 4559 ﬁ-

2144 3284 2373 3339 struitur
2400 3284 2684 3339 aediﬁcatio
2714 3282 2973 3352 pessima,
2996 3291 3055 3336 ut
3084 3292 3269 3352 postea
3291 3280 3579 3336 mdiﬁcatio
3603 3279 3749 3336 bona

2143 3385 2498 3432 construatur
2526 3393 2541 3431 :
2572 3375 2882 3431 eradicatur
2912 3374 3095 3445 iniqua
3126 3372 3410 3443 plantatio,
3442 3384 3498 3429 ut
3528 3375 3745 3444 planta-

2147 3471 2219 3526 tio
2246 3472 2401 3540 juxta
2431 3479 2682 3541 ponatur.
2728 3468 2883 3525 Unde
2916 3479 2971 3523 et
3018 3468 3072 3523 in
3115 3466 3409 3523 Salomone
3457 3465 3691 3539 legimus
3728 3484 3744 3523 :

2147 3562 2336 3617 Melius
2366 3572 2442 3618 est
2470 3563 2704 3616 habitare
2746 3562 2837 3616 sub
2867 3562 3004 3631 diro,
3047 3578 3203 3631 quant
3243 3561 3295 3614 in
3325 3558 3464 3615 calce
3494 3561 3601 3615 litis
3627 3576 3746 3614 cum

2142 3659 2431 3729 iniquitate,
2456 3666 2501 3712 et
2532 3658 2585 3711 in
2615 3657 2768 3710 domo
2800 3672 2931 3710 nova
2965 3654 3147 3726 (Prov.
3182 3671 3293 3720 ut,
3321 3656 3416 3721 9).
3456 3655 3620 3721 Quasi
3650 3654 3745 3710 bo-

2145 3766 2247 3806 nus
2272 3765 2403 3821 ergo
2429 3750 2571 3805 Deus
2597 3748 2791 3804 domos
2814 3764 3025 3814 eorum,
3057 3747 3146 3818 qui
3179 3757 3336 3803 erant
3364 3747 3528 3803 deﬁxi
3562 3748 3615 3803 in
3646 3747 3742 3803 fae-

2141 3845 2295 3901 cibus
2323 3847 2457 3909 suis,
2491 3853 2546 3899 et
2574 3843 2827 3899 dixerant
2852 3842 2906 3897 in
2935 3842 3099 3898 cordc
3127 3857 3227 3897 suo
3258 3859 3271 3895 ε
3298 3840 3420 3897 Νοη
3444 3843 3599 3912 faciet
3622 3842 3744 3897 bene

2144 3936 2418 4007 Dominus,
2450 3949 2497 3993 et
2531 3955 2633 3993 non
2666 3939 2820 4009 faciet
2852 3937 3013 4003 male,
3043 3937 3296 4005 destruit,
3331 3953 3432 3993 nec
3463 3952 3559 3993 cos
3581 3938 3634 3992 in
3662 3938 3742 3993 lc-

2144 4031 2319 4100 prosis
2351 4043 2404 4086 et
2434 4031 2730 4086 immundis
2757 4030 3010 4085 domibus
3033 4029 3274 4084 habitare
3303 4030 3564 4099 permittit
3604 4048 3616 4083 :
3642 4045 3742 4085 nec

2140 4126 2269 4181 facit
2296 4136 2356 4181 ut
2383 4124 2779 4181 bibantvinum
2819 4125 2887 4180 de
2920 4125 3113 4193 vineis,
3163 4138 3299 4193 quas
3337 4124 3735 4194 plantaverant.

2142 4226 2196 4282 Si
2224 4224 2368 4281 enim
2401 4226 2739 4295 plantassent
2779 4224 2994 4278 vincam
3025 4221 3198 4277 Sorec
3223 4262 3238 4287 ,
3286 4231 3342 4277 et
3370 4223 3589 4277 vineam
3622 4221 3737 4276 cle-

2139 4326 2281 4374 ctam
2322 4325 2490 4373 totam
2536 4332 2745 4382 veram,
2788 4316 3055 4371 bibissent
3096 4316 3286 4370 vinum
3318 4329 3502 4379 suum,
3533 4324 3589 4369 et
3625 4314 3739 4369 iue-

2142 4413 2299 4469 briati
2330 4422 2518 4469 essent
2542 4428 2664 4467 cum
2698 4410 3005 4482 patriarcha
3029 4410 3141 4465 Noe
3164 4418 3221 4465 et
3245 4408 3446 4478 Josepb
3481 4408 3537 4463 in
3568 4409 3737 4463 meri-

2137 4508 2226 4563 die
2258 4505 2411 4578 (Gen.
2445 4522 2501 4562 tx
2525 4517 2574 4562 et
2601 4514 2786 4574 xuu);
2816 4505 2911 4560 sed
2940 4504 3064 4575 quia
3092 4503 3351 4559 dixerunt
3376 4521 3390 4558 :
3423 4502 3547 4557 Non
3580 4505 3737 4575 faciet

422 4599 581 4668 lium,
641 4609 699 4655 ut
727 4617 756 4655 a
788 4601 936 4657 vitiis
967 4603 1228 4673 corrigat,
1261 4610 1318 4658 et
1349 4603 1610 4673 magister
1640 4602 1837 4667 malus,
1905 4615 2027 4657 cor—
2054 4584 2105 4644 Ι)
2133 4600 2256 4654 bene
2306 4598 2573 4667 Dominus,
2614 4610 2660 4653 et
2702 4616 2804 4653 non
2832 4597 2981 4667 faciet
3011 4595 3145 4651 male
3194 4602 3211 4668 (
3238 4596 3394 4651 Deut.
3429 4611 3606 4664 xxxii,
3640 4598 3731 4665 52,

425 4695 634 4766 ripiens
655 4696 981 4767 discipulum
1016 4704 1074 4751 ut
1100 4696 1319 4750 erudiat
1346 4713 1359 4749 :
1384 4696 1565 4750 Omnis
1588 4697 1726 4750 enim
1747 4696 2026 4768 disciplina

426 4790 497 4845 ad
542 4806 768 4860 praesens
815 4806 920 4844 non
968 4788 1170 4844 videtur
1208 4788 1386 4861 gaudii
1436 4805 1573 4859 esse,
1628 4791 1717 4847 sed
1751 4791 1974 4846 tristitia:
2006 4806 2025 4846 :

425 4895 604 4956 postea
627 4895 799 4940 autem
822 4884 1049 4953 fructum
1066 4883 1339 4956 paciﬁcum
1359 4884 1439 4938 his
1458 4884 1547 4955 qui
1569 4901 1661 4953 per
1691 4902 1805 4941 eam
1830 4887 2022 4941 eruditi

418 4987 561 5044 sunt,
591 4979 769 5035 reddet
798 4977 997 5051 (Hebr.
1030 4993 1130 5041 xu,
1158 4976 1278 5050 11).

492 5071 674 5144 (Vers.
708 5074 796 5139 15,
830 5071 945 5143 14.)
969 5070 1040 5127 Et
1066 5072 1160 5126 erit
1191 5072 1440 5143 fortitudo
1471 5088 1645 5127 eorum
1672 5074 1726 5128 in
1762 5074 2020 5145 direptio-

421 5182 558 5231 nem,
585 5175 632 5221 et
659 5166 840 5221 domus
861 5182 1038 5220 eorum
1065 5166 1120 5220 in
1144 5166 1418 5222 desertum.
1471 5165 1539 5223 Et
1566 5168 1897 5239 wdiﬁcabuut
1926 5170 2018 5225 do-

416 5275 549 5323 mos,
578 5271 625 5316 et
651 5277 755 5314 non
780 5258 1141 5316 inhabitabant
1168 5274 1186 5314 :
1214 5270 1260 5315 et
1285 5260 1591 5333 plantabuut
1618 5262 1812 5327 vineas,
1844 5271 1890 5316 et
1919 5278 2018 5316 non

414 5354 583 5409 bibent
627 5355 799 5409 vinum
829 5370 1025 5410 earum.
1070 5351 1236 5409 Juxta
1270 5362 1341 5410 est
1380 5354 1490 5410 dies
1519 5354 1729 5410 Domini
1759 5373 2019 5429 magnus:

488 5480 532 5550 ‘_
556 5471 921 5550 Editilegunt
946 5470 1317 5550 Scaeuputxatg,
1351 5472 1408 5550 in_
1450 5487 1609 5542 quem
1642 5487 1859 5550 sensum
1910 5476 2007 5531 ad-

410 5541 561 5599 ducit
591 5545 863 5621 Marianus
902 5543 956 5599 in
990 5541 1445 5621 ῃυμῖδιασυρμός
1472 5541 1681 5621 Lquod
1707 5547 2004 5603 irrisionem

410 5625 587 5672 Sonat.
616 5617 721 5674 Sed
755 5618 1042 5673 retinenda
1072 5618 1233 5673 lecuo
1254 5617 1383 5672 IIISS.
1410 5618 1682 5682 codicum,
1714 5634 1878 5686 quam
1904 5636 2003 5677 nos

411 5692 582 5744 secuti
612 5704 823 5755 smnus,
858 5699 1063 5761 utpote
1096 5691 1402 5757 meliorem,
1449 5704 1500 5744 et
1554 5706 1675 5760 quae
1708 5705 1875 5761 magis
1916 5709 2001 5748 re-

414 5761 677 5827 spondeat
707 5764 994 5818 sententia:
1025 5760 1339 5833 Hieronymi
1388 5762 1624 5819 dicentis
1647 5775 1875 5831 Corpora
1905 5781 1999 5820 seu

414 5834 559 5887 Vires
600 5833 869 5903 inquibus
894 5834 1119 5903 superbi
1147 5835 1427 5891 contidunt
1452 5842 1672 5892 vocatas
1698 5834 1870 5892 fuisse
1892 5835 2000 5894 δια-

2133 4692 2202 4748 55
2228 4694 2267 4763 ),
2303 4702 2357 4748 et
2384 4694 2452 4749 de
2487 4693 2646 4748 vinea
2678 4692 3039 4747 Sodomorum
3067 4699 3188 4746 erat
3216 4690 3372 4746 vinea
3414 4704 3628 4752 eorum.
3679 4699 3736 4746 ct

2135 4802 2373 4858 pr0pago
2401 4802 2595 4843 eorum
2622 4786 2689 4841 de
2717 4784 3052 4853 Gomorrha,
3096 4784 3208 4842 Uva
3238 4801 3415 4839 eorum
3443 4799 3543 4838 uva
3571 4782 3730 4855 fellis,

2130 4892 2176 4936 et
2225 4881 2402 4936 botrus
2446 4880 2813 4936 amaritudinis
2863 4880 2985 4935 eis:
3034 4881 3179 4951 furor
3216 4880 3522 4940 draconum,
3556 4881 3733 4932 vinum

2129 4992 2305 5030 eorum
2354 4992 2371 5030 :
2410 4984 2457 5030 et
2489 4977 2637 5048 furor
2685 4975 2924 5046 aspidum
2961 4974 3267 5030 insanabilis
3298 4971 3453 5045 (Jer.
3485 4989 3541 5029 Ix
3564 5014 3580 5040 ,
3607 4972 3730 5044 25),

2129 5080 2417 5139 propterea
2443 5068 2824 5139 plantaverunt
2844 5068 3057 5135 vineas,
3090 5076 3146 5124 et
3179 5082 3287 5123 non
3314 5066 3502 5122 bibent
3540 5066 3731 5122 vinum

2128 5181 2335 5222 earum.
2373 5167 2441 5221 Et
2464 5166 2692 5237 mystice
2720 5165 2921 5221 dicitur
2948 5165 3016 5221 de
3043 5164 3280 5221 Sodoma
3308 5170 3364 5219 et
3391 5161 3727 5231 Gomorrba,

2127 5262 2270 5334 quod
2300 5262 2476 5317 omnis
2505 5260 2766 5332 plantatio
2794 5275 2987 5316 eorum
3028 5259 3273 5330 perierit.
3322 5255 3380 5314 Si
3420 5255 3568 5312 enim
3602 5271 3732 5326 per-

2129 5358 2459 5413 mansissent
2484 5357 2539 5412 in
2569 5371 2636 5412 eo
2664 5354 2810 5427 quod
2841 5363 3139 5424 coeperant,
3162 5361 3221 5407 ut
3246 5360 3430 5408 essent
3452 5348 3609 5421 quasi
3642 5364 3733 5419 pa-

2115 5482 2391 5553 συρτικῶς,
2426 5472 2630 5553 iduest
2646 5488 2882 5553 sermone
2904 5472 3139 5527 mordaci
3166 5470 3329 5553 feces.
3353 5465 3729 5553 Malm—Sic

2113 5540 2456 5603 et'no~triet
2476 5545 2777 5607 Martianaci
2807 5544 2993 5601 ferunt
3045 5558 3180 5599 mss.
3212 5541 3489 5598 Victorius
3530 5540 3731 5594 maluit

2309 5628 2485 5683 μικῶς.

2112 5618 2267 5677 διασυ
2309 5628 2485 5683 μικῶς.

2185 5691 2208 5728 ι’
2240 5640 2475 5762 lii'gaudi
2498 5689 2753 5761 particula
2783 5705 2953 5761 penes
2980 5689 3350 5762 Martianteum
3378 5686 3585 5745 deerat.

2188 5774 2209 5801 ε
2232 5760 2428 5835 Regia.
2457 5760 2607 5823 c0d..
2637 5762 2714 5818 De
2742 5760 2972 5833 superbis
3003 5761 3085 5816 ﬁet
3106 5760 3260 5816 ultio.
