4050 6342
288 304 427 363 i355

1086 298 1735 359 COMMENTARIORUM
1776 294 1842 354 IN
1882 292 2274 355 SOPHONIAM
2314 294 2539 351 LIBER.
2580 294 2734 352 CAP.
2777 295 2817 351 l.

3436 298 3573 353 155i

276 423 486 478 radisus
520 419 635 484 Dei,
660 425 713 475 et
741 430 848 473 non
882 415 1130 473 finissent
1159 417 1211 472 in
1241 417 1406 483 malo,
1440 425 1499 471 ut
1521 414 1871 485 essentquasi
1899 414 1950 473 A
1978 410 2232 465 stamenti
2265 410 2475 465 Domini
2510 408 2640 471 fuit.
2674 412 2763 463 vix
2798 408 2985 464 altaris
3033 408 3383 465 fundamenta
3418 427 3573 465 mon-

277 525 418 571 terra
454 513 695 587 Egypti,
728 513 992 581 plantatio
1020 527 1208 565 eorum
1234 512 1417 581 utique
1452 510 1866 579 permansisset.

275 610 408 666 Tale
436 609 563 681 quid
587 618 642 664 et
669 607 799 663 illud
833 622 996 678 super
1022 604 1292 676 Egyptiis
1323 612 1481 659 sonat
1508 604 1560 659 in
1593 603 1822 658 Psalmis
1857 621 1870 658 :

285 704 489 760 Occidit
532 704 588 758 in
627 701 878 774 grandine
906 701 1077 755 cineas
1108 714 1307 765 eorum,
1338 707 1385 752 et
1418 713 1589 751 moros
1620 712 1795 751 eorum
1823 696 1875 749 in

283 803 470 875 pruina
499 797 613 872 (Ps.
636 814 835 864 Lxxvn,
866 795 980 867 47).
1004 794 1167 865 Quasi
1196 791 1654 849 clementissimus
1680 791 1878 861 quippe

282 896 449 962 Deus,
492 908 709 949 omnem
740 890 1049 964 .Egyptiam
1095 889 1486 961 plantationcm
1532 896 1587 943 et
1616 888 1881 942 arbuscu-

280 987 362 1043 las
388 1033 401 1055 ,
450 1003 573 1059 quae
620 986 677 1041 in
722 985 960 1057 Aﬂgypto
1007 984 1263 1040 radicatat
1307 983 1635 1054 sanguineos
1679 981 1884 1037 habent

280 1081 442 1153 691
493 1080 724 1145 fructus,
757 1077 1032 1134 interfecit
1057 1088 1111 1133 et
1142 1075 1434 1143 subvertit,
1466 1092 1533 1132 ne
1575 1075 1761 1130 bibant
1788 1072 1882 1145 qui

283 1177 423 1229 male
479 1173 891 1243 plantaverunt,
947 1181 1002 1228 et
1041 1171 1337 1228 comedant
1382 1187 1449 1227 ex
1489 1171 1567 1227 eis
1624 1170 1878 1226 fructum.

284 1266 463 1337 Prope
504 1278 586 1323 est
619 1267 738 1322 dies
789 1267 1002 1322 Domini
1038 1280 1265 1336 magnus
1304 1273 1359 1320 et
1387 1264 1546 1319 velox
1576 1264 1760 1332 nimis,
1794 1262 1901 1317 cui.

281 1361 543 1416 resiSIere
574 1374 735 1415 nemo
767 1368 946 1429 potest
976 1376 989 1413 :
1021 1372 1190 1428 prope
1218 1365 1398 1411 autem
1428 1364 1514 1411 est
1547 1355 1634 1411 vol
1664 1361 1887 1426 propter

286 1453 671 1522 asternitatem,
716 1451 839 1523 quia
872 1451 1005 1507 nihil
1036 1452 1085 1506 ci
1130 1450 1346 1521 longum
1376 1458 1479 1515 est,
1535 1449 1622 1503 vel
1667 1457 1890 1519 propter

292 1561 471 1619 paena:
491 1545 937 1617 magnitudinem,
962 1544 1086 1616 quia
1117 1544 1338 1613 patienti
1360 1557 1654 1614 numquam
1681 1550 1707 1579 δι
1730 1542 1891 1612 longe

287 1640 502 1695 videtur
531 1638 852 1710 supplicium
885 1639 1030 1710 quod
1065 1638 1409 1694 inferendum
1439 1646 1543 1693 est.
1598 1635 1724 1693 Sive
1764 1651 1891 1707 pro-

287 1749 379 1805 pe,
413 1744 469 1788 ut
512 1748 672 1804 supra
706 1732 963 1801 diximus,
992 1748 1113 1787 etnn
1148 1733 1445 1788 exicrimus
1489 1748 1516 1785 a
1564 1731 1787 1797 saeculo,
1838 1738 1893 1786 et

1979 516 2239 562 strantur.
2285 505 2471 561 Gabaa
2504 506 2591 559 illa
2635 506 2824 560 civitas
2854 504 3034 561 Saulis
3065 520 3235 576 usque
3286 507 3351 558 ad
3382 503 3575 559 funda-

1980 609 2157 657 menta
2182 600 2360 655 diruta
2390 608 2473 656 est
2505 597 2691 672 (Iosue
2715 596 2896 671 xvtn).
2933 599 3100 653 Rama
3136 608 3191 654 et
3223 600 3495 654 Bethoron
3525 609 3583 655 et

1978 694 2201 764 reliqurc
2240 693 2409 748 urbes
2440 693 2647 747 nobiles
2674 707 2703 747 a
2739 692 3034 749 Salomone
3065 702 3416 758 constructae,
3454 708 3579 763 par-

1980 788 2033 842 vi
2064 787 2228 843 viculi
2259 787 2729 844 demonstrantur.
2758 787 3024 859 Legamus
3053 789 3346 861 Josephum
3378 798 3432 845 et
3458 803 3585 860 pro-

1982 880 2222 952 phetiam
2274 881 2590 952 Saphoniae,
2647 881 2793 936 illius
2825 896 3113 938 cernemus
3151 882 3257 956 [ΑΙ.
3283 881 3586 953 cernimus]

1984 972 2273 1029 historiam
2309 983 2400 1030 :et
2430 974 2534 1029 hoc
2565 988 2673 1028 non
2706 982 2911 1029 tantum
2947 975 3017 1031 de
3043 977 3357 1047 captivitate
3392 977 3586 1033 dicen-

1985 1065 2110 1121 dum
2144 1076 2246 1133 est,
2280 1066 2374 1121 sed
2409 1080 2578 1137 usque
2604 1066 2673 1122 ad
2704 1077 3030 1137 praesentem
3064 1068 3236 1137 diem,
3267 1070 3461 1141 perﬁdi
3495 1085 3589 1126 co-

1987 1162 2097 1216 loni
2132 1171 2253 1231 post
2282 1161 2717 1217 interfectionem
2750 1177 3058 1228 servorum,
3104 1173 3159 1219 et
3190 1164 3255 1218 ad
3285 1175 3590 1219 extremum

1988 1255 2108 1309 Filii
2142 1254 2254 1320 Dei,
2290 1264 2521 1326 excepto
2554 1256 2794 1324 planctu,
2831 1257 3191 1326 prohibentur
3243 1238 3454 1328 ingredi
3498 1257 3594 1313 Jeo

1990 1348 2248 1416 rusalem,
2279 1356 2335 1403 et
2362 1359 2420 1403 ut
2463 1348 2675 1404 ruinam
2709 1364 2822 1405 sua:
2851 1350 2931 1404 eis
2961 1350 3091 1405 flere
3144 1350 3303 1404 liceat
3336 1350 3595 1415 civitatis,

1991 1442 2169 1512 pretio
2220 1442 2515 1509 redimunt,
2565 1455 2626 1498 ut
2672 1444 2767 1515 qui
2795 1445 3067 1515 quondam
3098 1452 3343 1499 emerant
3372 1444 3597 1514 sangui-

1993 1554 2116 1595 nem
2147 1538 2374 1605 Christi,
2407 1553 2593 1595 emant
2622 1540 2890 1611 Iacrymas
2911 1553 3041 1595 suas
3072 1558 3085 1593 :
3118 1548 3171 1594 et
3197 1555 3263 1593 ne
3293 1538 3454 1593 ﬂetus
3477 1538 3600 1609 qui-

1993 1636 2120 1691 dem
2154 1636 2234 1691 eis
2259 1637 2527 1707 gratuitus
2558 1634 2646 1691 sit.
2685 1636 2881 1691 Videas
2932 1638 2985 1691 in
3016 1636 3103 1690 die
3134 1651 3241 1707 quo
3271 1646 3432 1705 capta
3459 1642 3544 1689 est
3568 1649 3601 1689 a

1999 1731 2260 1787 Romanis
2280 1740 2335 1787 et
2364 1731 2542 1787 diruta
2569 1731 2894 1800 Jerusalem,
2925 1733 3111 1788 venire
3142 1732 3403 1803 populum
3436 1732 3597 1803 lugu-

290 1828 720 1899 uniuscnjusqne
776 1844 923 1884 mors
964 1829 1495 1883 consummationem
1525 1826 1716 1882 mundi
1746 1826 1892 1883 fece-
1920 1815 1970 1875 B
1998 1824 2170 1893 brem,
2221 1824 2497 1881 conﬂuere
2546 1825 2853 1896 decrepitas
2898 1826 3270 1894 mulierculas,
3323 1834 3378 1881 et
3435 1840 3599 1881 senes

290 1925 363 1979 rit
391 1941 406 1991 ;
433 1934 491 1980 et
522 1939 629 1979 non
658 1922 833 1979 solum
866 1937 1060 1994 pr0pe,
1094 1921 1189 1977 sed
1221 1922 1384 1978 etiam
1414 1921 1577 1977 velox
1621 1921 1804 1985 nimis,
1836 1929 1897 1976 ut

290 2019 551 2075 velocitas
592 2016 856 2073 adventus
900 2016 1019 2086 ejus
1071 2017 1124 2070 in
1157 2030 1223 2071 eo
1267 2015 1410 2087 quod
1441 2015 1658 2070 additur
1680 2060 1694 2083 ,
1718 2016 1892 2082 nimis,

293 2112 635 2168 ostendatur.

366 2207 554 2278 (Vers.
586 2205 674 2273 15,
709 2203 828 2275 16.)
863 2204 977 2259 Vox
1001 2203 1103 2259 diei
1130 2201 1343 2258 Domini
1369 2220 1547 2257 amara
1579 2201 1895 2258 :tribulabi-

296 2312 379 2357 tur
409 2303 479 2357 ibi
510 2302 661 2372 [ortis
694 2317 708 2354 :
746 2301 854 2354 dies
880 2300 993 2369 irtc,
1026 2299 1133 2353 dies
1184 2298 1299 2366 illa,
1330 2298 1437 2353 dies
1466 2298 1811 2354 tribulationis
1850 2305 1900 2350 et

295 2398 571 2469 angustiae,
599 2396 709 2450 dies
739 2394 1054 2449 calamitatis
1077 2402 1126 2448 et
1154 2393 1398 2457 miseriae,
1431 2393 1540 2447 dies
1572 2393 1899 2447 tenebrarum

296 2498 344 2543 et
371 2486 631 2559 caliginis,
663 2485 770 2539 dies
798 2483 1000 2539 nebula:
1024 2492 1070 2537 et
1101 2482 1341 2551 turbinis,
1367 2482 1479 2537 dies
1506 2484 1638 2536 tuba:
1664 2490 1711 2535 et
1756 2483 1901 2536 clan-

296 2584 439 2655 goris
466 2598 622 2653 super
648 2581 877 2636 civitates
907 2578 1153 2645 munitas,
1201 2586 1249 2634 et
1280 2594 1435 2651 super
1476 2577 1697 2650 angulos
1727 2579 1899 2633 excel-

297 2695 403 2732 sos.
431 2677 575 2733 LXX
609 2694 622 2731 :
661 2675 778 2731 Vox
809 2676 911 2730 diei
933 2674 1145 2729 Domini
1172 2690 1352 2728 amara
1383 2683 1432 2729 et
1460 2675 1592 2728 dura
1614 2676 1785 2746 posita
1803 2683 1899 2744 est,

301 2772 451 2843 fortis
484 2788 501 2824 :
530 2772 640 2826 dies
666 2771 780 2837 ira,
809 2770 920 2825 dies
942 2770 1057 2835 illa,
1090 2770 1198 2823 dies
1225 2769 1578 2823 tribulationis
1603 2778 1652 2823 et
1681 2770 1903 2825 necessi-

302 2870 442 2935 tatis,
494 2867 606 2922 dies
649 2866 872 2922 miserita
911 2876 958 2921 et
987 2865 1316 2938 perditionis,
1362 2864 1474 2919 dies
1503 2863 1825 2919 tenebrarum
1854 2868 1905 2919 et

302 2963 541 3029 turbinis,
574 2962 684 3018 dies
710 2962 911 3017 nebula:
941 2969 989 3014 et
1013 2960 1275 3033 caliginis,
1308 2959 1416 3014 dies
1455 2959 1589 3014 tubae
1618 2968 1665 3014 et
1710 2961 1905 3015 clamo-

302 3059 375 3111 ris
406 3074 555 3129 super
585 3058 813 3111 civitates
858 3055 1105 3118 munitas,
1135 3062 1184 3109 et
1225 3070 1379 3125 super
1408 3055 1628 3127 angulos
1654 3056 1903 3110 excelsos.

304 3152 466 3208 Juxta
490 3152 795 3223 superiora,
829 3151 914 3206 vel
946 3150 1017 3206 de
1050 3149 1378 3222 Babylonica
1409 3150 1726 3220 captivitate
1763 3151 1908 3207 acci-

1997 1919 2193 1991 pannis
2222 1921 2486 1992 annisque
2516 1923 2746 1988 obsitos,
2784 1921 2836 1976 in
2867 1922 3187 1992 corporibus
3217 1932 3270 1976 et
3311 1922 3365 1975 in
3414 1921 3605 1976 habitu

1998 2030 2100 2071 suo
2127 2016 2262 2071 iram
2293 2015 2510 2070 Domini
2539 2015 3004 2071 demonstrantes.
3047 2015 3421 2086 Congregatur
3452 2013 3607 2069 turba

1998 2108 2353 2176 miserorum,
2393 2117 2449 2164 et
2480 2108 2723 2179 patibulo
2771 2107 2982 2163 Domini
3012 2117 3368 2172 coruscante,
3418 2123 3482 2162 ac
3521 2121 3610 2162 ra-

1998 2201 2185 2257 diante
2213 2202 2495 2259 ἀναστάσει
2525 2202 2663 2272 ejus,
2707 2201 2776 2257 de
2802 2201 2999 2257 Oliveti
3029 2210 3213 2257 monte
3237 2215 3453 2272 quoque
3484 2215 3611 2255 cru-

1999 2296 2079 2352 cis
2115 2295 2356 2367 fulgente
2389 2296 2610 2365 vexillo,
2646 2296 2903 2367 plangere
2934 2296 3121 2351 ruinas
3168 2295 3349 2364 templi
3384 2295 3469 2351 sui
3503 2310 3606 2366 po-

2001 2388 2184 2457 pulum
2216 2389 2497 2455 miserum,
2530 2396 2585 2443 et
2625 2396 2807 2443 tamen
2857 2404 2964 2442 non
3009 2402 3132 2443 esse
3181 2386 3556 2442 miserabilem
3594 2403 3607 2438 :

2001 2480 2180 2536 adhuc
2206 2481 2364 2537 fletus
2391 2482 2443 2536 in
2469 2480 2623 2551 genis
2653 2490 2707 2535 et
2738 2481 2909 2535 livida
2936 2480 3181 2545 brachia,
3212 2489 3267 2534 et
3292 2480 3468 2549 sparsi
3500 2479 3611 2535 cri-

2002 2588 2123 2642 nes,
2148 2580 2204 2629 et
2230 2574 2388 2631 miles
2420 2574 2727 2629 mercedem
2762 2574 3025 2644 postulat,
3073 2582 3131 2627 ut
3168 2573 3279 2627 illis
3308 2572 3440 2628 ﬂere
3489 2571 3612 2641 plus

2003 2668 2205 2732 liceat;
2251 2676 2305 2723 et
2336 2667 2547 2723 dubitat
2577 2667 2798 2737 aliquis,
2829 2682 2951 2722 cum
3000 2666 3116 2721 ha-c
3159 2666 3368 2734 videat,
3418 2664 3487 2720 de
3528 2664 3618 2721 die

2007 2762 2373 2819 tribulationis
2397 2771 2451 2818 et
2478 2762 2762 2833 angustiae,
2793 2761 2861 2818 de
2891 2761 2979 2817 die
3005 2761 3334 2817 calamitatis
3362 2768 3418 2814 et
3449 2759 3615 2815 mise-

2004 2856 2124 2925 rim,
2156 2855 2222 2911 de
2252 2856 2342 2913 die
2384 2856 2735 2912 tenebrarum
2768 2865 2822 2912 et
2867 2854 3133 2926 caliginis,
3168 2856 3236 2911 de
3282 2856 3371 2910 die
3398 2854 3616 2909 nebula:

2007 2958 2063 3005 et
2091 2948 2348 3019 turbinis,
2381 2948 2448 3004 de
2476 2949 2564 3005 die
2594 2949 2739 3004 tuba:
2784 2957 2839 3003 ct
2864 2948 3180 3019 clangoris?
3228 2948 3440 3003 Habent
3468 2948 3617 3003 enim

2009 3051 2064 3100 et
2087 3044 2141 3099 in
2172 3042 2322 3100 luctu
2351 3045 2531 3113 tubas,
2562 3054 2637 3113 et,
2678 3045 2832 3115 juxta
2862 3043 3228 3115 praphetiam,
3279 3058 3383 3097 vox
3416 3044 3618 3099 solem-

2008 3139 2195 3194 nitatis
2224 3154 2381 3195 versa
2413 3149 2502 3194 est
2531 3140 2585 3193 in
2616 3137 2913 3208 planctum.
2957 3138 3178 3195 Ululant
3206 3154 3370 3209 super
3398 3140 3615 3194 cineres

306 3262 394 3316 pe,
427 3247 510 3302 vel
541 3246 609 3301 de
632 3255 875 3300 extrema
907 3257 1067 3314 quam
1096 3242 1242 3313 passi
1272 3250 1399 3297 sunt
1428 3258 1459 3296 a
1498 3241 1782 3307 Romanis,
1816 3256 1907 3296 su-
1931 3217 1977 3281 (ἶ
2009 3238 2334 3305 Sanctuarii,
2362 3247 2417 3294 et
2447 3253 2614 3308 super
2639 3237 2815 3293 altare
2841 3236 3202 3303 destructum,
3239 3246 3294 3293 et
3341 3251 3510 3306 super
3542 3236 3619 3293 ci-

307 3355 408 3411 per
442 3356 545 3410 qua
572 3347 626 3393 et
655 3338 920 3395 Dominus
946 3337 1094 3392 ﬂevit
1136 3335 1467 3403 JeruSalem,
1496 3335 1682 3391 dicens
1714 3334 1906 3391 :Jeru-

305 3433 486 3495 salem,
538 3433 855 3497 Jerusalem,
905 3446 1018 3500 qua:
1050 3428 1240 3483 occidis
1266 3428 1548 3501 prOphetas
1569 3472 1584 3494 ,
1614 3436 1660 3482 et
1701 3428 1906 3499 lepidas

306 3541 391 3580 eos
420 3526 509 3595 qui
535 3526 603 3579 ad
632 3534 679 3579 te
709 3524 979 3578 missisunt
1005 3520 1224 3593 (Matth.
1256 3537 1415 3589 χχιιι,
1446 3518 1563 3592 5i),
1596 3529 1654 3575 et
1679 3533 1902 3578 czetera.

307 3616 447 3674 Vere
494 3620 639 3674 enim
668 3618 903 3687 expetita
927 3615 1163 3671 vindicta
1192 3624 1278 3671 est
1305 3631 1333 3669 a
1365 3619 1631 3687 sanguine
1659 3616 1795 3671 Abel
1818 3617 1906 3686 ju-

306 3713 376 3765 sti
405 3727 577 3783 usque
604 3712 669 3767 ad
695 3710 1014 3782 sanguinem
1043 3709 1344 3774 Zachariaz,
1376 3724 1541 3781 quem
1586 3710 1907 3766 occiderunt

306 3801 447 3860 inter
478 3807 739 3874 templum
766 3813 824 3859 et
849 3804 1022 3859 altare
1051 3802 1120 3877 (ll
1148 3802 1281 3857 Par.
1310 3801 1460 3874 xxiv)
1492 3821 1504 3857 :
1549 3812 1606 3859 et
1632 3803 1698 3858 ad
1725 3813 1906 3859 extre-

306 3914 451 3953 mum
483 3900 552 3955 de
585 3900 678 3954 Dei
706 3898 869 3965 Filio,
898 3897 1176 3953 dicentes:
1211 3896 1442 3967 Sanguis
1462 3898 1574 3968 ejus
1603 3914 1757 3968 super
1785 3914 1901 3967 nos,

304 4002 355 4045 et
381 4009 534 4065 super
563 3994 701 4064 ﬁlios
745 4002 969 4059 nostros,
1012 3992 1219 4062 experti
1268 4000 1395 4047 sunt
1420 3991 1563 4047 diem
1609 4006 1899 4047 amarum:

307 4090 435 4159 quia
484 4089 550 4142 ad
596 4085 1017 4142 amaritudinem
1070 4086 1359 4141 Dominum
1419 4094 1899 4156 provocaverant:

308 4180 451 4235 diem
484 4194 515 4234 a
540 4178 774 4233 Domino
818 4181 1190 4244 constitutam,
1232 4176 1287 4231 in
1312 4191 1417 4247 qua
1458 4192 1566 4232 non
1612 4176 1904 4233 imbecillis

308 4277 558 4348 quilibet,
587 4274 685 4331 sed
729 4274 1017 4330 fortissimi
1048 4274 1149 4329 viri
1180 4272 1586 4343 deprimentur,
1638 4283 1692 4328 et
1722 4272 1905 4329 veniet

306 4388 471 4441 super
497 4385 594 4427 eos
624 4371 701 4425 ira
734 4371 785 4424 iu
816 4368 998 4423 finem.
1050 4369 1207 4438 Sche
1252 4366 1452 4437 quippe
1500 4375 1557 4425 et
1599 4375 1727 4421 ante
1765 4367 1900 4421 iram

309 4466 525 4522 Domini
555 4464 970 4527 sustinuerunt;
1019 4462 1115 4517 sed
1166 4462 1245 4516 ira
1274 4461 1363 4515 illa
1410 4476 1518 4515 non
1566 4460 1737 4516 fuerat
1766 4475 1901 4516 con-

311 4558 686 4617 summationis
714 4567 765 4613 et
791 4557 912 4611 finis
940 4554 1155 4627 (Matth.
1175 4570 1341 4619 xxvn,
1368 4554 1484 4626 25).
1508 4553 1648 4621 Quid
1678 4568 1902 4610 necesse

2008 3338 2208 3389 vitates
2237 3332 2510 3403 quondam
2562 3333 2823 3399 munitas,
2879 3340 2934 3387 et
2964 3347 3133 3400 super
3162 3332 3414 3388 excelsos
3453 3347 3617 3402 angu-

2007 3430 2091 3484 los
2145 3428 2357 3499 templi,
2410 3428 2478 3483 de
2522 3427 2719 3498 quibus
2759 3427 3033 3498 quondam
3074 3426 3337 3483 Jacohum
3387 3426 3615 3481 fratrem

2010 3525 2219 3581 Domini
2252 3524 2753 3595 praecipitaverunt.
2813 3522 2944 3579 llaec
2981 3522 3049 3578 de
3105 3522 3424 3592 captivitate
3470 3521 3619 3577 dicta

2007 3620 2118 3675 sint
2148 3619 2481 3676 Judazorum.
2513 3616 2779 3674 Caeterum
2813 3618 2859 3673 si
2884 3616 3024 3675 diem
3055 3617 3296 3683 Domini,
3341 3628 3397 3671 ut
3427 3631 3614 3686 supra,

2009 3713 2309 3771 referamus
2325 3713 2391 3769 ad
2410 3712 2935 3769 consummationem
2956 3712 3168 3779 mundi,
3201 3712 3315 3767 sive
3338 3710 3403 3766 ad
3432 3710 3617 3767 unius-

2006 3808 2268 3881 cujusque
2292 3810 2495 3864 cxitum
2525 3809 2681 3873 vitat,
2709 3808 2993 3864 manifesta
3019 3806 3181 3881 693
3210 3809 3319 3863 erit
3346 3808 3615 3878 interpre-

2007 3904 2160 3967 tatio,
2192 3902 2336 3974 quod
2363 3917 2469 3958 vox
2496 3901 2605 3958 diei
2651 3900 2866 3957 Domini
2922 3917 3104 3956 amara
3139 3905 3230 3964 sit,
3280 3910 3335 3956 et
3372 3901 3615 3957 necessi-

2008 4004 2120 4052 tate
2150 3996 2307 4066 plena
2336 4004 2392 4052 et
2415 3994 2517 4063 ira,
2550 4003 2603 4049 et
2633 3994 2921 4050 tribuletur
2951 3994 3022 4049 ibi
3048 3993 3204 4051 fortis
3238 4012 3250 4048 :
3281 4010 3401 4049 cum
3439 3994 3608 4049 etiam

2006 4091 2096 4161 qui
2115 4091 2286 4146 sancti
2309 4099 2458 4156 sunt,
2478 4090 2754 4145 salventur
2768 4088 3012 4159 quidem,
3030 4089 3124 4145 sed
3152 4098 3329 4145 tamen
3357 4090 3435 4145 sic
3456 4089 3614 4160 quasi

2005 4197 2103 4255 per
2128 4182 2331 4255 ignem.
2384 4182 2512 4239 Dies
2557 4182 2649 4236 illa
2698 4182 2812 4237 dies
2840 4182 3226 4250 tribulationis,
3262 4192 3315 4237 et
3343 4182 3609 4250 angustia:

2005 4286 2063 4333 et
2089 4276 2437 4344 calamitatis,
2465 4286 2521 4331 et
2550 4275 2806 4342 miseriae,
2840 4275 2893 4329 in
2924 4291 3024 4343 qua
3057 4273 3236 4330 dicent
3264 4292 3276 4328 :
3303 4274 3397 4329 Vae
3429 4275 3609 4345 nobis,

2004 4372 2132 4442 quia
2159 4370 2344 4426 miseri
2388 4368 2514 4425 facti
2545 4382 2752 4423 sumus.
2798 4368 2921 4423 Dies
2968 4369 3316 4424 tenebrarum
3352 4385 3366 4420 :
3422 4367 3607 4422 Omnis

2004 4467 2141 4520 enim
2166 4464 2252 4535 qui
2278 4463 2414 4518 male
2459 4472 2728 4533 Operatur,
2759 4461 2865 4515 odit
2906 4461 3101 4525 lumen,
3151 4469 3200 4515 et
3232 4476 3333 4514 non
3368 4460 3499 4515 venit
3541 4460 3613 4514 ad

2008 4559 2173 4613 lucem
2218 4559 2421 4630 (Joan.
2455 4572 2533 4619 ιιι,
2558 4555 2670 4627 20)
2698 4575 2713 4622 ;
2744 4563 2798 4611 et
2828 4569 3052 4610 necesse
3093 4564 3175 4609 est
3204 4563 3264 4609 ut
3294 4555 3384 4624 qui
3426 4555 3611 4610 lumen

312 4661 397 4709 est
426 4667 569 4707 nunc
598 4650 908 4706 describere
936 4660 1165 4719 quantas
1212 4648 1266 4702 in
1313 4655 1544 4718 utraque
1591 4646 1903 4717 captivitate
1927 4617 1981 4678 Β
2009 4654 2209 4719 oderit,
2240 4668 2364 4708 eum
2398 4650 2637 4708 tenebra:
2664 4659 3093 4719 consequantur.
3118 4650 3241 4705 Dies
3266 4650 3370 4705 erit
3398 4649 3613 4705 nebula:

312 4745 671 4803 sustinuerint
696 4743 1054 4811 calamitates,
1084 4752 1139 4798 et
1166 4740 1439 4814 quomodo
1464 4741 1557 4811 qui
1582 4741 1760 4797 lucem
1793 4742 1903 4797 Do-

312 4840 447 4895 mini
475 4847 818 4910 respuerant,
865 4838 918 4891 in
965 4836 1203 4892 tenebris
1239 4844 1295 4891 ct
1346 4837 1397 4889 in
1432 4834 1671 4905 caligine
1697 4835 1906 4890 versati

313 4936 443 5003 sint,
479 4943 533 4989 et
562 4934 652 5005 qui
682 4933 976 4987 noluerunt
1002 4930 1326 4985 solemnium
1354 4929 1563 4985 dierum
1596 4930 1785 4985 audire
1823 4939 1909 4986 tu-

314 5027 433 5093 bas,
450 5026 721 5081 audierint
743 5026 1038 5080 clamorem
1064 5023 1171 5096 [Αι.
1187 5022 1521 5096 clangorem]
1550 5022 1909 5080 bellantium?

315 5119 391 5173 Dc
418 5117 727 5173 civitatibus
758 5128 939 5171 autem
972 5115 1192 5171 munitis
1220 5125 1276 5172 et
1303 5115 1535 5172 excelsis
1563 5114 1781 5186 angulis
1816 5118 1912 5172 Ju-

315 5212 470 5278 dreac,
499 5212 589 5280 qui
616 5211 725 5285 [Αἰ.
752 5209 919 5283 quod]
949 5211 1013 5265 ad
1055 5208 1220 5282 692
1263 5210 1436 5265 solum
1482 5223 1653 5279 usque
1677 5218 1805 5265 sunt
1830 5209 1914 5265 di-

317 5306 447 5367 ruti,
479 5316 607 5377 puto
632 5307 916 5360 oculorum
943 5304 1113 5376 magis
1142 5318 1265 5359 esse
1305 5319 1468 5375 quam
1516 5304 1722 5359 aurium
1761 5304 1910 5374 judi-

316 5399 458 5453 cium
488 5417 501 5454 :
536 5399 695 5455 nobis
717 5400 1018 5469 prmsertim
1051 5398 1141 5468 qui
1176 5412 1319 5454 nunc
1348 5399 1401 5452 in
1429 5398 1534 5453 ista
1577 5413 1761 5453 sumus
1792 5412 1917 5469 pro-

318 5493 497 5548 vincia
529 5493 657 5549 licet
697 5493 907 5560 videre,
947 5494 1076 5550 licet
1101 5494 1336 5564 probare
1363 5509 1483 5565 quae
1521 5493 1724 5564 scripta
1765 5503 1911 5550 sunt.

321 5583 425 5638 Vix
448 5586 724 5640 ruinarum
759 5602 917 5656 parva
949 5587 1174 5657 vestigia
1207 5586 1257 5641 in
1283 5588 1491 5658 magnis
1520 5586 1797 5658 quandam
1821 5604 1916 5645 ur-

323 5676 482 5733 bibus
513 5678 808 5732 cernimus.
841 5678 980 5745 Silo,
1013 5678 1100 5734 ubi
1134 5679 1546 5735 tabernaculum
1571 5688 1626 5735 et
1656 5694 1787 5736 arca
1816 5679 1920 5736 Tc-

2011 4757 2066 4805 et
2097 4747 2329 4803 turbinis
2356 4764 2371 4813 ;
2404 4744 2586 4801 veniet
2636 4746 2778 4800 enim
2805 4759 2971 4815 super
3011 4761 3133 4801 cum
3163 4753 3458 4815 tempestas
3500 4744 3610 4799 Do-

2010 4843 2168 4911 mini,
2215 4849 2270 4898 et
2313 4841 2535 4910 clangor
2582 4838 2756 4907 tubae,
2788 4854 2947 4907 quam
2980 4839 3277 4911 Apostolus
3319 4836 3611 4908 signiﬁcat,

2014 4938 2201 4993 dicens
2231 4954 2243 4989 :
2275 4934 2339 4990 In
2366 4934 2643 4988 novissima
2669 4933 2790 4987 tuba
2820 4933 2864 5005 (Ι
2890 4932 3011 4988 Cor.
3048 4950 3136 4998 xv,
3172 4933 3288 5001 3‘2).
3323 4930 3439 4985 Erit
3464 4931 3613 4985 enim

2015 5030 2133 5086 dies
2165 5030 2304 5085 tubae
2332 5039 2387 5084 et
2414 5027 2682 5097 clangoris
2724 5041 2887 5095 super
2907 5027 3157 5081 civitates
3190 5024 3449 5088 munitas,
3476 5037 3611 5093 quas

2013 5123 2117 5179 sibi
2146 5128 2200 5178 in
2230 5120 2579 5178 multitudine
2611 5129 2958 5189 peccatorum
2996 5134 3120 5173 cum
3145 5116 3277 5171 Cain
3306 5116 3615 5173 :edificavc-

2015 5225 2157 5273 rant.
2210 5216 2280 5271 Et
2305 5230 2467 5286 super
2492 5214 2721 5285 angulos
2752 5213 3021 5275 excelsos,
3067 5225 3237 5280 opera
3280 5226 3533 5278 perversa
3563 5218 3621 5266 et

2019 5328 2049 5367 a
2076 5321 2225 5367 recta
2245 5311 2332 5366 via
2356 5308 2570 5364 Domini
2592 5306 2921 5363 declinantia
2941 5304 3049 5378 (Al.
3075 5319 3103 5357 a
3124 5311 3272 5358 recta
3297 5303 3377 5356 via
3398 5303 3623 5359 devian-

2019 5406 2137 5477 tia).
2165 5405 2322 5463 Unde
2350 5413 2403 5461 et
2423 5419 2452 5459 a
2474 5403 2759 5460 Salvatore
2788 5411 3092 5472 arguuntur
3112 5400 3389 5477 ύποκρίται
3422 5397 3617 5453 Phari-

2023 5500 2150 5566 smi,
2191 5498 2335 5570 quod
2377 5497 2608 5553 adorent
2643 5495 2752 5567 (Al.
2780 5491 2964 5563 orent)
2992 5494 3043 5548 in
3074 5493 3286 5563 angulis
3322 5492 3623 5562 platearum

2024 5591 2241 5664 (Matth.
2274 5590 2373 5664 vt).
2400 5589 2498 5645 Via
2533 5589 2677 5643 enim
2706 5594 2853 5642 recta
2881 5595 2936 5642 et
2967 5585 3195 5641 tendens
3220 5585 3286 5639 ad
3313 5583 3626 5651 paradisum

2021 5695 2194 5749 arcta,
2223 5689 2279 5738 et
2306 5688 2535 5752 angusta
2561 5687 2645 5735 est
2672 5693 2793 5750 quae
2815 5677 2966 5733 ducit
2997 5676 3063 5733 ad
3088 5678 3277 5733 vitam.
3309 5676 3406 5732 Via
3438 5685 3623 5733 autem

398 5866 425 5898 ιι
454 5858 663 5916 Vitiose
712 5866 829 5915 erat
878 5874 1048 5930 penes
1078 5860 1470 5936 Martianzeum,
1503 5864 1738 5940 longum.
1790 5866 1917 5925 Mss.
1961 5863 2135 5925 nostri
2167 5874 2291 5940 post
2327 5862 2630 5924 Victoriam
2660 5866 2949 5939 castigant.

656 5952 932 6014 PATROL.
979 5952 1186 6017 XXV.

3047 5956 3125 6020 1&3
