4028 6342
423 277 568 332 1555
1681 274 1739 330 S.
1786 265 2053 329 EUSEDII
2093 262 2472 322 HIERONYMI
3594 268 3736 326 1556

424 399 596 454 fracta
630 395 837 454 habens
864 398 1094 468 angulos
1136 405 1189 451 et
1220 401 1486 461 tortuosa,
1534 392 1664 460 lata,
1707 403 1763 449 et
1791 395 2029 466 spatiosa
2056 384 2290 452 Alunt“
2333 383 2658 455 sanguinem
2690 390 2743 438 el
2788 396 3021 454 corpora
3045 383 3230 453 jacere
3271 385 3428 455 quasi
3468 395 3734 443 stercora.

422 506 529 561 est,
581 509 702 566 quae
735 494 888 550 ducit
917 492 985 548 ad
1022 503 1253 548 mortem
1304 489 1540 562 (Matth.
1573 490 1702 564 vn).
1750 490 2030 561 Simulque

427 590 572 645 inter
619 586 785 643 verba
839 585 1148 644 severitatis
1192 585 1407 642 Domini
1457 600 1621 641 cerne
1657 585 2025 652 clementiam,

426 682 572 756 quod
598 691 885 754 propterea
927 697 1112 738 amara
1143 682 1212 738 sit
1249 680 1389 747 dies,
1438 688 1494 737 et
1523 680 1642 737 dies
1671 682 1787 748 irae,
1833 690 1887 736 et
1912 681 2029 736 dies

425 777 819 845 tribulationis,
867 783 922 831 et
947 775 1065 830 dics
1095 776 1238 831 tubae
1277 785 1330 830 et
1361 775 1658 844 clangoris,
1692 783 1749 828 ut
1779 774 2028 829 civitates

421 874 566 930 male
595 872 818 930 munitae
844 882 900 929 et
930 873 1170 942 perversi
1195 869 1380 942 anguli
1408 870 1783 926 destruantur.

492 966 675 1038 (Vers.
703 968 790 1034 l7,
830 966 945 1037 18.)
981 964 1040 1020 Et
1075 964 1330 1020 tribulabo
1353 963 1607 1032 homines,
1629 972 1678 1018 et
1694 963 2027 1017 ambulabunt

421 1070 478 1115 ut
506 1061 649 1126 caeci,
678 1061 800 1128 quia
843 1058 1068 1114 Domino
1099 1065 1475 1128 peccauerunt:
1509 1065 1557 1110 et
1585 1052 1879 1122 eﬂ'undetur
1905 1071 2028 1108 san-

418 1154 536 1224 guis
580 1168 760 1208 eorum
803 1153 935 1208 sicut
966 1151 1176 1218 humus,
1208 1162 1256 1204 et
1277 1165 1496 1222 corpora
1521 1165 1704 1205 eorum
1733 1149 1865 1203 sicut
1900 1158 2029 1202 ster-

423 1261 548 1301 cora
584 1263 602 1301 :
642 1247 732 1301 sed
776 1255 823 1301 et
850 1255 1125 1317 argentum
1154 1261 1332 1300 eorum
1355 1253 1402 1298 et
1444 1261 1630 1299 aurum
1660 1243 1844 1313 I’Vulg.
1881 1244 2028 1298 addit
2087 1300 2094 1306 ,

421 1340 626 1412 eorum]
659 1356 762 1395 non
795 1339 982 1411 poterit
1016 1340 1237 1394 liberare
1276 1355 1361 1394 eos
1392 1339 1446 1393 in
1475 1338 1560 1392 die
1590 1340 1683 1392 im
1713 1336 1945 1402 Domini,
1980 1346 2028 1390 et

419 1433 474 1487 in
504 1434 624 1503 igne
651 1431 750 1488 zeli
771 1433 883 1504 ejus
901 1432 1232 1488 devorabitur
1258 1433 1421 1485 ontnis
1444 1441 1616 1486 terra:
1643 1431 1765 1502 quia
1790 1447 2028 1484 consum-

419 1528 699 1583 tnationem
739 1544 856 1581 cum
895 1527 1222 1597 festinatione
1246 1527 1400 1597 faciet
1441 1526 1639 1579 cunctis
1679 1524 2027 1578 habitantibus

415 1629 629 1676 terram.
657 1619 835 1676 LXX:
867 1620 936 1674 Et
955 1619 1219 1674 tribulabo
1251 1620 1510 1684 homines,
1536 1630 1582 1672 et
1611 1616 1947 1672 antbulabunt
1971 1628 2024 1670 ut

423 1715 569 1782 ca’ci,
603 1714 726 1782 quia
747 1713 974 1769 Domino
1003 1722 1359 1786 peccaverunt,
1385 1723 1432 1766 et
1462 1710 1692 1778 effundet
1722 1711 2026 1782 sanguinem

415 1825 599 1864 eorum
630 1810 763 1863 sicut
811 1806 1088 1879 pulverem,
1131 1816 1179 1861 et
1210 1822 1390 1861 carnes
1433 1821 1608 1860 eorum
1651 1805 1784 1859 sicut
1829 1814 2024 1858 stercus

417 1900 577 1957 boum
621 1900 728 1974 [AL
765 1899 1052 1972 bubulum],
1108 1909 1153 1953 et
1201 1907 1472 1971 argentum
1513 1912 1694 1952 eorum
1737 1906 1785 1951 et
1837 1913 2026 1949 aut-inn.

409 2012 594 2052 em'um
649 2011 754 2048 non
796 1994 981 2063 poterit
1022 2009 1200 2047 eruere
1239 2008 1324 2046 eos
1359 1992 1412 2046 in
1445 1991 1528 2044 die
1567 1992 1658 2044 ira:
1703 1988 1937 2054 Domini,
1980 1999 2025 2041 et

416 2089 473 2144 in
503 2090 620 2160 igne
649 2086 749 2142 zeli
777 2091 894 2161 ejus
936 2094 1270 2141 consuntetur
1298 2085 1462 2139 onmis
1491 2094 1627 2138 terra
1653 2100 1669 2138 :
1701 2099 2029 2137 consumma-

418 2183 611 2237 tionem
650 2183 785 2237 enint
821 2189 868 2234 et
899 2180 1281 2251 festinationem
1311 2179 1464 2248 faciet
1494 2195 1647 2246 super
1683 2193 1857 2232 omnes
1882 2177 2029 2231 habi-

418 2289 585 2334 tantes
617 2287 828 2332 terram.
853 2274 974 2332 Non
1004 2287 1090 2331 est
1120 2273 1344 2330 difﬁcile
1363 2274 1514 2344 juxta
1543 2273 1782 2342 priorem
1806 2285 2026 2328 sensum

424 2375 540 2428 hinc
563 2371 735 2426 fuisse
765 2384 1077 2442 perpessam
1110 2368 1293 2424 dicere
1317 2366 1643 2432 Jerusalem,
1665 2379 1787 2436 qua:
1809 2376 2028 2434 propter

419 2480 639 2522 crucem
683 2464 897 2519 Domini
928 2462 1184 2517 sustinuit
1214 2478 1225 2511 :
1259 2459 1488 2514 recessit
1517 2459 1662 2512 enim
1699 2457 1767 2511 ab
1809 2473 1868 2509 ea
1899 2457 2028 2510 visi-

420 2559 555 2613 tatio
591 2556 828 2622 Domini,
861 2565 911 2612 et
947 2552 1188 2609 tribulati
1211 2549 1737 2622 suutomnesm
1782 2549 2030 2604 homines

422 2651 479 2707 in
529 2658 642 2706 tota
685 2648 893 2715 Judtca,
938 2657 992 2704 et
1025 2655 1246 2718 propter
1278 2644 1704 2716 magnitudinem
1755 2657 2028 2713 pressura:

418 2745 835 2800 ambulaverunt
868 2751 925 2796 ut
957 2742 1114 2809 casei,
1155 2739 1285 2811 quid
1328 2748 1547 2809 agerent
1594 2739 1925 2808 ignorantes.
1963 2737 2032 2791 Et

417 2837 538 2894 hinc
566 2837 714 2908 passi
744 2845 888 2900 sunt,
917 2835 1039 2904 quia
1071 2833 1320 2898 Domino,
1367 2831 1420 2886 id
1459 2842 1562 2898 est,
1599 2831 1693 2884 Dei
1729 2830 1867 2884 Filio
1901 2845 2026 2900 pec-

420 2944 709 2991 cavcrunt.
741 2933 872 2987 Nam
916 2934 1037 3003 quia
1089 2930 1346 2985 fuderunt
1375 2930 1693 3000 sanguinem
1735 2925 2030 2997 preplteta-

423 3043 544 3083 rum
571 3039 624 3083 et
655 3026 974 3098 sanguinem
1005 3024 1231 3089 Christi,
1273 3022 1430 3079 fusus
1473 3032 1558 3076 est
1587 3021 1809 3091 sanguis
1840 3035 2028 3074 eorum

421 3125 564 3180 sicut
612 3121 810 3176 humus
839 3121 891 3176 in
923 3129 1030 3176 tota
1078 3119 1320 3189 regione,
1354 3126 1410 3174 et
1449 3132 1680 3188 corpora
1721 3133 1910 3172 eorum
1944 3131 2028 3171 re-

422 3224 744 3271 manserunt
796 3214 1089 3286 insepulta,
1131 3213 1272 3268 sicut
1317 3223 1559 3266 stercora
1617 3225 1782 3280 super
1838 3209 2026 3264 faciem

419 3319 602 3366 terrae.
633 3309 837 3364 Divites
866 3322 1080 3379 quoque
1107 3322 1296 3362 eormn
1328 3306 1419 3375 qui
1446 3313 1729 3374 argentum
1761 3314 1814 3358 et
1835 3319 2027 3357 aurum

418 3403 707 3474 iniquitate
737 3403 904 3458 nimia
936 3410 1428 3472 congregaverunt,
1455 3398 1651 3467 opibus
1694 3399 1807 3452 suis
1848 3397 1915 3450 de
1941 3396 2030 3451 die

420 3499 519 3554 ivre
555 3497 775 3552 Domini
807 3512 916 3551 non
944 3501 1240 3567 potuerunt
1283 3493 1501 3548 liberari
1541 3508 1554 3544 :
1591 3493 1730 3562 ignis
1751 3491 1895 3546 enim
1926 3490 2030 3546 zeli

425 3590 644 3645 Domini
690 3603 990 3645 succensus
1021 3588 1278 3642 adversus
1327 3601 1444 3653 eos,
1489 3585 1769 3640 devoravit
1815 3599 2029 3640 omnem

426 3683 786 3755 provinciam.
821 3681 936 3737 Nec
964 3679 1167 3751 grande
1197 3679 1299 3734 fuit
1326 3688 1538 3748 tempus
1569 3679 1622 3734 in
1654 3677 1861 3732 medio:
1906 3692 2028 3730 nam

426 3787 551 3849 post
591 3775 954 3848 quadraginta
996 3786 1048 3830 et
1095 3775 1229 3827 duos
1277 3787 1447 3827 annos
1479 3772 1776 3828 Dominicis:
1827 3771 2030 3836 crucis,

427 3869 771 3924 circumdata
801 3878 883 3924 est
931 3867 998 3921 ab
1027 3866 1272 3922 exercitu
1317 3864 1649 3932 Jerusalem,
1695 3872 1749 3918 et
1779 3879 2034 3918 consum—

431 3961 597 4016 matio
627 3961 769 4015 illius
801 3960 944 4014 facta
971 3968 1056 4014 est
1083 3973 1207 4013 cum
1233 3958 1602 4016 festinatione.
1629 3965 1684 4010 et
1713 3972 1819 4010 non
1853 3956 2029 4011 solum

426 4054 593 4119 illius,
649 4054 744 4108 sed
795 4052 1005 4108 cunctis
1049 4062 1210 4107 terra:
1257 4051 1459 4106 JUdil‘iB
1511 4050 1926 4105 habitatoribus.
1974 4051 2032 4105 In

428 4145 899 4202 consummatione
931 4155 1108 4199 autem
1152 4145 1236 4197 vel
1265 4142 1449 4196 mundi
1483 4142 1565 4196 vel
1613 4142 2035 4213 uniuscujusque

428 4238 838 4295 tribulabuntur
866 4251 1055 4291 omnes
1089 4237 1358 4300 homines,
1386 4235 1474 4304 qui
1509 4235 1758 4288 homines
1777 4251 2031 4304 perman-

428 4340 640 4400 serunt,
673 4338 727 4385 et
758 4327 955 4383 mortui
1004 4337 1130 4382 sunt
1177 4326 1332 4397 quasi
1366 4327 1634 4381 homines.
1671 4326 1742 4380 Et
1790 4327 2034 4382 ambula-

431 4426 569 4482 bunt
613 4432 671 4478 ut
717 4423 868 4488 caeci,
917 4421 1038 4492 quia
1084 4420 1264 4474 lumen
1309 4419 1595 4488 perdidere
1645 4420 1929 4488 virtutum,
1980 4429 2036 4476 et

433 4520 614 4576 locum
643 4519 978 4590 pcenitcntiac
1005 4533 1111 4571 non
1145 4514 1423 4569 habebunt
1457 4531 1468 4567 :
1505 4526 1556 4568 et
1597 4513 1711 4567 lucc
1758 4514 2035 4582 patientur

433 4616 560 4686 quia
611 4616 841 4670 Domino
874 4618 1258 4683 peccaverunt.
1311 4609 1365 4664 Si
1419 4608 1562 4664 enim
1616 4607 1874 4662 Dominus
1923 4607 2032 4679 [AL

435 4708 676 4780 Domini]
714 4708 924 4778 justitia
970 4717 1072 4772 est,
1108 4705 1330 4772 veritas,
1379 4703 1662 4768 sanctitas,
1715 4712 2037 4774 crateramque

433 4805 686 4867 virtutes,
721 4801 965 4871 quisquis
1013 4800 1215 4868 injuste
1262 4797 1407 4862 fecit,
1451 4807 1506 4852 et
1551 4800 1813 4853 mentitus
1843 4810 1948 4864 est,
1983 4808 2036 4854 el

434 4909 619 4958 scorta
651 4896 887 4964 villaque
927 4903 1166 4947 sectatus
1213 4902 1312 4955 est,
1362 4890 1594 4944 Domino
1627 4893 1892 4961 peccavit.
1927 4894 2035 4946 Sed

437 4992 581 5064 quod
638 4991 922 5060 sequitur:
961 4986 1028 5040 Et
1077 4985 1373 5053 e/funtletur
1418 4988 1631 5059 sanguis
1680 5004 1859 5040 eorum
1906 4989 2040 5041 sicut

440 5086 650 5149 humus,
675 5093 721 5137 et
752 5097 971 5150 corpora
1000 5095 1178 5133 eorum
1206 5079 1336 5131 sicut
1357 5087 1584 5131 stercora
1619 5077 1792 5146 boum,
1826 5080 2040 5135 videtur

437 5177 758 5240 absurdum,
808 5185 865 5227 ut
915 5176 965 5226 in
1011 5170 1411 5225 resurrectione
1463 5181 1823 5239 mortuorum,
1881 5183 1935 5228 ct
1983 5175 2036 5228 in

441 5270 915 5326 consummatione
954 5263 1136 5320 mundi
1187 5274 1345 5332 atque
1392 5262 1614 5332 judicio,
1658 5264 1904 5321 dicamus
1954 5267 2035 5321 ef-

509 5382 865 5441 aRecolenda
907 5385 1022 5435 lucc
1060 5389 1143 5435 est
1187 5379 1504 5449 Hieronymi
1555 5380 1830 5434 enarratio
1870 5396 1898 5434 a
1941 5381 2039 5435 Pa-

443 5461 615 5516 lrlbus
643 5456 928 5513 Troslcani
963 5451 1203 5510 concilii,
1253 5451 1448 5522 quibus
1493 5466 1611 5522 cap.
1656 5451 1722 5503 15
1764 5451 2032 5507 laudatur.

509 5531 534 5569 δ
568 5531 836 5585 Omittunt
883 5529 983 5578 lmc
1014 5525 1134 5580 luco
1169 5521 1429 5577 lit-asinus
1458 5532 1512 5576 et
1545 5521 1814 5576 lllarianus
1849 5523 2035 5579 Cra-ca

441 5605 548 5658 dttu
563 5602 733 5655 verba
747 5601 805 5656 τὸ
829 5608 883 5652 et
907 5595 1072 5662 αἷτος,
1091 5612 1209 5665 quae
1229 5609 1356 5649 mss.
1385 5596 1600 5649 codices
1629 5595 2034 5650 retinentetiam

439 5672 866 5734 characteribus,
896 5682 951 5724 ut
979 5669 1179 5738 Regius
1223 5684 1368 5721 ntnn.
1405 5666 1565 5731 399i,
1594 5667 1687 5738 _qui
1721 5667 1863 5735 legit,
1897 5667 2036 5723 San-

443 5747 556 5815 guis
609 5744 769 5815 igitur
838 5736 1082 5815 hominis
1118 5739 1538 5815 t_ozoticona_itos._
1593 5736 1688 5792 Est
1739 5748 1918 5815 autem
1985 5742 2041 5794 τὸ

440 5807 649 5882 ξωτικὸῦ
673 5808 834 5881 aii-oc,
874 5809 1226 5865 habitaculum
1248 5817 1299 5866 et
1329 5809 1472 5865 sedes
1493 5811 1627 5878 vittc,
1653 5808 1795 5882 quod
1821 5807 1890 5867 de
1911 5823 2040 5865 san-

2133 478 2300 550 Igitur
2334 477 2465 533 illud
2493 477 2638 549 quod
2667 477 2734 533 ad
2762 477 2875 534 Noe
2905 477 3103 534 dicitur
3129 497 3143 532 :
3178 478 3243 532 Et
3275 480 3587 552 sanguinem
3625 485 3740 536 ani—

2131 586 2340 624 marum
2369 581 2650 627 vestrarum
2678 567 2938 642 requiram
2964 571 3027 625 de
3069 588 3228 626 manu
3271 574 3507 628 omnium
3549 575 3744 628 bestia-

2130 680 2270 730 rum,
2299 673 2348 718 et
2393 664 2456 718 de
2488 680 2644 717 manu
2675 663 2922 731 hominis,
2954 675 3001 719 et
3047 665 3111 720 tle
3159 683 3314 719 manu
3347 669 3530 737 fratris
3561 668 3740 738 requi-

2129 773 2246 810 ram
2271 757 2500 811 animam
2519 755 2764 826 hominis,
2782 759 2868 830 qui
2887 758 3126 826 e/Iuderit
3142 760 3452 832 sanguinem
3469 760 3738 816 hominis:

2130 866 2226 920 pro
2272 851 2524 924 sanguine
2571 853 2681 923 ejus
2727 851 3026 919 effundetur
3067 855 3282 926 sanguis
3328 855 3474 910 illius
3522 855 3734 924 (Cenes.

2129 958 2204 1008 ιι,
2234 945 2287 1012 5,
2316 943 2394 1014 6),
2427 953 2483 1000 et
2513 945 2565 1000 in
2608 947 3012 1003 resurrectione
3037 947 3266 1004 credere
3294 949 3586 1004 ridiculum
3628 959 3738 1014 est,

2128 1046 2184 1093 et
2209 1038 2261 1093 in
2291 1036 2402 1093 vita
2435 1038 2550 1094 haec
2579 1047 2725 1096 stare
2753 1055 2860 1096 non
2892 1049 3090 1111 potest.
3124 1051 3149 1079 α
3177 1041 3377 1110 Quanti
3407 1043 3557 1099 enim
3601 1041 3741 1098 elin-

2127 1135 2332 1192 dernnt
2375 1138 2716 1207 sauguinem,
2767 1147 2822 1193 et
2865 1139 3086 1210 sanguis
3131 1154 3324 1196 eorum
3373 1139 3582 1196 elfusus
3622 1157 3738 1194 non

2128 1228 2256 1284 est?
2285 1236 2343 1284 et
2391 1229 2483 1283 alii
2533 1230 2855 1286 occiderunt
2884 1231 3164 1289 hominem
3206 1249 3446 1302 veneno,
3486 1234 3570 1290 vel
3613 1249 3738 1290 sus~

2127 1321 2362 1392 pendio,
2415 1333 2469 1378 et
2517 1334 2699 1380 tamen
2749 1339 2872 1380 cum
2921 1325 3084 1380 homo
3138 1336 3388 1383 mortuus
3447 1328 3560 1394 sit,
3623 1344 3736 1382 non

2127 1423 2212 1471 est
2266 1417 2485 1487 sanguis
2541 1417 2778 1474 cli‘usus?
2828 1419 3114 1488 Quomodo
3157 1436 3288 1492 ergo
3339 1422 3605 1477 Dominus
3651 1431 3742 1478 est

2127 1507 2401 1565 ell‘usurus
2436 1513 2757 1582 sanguinem
2799 1529 2993 1570 eorum
3033 1517 3087 1570 in
3129 1515 3415 1582 talionem,
3461 1531 3586 1572 cum
3641 1517 3742 1572 ille

2125 1603 2289 1676 695
2329 1605 2418 1675 qui
2469 1605 2690 1674 occidit,
2743 1610 3064 1676 sanguinem
3098 1626 3206 1668 non
3232 1610 3526 1667 elfuderit?
3549 1611 3576 1650 δ
3605 1611 3745 1668 San-

2126 1698 2248 1766 guis
2295 1697 2459 1766 igitur
2491 1698 2728 1755 hominis
2768 1703 2826 1757 τὸ
2859 1703 3070 1767 ζωτικὸν
3109 1698 3273 1771 uiroc,
3333 1704 3386 1759 id
3414 1712 3522 1768 est,
3559 1705 3742 1771 vitale,

2059 1788 2106 1846 Β
2132 1804 2242 1860 quo
2271 1800 2575 1861 vegetatur,
2616 1802 2672 1848 et
2701 1803 3057 1860 sustentatur,
3089 1805 3145 1851 et
3190 1797 3346 1863 vivit,
3376 1799 3548 1854 debet
3576 1799 3744 1855 intel—

2135 1882 2223 1952 ligi
2268 1899 2281 1935 :
2313 1885 2455 1954 quod
2487 1886 2580 1956 qui
2610 1885 2883 1954 effuderit,
2935 1892 3056 1946 sive
3102 1905 3202 1961 per
3230 1892 3571 1960 scandalum,
3621 1894 3747 1950 sive

2133 1981 2493 2049 perversitate
2519 1982 2807 2052 doctrinm,
2863 1987 2918 2040 in
2964 1987 3052 2044 die
3091 1989 3283 2058 judicii
3325 1991 3637 2049 ell‘undetur
3667 1996 3745 2049 ab

2129 2087 2216 2138 eo,
2250 2083 2272 2112 ο
2306 2074 2358 2129 id
2399 2084 2502 2143 est,
2535 2077 2677 2146 quod
2721 2077 2822 2132 sibi
2855 2078 3139 2135 videbatur
3170 2081 3375 2138 habere
3406 2085 3595 2152 vitale,
3640 2102 3746 2142 co-

2127 2175 2284 2238 getur
2317 2167 2600 2225 amittere.
2653 2169 2815 2226 Juxta
2857 2171 3234 2242 hujuscemodi
3287 2179 3634 2249 sanguinem,
3689 2192 3751 2236 et

2130 2276 2260 2316 caro
2302 2261 2647 2333 intelligitur,
2680 2264 2750 2322 de
2791 2281 2898 2336 qua
2923 2274 2978 2321 ct
3007 2266 3176 2324 Isaias
3222 2269 3298 2326 ait
3332 2289 3343 2323 :
3381 2273 3564 2328 Omnis
3592 2291 3749 2341 raro,

2127 2357 2309 2424 fenum
2355 2353 2512 2424 (Isai.
2566 2373 2656 2416 XL.
2692 2357 2768 2426 6).
2823 2359 2889 2414 Et
2929 2361 2984 2413 in
3018 2360 3222 2418 Genesi
3253 2363 3517 2422 Dominus
3554 2383 3570 2419 ε
3613 2366 3750 2421 Non

2129 2450 2447 2520 permanebit
2477 2453 2687 2522 spiritus
2717 2471 2857 2508 meus
2887 2455 2940 2509 in
2970 2456 3264 2512 hominibus
3289 2461 3426 2524 istis,
3451 2462 3578 2530 quia
3617 2479 3752 2517 caro

2130 2554 2253 2595 sunt
2285 2541 2438 2612 (Gen.
2476 2561 2548 2611 vt,
2579 2548 2654 2617 5).
2689 2547 2754 2600 Et
2790 2548 3106 2617 Apostolus,
3131 2550 3200 2606 de
3230 2562 3460 2622 utroque
3485 2571 3501 2607 :
3529 2552 3664 2608 Caro
3695 2567 3752 2608 et

2130 2638 2340 2708 sanguis
2371 2655 2586 2708 regnum
2631 2638 2730 2694 Dei
2779 2643 3044 2713 possidere
3091 2659 3193 2698 non
3225 2655 3468 2715 poterunt
3511 2663 3530 2701 :
3580 2665 3756 2718 neque

2129 2732 2397 2803 corruptio
2439 2733 2885 2805 incorruptionem
2915 2735 3007 2789 Dei
3051 2735 3070 2807 [
3076 2735 3164 2790 Al.
3197 2748 3337 2792 tacet
3365 2737 3484 2810 Dei]
3513 2740 3752 2795 heredi-

2133 2827 2262 2883 tabit
2294 2828 2336 2900 (l
2377 2830 2500 2883 Cor.
2535 2845 2631 2896 xv,
2677 2828 2793 2901 50).
2837 2831 2895 2886 lu
2941 2831 3032 2887 die
3063 2848 3197 2903 ergo
3225 2835 3749 2900 consummationis,

2133 2921 2216 2976 vel
2263 2922 2560 2991 generalis,
2598 2925 2684 2978 vel
2706 2924 2986 2993 specialis,
3016 2929 3196 2980 omnis
3230 2928 3450 2998 sanguis
3480 2929 3570 2997 qui
3601 2927 3754 2982 cffu-

2133 3027 2227 3068 sus
2289 3024 2396 3081 est,
2439 3015 2700 3069 clamabit
2752 3016 2819 3070 ad
2875 3017 3187 3086 Dominum,
3239 3032 3292 3075 et
3344 3022 3633 3090 apparebit
3689 3023 3749 3075 in

2136 3107 2342 3173 medio,
2375 3118 2430 3163 et
2453 3124 2616 3178 Opera
2644 3111 2926 3182 sanguinis
2951 3122 3116 3184 atque
3146 3126 3362 3170 terrena
3395 3115 3536 3171 sicut
3563 3116 3754 3185 pulvis

2129 3204 2388 3275 jacehunt
2432 3214 2487 3260 et
2514 3215 2775 3274 stercora,
2812 3216 2866 3262 et
2909 3217 3193 3278 argentum
3223 3219 3282 3266 et
3311 3226 3505 3265 aurum
3535 3210 3747 3267 divites

2133 3298 2200 3354 de
2249 3298 2338 3353 die
2382 3299 2475 3353 il‘iI‘.
2518 3315 2629 3354 non
2657 3310 2918 3370 poterunt
2955 3291 3205 3371 liberare,
3237 3304 3498 3362 audiente
3525 3320 3616 3370 eo,
3645 3309 3748 3375 qni

2133 3392 2370 3447 moritur
2399 3411 2409 3446 :
2447 3393 2640 3458 Stulte,
2672 3395 2770 3448 hac
2797 3404 2946 3449 nocte
2975 3397 3185 3451 tolletur
3226 3399 3402 3452 auium
3431 3407 3522 3453 tua
3573 3416 3609 3452 α
3655 3409 3750 3465 te;

2131 3503 2248 3557 qua:
2286 3501 2457 3541 autem
2502 3491 2722 3560 parasti,
2766 3493 2918 3558 cuius
2946 3500 3100 3545 erunt
3145 3491 3297 3560 (Luc.
3329 3509 3425 3558 Ill,
3473 3492 3592 3561 20)?
3619 3493 3748 3548 Non

2131 3580 2276 3651 quod
2310 3595 2570 3652 negemus
2617 3598 2807 3637 aurum
2838 3591 2893 3638 et
2921 3593 3204 3655 argentum
3251 3586 3450 3642 divites
3495 3587 3624 3642 libeu
3643 3604 3750 3643 are

2133 3673 2202 3730 de
2231 3686 2406 3730 morte
2435 3695 2446 3729 :
2481 3675 2784 3746 Redemptio
2807 3680 2942 3732 enim
2981 3679 3077 3732 viri
3109 3680 3322 3746 anitum,
3353 3680 3578 3750 proprie
3607 3679 3751 3733 diei-

2135 3769 2221 3822 tia:
2265 3766 2452 3838 (Prov.
2492 3785 2603 3832 un,
2635 3769 2722 3840 8);
2777 3771 2873 3825 sed
2919 3773 3066 3840 quod
3111 3788 3177 3826 eo
3223 3783 3469 3842 tempore
3497 3772 3747 3827 liberare

2135 3875 2243 3914 non
2279 3864 2510 3931 possint,
2545 3862 2762 3932 quando
2792 3862 3010 3919 divitias
3055 3865 3384 3920 necessitate
3430 3865 3743 3919 dimittunt.

2133 3954 2323 4011 Omnis
2367 3958 2512 4011 enim
2561 3966 2709 4013 terra
2752 3967 2805 4013 et
2855 3957 3110 4014 universa
3153 3975 3277 4029 qua:
3327 3969 3542 4016 terrena
3585 3970 3743 4026 sunt,

2136 4048 2258 4104 zelo
2291 4050 2504 4105 Domini
2549 4050 2976 4107 devorabuntur.
3012 4052 3247 4122 thuod
3273 4055 3371 4118 ait,
3419 4054 3530 4109 zelo
3569 4050 3620 4119 ἀ,
3651 4053 3744 4108 in-

2139 4141 2318 4211 tellige
2349 4143 2529 4196 adhuc
2551 4154 2827 4199 amantem
2862 4143 3173 4198 Dominum.
3219 4144 3331 4199 Nisi
3357 4146 3508 4200 enim
3529 4155 3748 4199 amaret

2141 4235 2430 4291 humanam
2462 4236 2722 4302 animam,
2759 4254 3050 4307 numquam
3079 4238 3352 4293 uetaretur
3389 4252 3548 4293 eam:
3586 4247 3644 4291 et
3688 4238 3746 4292 in

2137 4330 2554 4386 similitudinem
2589 4330 2792 4396 mariti,
2826 4342 3109 4400 peccatum
3145 4330 3505 4385 ulcisceretur
3531 4329 3745 4396 uxoris,

2135 4424 2250 4494 qui,
2276 4423 2321 4477 si
2345 4439 2450 4478 non
2469 4433 2697 4492 amaret,
2729 4438 2830 4479 nec
2851 4424 2919 4478 de
2947 4423 3212 4478 adulterio
3234 4423 3354 4491 ejus
3383 4423 3746 4478 irasceretur.

2142 4515 2210 4571 Et
2242 4515 2345 4570 hoc
2375 4515 2532 4570 faciet
2565 4515 2830 4570 Dominus
2859 4533 2979 4570 cum
3013 4514 3360 4571 festinatione
3389 4519 3599 4571 cunctis
3641 4515 3744 4570 ba-

2140 4608 2444 4664 bitantibus
2495 4621 2718 4672 terram,
2769 4609 2852 4663 his
2878 4611 2968 4680 qui
3009 4623 3067 4663 se
3111 4610 3335 4679 penitus
3369 4618 3527 4664 terrae
3577 4608 3748 4663 dede-

2140 4713 2288 4770 runt,
2310 4711 2364 4757 et
2385 4719 2489 4756 non
2521 4705 2739 4756 fuerunt
2762 4703 3055 4757 advcntnet
3073 4703 3372 4771 peregrini,
3407 4701 3747 4770 sicutjustus

2137 4799 2230 4868 qui
2267 4796 2505 4866 loquitur
2531 4813 2544 4849 :
2578 4797 2786 4850 Adrena
2815 4814 2928 4852 sum
2956 4812 3050 4864 ego
3080 4797 3135 4850 in
3165 4805 3322 4861 terra,
3347 4805 3397 4848 et
3437 4793 3746 4864 peregrinus

2139 4895 2271 4948 sicut
2311 4909 2486 4946 omnes
2516 4902 2688 4962 patres
2731 4891 2828 4945 mei
2860 4889 2981 4962 (Ps.
3018 4903 3252 4956 xxxviii,
3286 4887 3401 4960 15).
3431 4888 3496 4942 Et
3528 4903 3746 4942 rursum

2143 4985 2271 5040 alibi
2303 4984 2493 5038 nolens
2536 4983 2740 5036 diutius
2775 4984 2825 5036 in
2859 4982 3211 5036 tabernaculo
3250 4981 3431 5034 carnis
3470 4979 3745 5046 habitare,

2146 5077 2481 5147 lacrytnabtli
2512 5091 2642 5131 voce
2673 5085 2923 5142 testatur,
2949 5077 3170 5131 dicens:
3197 5074 3315 5128 Heu
3341 5075 3486 5138 mihi,
3513 5074 3633 5140 quia
3658 5090 3748 5144 pe-

2143 5172 2431 5244 regrinatio
2477 5188 2592 5226 mea
2635 5173 2944 5242 prolongata
2983 5181 3055 5225 est
3085 5170 3205 5242 (Ps.
3237 5185 3384 5234 CXIX,
3419 5170 3495 5239 5).
3527 5168 3746 5223 Etenim

2145 5269 2237 5337 qui
2285 5281 2473 5320 sumus
2507 5266 2559 5320 in
2595 5267 2943 5321 tabernaculo
2969 5265 3214 5334 corporis
3244 5263 3428 5332 hujus,
3475 5263 3746 5332 ingemis-

2133 5381 2303 5448 guine
2329 5380 2524 5434 dicitur
2551 5380 2599 5432 in
2632 5379 2942 5448 Scriptura:
2991 5378 3175 5448 Anima
3199 5376 3334 5430 enim
3361 5374 3530 5428 quinis
3571 5376 3749 5428 carnis

2141 5447 2194 5508 in
2219 5453 2471 5522 sanguine
2495 5462 2566 5505 est
2596 5447 2953 5522 (Levithvtt,
2980 5447 3291 5522 H)._MART.

2219 5533 2240 5562 ε
2275 5516 2337 5578 1ιὶ
2363 5521 2551 5592 Regia.
2582 5516 2704 5588 "‘15.,
2739 5516 3124 5588 e/fumlctur'ab
3151 5537 3208 5574 eo
3230 5520 3381 5574 etiam
3409 5518 3464 5572 id
3482 5516 3622 5588 quod
3650 5517 3750 5571 sibi

2145 5596 2432 5658 ridebatur,
2460 5602 2564 5649 etc.

2218 5664 2242 5702 τι
2273 5666 2500 5736 Supplel
2528 5664 2795 5721 Victorius
2821 5664 3048 5728 Domini,
3077 5673 3132 5720 et
3157 5678 3256 5733 pro
3279 5670 3677 5730 amaret,amat,
3695 5669 3753 5717 et

2151 5755 2247 5808 pro
2277 5739 2605 5806 irasceretur,
2635 5739 2881 5791 irascitur
2907 5737 3056 5806 legit.
