4050 6342
297 190 454 252 1557

1097 190 1751 256 COMMENTARIOBUM
1790 190 1856 252 IN
1889 187 2290 252 SOPHONIAM
2327 187 2552 248 LIBER.
2586 185 2742 248 CAP.
2777 189 2841 248 ll.

3464 192 3490 249 -Ι
3503 193 3607 251 558

316 309 489 364 cimus
527 315 961 378 conquerentes:
1011 309 1170 368 Miser
1206 328 1300 386 ego
1341 311 1514 380 homo,
1542 309 1656 384 quis
1681 327 1760 366 me
1789 309 1913 366 libe-
1939 317 1985 378 Α
2017 315 2064 360 et
2083 308 2180 377 ﬂos
2205 306 2394 360 decidit
2428 321 2446 360 :
2489 304 2696 360 uerbum
2725 314 2898 360 autem
2935 301 3148 359 Domini
3172 311 3343 359 manet
3371 305 3424 359 in
3456 316 3610 361 teter—

316 401 449 455 rabit
477 400 541 456 de
563 418 775 476 corpore
797 405 974 462 mortis
1001 406 1157 480 hujus
1186 405 1365 481 (Rom.
1399 422 1496 472 vn,
1522 403 1642 478 24)?

391 489 545 566 (Cap.
591 495 659 551 II.
687 526 752 539 --
791 497 943 554 Vers.
975 498 1025 564 1,
1060 499 1142 570 ‘2.)
1170 499 1336 574 696
1360 497 1652 564 Conuenite,
1701 516 1914 571 congre-

313 592 531 664 gamini,
579 609 702 664 gens
733 609 834 646 non
863 592 1102 648 amabilis
1143 610 1163 649 :
1203 595 1508 666 priusquam
1551 597 1719 664 pariat
1737 596 1914 668 jussio

313 685 466 757 quasi
516 683 781 756 pulverem
829 695 1172 742 transeuntem
1203 685 1337 743 diem
1374 703 1394 742 :
1435 697 1710 762 antequam
1749 689 1916 744 veniat

314 794 472 847 super
496 793 583 831 vos
624 779 705 832 ira
751 777 948 850 furoris
991 777 1223 846 Domini,
1257 789 1533 852 antequam
1573 780 1740 836 ueniat
1760 796 1918 854 super

299 887 405 950 (vos
431 871 508 924 ira
530 870 903 942 indignationis
927 870 1105 946 [Vulg
1125 873 1233 927 dies
1254 873 1470 948 furoris]
1487 873 1715 930 Domini.
1741 873 1912 932 LXX:

317 961 715 1038 Congregamini
741 973 786 1020 et
819 963 1159 1038 colligamini,
1195 983 1318 1040 gens
1362 976 1387 1003 ⁸
1413 967 1725 1024 inerudite:
1765 979 1914 1024 ante—

303 1074 469 1136 quam
499 1058 610 1112 sitis
638 1058 770 1112 sicut
806 1062 906 1132 [los
935 1064 1283 1132 pertransiens
1314 1062 1489 1118 diem:
1522 1073 1796 1135 antequam
1835 1079 1918 1120 ve-

317 1152 427 1206 niat
457 1151 535 1204 ira
562 1149 773 1205 Domini
799 1169 957 1223 super
981 1169 1069 1208 vos
1099 1162 1412 1221 :antequam
1451 1172 1609 1226 super
1636 1171 1722 1212 vos
1754 1155 1919 1210 irruat

316 1247 428 1301 dies
452 1247 544 1302 ira:
567 1248 761 1316 furoris
784 1246 1018 1303 Domini.
1038 1250 1165 1304 Post
1183 1250 1606 1321 descriptionem
1625 1251 1916 1316 malorum,

316 1355 439 1418 quae
459 1340 511 1395 in
539 1339 626 1395 die
655 1352 880 1401 ventura
912 1352 1038 1400 sunt
1056 1341 1271 1398 Domini
1297 1343 1622 1416 (secundum
1645 1342 1917 1416 duplicem

316 1431 649 1504 captivitatis
681 1434 1103 1504 expositionem,
1151 1451 1313 1508 quam
1345 1451 1508 1508 supra
1537 1435 1798 1506 diximus)
1827 1452 1922 1508 po—

317 1526 478 1602 pulus
520 1526 586 1581 ad
637 1526 1010 1598 pmnitentiam
1063 1539 1415 1602 provocatur,
1467 1536 1521 1586 et
1570 1527 1770 1586 dicitur
1818 1530 1866 1585 ei
1905 1547 1917 1582 :

319 1621 619 1690 Conuenite,
645 1633 691 1682 et
719 1625 1122 1696 eongregamini,
1157 1626 1291 1689 sive,
1320 1635 1380 1682 ut
1409 1628 1460 1684 in
1484 1622 1629 1682 LXX
1655 1624 1918 1694 scriptum

2015 418 2159 455 num.
2210 400 2504 455 Possumus
2554 401 2656 458 hoc
2705 400 2944 472 capitulo
2983 401 3058 454 uti
3106 416 3200 468 pro
3247 408 3530 470 tempore:
3567 402 3610 454 si

1988 493 2232 568 ,quando
2280 494 2582 552 viderimus
2623 495 2860 566 aliquem
2916 494 3216 550 honoribus
3265 493 3449 550 saeculi
3502 492 3612 566 [AL

2015 590 2184 645 addit.
2227 588 2494 664 deditum]
2517 599 2572 646 et
2601 588 3000 662 congregandis
3024 587 3231 644 divitiis
3259 596 3610 658 occupatum,

2017 683 2085 740 ad
2115 683 2411 740 Ecclesiam
2444 683 2530 740 vel
2559 698 2706 746 raro,
2745 681 2832 738 vel
2860 697 3152 753 numquam
3202 681 3413 748 venire,
3445 690 3498 736 et
3535 680 3610 734 di-

2018 792 2143 834 cere
2170 776 2236 830 ad
2263 792 2410 844 eum,
2439 791 2770 849 congregare
2801 783 2857 831 et
2900 775 3231 846 conjungere
3263 775 3460 847 p0pulo
3495 774 3612 840 Dei,

2020 873 2109 944 qui
2140 872 2357 930 Domini
2407 884 2678 943 praecepta
2721 886 2830 928 non
2878 869 3055 936 audis,
3109 880 3396 941 antequam
3439 869 3612 940 gloria

2021 973 2112 1022 tua
2145 976 2504 1038 pertranseat,
2537 974 2825 1038 antequam
2853 964 2970 1022 dies
3002 963 3095 1022 tibi
3149 965 3351 1024 furoris
3401 966 3613 1023 Domini

2020 1059 2293 1116 adveniat.

2096 1151 2296 1224 (Vers.
2331 1155 2383 1220 5,
2417 1151 2471 1205 4.
2500 1153 2519 1222 )
2566 1151 2796 1218 Ωιιιενὶιε
2825 1149 3127 1219 Dominum,
3161 1167 3338 1206 ontnes
3367 1152 3624 1205 mansueti

2025 1258 2198 1316 teme,
2228 1249 2314 1318 qui
2323 1247 2590 1322 judicium
2614 1249 2723 1319 ejus
2750 1246 2869 1301 estis
2892 1246 3092 1317 operati
3117 1261 3133 1299 :
3157 1245 3370 1318 quierite
3387 1249 3616 1318 justum,

2023 1341 2236 1413 quwrite
2263 1350 2590 1395 mansuetum
2620 1381 2632 1404 ,
2678 1341 2722 1395 si
2747 1339 3004 1411 quomodo
3030 1337 3423 1394 abscondamiui
3451 1339 3504 1392 in
3539 1337 3620 1390 die

2023 1437 2219 1506 furoris
2244 1435 2478 1492 Domini.
2507 1435 2642 1502 Quia
2663 1434 2806 1490 Gaza
2827 1435 3092 1491 destructa
3112 1433 3232 1503 erit,
3256 1443 3303 1490 et
3325 1433 3548 1490 Ascalon
3567 1433 3620 1487 in

2027 1529 2306 1586 desertum.
2335 1530 2555 1584 Azotum
2581 1531 2631 1583 in
2665 1529 2878 1586 meridie
2903 1529 3107 1605 ejicient
3129 1570 3143 1596 ,
3173 1538 3220 1583 et
3246 1528 3479 1583 Accaron
3505 1543 3621 1584 era-

2028 1620 2306 1678 dieabitur.
2342 1621 2486 1680 LXX
2522 1638 2536 1676 :
2568 1621 2796 1688 Qua’rite
2832 1621 3150 1684 Dominum.
3196 1637 3370 1677 omnes
3405 1619 3627 1676 humiles

320 1727 424 1782 est,
451 1713 478 1754 ιο
502 1715 844 1788 colligamini,
867 1715 922 1772 id
953 1729 1060 1783 est,
1085 1726 1263 1774 estote
1296 1717 1451 1775 vobis
1483 1717 1659 1789 (juxta
1687 1716 1926 1786 Aposto-
1953 1719 2001 1782 Β
2032 1723 2180 1772 terra:
2204 1732 2220 1770 :
2246 1717 2506 1785 judicium
2548 1716 2836 1788 operamini
2865 1757 2879 1784 ,
2919 1723 2969 1772 et
2999 1714 3260 1788 justitiam
3287 1714 3500 1785 qua’rite
3521 1756 3536 1782 ,
3584 1722 3631 1767 et

303 1809 456 1882 ,lum)
488 1807 772 1866 charitatis
798 1810 1016 1866 vinculo
1045 1809 1285 1880 copulati
1326 1829 1338 1866 :
1371 1827 1493 1882 gens
1524 1827 1626 1866 non
1655 1808 1920 1874 ainabilis,

321 1920 445 1976 quae
473 1918 660 1960 amore
691 1903 782 1960 Dei
824 1903 1042 1974 indigna
1071 1918 1130 1958 es
1159 1921 1170 1956 :
1217 1903 1331 1958 sive
1375 1919 1498 1978 gens
1541 1903 1825 1966 inerudita,
1859 1903 1925 1954 de

321 2011 425 2070 qua
449 1995 648 2051 dicitur
679 1997 729 2050 in
763 1997 1211 2054 Deuterouomio:
1237 1995 1477 2066 Populus
1507 1995 1728 2062 stultus,
1753 2008 1800 2054 et
1824 2010 1928 2050 non

323 2095 533 2163 sapiens
565 2093 746 2168 (Deut.
775 2109 946 2160 xxxn,
977 2092 1053 2164 6).
1086 2092 1154 2148 Et
1187 2092 1239 2148 in
1278 2090 1515 2147 Ieremia
1543 2107 1558 2146 ς
1601 2090 1729 2146 Sine
1772 2105 1928 2143 causa

328 2187 560 2258 percussi
591 2186 728 2256 filios
761 2196 980 2254 vestros,
1006 2185 1339 2257 disciplinam
1373 2201 1474 2239 non
1495 2184 1760 2255 recepistis
1791 2180 1924 2255 (Jer.

313 2293 386 2345 .tt,
423 2279 534 2350 50),
568 2288 858 2350 antequam
891 2277 984 2332 ﬁat
1019 2277 1166 2347 quod
1208 2277 1592 2348 prophetatum
1626 2283 1730 2341 est,
1774 2283 1930 2331 ante-

329 2388 490 2442 quam
523 2381 857 2441 przuceptum
901 2380 1164 2443 sequatur
1205 2370 1430 2426 cli'ectus
1463 2369 1629 2441 (quod
1663 2370 1731 2424 ita
1774 2367 1930 2424 facile

329 2465 510 2520 veniet
564 2470 716 2536 quasi
761 2466 936 2533 pulvis
981 2465 1407 2538 pertransiens),
1453 2472 1744 2534 antequam
1769 2477 1933 2532 super

330 2573 430 2614 vos
461 2557 612 2613 furor
657 2556 870 2614 Domini
901 2559 1255 2628 compleatur.
1302 2555 1588 2628 Simulque
1630 2571 1792 2612 cerne
1837 2554 1933 2610 Dei

333 2651 676 2706 clementiam
723 2668 736 2704 :
784 2649 1076 2706 suffecerat
1125 2649 1483 2718 prudentibus
1527 2648 1793 2705 malorum
1844 2663 1937 2704 ve-

335 2743 602 2799 nientium
647 2742 909 2816 impetmn
965 2742 1357 2812 descripsisse;
1415 2757 1600 2798 verum
1650 2741 1775 2812 quia
1827 2757 1933 2796 non

337 2836 454 2890 vult
481 2837 684 2894 inferre
713 2836 1001 2908 supplicia,
1033 2835 1130 2892 sed
1161 2846 1371 2890 tantum
1413 2843 1618 2889 terrere
1655 2848 1936 2904 passuros,

336 2927 454 3000 ipse
503 2927 568 2983 ad
601 2928 974 3000 pcenitentiam
1012 2938 1289 2999 provocat,
1340 2943 1407 2982 ne
1439 2927 1599 2981 faciat
1646 2925 1788 2997 quod
1838 2926 1939 2978 mi-

340 3029 500 3076 natus
532 3031 635 3076 est.
668 3020 1011 3077 Generaliter
1043 3029 1222 3076 autem
1250 3031 1362 3076 tota
1390 3018 1678 3075 multitudo
1708 3018 1937 3074 creden-

2028 1808 2332 1877 respondete
2358 1825 2438 1878 ea,
2470 1817 2527 1864 ut
2555 1808 2905 1882 protegamini
2930 1809 2985 1863 in
3011 1809 3096 1862 die
3124 1809 3216 1864 ira:
3240 1805 3472 1874 Domini,
3503 1808 3628 1880 quia

2031 1902 2174 1960 Gaza
2214 1905 2417 1972 direpta
2440 1904 2538 1960 erit
2565 1943 2580 1970 ,
2613 1914 2662 1958 et
2692 1902 2918 1958 Ascalon
2947 1904 3000 1958 in
3025 1903 3287 1958 desertum
3313 1919 3332 1958 :
3359 1914 3406 1956 et
3437 1902 3630 1956 Azotus

2029 2002 2083 2054 in.
2104 1999 2321 2054 meridie
2343 1998 2668 2072 projieietur,
2688 2005 2737 2054 et
2757 1997 2991 2054 Aecaron
3016 1997 3382 2052 eradicabitur.
3403 1995 3634 2050 llumilis

2035 2103 2196 2151 terrae
2221 2093 2529 2164 appellatur
2548 2134 2564 2158 ,
2595 2091 2690 2163 qui
2712 2107 2822 2148 non
2849 2091 3190 2156 humilitate,
3222 2105 3347 2161 qua:
3371 2091 3628 2145 virtutem

2030 2194 2192 2243 sonat
2217 2225 2233 2251 ,
2282 2184 2379 2242 sed
2409 2184 2644 2254 peccatis
2677 2183 2994 2238 humiliatus
3019 2191 3102 2237 est
3121 2223 3138 2248 ,
3168 2196 3270 2238 nec
3299 2189 3479 2251 potest
3508 2196 3629 2237 cum

2031 2276 2252 2333 Christo
2275 2275 2488 2332 dicere:
2507 2273 2700 2331 Discite
2729 2292 2761 2328 a
2785 2292 2886 2345 me,
2913 2275 3037 2346 quia
3057 2275 3194 2329 mitis
3215 2290 3358 2339 sum,
3385 2284 3434 2327 et
3455 2272 3630 2327 humi-

2037 2370 2099 2426 lis
2125 2371 2281 2426 corde
2302 2368 2522 2442 (Matth.
2551 2384 2626 2433 χι,
2649 2367 2766 2441 29).
2783 2367 2974 2424 Omnis
2996 2369 3139 2424 cnim
3159 2367 3252 2436 qui
3273 2382 3332 2423 se
3361 2366 3633 2431 humiliat,

2035 2461 2386 2518 exaltabitur.
2432 2461 2502 2516 Et
2534 2461 2588 2515 in
2619 2460 2733 2514 alio
2762 2459 2883 2517 loco
2905 2474 3090 2515 sermo
3119 2458 3187 2512 ad
3219 2467 3469 2514 sanctum
3500 2456 3606 2512 diri

2033 2555 2220 2626 gitur:
2251 2564 2456 2626 quanto
2479 2553 2655 2624 major
2683 2552 2876 2620 lueris,
2913 2561 3066 2608 tanto
3095 2551 3268 2623 magis
3296 2549 3526 2605 humilia
3559 2560 3635 2604 te-

2037 2651 2253 2720 ipsum,
2300 2659 2356 2704 et
2395 2663 2582 2706 coram
2617 2648 2731 2704 Deo
2755 2647 3002 2703 invenies
3034 2646 3268 2718 gratiam
3301 2643 3482 2714 (Eccl.
3519 2643 3632 2714 ιιι).

2036 2742 2138 2814 Qui
2172 2750 2352 2799 autem
2382 2741 2620 2814 peccatis
2645 2739 2959 2796 humiliatus
2979 2747 3088 2804 est,
3117 2747 3176 2795 et
3204 2747 3529 2809 aggravatus
3553 2745 3637 2792 est

2038 2836 2373 2892 conscientia
2402 2835 2747 2902 delictorum,
2779 2848 2841 2888 ac
2871 2833 3112 2903 loquitur
3138 2849 3150 2885 :
3181 2831 3329 2887 Sicut
3357 2847 3488 2886 onus
3514 2848 3636 2902 gra-

2039 2944 2116 2994 ue,
2149 2937 2374 3000 gravata:
2396 2939 2511 2984 sunt
2531 2944 2688 3000 super
2711 2943 2791 2983 me
2812 2925 2988 2995 (Psal.
3015 2940 3222 2990 xxxvn,
3247 2922 3327 2996 5),
3354 2925 3455 2979 iste
3478 2924 3640 2979 debet

2041 3021 2267 3079 audire:
2305 3020 2489 3076 Venite
2527 3021 2597 3076 ad
2642 3038 2721 3075 me
2749 3037 2924 3076 omnes
2959 3021 3048 3090 qui
3085 3018 3334 3074 laboratis
3358 3028 3405 3074 et
3435 3019 3639 3072 onerati

340 3112 497 3183 tium,
547 3123 598 3170 et
653 3129 843 3169 eorum
892 3114 984 3184 qui
1038 3113 1130 3168 Dei
1179 3111 1408 3184 populus
1459 3121 1822 3182 nuncupatur,
1882 3111 1935 3165 in
1966 3118 2012 3186 α
2041 3113 2185 3179 estis,
2213 3122 2262 3168 et
2285 3129 2377 3184 ego
2398 3113 2630 3183 reﬁciam
2653 3128 2740 3167 uos
2765 3111 2926 3184 (Mat.
2964 3128 3042 3177 ιι,
3069 3110 3186 3182 28).
3211 3110 3322 3166 Hoc
3343 3110 3545 3166 dictum
3571 3112 3638 3164 sit

339 3206 639 3266 Ecclesiam
669 3215 1054 3280 congregatur,
1097 3217 1150 3262 et
1191 3206 1388 3261 dicitur
1413 3205 1462 3261 ei
1508 3223 1520 3257 :
1555 3205 1852 3260 Convenite
1882 3206 1935 3259 in

341 3299 665 3368 Ecclesium,
701 3301 981 3357 sociamini
1016 3299 1170 3356 vobis
1203 3298 1306 3372 [ΑΙ.
1361 3296 1543 3370 nobis]
1587 3297 1854 3353 charitate
1883 3306 1940 3351 et

340 3407 494 3463 pace,
523 3407 556 3448 ο
599 3407 732 3464 gens
783 3391 1076 3457 inerudita,
1125 3406 1246 3461 qua:
1279 3405 1385 3446 non
1416 3387 1498 3442 vis
1547 3388 1639 3443 Dei
1695 3388 1939 3460 recipere

340 3481 710 3554 disciplinam,
743 3499 844 3540 nec
869 3485 1071 3542 habere
1087 3483 1373 3538 scientiam
1393 3479 1772 3536 mandatorum
1789 3479 1935 3550 ejus;

340 3579 436 3634 sed
478 3579 683 3634 divitiis
727 3587 783 3635 et
835 3579 1082 3648 corporis
1136 3577 1370 3632 sanitate
1422 3585 1477 3631 et
1537 3573 1939 3643 pulchritudine

339 3669 504 3742 hujus
557 3669 782 3739 smcttli,
853 3671 1034 3727 carnis
1092 3684 1309 3740 quoque
1365 3669 1736 3738 voluptatibus
1790 3667 1940 3724 dele-

339 3766 540 3832 ctaris,
585 3780 710 3834 qua:
767 3765 964 3819 transit
1014 3763 1167 3835 quasi
1222 3762 1321 3817 ﬂos
1383 3763 1474 3834 qui
1528 3763 1582 3816 in
1633 3777 1738 3816 una
1791 3777 1937 3815 mar-

339 3860 511 3914 cescit
539 3857 647 3913 die.
698 3857 998 3928 Propterea
1040 3865 1220 3910 autem
1253 3855 1373 3910 dico
1415 3854 1595 3922 vobis,
1626 3855 1934 3920 convenite,

342 3953 648 4016 sociamini,
683 3968 752 4010 ne
799 3968 922 4008 eum
949 3951 1142 4024 judicii
1173 3962 1390 4022 tempus
1410 3952 1644 4018 venerit,
1675 3961 1728 4008 et
1760 3952 1940 4007 omnis

341 4047 516 4118 gloria
543 4056 722 4102 vestra
757 4045 1066 4102 transierit:
1101 4053 1228 4100 tunc
1257 4044 1443 4102 velitis
1473 4059 1634 4116 agere
1669 4047 1937 4118 paeniten-

341 4143 497 4210 tiam,
528 4141 745 4212 quando
773 4142 925 4198 locus
950 4157 1056 4196 non
1088 4141 1190 4196 erit
1236 4140 1590 4208 ptenitentiae,
1634 4140 1729 4195 sed
1763 4155 1943 4211 paena-

343 4250 485 4292 rum.
538 4233 756 4306 Qumrat
802 4235 1020 4306 aliquis,
1080 4233 1354 4304 quomodo
1409 4233 1512 4288 hoc
1556 4232 1729 4303 ipsum
1778 4247 1942 4303 super

341 4342 674 4398 uanuoque
722 4329 988 4399 migrante
1021 4325 1089 4381 de
1118 4325 1322 4381 szeculo
1353 4325 1526 4396 possit
1566 4323 1816 4396 intelligi.
1853 4325 1942 4380 Di—

345 4423 488 4478 citur
515 4419 679 4494 697
708 4436 839 4492 ergo
867 4421 932 4476 ad
959 4421 1237 4490 singulos:
1272 4419 1316 4475 Ο
1341 4429 1420 4486 tu,
1451 4419 1542 4492 qui
1560 4421 1742 4475 saiculi
1773 4435 1941 4491 nego-

2044 3210 2097 3264 in
2139 3208 2412 3280 principio
2450 3207 2750 3265 secundum
2784 3206 2924 3265 LXX
2968 3207 3324 3278 interpretes.
3367 3207 3638 3265 Caeterum

2035 3300 2193 3373 juxta
2229 3301 2554 3357 llebraicum
2584 3301 2724 3355 alter
2751 3315 2943 3356 sensus
2987 3309 3091 3358 est.
3140 3299 3348 3356 Dicitur
3384 3301 3527 3355 enim
3574 3301 3641 3356 ad

2044 3402 2264 3448 sanctos
2296 3410 2309 3447 :
2339 3394 2382 3448 Ο
2412 3407 2508 3448 vos
2534 3433 2547 3458 ,
2596 3392 2685 3464 qui
2715 3408 2832 3448 mea
2862 3402 3139 3464 prwcepta
3176 3392 3468 3448 custoditis
3495 3438 3508 3462 ,
3550 3394 3640 3463 qui

2042 3486 2211 3559 698
2257 3485 2309 3540 in
2351 3495 2496 3540 terra
2528 3485 2730 3555 positi,
2778 3495 2830 3540 et
2857 3485 3090 3541 scientes
3117 3528 3132 3552 ,
3173 3487 3432 3557 quoniam
3465 3488 3644 3542 omnis

2045 3582 2137 3652 qui
2169 3595 2230 3635 se
2258 3578 2503 3636 humiliat
2532 3579 2860 3636 exaltabitur
2886 3621 2899 3646 ,
2934 3578 3130 3635 imitati
3159 3581 3292 3636 estis
3325 3590 3640 3638 mansuetu-

2046 3671 2229 3728 dinem
2261 3687 2460 3735 meam,
2494 3680 2550 3728 et
2570 3671 2838 3740 judicium
2869 3671 3005 3730 estis
3025 3672 3259 3742 operati,
3285 3673 3515 3745 quaerite
3542 3674 3643 3728 Do-

2047 3765 2253 3822 minum
2281 3765 2334 3821 in
2362 3763 2780 3822 mansuetudine
2795 3774 2996 3822 vestra.
3025 3765 3150 3822 Etsi
3179 3765 3342 3821 vultis
3355 3767 3498 3822 scire
3524 3766 3645 3836 quis

2048 3855 2152 3914 iste
2182 3857 2252 3912 sit
2277 3855 2543 3913 Dominus
2567 3898 2581 3923 ,
2609 3857 2835 3926 quaerite
2858 3857 3061 3928 justum
3083 3899 3098 3924 ,
3125 3859 3360 3928 quaarite
3389 3874 3644 3916 mansue-

2049 3958 2159 4005 tum
2193 3969 2206 4006 ε
2233 3949 2396 4005 Pater
2421 3950 2558 4004 enim
2580 3967 2729 4006 omne
2744 3951 3010 4023 judicium
3032 3953 3171 4006 dedit
3193 3950 3338 4008 Filio
3367 3951 3553 4026 (Joan.
3590 3973 3642 4021 v,

2046 4043 2160 4118 22)
2190 4087 2204 4113 ,
2235 4044 2329 4116 qui
2365 4055 2386 4084 ε
2417 4048 2562 4114 justo
2589 4044 2940 4116 iudicaturus
2970 4054 3080 4102 est.
3110 4046 3178 4102 Et
3205 4047 3327 4116 quia
3363 4045 3482 4120 [ΑΙ.
3515 4047 3646 4121 qui]

2048 4141 2322 4202 mansueti
2341 4139 2476 4196 estis
2501 4181 2518 4207 ,
2561 4148 2862 4211 propterea
2892 4139 3122 4212 quaerite
3152 4151 3496 4198 mansuetum
3526 4186 3540 4211 ,
3589 4153 3647 4197 ut

2047 4231 2309 4305 quidquid
2343 4233 2396 4288 in
2430 4242 2612 4289 vestra
2645 4233 3067 4290 mansuetudine
3095 4235 3276 4290 minus
3313 4243 3399 4290 est
3420 4276 3435 4301 ,
3479 4236 3548 4291 ab
3579 4250 3646 4291 eo

2024 4328 2140 4404 qui
2167 4329 2286 4383 fons
2317 4337 2401 4382 est
2431 4327 2866 4384 mansuetudinis
2891 4368 2906 4396 ,
2949 4329 3260 4396 impleatur.
3307 4328 3426 4385 Hoc
3457 4341 3640 4386 autem

2049 4420 2172 4476 dico
2205 4421 2358 4477 vobis
2387 4439 2399 4475 :
2431 4420 2488 4478 Si
2513 4420 2792 4492 quomodo
2812 4419 3222 4476 abscondamiui
3253 4421 3305 4476 in
3329 4421 3418 4478 die
3445 4421 3648 4478 furoris

341 4514 435 4571 tils
466 4522 780 4585 occupatus,
833 4529 929 4584 per
960 4514 1178 4569 diversa
1224 4511 1515 4578 discurris,
1563 4521 1843 4569 revertere
1892 4513 1942 4567 in
1972 4499 2024 4562 Ι)
2053 4513 2296 4579 Domini,
2331 4512 2434 4568 hoc
2460 4520 2580 4579 est,
2608 4513 2651 4567 si
2685 4511 2828 4567 forte
2854 4511 3076 4582 possitis
3105 4527 3168 4567 es
3195 4527 3295 4582 eo,
3327 4514 3473 4585 quod
3499 4530 3650 4585 qua:-

345 4618 663 4667 sanctorum
715 4607 1039 4674 Ecclesium,
1087 4615 1142 4662 et
1186 4606 1352 4677 junge
1401 4614 1454 4662 te
1497 4620 1687 4662 eorum
1734 4607 1859 4661 vitae
1889 4617 1944 4662 et

345 4703 512 4760 cretei
551 4717 689 4772 quos
719 4701 868 4758 vides
899 4701 1116 4772 placere
1143 4700 1278 4765 Deo,
1316 4707 1371 4755 et
1399 4698 1662 4754 dissoluta
1698 4699 1943 4755 membra

345 4797 541 4853 animre
584 4806 690 4852 tua:
738 4811 838 4850 nec
867 4794 1312 4850 sibicobmrentia
1362 4793 1416 4848 in
1457 4807 1619 4848 unam
1661 4793 1943 4862 sapientia:

341 4904 482 4959 coge
511 4901 854 4960 compagem,
889 4896 945 4944 et
981 4886 1125 4941 illius
1157 4885 1303 4940 haere
1333 4885 1664 4953 eomplexui,
1719 4893 1774 4940 et
1820 4883 1945 4939 audi

343 4980 578 5055 mystice
606 4998 620 5036 :
647 4981 1048 5052 Confortamini,
1101 4996 1286 5036 manus
1311 4978 1612 5035 dissolutae:
1645 4995 1812 5051 genua
1851 4980 1938 5034 de-

344 5075 496 5144 bilia,
524 5075 828 5132 solidamini
857 5072 1012 5147 (lsai.
1042 5089 1132 5140 ιιι,
1162 5073 1216 5143 7)
1253 5093 1266 5130 :
1299 5088 1400 5130 nec
1424 5074 1674 5144 glorieris
1701 5073 1754 5128 in
1789 5073 1944 5128 bonis

345 5167 552 5236 carnis,
586 5177 641 5225 et
663 5168 781 5238 ejus
809 5167 944 5222 ﬂore
984 5167 1075 5239 qui
1101 5167 1342 5237 praeterit
1381 5183 1394 5222 :
1429 5166 1611 5222 Omnis
1641 5168 1779 5224 enim
1823 5183 1944 5221 caro

351 5259 549 5332 fenum,
575 5268 622 5315 et
646 5265 812 5318 omnis
834 5257 1003 5336 gloria
1014 5262 1126 5332 ejus
1146 5259 1294 5330 quasi
1315 5260 1413 5330 ﬂos
1436 5259 1561 5330 feni.
1576 5257 1728 5316 Aruit
1743 5264 1942 5330 fenum,

429 5430 455 5460 ι
496 5421 596 5478 Ms.
645 5422 905 5493 Regium,
953 5440 1076 5494 gens
1123 5438 1225 5477 non
1255 5422 1547 5494 inerudito,
1590 5423 1950 5482 dissentiente

259 5515 268 5517 ’
349 5492 564 5565 Graeco,
598 5505 653 5552 et
674 5492 826 5560 max,
859 5492 1210 5565 pertransiens
1241 5493 1364 5552 diei.

425 5563 452 5603 b
481 5564 583 5622 Pro
611 5563 951 5632 colligamini,
989 5568 1129 5622 idem
1164 5582 1266 5623 ms.
1297 5566 1461 5622 habet
1482 5566 1947 5632 soeiamini,quam

353 5636 472 5707 ipse
494 5635 712 5721 videtur
737 5635 1105 5710 Hieronymus
1135 5639 1420 5694 lectionem
1449 5639 1685 5708 probare
1707 5637 1760 5697 in
1788 5635 1948 5697 Com-

355 5718 643 5770 mentario.

2047 4606 2196 4662 sistis
2218 4605 2528 4674 Dominum,
2545 4615 2603 4661 et
2616 4605 2884 4677 justitiam
2907 4605 3025 4676 ejus
3047 4604 3074 4644 ά
3097 4608 3230 4665 estis
3247 4613 3482 4679 operati,
3509 4611 3643 4666 iram

2049 4699 2152 4756 diei
2184 4701 2359 4756 vitare
2386 4700 2657 4757 venientis
2682 4746 2695 4769 ,
2739 4710 2793 4756 et
2819 4701 3060 4774 ellugere
3089 4703 3482 4774 captivitatem,
3525 4720 3647 4775 quin

2050 4792 2140 4849 vel
2170 4809 2198 4847 a
2229 4792 2732 4867 Nabuchodonosor
2754 4835 2769 4861 ,
2805 4795 2947 4850 vela
2968 4795 3224 4856 Romanis
3253 4797 3532 4854 inferenda
3563 4807 3651 4855 est

2048 4888 2248 4958 populo
2275 4886 2606 4943 Judaeorum.
2643 4887 2700 4944 Si
2728 4897 2908 4944 autem
2941 4889 3010 4946 de
3041 4889 3125 4946 bis
3153 4889 3366 4946 dubitat
3396 4891 3514 4964 [AL
3548 4891 3647 4947 du-

2047 4977 2254 5053 bitant]
2283 5022 2295 5045 ,
2328 4981 2418 5051 qui
2443 4980 2562 5050 ejus
2590 4980 2794 5049 judicia
2827 4982 3075 5046 fecerint,
3107 4982 3294 5038 dicens
3323 4981 3430 5055 [ΑΙ.
3462 4985 3650 5041 dicen-

2051 5071 2187 5144 tes]:
2206 5071 2265 5127 Si
2296 5073 2557 5145 quomodo
2586 5072 2978 5128 abscondamiui
3006 5074 3058 5128 in
3089 5073 3173 5128 die
3201 5075 3394 5146 furoris
3413 5073 3648 5145 Dontini,

2052 5166 2180 5238 quid
2207 5167 2296 5225 lict
2315 5165 2384 5224 de
2401 5168 2812 5244 peccatoribus?
2836 5167 3008 5224 Tanta
3031 5168 3179 5223 enim
3204 5170 3430 5226 vastitas
3449 5170 3649 5227 Judaue

2055 5269 2214 5318 terra:
2242 5261 2446 5328 veniet,
2478 5270 2535 5317 et
2562 5270 2670 5316 tam
2699 5260 2950 5316 sublimis
2977 5262 3152 5317 victor
3185 5263 3289 5317 huc
3321 5262 3652 5336 Babylonius

2133 5437 2154 5466 ε
2197 5425 2402 5500 vocem
2424 5429 2596 5500 juste,
2644 5443 2804 5497 quam
2838 5443 2908 5482 ex
2946 5426 3150 5500 nostris
3181 5442 3311 5484 inss.
3343 5443 3407 5484 ac
3440 5430 3646 5498 pridem

2058 5496 2338 5571 _V_ictorius
2367 5513 2397 5553 e
2425 5496 2541 5554 suis
2566 5540 2581 5568 ,
2617 5496 2804 5568 utpote
2839 5499 3208 5555 necessariam
3235 5543 3247 5567 ,
3292 5496 3647 5571 repoﬂerat,

2055 5568 2306 5638 Martiali.
2341 5571 2711 5638 praetermisit.
3065 5605 3072 5612 -

2123 5637 2152 5715 ἐ
2196 5637 2790 5715 νθιιιιει-ησειίδνορεναιὶ,
2817 5643 3009 5715 Regio.
3040 5659 3138 5700 ms.
3169 5659 3274 5700 non
3303 5643 3469 5702 habet
3495 5663 3505 5698 :
3535 5653 3646 5700 tum

2052 5709 2173 5781 Dei,
2205 5727 2329 5768 eum
2369 5709 2628 5783 Victoria,
2663 5709 3081 5788 pro’diei'legit.
