4028 6342
414 276 552 333 1559

1660 271 1719 331 S.
1764 270 2040 332 EUSEBII
2076 271 2462 332 HIERONYMI

3568 263 3715 326 i360

412 391 675 448 ascendet
721 389 994 447 exercitus
1020 436 1033 459 ,
1089 396 1150 444 ut
1192 389 1354 445 etiam
1397 389 1804 460 potentissimas
1852 389 2014 446 urbes
2039 391 2089 451 Α
2120 407 2244 463 gens
2268 390 2588 461 perditorum
2612 402 2631 443 :
2655 387 2859 443 verbum
2882 383 3095 441 Domini
3115 398 3273 456 super
3294 398 3405 451 vos,
3434 382 3716 447 Chanaan,

415 488 825 543 Philistinorum
860 528 873 550 ,
926 501 1046 556 qtta:
1085 500 1303 555 semper
1334 484 1491 541 vobis
1518 501 1673 555 atquo
1714 485 2016 541 certamine

414 582 780 646 restiterunt,
832 579 1020 634 eadem
1075 579 1368 648 captivitas
1420 578 1815 649 apprehendat.
1870 577 2015 635 Gaza

415 678 558 729 enim
590 676 874 731 destructa
905 674 1032 739 erit,
1066 683 1121 729 et
1146 674 1379 728 Ascalon
1410 674 1461 728 in
1495 672 1846 728 solitudinem
1877 670 2016 726 redi-

411 782 594 840 getur,
628 780 681 825 et
710 769 967 835 Azotum,
1004 784 1110 824 non
1148 770 1317 835 furto,
1345 768 1442 824 sed
1473 768 1638 834 bello,
1672 766 1724 821 id
1758 776 1863 829 est,
1900 781 2016 821 ma-

412 865 607 920 nifesta
642 867 763 921 luce
794 874 960 935 atque
990 863 1222 918 victoria
1258 865 1309 918 in
1339 863 1717 935 captivitatem
1750 861 2011 917 trahent:

409 968 462 1013 et
486 961 749 1021 Accaron.
780 974 904 1030 qua:
936 960 1331 1029 interpretatur
1360 958 1647 1011 eradicatio
1669 1002 1682 1026 ,
1718 956 1821 1011 hoc
1850 955 2017 1011 sn5ti-

412 1052 566 1108 nebit
590 1098 603 1121 ,
639 1052 783 1123 quod
813 1053 865 1106 in
906 1066 1007 1106 suo
1037 1051 1307 1106 vocabulo
1336 1058 1525 1118 sonat,
1561 1049 1613 1104 id
1637 1058 1742 1117 est,
1779 1048 2015 1103 eradica-

407 1144 569 1199 bitur.
621 1145 733 1199 lloc
772 1144 925 1213 juxta
968 1144 1204 1199 litteram
1245 1155 1300 1199 et
1331 1143 1654 1199 llebraicam
1698 1142 2010 1198 veritatem.

405 1242 567 1297 Juxta
591 1240 949 1311 Septuaginta
966 1252 1143 1295 autem
1168 1244 1485 1313 prmcipitur
1502 1242 1801 1297 humilibus
1826 1250 2009 1308 terrae,

409 1335 477 1391 de
510 1335 713 1404 quibus
734 1350 899 1403 supra
933 1334 1139 1389 dictum
1171 1346 1272 1395 est.
1309 1345 1368 1390 ut
1398 1346 1694 1407 operentur
1718 1334 2013 1405 judicium,

403 1436 459 1483 et
498 1436 753 1498 qumrant
791 1427 1106 1497 justitiam,
1158 1443 1322 1497 quam
1368 1442 1474 1482 non
1522 1440 1653 1496 puto
1695 1428 1855 1482 aliam
1890 1440 2014 1480 esse

406 1530 611 1587 praeter
634 1518 932 1573 Christum.
962 1518 1029 1573 Et
1052 1519 1174 1588 quia
1200 1521 1380 1574 omnis
1402 1520 1491 1590 qui
1516 1521 1739 1591 qumrit,
1771 1517 2015 1573 inveniet

408 1608 568 1676 (Mat.
598 1624 691 1672 vn,
724 1606 802 1680 ts),
836 1609 888 1662 id
908 1610 1053 1679 quod
1083 1609 1423 1678 invenerint,
1456 1611 1579 1666 aliis
1609 1610 2008 1680 restiondeant,

411 1704 514 1756 hoc
546 1709 632 1756 est
655 1747 667 1769 ,
708 1701 843 1755 alios
871 1700 1108 1756 doceant
1136 1719 1149 1755 :
1182 1702 1461 1772 Sapientia
1494 1705 1631 1757 enim
1658 1703 1967 1756 abscondita
1995 1742 2010 1768 ,

2118 493 2257 539 terra
2292 482 2737 537 Philisthinorum
2762 498 2781 537 ,ο
2806 491 2854 535 et
2882 479 3180 553 disperdam
3216 489 3263 535 te
3302 480 3375 533 ita
3410 488 3466 533 ut
3498 494 3603 532 non
3641 477 3719 530 sit

2116 575 2377 630 habitator
2407 574 2589 648 [Vulg.
2623 571 2995 647 inhabitator].
3045 572 3114 627 Et
3139 573 3233 627 erit
3264 572 3525 643 funiculus
3550 569 3722 624 maris

2115 671 2314 741 requies
2341 679 2631 740 pastorum,
2662 678 2707 724 et
2738 669 2907 723 cauta:
2932 684 3175 740 pecorum
3201 682 3219 721 :
3248 676 3296 721 et
3321 666 3418 722 erit
3446 666 3719 738 funiculus

2116 768 2227 837 ejus
2257 765 2347 837 qui
2374 766 2679 820 remanserit
2711 766 2774 821 de
2804 765 2958 819 domo
2980 762 3125 818 Juda
3163 780 3181 819 :
3219 763 3292 817 ibi
3323 770 3624 833 pascentur,
3656 762 3725 815 in

2117 859 2356 913 domibus
2384 858 2653 913 Ascalonis
2681 858 2749 913 ad
2775 872 3038 928 vesperam
3065 857 3389 928 requiescent
3428 868 3448 909 :
3485 854 3610 926 quia
3636 852 3727 907 vi-

2116 952 2293 1005 sitabit
2324 969 2409 1006 eos
2444 951 2699 1006 Dominus
2730 949 2872 1006 Deus
2899 967 3078 1006 eorum
3100 992 3114 1017 ,
3144 957 3191 1004 et
3218 956 3409 1004 avertet
3441 947 3730 1019 captivita-

2117 1053 2218 1098 tem
2241 1060 2439 1098 eorum.
2474 1042 2619 1099 LXX
2648 1061 2662 1098 :
2703 1041 2793 1098 Va:
2818 1044 2907 1115 qui
2932 1042 3176 1098 habitatis
3207 1042 3501 1115 funiculum
3524 1040 3725 1109 maris,

2115 1135 2142 1175 δ
2165 1137 2378 1191 adventu
2401 1136 2725 1192 Cretensium
2747 1152 2765 1190 :
2788 1136 2993 1191 verbum
3018 1134 3234 1191 Domini
3257 1151 3412 1206 super
3432 1150 3542 1202 vos,
3574 1131 3727 1187 Cha-

2116 1247 2253 1285 naan
2277 1272 2292 1296 ,
2333 1240 2470 1284 terra
2496 1227 2900 1301 Allophylorum
2926 1275 2939 1299 ,
2990 1239 3038 1284 et
3065 1229 3280 1301 perdam
3307 1244 3396 1283 vos
3421 1229 3483 1282 de
3509 1226 3728 1280 habita-

2117 1324 2277 1379 tione.
2308 1324 2376 1378 Et
2405 1325 2499 1379 erit
2531 1323 2682 1379 Creta
2708 1341 2902 1395 pascua
2929 1340 3144 1396 gregum
3168 1367 3183 1389 ,
3217 1332 3269 1379 et
3293 1322 3427 1379 ovile
3444 1338 3721 1395 pecorum,

2114 1425 2163 1470 et
2192 1416 2288 1470 erit
2316 1416 2582 1487 funiculus
2607 1416 2771 1487 700
2800 1416 2958 1470 muris
2988 1415 3070 1472 his
3093 1458 3109 1484 ,
3154 1417 3245 1487 qui
3279 1414 3468 1486 reliqui
3494 1423 3615 1470 sunt
3647 1414 3727 1470 de

2115 1511 2267 1565 domo
2292 1509 2437 1565 Juda
2474 1527 2494 1566 :
2534 1528 2689 1583 super
2714 1512 2855 1581 ipsos
2880 1520 3155 1584 pascentur
3189 1511 3244 1566 in
3274 1510 3513 1565 domibus
3551 1509 3730 1564 Asca-

2116 1604 2291 1658 lonis:
2324 1614 2439 1672 post
2471 1602 2741 1658 meridiem
2767 1604 3021 1659 divertent
3043 1609 3097 1672 +
3141 1621 3173 1657 a
3202 1604 3337 1675 facie
3363 1602 3595 1673 filiorum
3615 1601 3730 1657 Ju-

2114 1697 2183 1751 da
2213 1702 2231 1763 ξ
2259 1697 2382 1763 quia
2416 1697 2747 1752 visitabiteos
2783 1695 3039 1752 Dominus
3069 1695 3211 1753 Deus
3241 1712 3439 1764 eorum,
3458 1706 3505 1751 et
3519 1702 3729 1751 avertet

403 1804 448 1847 et
485 1794 760 1850 thesaurus
792 1812 895 1849 non
920 1813 1227 1867 comparem
1248 1838 1263 1863 ,
1310 1813 1427 1869 quae
1461 1798 1662 1853 utilitas
1689 1800 1743 1852 in
1771 1796 2016 1852 ambobus
2046 1786 2095 1847 B
2121 1791 2471 1858 captivitatem
2502 1807 2698 1845 eorum.
2729 1791 3003 1859 Quantum
3030 1791 3095 1845 ad
3126 1789 3448 1858 historiam,
3490 1804 3599 1845 non
3631 1797 3732 1845 est

402 1885 574 1957 (Eccl.
605 1902 701 1949 xx.
736 1886 866 1957 52)?
901 1888 965 1941 Et
987 1888 1114 1953 hoc,
1147 1888 1347 1958 inquit,
1377 1891 1637 1959 praecipio
1658 1889 1837 1955 vobis,
1871 1891 2007 1945 utin

399 1977 488 2035 die
520 1979 615 2034 irae
646 1978 862 2034 Domini
895 1981 1264 2049 pretegamini
1292 2023 1307 2047 ,
1338 1983 1420 2036 vel
1453 1982 1507 2036 in
1533 1982 2009 2038 consummatione

402 2071 613 2137 mundi,
647 2070 729 2125 vel
764 2072 819 2125 in
852 2072 1001 2126 exitu
1031 2071 1474 2143 uniuscujusque
1500 2073 1567 2129 de
1598 2074 1827 2139 sacculo,
1859 2072 2006 2130 Gaza

399 2166 543 2220 enim
568 2173 620 2220 et
644 2164 901 2233 Ascalon,
936 2174 991 2220 et
1016 2164 1241 2232 Azotus,
1277 2176 1332 2221 et
1356 2166 1611 2223 Accaron
1636 2167 1848 2222 diversa
1872 2182 2003 2238 sup-

400 2259 560 2329 plicia
585 2257 976 2313 sustinebunt:
999 2257 1143 2312 Gaza
1164 2261 1311 2315 enim
1336 2260 1731 2330 interpretatur
1751 2260 2006 2329 fortitudo

400 2352 540 2419 eius.
574 2349 779 2405 Omnes
803 2366 937 2421 ergo
966 2352 1057 2421 qui
1088 2351 1189 2406 sibi
1220 2351 1563 2422 applaudunt
1594 2354 1645 2407 in
1678 2352 2006 2409 fortitudine

400 2445 567 2517 699
596 2446 848 2515 corporis
877 2454 931 2500 et
965 2445 1208 2515 potentia
1240 2447 1490 2502 smculari
1517 2489 1532 2514 ,
1574 2456 1629 2503 et
1660 2447 1846 2503 dicunt
1877 2463 2002 2505 cum

397 2540 619 2595 diabolo
650 2582 664 2606 ,
711 2540 1022 2604 fortitudine
1059 2541 1288 2612 faciam,
1334 2541 1663 2611 diripientur
1694 2543 1747 2596 in
1776 2541 1867 2597 die
1907 2542 2003 2597 ira:

398 2633 639 2697 Domini,
674 2640 731 2687 et
758 2633 824 2687 ad
855 2632 1088 2687 nihilum
1120 2632 1462 2704 redigentur.
1490 2634 1727 2689 Ascalon
1756 2650 1994 2705 quoque,

398 2743 521 2797 qua:
550 2725 755 2781 dicitur
781 2725 1102 2795 ponderata,
1138 2726 1221 2781 vel
1255 2727 1387 2798 ignis
1428 2726 1717 2793 homicida,
1750 2742 1875 2782 cum
1905 2742 2000 2782 ve-

396 2817 541 2872 nerit
571 2816 683 2870 dies
714 2816 810 2870 ira:
843 2815 1057 2870 Domini
1088 2856 1102 2881 ,
1149 2816 1379 2871 sceleris
1414 2816 1496 2870 sui
1531 2832 1846 2871 mensuram
1878 2831 2003 2872 sen-

396 2912 515 2977 tiet,
551 2918 606 2966 et
634 2909 829 2966 eodem
857 2924 965 2980 quo
989 2918 1214 2979 operata
1238 2919 1342 2975 est,
1374 2910 1618 2981 pondere
1640 2910 1999 2981 deprimetur.

398 3004 468 3059 Et
498 3005 622 3075 quia
657 3002 793 3058 arsit
822 3002 891 3058 ad
924 3002 1310 3059 effundendum
1343 3006 1686 3076 sanguinem,
1717 3016 1773 3062 et
1806 3008 2004 3062 multas

394 3096 789 3155 scandalizavit
816 3096 1053 3163 animas,
1086 3106 1143 3153 et
1175 3099 1456 3169 impletum
1481 3108 1566 3155 est
1595 3101 1648 3154 in
1682 3117 1742 3156 ea
1771 3118 1783 3155 :
1817 3101 2002 3156 Virum

2113 1883 2336 1939 difﬁcile
2370 1884 2760 1953 interpretari,
2793 1884 2922 1955 quia
2960 1883 3014 1939 in
3043 1883 3422 1955 superioribus
3450 1882 3671 1938 dixerat
3706 1894 3729 1940 :

2111 1976 2255 2031 Gaza
2283 1977 2545 2031 destructa
2573 1975 2683 2049 [AL
2711 1976 2944 2049 deserta]
2972 1977 3100 2043 erit,
3136 1986 3183 2031 et
3207 1976 3433 2032 Ascalon
3462 1976 3516 2030 in
3542 1975 3731 2030 deser—

2108 2083 2216 2128 tum
2244 2090 2263 2129 :
2295 2074 2513 2127 Azotum
2536 2074 2585 2127 in
2607 2073 2820 2127 meridie
2846 2073 3058 2145 ejicient
3086 2070 3197 2143 [AL
3222 2070 3513 2143 dejicient],
3539 2078 3589 2125 et
3613 2069 3728 2124 Ac-

2108 2183 2264 2222 caron
2303 2166 2676 2221 eradicabitur.
2707 2165 2955 2235 Quatuor
2986 2162 3532 2235 magnis'Paltestinm
3556 2160 3730 2218 urbi-

2107 2261 2210 2318 bus
2237 2260 2539 2317 nominatis
2567 2302 2584 2328 ,
2633 2275 2781 2315 nunc
2822 2260 2890 2315 ad
2934 2261 3106 2330 ipsam
3139 2257 3469 2328 generaliter
3494 2256 3732 2327 provin-

2107 2355 2245 2410 ciam
2279 2362 2425 2424 patet
2452 2366 2763 2409 sermonem
2795 2350 3010 2407 Domini
3051 2350 3171 2407 ﬁeri
3198 2396 3212 2420 ,
3255 2357 3315 2406 et
3352 2349 3572 2422 [ιι-ειίἰεί
3609 2349 3660 2405 ei
3695 2362 3719 2406 :

2107 2447 2201 2504 Vae
2222 2449 2314 2520 qui
2339 2448 2597 2503 habitatis
2619 2446 2913 2503 funiculum
2938 2447 3128 2515 maris,
3162 2443 3463 2518 Babylonio
3487 2445 3728 2501 venien-

2106 2551 2191 2609 te;
2224 2543 2347 2612 quia
2374 2552 2429 2598 et
2452 2542 2552 2612 ipsi
2577 2542 2666 2613 qui
2693 2542 2850 2613 juxta
2880 2557 3034 2598 mare
3065 2540 3335 2607 habitant,
3366 2541 3584 2611 perient
3621 2545 3718 2593 at-

2105 2651 2211 2707 que
2239 2636 2527 2691 tollentur.
2553 2634 2710 2701 Quod
2739 2646 2924 2691 autem
2951 2644 3096 2690 terra
3125 2631 3539 2689 Palestinorum
3562 2639 3720 2687 terra

2112 2729 2491 2795 sitChanaan,
2524 2729 2662 2784 nulli
2692 2727 2919 2784 dubium
2952 2737 3055 2784 est.
3085 2727 3154 2783 Et
3183 2725 3495 2798 disperdsm
3528 2733 3604 2792 te,
3636 2726 3722 2780 in-

2110 2825 2267 2894 quit,
2313 2824 2388 2877 ita
2421 2832 2477 2877 ul
2499 2822 2680 2878 nullus
2700 2820 2773 2877 sit
2795 2822 3067 2877 habitator
3092 2838 3105 2874 :
3127 2831 3182 2877 et
3207 2820 3262 2875 in
3286 2829 3492 2875 tantam
3518 2816 3717 2873 venies

2109 2915 2426 2971 vastitatem
2452 2959 2465 2981 ,
2511 2931 2632 2986 qua:
2666 2914 2943 2970 laetabaris
2975 2913 3030 2969 in
3056 2914 3347 2970 eversione
3373 2910 3575 2968 Judaaaa
3598 2951 3616 2979 ,
3649 2918 3717 2967 ut

2102 3026 2293 3067 omnes
2328 3020 2433 3066 tua:
2466 3011 2629 3066 urbes
2660 3010 3046 3066 munitissima:
3089 3008 3142 3065 in
3182 3007 3348 3065 ovilia
3379 3009 3490 3065 sint
3518 3016 3711 3079 pasto-

2100 3119 2241 3158 rum.
2298 3104 2361 3157 Et
2414 3110 2704 3174 postquam
2750 3100 3015 3157 Dominus
3071 3100 3381 3157 visitaverit
3442 3101 3711 3172 populum

392 3192 707 3264 sanguinum
738 3201 784 3243 et
814 3190 1054 3243 dolosum
1094 3190 1479 3245 abominabitur
1514 3192 1766 3249 Dominus
1811 3195 1999 3266 (Psal.
2030 3183 2076 3247 C
2111 3213 2292 3264 suum,
2325 3207 2379 3251 ct
2408 3196 2603 3252 fecerit
2630 3211 2727 3252 eos
2756 3195 2971 3267 regredi
2999 3195 3101 3252 sub
3128 3194 3435 3251 Zorohabel
3460 3203 3515 3251 et
3534 3194 3666 3251 Jesu
3689 3237 3710 3263 ,

395 3301 425 3336 v
454 3324 469 3351 ,
506 3286 534 3336 7
563 3284 580 3353 )
609 3325 623 3350 ,
669 3298 775 3337 non
802 3282 1093 3351 diripietur
1119 3294 1176 3337 ut
1198 3282 1342 3338 Gaza
1371 3324 1385 3350 ,
1438 3283 1532 3339 sed
1566 3287 1618 3339 in
1649 3286 2001 3343 Solitudinem

404 3377 626 3433 redacta
654 3417 668 3441 ,
710 3374 974 3446 gehennae
1008 3375 1228 3445 ignibus
1262 3392 1434 3443 usque
1470 3376 1536 3430 ad
1570 3378 1851 3447 pulverem
1885 3394 2004 3436 cre-

402 3467 664 3522 tuabitur.
712 3468 825 3523 Nec
855 3484 959 3522 non
993 3478 1048 3522 et
1078 3470 1271 3521 Azotus
1298 3509 1313 3534 ,
1346 3485 1467 3539 qua:
1500 3468 1772 3527 Hebraice
1802 3473 2004 3531 dicitttr

395 3577 562 3617 ESDOD
604 3562 856 3634 (mum)
887 3603 902 3621 .
950 3571 1003 3615 et
1041 3561 1095 3615 in
1131 3562 1317 3632 lingua
1350 3574 1539 3619 nostra
1574 3576 1766 3633 sonat,
1811 3577 1835 3605 ι
1868 3570 2003 3641 ignis

395 3657 742 3727 generationis
767 3698 780 3720 ,
815 3655 961 3709 clara
993 3655 1115 3709 lucc
1146 3657 1455 3712 vastabitur
1488 3675 1500 3710 :
1535 3661 1671 3714 arsit
1699 3662 1842 3716 enim
1875 3663 2000 3718 libi-

404 3749 528 3803 dine
555 3791 568 3814 ,
613 3757 668 3803 ct
703 3747 1077 3818 generationis
1108 3747 1361 3805 inccndio
1401 3750 1736 3808 debacchata
1776 3764 1881 3811 est.
1934 3757 2003 3811 Et

396 3842 521 3907 quia
546 3855 738 3895 omnes
761 3839 1138 3895 adulterantes
1160 3842 1317 3911 quasi
1341 3843 1590 3899 clibanus
1615 3846 1784 3902 corda
1808 3862 1998 3905 eorum

396 3932 553 4005 (Osee
581 3932 703 4000 vn),
738 3940 789 3985 et
820 3930 1034 4001 sagittis
1064 3933 1382 3989 ardentibus
1410 3937 1686 3993 vulnerati
1717 3950 1865 4010 sunt,
1892 3958 1999 3999 non

402 4027 454 4079 in
491 4023 757 4088 tenebris,
792 4025 981 4078 nonin
1008 4026 1224 4080 occulto
1260 4027 1497 4096 judicio;
1530 4032 1626 4085 sed
1660 4032 1711 4087 in
1744 4034 1993 4105 meridie,

400 4119 504 4172 hoc
537 4125 643 4185 est,
676 4115 895 4187 quando
923 4120 1097 4172 sancti
1126 4120 1340 4191 plenam
1366 4124 1640 4193 recipient
1660 4127 1996 4197 claritatem,

404 4210 765 4282 projicientur
797 4210 847 4263 in
881 4210 1137 4265 tenebras
1163 4254 1177 4279 ,
1218 4222 1275 4268 et
1305 4224 1621 4272 sanctorum
1652 4222 1997 4278 consortium

402 4319 509 4356 non
542 4300 837 4356 habebunt.
888 4300 995 4356 Sed
1018 4300 1254 4358 Accaron
1275 4349 1288 4373 ,
1321 4322 1442 4375 qum
1474 4307 1871 4381 interpretatur
1899 4326 2001 4371 ste-

399 4399 569 4452 rilitas
591 4438 605 4465 ,
639 4395 728 4450 vel
758 4396 1085 4451 eradicatio:
1114 4400 1238 4469 quia
1274 4402 1454 4458 nullos
1484 4405 1691 4463 fructus
1725 4408 1915 4466 habuit
1945 4421 2000 4468 et

396 4490 759 4559 perversitate
794 4488 1063 4545 doctrina:
1095 4506 1208 4546 sua:
1231 4494 1529 4553 eradicavit
1561 4499 1849 4571 plurimos,
1884 4505 1995 4574 ipsa

2108 3301 2163 3347 et
2194 3290 2581 3345 ardiﬁcaverint
2612 3290 2897 3358 templum,
2918 3286 3707 3356 etexstruxerintlerusalem,

2114 3395 2171 3442 tu
2203 3386 2275 3442 ita
2306 3386 2507 3442 inculta
2538 3386 2649 3442 eris
2674 3430 2687 3453 ,
2738 3398 2793 3442 et
2832 3386 2911 3441 sic
2943 3386 3207 3457 vepribus
3237 3386 3543 3459 urticisque
3571 3402 3712 3459 ope-

2107 3480 2287 3547 rieris,
2315 3490 2374 3535 ut
2396 3487 2645 3550 pastores
2667 3478 2736 3535 de
2756 3479 3005 3550 reliquiis
3024 3480 3338 3538 Judaeorum
3364 3481 3416 3537 in
3437 3481 3712 3539 Ascalone

2108 3585 2229 3645 post
2259 3576 2542 3630 meridiem
2570 3574 2939 3645 requiescant,
2969 3586 3023 3632 et
3049 3576 3103 3631 in
3134 3577 3268 3634 urbe
3295 3576 3571 3648 quondam
3601 3591 3702 3633 no-

2107 3670 2200 3725 bili
2236 3687 2430 3744 greges
2462 3690 2593 3732 suos
2622 3675 2824 3733 iaciant
2851 3678 3155 3746 accubare,
3188 3688 3244 3735 et
3274 3678 3377 3734 hoc
3406 3677 3535 3745 ﬁet,
3574 3678 3708 3750 quia

2108 3761 2376 3821 Dominus
2406 3768 2654 3825 visitabit
2680 3771 2896 3839 plebem
2929 3787 3110 3839 suam,
3142 3782 3197 3829 et
3224 3782 3441 3830 avertet
3470 3772 3707 3842 captivi-

2105 3864 2268 3911 tatem
2304 3859 2425 3929 ejus
2450 3906 2463 3929 ,
2509 3862 2653 3932 quod
2684 3863 2882 3920 factum
2919 3883 3021 3923 nec
3049 3882 3118 3923 ne
3142 3867 3256 3934 sit,
3301 3867 3449 3924 Deus
3482 3866 3709 3924 viderit.

2100 3946 2288 4020 Neque
2316 3953 2459 4008 enim
2491 3971 2639 4010 nunc
2666 3956 2822 4013 nobis
2852 3960 3199 4030 propositum
3233 3968 3319 4017 est
3344 3959 3592 4016 historia:
3622 3970 3708 4019 te-

2101 4056 2233 4100 xere
2257 4047 2544 4102 veritatem
2568 4063 2583 4114 ;
2617 4048 2714 4104 sed
2741 4064 2802 4104 ea
2831 4050 3090 4108 intimare
3125 4052 3363 4115 nostris.
3394 4068 3519 4123 quae
3548 4068 3707 4111 acce-

2102 4137 2283 4207 pimus
2314 4139 2383 4194 ab
2411 4140 2680 4198 llebrmis.
2707 4142 2868 4200 Juxta
2900 4146 3244 4215 Spiritualem
3275 4156 3459 4204 autem
3482 4162 3703 4204 sensum

2100 4239 2155 4287 et
2183 4233 2595 4291 translationem
2619 4235 2765 4291 LXX
2794 4237 3040 4295 difticilis
3062 4238 3431 4310 intelligentia
3453 4248 3561 4309 est,
3589 4256 3706 4296 ma-

2100 4324 2243 4380 xime
2274 4326 2398 4397 quia
2422 4338 2478 4384 et
2503 4328 2559 4384 in
2585 4329 3045 4401 interpretatione
3069 4332 3409 4389 discordant.
3432 4332 3535 4391 Ubi
3557 4334 3705 4392 enim

2101 4433 2203 4473 nos
2230 4423 2632 4492 transtulimus,
2662 4442 2788 4497 gens
2816 4426 3162 4498 perditorum,
3186 4426 3266 4482 illi
3286 4426 3573 4495 dixerunt,
3602 4428 3704 4483 ad-

2099 4527 2240 4565 vena:
2261 4511 2620 4570 Cretensium:
2649 4524 2705 4573 et
2732 4518 2881 4589 quod
2914 4519 3184 4576 Hebraice
3214 4519 3480 4590 scriptum
3507 4529 3595 4577 est
3616 4536 3706 4579 cor

397 4599 616 4688 quoque
656 4583 1044 4687 eradicabitur.
1099 4585 1221 4688 llas.
1246 4598 1426 4645 autem
1474 4608 1663 4649 omnes
1704 4598 1991 4657 varietates
2019 4582 2073 4643 D
2098 4622 2407 4664 cnonerntu
2428 4612 2631 4682 (arma
2662 4582 2893 4685 illlam."
2914 4629 3022 4681 θοι,
3046 4614 3099 4670 id
3121 4624 3229 4681 εει.
3252 4582 3426 4688 gerite.
3452 4615 3709 4686 Ιειιθιυηι

397 4675 648 4745 intellige
680 4676 736 4729 in
764 4675 1073 4731 animarum
1104 4678 1253 4734 vitiis
1279 4691 1442 4753 atque
1476 4687 1711 4754 peccatis
1736 4730 1751 4757 ,
1784 4700 1839 4746 et
1866 4695 1992 4763 quia

401 4768 831 4839 uniuscujusque
878 4785 1017 4839 opus
1061 4772 1224 4842 quale
1256 4775 1367 4845 sit,
1408 4777 1461 4831 in
1509 4778 1597 4836 die
1623 4782 1814 4851 judicii
1854 4785 1995 4857 ignis

400 4864 659 4931 trobabit
691 4863 743 4935 (l
777 4862 899 4917 Cor.
929 4864 1043 4935 ttt).

472 4956 668 5028 (Vcrs.
702 4954 865 5029 δεῖ.)
903 4956 997 5011 Va:
1038 4960 1126 5029 qui
1169 4960 1413 5019 habitatis
1460 4968 1751 5037 funiculum
1797 4977 1952 5032 maris
1977 5018 1992 5047 ,

471 5104 497 5130 ει
569 5091 1285 5180 lianc”interpretationem
1336 5098 1567 5180 ipsemet
1634 5104 2003 5180 Hieronymus

400 5167 617 5220 damnat
646 5167 699 5217 in
724 5164 1039 5237 Comment.
1075 5166 1125 5219 in
1158 5166 1325 5222 Amos
1356 5164 1369 5223 i
1402 5188 1412 5223 :
1445 5173 1654 5236 Aeolus,
1688 5178 1741 5229 id
1770 5164 1864 5237 est:

402 5239 527 5321 (Loci:
562 5238 729 5321 ignem
758 5237 929 5321 uberis
952 5282 965 5303 ,
999 5236 1322 5318 sivepatrui.
1357 5242 1494 5296 Licet
1520 5226 1736 5314 quidam
1901 5226 2000 5321 p70

399 5309 519 5362 Dod
548 5351 561 5372 ,
588 5308 739 5360 male
786 5308 1009 5391 legentes
1026 5308 1277 5391 _.__ig_nem
1320 5308 1665 5391 generationis
1696 5308 2001 5391 putent.'Et

400 5392 551 5461 eerte
580 5381 867 5461 generatio
888 5379 1036 5461 apud
1069 5379 1334 5461 Hebr-emos—
1360 5384 1473 5461 ρον
1502 5379 1814 5457 appellatur
1835 5438 1848 5461 ,
1890 5379 1997 5453 non

404 5452 553 5515 Dod,
586 5449 640 5503 et
670 5449 933 5533 proclivis
968 5451 1160 5533 lapsus.
1185 5451 1233 5504 D
1266 5455 1316 5507 in
1349 5455 1423 5533 Ii,
1470 5449 1593 5533 cuin
1616 5501 1629 5525 ,
1662 5473 1718 5516 ιιι
1750 5449 1863 5533 ipse

398 5521 761 5597 nmut,_apit~e
788 5530 993 5597 tantum
1022 5524 1103 5597 me
1135 5526 1332 5597 Iitterm
1355 5521 1841 5597 distinguerentnr.
1873 5521 1990 5595 via.

402 5597 520 5650 Lib.
556 5594 786 5666 Notum;
809 5594 877 5647 de
904 5593 1032 5648 Jesn
1081 5596 1132 5648 in
1165 5596 1345 5649 Asdod
1371 5641 1385 5662 ,
1429 5610 1485 5655 et
1522 5593 1704 5659 Asoth.
1741 5593 1991 5666 Notatum

397 5665 713 5750 ectmtrario
746 5663 990 5750 Victorii)
1031 5676 1159 5749 est)
1207 5670 1427 5750 quodsi
1455 5673 1623 5750 ignem
1646 5663 1996 5750 generatim};

396 5736 515 5824 lucc
545 5753 644 5824 ιιοέ
668 5737 981 5824 signiﬁCat,‘
995 5740 1306 5824 corrigendi
1334 5736 1718 5824 εἱιιιξςιθὺιίιῖρί
1750 5736 1989 5824 codices,

394 5819 449 5867 et
475 5824 576 5882 pro
602 5819 635 5867 ἰ
665 5808 1017 5879 supponenda
1048 5809 1120 5865 sit
1141 5808 1174 5873 ἠ
1204 5811 1384 5870 littera
1414 5833 1427 5871 :
1463 5817 1588 5876 licet
1613 5820 1885 5882 Zachariae
1914 5808 1989 5901 ii;

2100 4717 2228 4771 CAR,
2256 4704 2359 4759 hoc
2384 4714 2491 4771 est,
2515 4706 2765 4762 advenam
2783 4725 2802 4764 :
2830 4716 2885 4763 et
2908 4724 3006 4779 pro
3028 4722 3364 4777 ειιοιιετιιιιι.
3389 4708 3537 4780 quod
3560 4709 3705 4766 dici-

2103 4804 2210 4862 tur,
2236 4797 2576 4868 perditorum,
2596 4815 2797 4857 nomen
2815 4801 2978 4858 Creta:
2998 4802 3190 4859 insula:
3213 4811 3570 4875 putaverunt.
3598 4801 3707 4859 De.

2106 4890 2271 4957 nique
2299 4899 2355 4945 et
2383 4891 2578 4962 Aquila
2598 4935 2613 4960 ,
2646 4902 2703 4949 et
2729 4896 2915 4966 quinta
2946 4895 3116 4951 editio
3148 4895 3499 4966 interpretati
3531 4906 3704 4964 sunt,

2106 4985 2265 5057 701
2298 4996 2319 5024 ε
2355 4984 2486 5049 ἔθνος
2514 4989 2769 5069 ὀλέθριονι
2806 4991 2872 5045 Ει
2902 4989 3205 5047 Theodotio
3237 4988 3378 5052 ἔθνος
3424 4991 3652 5068 ὀλεθρίας
3687 5007 3705 5048 ι

2106 5116 2231 5171 dum
2259 5118 2505 5198 eamdem
2537 5136 2727 5198 vocem
2755 5124 2999 5198 exponit,
3034 5124 3167 5198 ignis
3192 5123 3411 5197 generis,
3446 5132 3544 5179 aut
3565 5125 3705 5198 ignis

2106 5190 2296 5271 patrui,
2331 5193 2412 5271 vel
2446 5194 2577 5271 ignis
2599 5195 2867 5257 mamillaz,
2902 5190 3143 5251 osten'dit
3170 5190 3233 5251 se
3278 5190 3704 5271 utramque'le-

2107 5261 2649 5338 ctionem_ltatiuisse,
2681 5277 2738 5338 ut
2771 5276 2875 5320 tam
2899 5282 2994 5337 per
3021 5276 3055 5326 ἰ
3083 5282 3244 5338 quam
3275 5281 3371 5334 per
3395 5279 3435 5325 -ι
3460 5261 3703 5325 litteram

2108 5346 2211 5385 vox
2243 5334 2594 5410 scriberetur.
2624 5337 2835 5408 Quippe
2862 5334 2982 5394 cum
3005 5334 3285 5410 generatio
3306 5344 3425 5405 ’πΤτ,
3454 5348 3702 5410 patruus,

2102 5411 2220 5478 ττι,
2248 5407 2487 5478 mamilla
2515 5407 2842 5478 appellatur.

2110 5543 2122 5555 υ
2176 5474 2231 5555 δ’.
2248 5474 2440 5547 Regio.
2476 5474 2803 5555 ms'faccola:
2828 5479 3136 5555 Cretarumﬁ,
3183 5482 3273 5539 hic
3314 5490 3479 5552 atque
3509 5481 3655 5539 infra
3686 5501 3703 5540 :

2108 5545 2160 5599 in
2193 5545 2383 5602 Cra-co
2414 5562 2495 5604 est
2518 5592 2531 5615 ,
2566 5554 2806 5630 πάροικοι
2837 5563 3059 5631 ιιρητῶν.
3092 5545 3263 5631 Paulo
3286 5545 3506 5631 quoque
3530 5566 3662 5631 post
3686 5596 3703 5623 ,

2108 5570 2160 5599 ιιι
2193 5570 2383 5602 ur;rcu
2414 5570 2495 5604 CSI
2518 5592 2531 5615 ,
2566 5570 2806 5630 παροικοι
2837 5570 3059 5631 Κρητῶν.
3092 5570 3263 5610 Paulo
3286 5570 3662 5683 quoqnegoSI
3686 5596 3703 5623 ,

2105 5634 2292 5699 pascui:
2322 5632 2612 5699 pastorum,
2651 5639 2748 5694 pro
2774 5643 2969 5696 pascua
2999 5642 3209 5698 gregum
3238 5626 3389 5699 legit,
3419 5626 3489 5682 ad
3571 5642 3703 5684 nec.

2102 5696 2225 5762 νομὴ
2242 5695 2517 5764 ποιμνίων.

2177 5770 2199 5798 ο
2226 5763 2373 5841 fidit:
2401 5767 2600 5833 triplex
2633 5783 2831 5826 nomen
2863 5767 3000 5832 ἔθνος
3025 5770 3260 5841 positum
3288 5769 3345 5826 in
3364 5784 3499 5827 mss.
3520 5785 3709 5828 exem-

2103 5832 2345 5903 plaribus
2396 5847 2680 5897 mutarunt
2726 5855 2849 5898 cum
2903 5832 3047 5919 γένοέ
3097 5843 3321 5901 nomine
3355 5860 3367 5899 :
3398 5842 3545 5915 quod
3591 5844 3704 5901 etsi
