4050 6342
309 337 445 396 1561

1055 334 1709 394 COMMENTARIOBUM
1748 335 1814 392 IN
1856 333 2249 395 SOPHONIAM
2290 337 2515 394 LIBER.
2558 339 2713 398 CAP.
2754 340 2818 398 ll.

3476 342 3620 400 1362

306 454 669 528 Symmachus
698 469 918 528 quoque
946 453 1084 518 ἔθνος
1110 456 1512 534 ὀλεθρευόμενον,
1547 472 1668 527 quae
1714 457 1902 513 omnia
1932 508 1936 517 ,

2038 469 2183 513 terea
2210 460 2323 514 vivo
2346 477 2459 531 ego,
2489 460 2617 516 dicit
2650 461 2903 517 Dominus
2918 461 3056 518 Dens
3076 462 3258 536 [Vulg.
3285 469 3427 518 tacet
3448 459 3615 533 Dens]

309 563 437 606 cum
462 547 912 620 interpretatione
939 558 1132 604 nostra
1156 549 1660 618 faciunt.Rursum,
1692 549 1781 603 ubi
1812 564 1913 605 nos

310 644 572 712 diximus,
607 644 675 700 Et
704 646 806 701 erit
838 644 1104 718 funiculus
1131 648 1288 701 maris
1310 647 1510 717 requies
1542 655 1829 717 pastorum,
1859 654 1916 701 et

311 753 504 796 omnes
553 739 884 809 interpretes
943 738 1070 795 huic
1107 740 1451 796 translationi
1509 749 1912 811 congruerunt,

312 832 578 888 scribitur
607 830 660 888 in
700 830 887 919 L'XX:
924 830 990 887 Et
1040 834 1136 887 erit
1190 832 1341 887 Creta
1390 848 1585 906 pascua
1642 834 1833 907 gregis,
1868 842 1914 887 et

313 929 445 983 ovile
466 944 730 1000 pecorum.
766 928 936 1000 Igitur
960 930 1335 998 spiritualibus
1365 931 1672 1001 Spiritualia
1695 944 1918 1000 compa-

311 1030 523 1085 rantes,
544 1030 600 1076 et
631 1019 875 1092 Vulgata:
905 1021 1166 1080 editionis
1194 1032 1430 1094 emptam
1459 1024 1635 1080 semel
1669 1033 1917 1079 tenentes

311 1114 587 1184 semitam,
616 1115 914 1186 quaerimus
941 1131 1012 1171 an
1036 1116 1169 1171 alibi
1202 1118 1253 1172 in
1275 1118 1574 1189 Scripturis
1604 1118 1807 1173 sanctis
1827 1133 1918 1172 no-

315 1221 440 1263 men
462 1204 641 1263 Creta:
671 1205 986 1278 legerimus.
1015 1208 1175 1276 Et,ni
1204 1209 1381 1273 fallor,
1411 1208 1546 1265 illud
1578 1209 1631 1264 in
1662 1217 1919 1279 promptu

315 1311 400 1358 est
430 1318 445 1358 :
478 1299 744 1357 Cretenses
796 1318 997 1375 semper
1026 1302 1301 1358 mendaces
1333 1319 1351 1359 :
1383 1304 1539 1359 mulce
1571 1304 1770 1368 bestias,
1802 1319 1921 1357 ren-

317 1404 422 1450 tres
449 1394 591 1467 pigri
615 1411 633 1451 :
661 1395 1011 1451 testimonium
1040 1396 1134 1450 ltoc
1163 1412 1343 1450 verum
1362 1407 1438 1451 est
1458 1395 1591 1469 (Tit.
1615 1412 1655 1464 1,
1684 1384 1768 1460 12,
1803 1396 1918 1466 13).

318 1488 424 1558 Qui
451 1487 714 1545 ﬂuctuant
745 1498 801 1545 et
827 1489 1292 1546 circumferuntur
1325 1491 1475 1546 omni
1513 1501 1677 1546 vento
1713 1490 1921 1546 doctri-

321 1596 409 1638 na:
433 1583 487 1637 in
514 1581 839 1653 deceptione
871 1582 1179 1647 hominum,
1205 1584 1256 1638 in
1280 1585 1523 1640 versutia
1554 1583 1801 1640 erroris:
1833 1580 1922 1638 isti

319 1691 444 1735 cum
472 1675 764 1733 debuerint
802 1677 855 1733 in
880 1685 1024 1733 terra
1050 1676 1434 1746 confessionis,
1465 1678 1567 1734 hoc
1588 1687 1695 1747 est,
1726 1679 1779 1733 iu
1813 1688 1923 1734 ter-

318 1784 381 1826 ra
427 1768 678 1826 habitare
706 1765 941 1836 Iudaea},
989 1770 1276 1825 voluerunt
1323 1772 1493 1842 magis
1538 1770 1762 1827 advena:
1798 1786 1920 1827 esse

2015 554 2355 619 exercituum,
2386 552 2527 610 Deus
2560 555 2730 611 Israel
2762 576 2780 612 :
2810 558 2935 629 quia
2963 557 3121 612 Moab
3152 570 3210 612 ut
3242 556 3474 612 Sodoma
3498 555 3614 621 erit,

2016 656 2064 702 et
2086 648 2186 717 ﬁlii
2217 648 2439 703 Ammon
2468 650 2620 718 quasi
2650 648 2945 705 Gomorrha
2975 670 2993 706 :
3025 652 3230 705 siccitas
3260 651 3536 721 spinarum
3564 658 3613 703 et

2014 742 2184 795 acervi
2227 743 2377 804 salis,
2414 752 2460 796 et
2491 743 2747 797 desertum
2778 761 2940 814 usque
2978 746 3034 798 in
3073 756 3344 813 ceternunt,
3378 743 3616 813 reliquie:

2015 836 2197 907 populi
2227 838 2325 890 mei
2355 837 2601 909 diripiant
2632 854 2717 891 eos
2750 854 2768 893 :
2797 840 2993 894 residui
3033 840 3199 911 gentis
3231 854 3356 894 mea:
3387 836 3623 911 posside-

2019 928 2142 983 bunt
2175 931 2310 985 illos.
2344 930 2457 986 Hoc
2490 932 2563 985 eis
2590 933 2784 987 eveniet
2808 949 2898 1003 pro
2921 935 3170 1003 superbia
3194 950 3314 997 sua,
3342 933 3467 1004 quia
3494 932 3624 987 blas-

2019 1024 2407 1092 phematterunt,
2444 1035 2491 1079 et
2519 1026 2841 1097 magniﬁcati
2872 1035 2989 1079 sunt
3032 1044 3188 1096 super
3208 1027 3459 1099 populum
3495 1025 3606 1079 Do-

2019 1118 2148 1172 mini
2176 1116 2824 1173 exercituum.Horribilis
2845 1118 3099 1173 Dominus
3124 1135 3285 1191 super
3312 1135 3397 1172 eos
3432 1129 3524 1178 :.et
3546 1128 3628 1173 at-

2021 1213 2248 1267 tenuabit
2278 1228 2453 1266 omnes
2484 1211 2610 1267 deos
2644 1223 2815 1279 terrm,
2839 1222 2887 1267 et
2923 1213 3217 1266 adorabunt
3244 1229 3360 1266 eum
3383 1213 3483 1267 viri
3515 1211 3625 1284 [AL

2020 1303 2119 1377 vir]
2153 1306 2214 1360 de
2237 1304 2347 1359 loco
2371 1322 2487 1373 suo,
2524 1322 2699 1360 omnes
2728 1305 2914 1360 iusqu
2937 1306 3195 1377 gentium.
3223 1303 3367 1360 LXX
3401 1322 3413 1356 :
3437 1304 3624 1358 Audiri

2023 1398 2359 1471 opprobrium
2383 1398 2564 1467 Moab,
2582 1408 2631 1454 et
2656 1398 2997 1453 contumelias
3025 1400 3262 1469 ﬁliorum
3290 1399 3543 1453 Ammon:
3571 1398 3627 1450 in

2022 1493 2211 1563 quibus
2242 1495 2685 1564 exprobrauerunt
2716 1492 2911 1566 popqu
2939 1510 3071 1559 meo,
3102 1502 3151 1548 et
3175 1493 3628 1565 magniﬁcatisunt

2022 1603 2175 1659 super
2197 1588 2439 1641 terminos
2464 1603 2625 1641 meos.
2675 1585 2967 1657 Propterea
2996 1587 3108 1641 vivo
3139 1602 3256 1657 ego,
3295 1585 3418 1639 dicit
3448 1582 3632 1638 Demi-

2024 1698 2123 1735 nus
2150 1680 2262 1754 [AL
2291 1681 2544 1737 Dominus
2581 1681 2739 1755 Deus]
2786 1683 3053 1748 virtutum,
3088 1680 3231 1734 Deus
3264 1678 3433 1734 Israel
3460 1696 3475 1731 :
3506 1680 3627 1750 quia

2031 1776 2191 1832 Moab
2217 1780 2348 1832 sicut
2382 1778 2615 1833 Sodoma
2646 1778 2766 1845 erit,
2797 1788 2842 1831 et
2871 1778 2965 1847 ﬁlii
2997 1778 3215 1829 Ammon
3236 1776 3384 1846 quasi
3417 1774 3631 1829 Gomor-

318 1860 689 1931 Creteusium,
723 1863 816 1934 qui
868 1863 1102 1919 diversis
1135 1865 1299 1919 maris
1338 1864 1592 1920 ﬂuctibus
1630 1864 1755 1919 hinc
1793 1863 1921 1920 inde
1951 1871 2001 1931 B
2025 1872 2145 1936 rha,
2178 1882 2223 1926 et
2245 1871 2540 1926 Damascus
2567 1871 2819 1926 derelicta
2850 1872 3001 1937 quasi
3029 1885 3242 1924 acervus
3261 1886 3418 1937 arcte,
3447 1878 3493 1922 et
3524 1868 3633 1921 dis-

319 1958 645 2025 tunduntur,
681 1968 706 1996 α
736 1968 791 2014 et
821 1970 1017 2015 sonant
1038 1974 1147 2015 mre
1168 1959 1594 2032 Corybantio,et
1625 1971 1772 2028 sunt,
1794 1960 1923 2030 jux-

321 2062 377 2111 ta
402 2053 748 2125 Apostolum,
770 2056 923 2126 quasi
942 2054 1238 2126 cymbalum
1259 2055 1487 2112 tinniens
1513 2056 1559 2127 (Ι
1578 2056 1697 2112 Cor.
1714 2058 1918 2129 simi).

322 2147 395 2207 Et
424 2147 549 2219 quia
579 2148 805 2204 advenae
834 2160 965 2204 sunt
992 2148 1363 2218 Cretensium,
1390 2150 1510 2206 ideo
1559 2166 1742 2205 sermo
1798 2151 1917 2218 Dei,

328 2240 433 2297 hoc
462 2248 565 2309 est,
601 2239 958 2297 comminatio
995 2238 1049 2294 ﬁt
1086 2240 1154 2296 ad
1195 2241 1323 2298 illos
1358 2260 1371 2297 :
1402 2250 1459 2298 et
1482 2241 1737 2298 dicuntur
1776 2251 1924 2299 terra

323 2336 584 2395 Chanaan
616 2335 907 2409 semperiu
934 2335 1121 2405 ﬂuctu,
1152 2352 1368 2407 semper
1399 2338 1453 2393 in
1490 2348 1662 2403 metu,
1689 2348 1743 2394 et
1780 2347 1925 2395 terra

323 2429 740 2504 Allophylorum
773 2429 976 2485 :alieni
1005 2431 1148 2486 enim
1173 2444 1203 2483 a
1232 2431 1365 2497 Deo,
1391 2430 1446 2485 in
1491 2431 1727 2486 funiculo
1760 2431 1927 2487 maris

322 2534 380 2582 et
400 2524 454 2580 in
483 2524 661 2582 Creta:
684 2523 904 2596 regione
932 2531 1243 2579 versantur.
1270 2524 1357 2581 Fit
1382 2524 1569 2597 itaque
1595 2518 1662 2580 ad
1693 2540 1791 2582 eos
1812 2540 1929 2582 ser-

326 2634 418 2676 mo
444 2619 566 2688 Dei,
600 2618 685 2675 vel
727 2620 782 2675 in
826 2618 1307 2676 consummatione
1347 2627 1404 2674 et
1454 2621 1561 2675 line
1601 2620 1813 2685 mundi,
1844 2620 1931 2676 vel

326 2712 572 2785 quotidie
594 2728 694 2784 per
724 2712 1129 2770 ecclesiasticos
1154 2713 1327 2777 viros,
1355 2721 1410 2768 et
1431 2713 1523 2784 qui
1548 2720 1775 2782 possunt
1805 2727 1929 2767 cum

327 2808 578 2878 apostolo
606 2807 792 2863 dicere
821 2806 941 2862 :An
991 2806 1402 2878 experimentum
1433 2806 1670 2875 qutcritis
1700 2808 1812 2876 ejus
1842 2805 1932 2877 qui

328 2900 385 2956 in
408 2916 488 2955 me
524 2898 757 2971 loquitur
785 2898 1024 2956 Christus
1049 2897 1117 2971 (ll
1146 2897 1266 2953 Cor.
1295 2914 1413 2965 xm,
1441 2898 1524 2971 '6)?
1556 2909 1614 2953 ut
1638 2898 1931 2967 ejiciantur

333 2995 401 3053 de
442 2996 634 3060 Creta,
665 3005 723 3052 et
763 2994 1064 3066 perdantur
1103 2994 1174 3051 de
1216 2991 1463 3064 pristinis
1504 2990 1936 3047 habitationibus

334 3091 471 3158 suis,
496 3099 552 3145 et
577 3088 669 3145 illa
693 3088 847 3159 regio
872 3104 994 3159 qua:
1026 3088 1177 3157 prius
1202 3101 1424 3158 gregem
1455 3086 1729 3156 perditum
1756 3084 1933 3141 conti-

336 3183 523 3251 nebat,
549 3181 771 3253 incipiat
793 3194 916 3237 esse
936 3180 1085 3235 ovile
1117 3194 1379 3250 pecorum
1405 3177 1643 3244 Christi;
1671 3187 1724 3233 et
1744 3177 1939 3243 ludas,

2024 1969 2196 2037 sipata
2224 1984 2384 2038 usque
2408 1969 2458 2022 in
2485 1968 2882 2040 sempiternum,
2909 1975 2955 2021 et
2984 1968 3071 2035 qui
3103 1966 3290 2035 reliqui
3324 1965 3518 2036 fuerint
3566 1962 3632 2017 de

2025 2064 2219 2135 populo
2248 2080 2383 2132 meo,
2412 2063 2658 2135 diripient
2684 2079 2791 2129 eos,
2826 2071 2872 2115 et
2903 2061 3099 2114 residui
3122 2060 3288 2131 gentis
3313 2075 3443 2114 mete
3473 2055 3634 2124 possi-

2025 2159 2213 2212 debunt
2238 2173 2324 2212 eos
2349 2174 2365 2212 :
2393 2156 2490 2212 hoc
2515 2159 2612 2212 erit
2642 2158 2717 2212 eis
2758 2174 2852 2229 pro
2878 2156 3190 2210 contumelia
3226 2170 3343 2218 sua,
3378 2153 3500 2221 quia
3543 2167 3634 2207 ea:-

2028 2250 2398 2322 probraverunt
2438 2260 2488 2305 et
2516 2251 2836 2321 magniﬁcati
2866 2257 2985 2304 sunt
3020 2266 3176 2317 super
3208 2246 3491 2302 Dominum
3519 2262 3634 2300 om-

2028 2344 2344 2415 nipotentem
2385 2362 2404 2398 :
2450 2345 2759 2415 manifestus
2809 2344 2905 2396 erit
2956 2342 3212 2397 Dominus
3250 2357 3405 2413 super
3443 2357 3550 2405 eos,
3587 2349 3635 2394 et

2030 2438 2291 2510 disperdet
2316 2453 2489 2491 omnes
2522 2436 2645 2491 deos
2677 2435 2903 2507 gentium
2929 2444 3101 2501 terrm,
3130 2443 3177 2487 et
3205 2432 3495 2487 adorabunt
3521 2448 3637 2485 eum

2028 2530 2225 2603 singuli
2251 2530 2314 2584 de
2342 2530 2458 2584 loco
2497 2545 2620 2592 suo,
2648 2544 2822 2581 omnes
2865 2526 3054 2581 iusqu
3081 2526 3332 2596 gentium.
3363 2522 3518 2589 Quod
3544 2538 3639 2577 ex-

2030 2632 2189 2693 cepto
2217 2620 2447 2677 Daniele
2492 2619 2788 2691 propheta,
2824 2618 2917 2689 qui
2941 2632 3186 2689 quatuor
3211 2631 3504 2687 regnorum
3538 2631 3644 2670 sa:-

2031 2718 2155 2786 pius
2183 2716 2362 2771 cernit
2390 2714 2653 2777 visiones,
2682 2721 2950 2768 eteorum
2989 2710 3336 2766 dilferentias
3375 2709 3477 2764 sub
3518 2708 3642 2762 aliis

2031 2818 2195 2881 atque
2242 2808 2367 2865 aliis
2415 2807 2748 2878 imaginibus
2800 2805 3030 2876 exponit
3064 2805 3225 2875 (Dan.
3274 2803 3415 2874 vin),
3446 2802 3641 2869 Isaias,

2033 2905 2329 2970 Jeremias,
2361 2902 2619 2958 Ezechiel
2649 2900 2881 2966 faciunt,
2925 2910 2984 2954 ut
3021 2908 3144 2967 post
3187 2899 3459 2954 visionem
3485 2896 3643 2953 Judae

2034 2998 2326 3053 adversum
2372 3007 2601 3052 caeteras
2651 2999 2938 3061 nationes,
2966 3008 3089 3059 quae
3138 2993 3190 3048 in
3237 2992 3473 3047 circuitu
3522 2992 3642 3060 ejus

2034 3099 2189 3159 sunt,
2214 3098 2435 3145 vertant
2455 3086 2796 3152 vaticinium,
2823 3096 2877 3142 et
2913 3085 3068 3155 juxta
3099 3083 3355 3158 ἰδιώματα
3393 3082 3642 3153 singula-

2037 3202 2183 3253 rum,
2215 3200 2338 3257 quze
2362 3184 2443 3241 eis
2465 3190 2695 3238 ventura
2728 3189 2882 3247 sunt,
2918 3180 3198 3248 nuntient,
3231 3189 3397 3248 atque
3456 3178 3508 3233 in
3543 3177 3641 3233 de-

337 3275 391 3331 id
429 3284 535 3341 εει,
573 3288 706 3329 vera
750 3272 1045 3340 οοηῖθεθίο,
1085 3270 1292 3326 habitet
1332 3270 1388 3326 ill
1444 3269 1700 3326 Ῑυηῖειιιίε
1738 3269 1925 3325 ωπίε·
1955 3267 2002 3333 C
2034 3279 2331 3349 scriptione
2354 3292 2543 3333 earum
2567 3276 2770 3331 diutius
2802 3271 3316 3329 immorenturzhoc
3341 3287 3486 3328 nunc
3517 3286 3645 3340 pro-

338 3366 584 3439 Cumque
606 3367 719 3438 jam
752 3368 987 3438 coeperit
1015 3380 1139 3422 esse
1170 3365 1405 3421 mundus
1435 3364 1502 3420 ad
1547 3379 1853 3435 vesperam,
1886 3371 1942 3419 et

338 3459 407 3517 de
434 3459 620 3515 multis
642 3460 851 3516 vocatis
881 3458 1037 3529 pauci
1062 3458 1246 3524 electi,
1273 3468 1331 3515 et
1350 3458 1442 3528 qui
1466 3458 1817 3527 nuncreliqui
1841 3472 1942 3513 vo-

340 3563 534 3609 cantur
559 3553 628 3611 de
658 3553 824 3609 domo
862 3551 1020 3619 Juda,
1061 3552 1312 3623 paverint
1348 3566 1443 3608 eos
1475 3553 1570 3623 qui
1617 3551 1852 3621 primum
1886 3551 1941 3606 in

341 3648 501 3714 mari,
529 3656 584 3704 et
614 3647 667 3702 iu
704 3646 888 3710 Creta,
913 3654 969 3703 et
996 3647 1050 3701 in
1090 3645 1374 3702 mendacio
1417 3646 1814 3716 pascebantur:
1845 3644 1940 3701 de-

345 3743 628 3799 clinabunt
651 3744 703 3799 in
724 3742 976 3799 domibus
1000 3744 1305 3810 Ascalonis,
1335 3743 1385 3798 id
1413 3751 1499 3800 est
1521 3743 1610 3797 ubi
1640 3742 1943 3813 priusignis

342 3834 543 3891 diaboli
590 3843 647 3891 et
684 3834 1094 3891 interfectorum
1144 3836 1399 3889 manabat
1456 3850 1621 3891 cruor
1665 3853 1680 3889 :
1717 3833 1944 3890 Ascalon

343 3927 490 3983 enim
527 3928 917 3999 interpretatur
957 3929 1094 3999 ignis
1125 3927 1407 3983 homicida.
1443 3927 1514 3983 Et
1558 3929 1659 3983 hoc
1693 3927 1789 3983 fiet
1819 3928 1944 3998 quia

344 4022 587 4078 visitabit
620 4023 883 4079 Dominus
915 4024 1174 4094 populum
1206 4038 1386 4087 suum,
1411 4033 1467 4078 et
1499 4022 1552 4076 hi
1581 4022 1672 4092 qui
1703 4028 1830 4077 ante
1861 4020 1942 4076 fa-

346 4116 449 4172 cile
496 4116 853 4187 capiebantur
898 4116 1328 4185 sophismatibus
1355 4115 1755 4180 hmreticorum,
1790 4114 1945 4184 quasi

347 4209 414 4264 de
442 4209 759 4279 captivitate
790 4209 1095 4273 venientes,
1114 4209 1333 4263 vincent
1354 4207 1697 4263 adversarios
1727 4215 1948 4272 suos,et

350 4300 677 4356 habitabunt
702 4300 862 4373 702
888 4301 940 4355 in
967 4300 1331 4355 tabernaculis
1355 4316 1567 4355 eorum.
1584 4298 1739 4367 Quod
1766 4307 1946 4355 autem

350 4394 550 4465 legitur
578 4395 631 4450 in
664 4394 829 4463 LXX,
859 4394 903 4448 Α
928 4395 1063 4463 [acie
1092 4392 1327 4464 ﬁliorum
1351 4392 1520 4459 Juda,
1546 4392 1706 4448 obelo
1736 4407 1948 4463 pramo-

352 4490 607 4558 lavimus,
642 4504 741 4545 nec
783 4489 837 4544 in
870 4488 1101 4543 Hebrwo
1128 4489 1298 4556 enim,
1324 4504 1425 4545 nec
1451 4490 1595 4559 apud
1632 4488 1800 4543 ullum
1834 4488 1946 4543 fer-

356 4591 442 4638 tur
475 4584 860 4655 interpretum,
904 4594 960 4638 et
989 4592 1309 4638 contextum
1345 4583 1569 4652 capituli
1613 4596 1948 4652 sensumque

2044 3374 2206 3444 pheta
2238 3370 2568 3440 Sophonias,
2588 3383 2921 3440 quamquam
2942 3367 3210 3432 breviter,
3238 3367 3430 3423 eodem
3461 3376 3644 3421 tamen

2043 3466 2242 3521 ordine
2268 3464 2417 3520 facit.
2453 3464 2588 3520 Post
2613 3460 2952 3518 Philisthiim
2982 3461 3127 3516 enim
3164 3471 3358 3515 contra
3387 3475 3527 3531 quos
3555 3473 3648 3513 su-

2044 3574 2140 3631 pra
2190 3556 2542 3613 comminatio
2592 3555 2967 3626 prtecucurrit,
3000 3554 3161 3626 703
3218 3553 3387 3618 Gaza,
3445 3554 3647 3622 inquit,

2045 3653 2325 3709 destructa
2359 3652 2487 3716 erit,
2512 3660 2567 3705 et
2608 3650 2840 3704 Ascalon
2876 3649 2931 3703 in
2976 3649 3286 3714 desertum,
3323 3649 3552 3703 Azotum
3590 3650 3649 3703 in

2045 3743 2273 3801 meridie
2303 3744 2547 3814 ejicient,
2582 3753 2630 3798 et
2660 3745 2912 3797 Accaron
2941 3742 3338 3797 eradicabitur.
3369 3741 3525 3797 Nunc
3550 3741 3648 3797 ad-

2045 3853 2239 3895 versus
2260 3836 2435 3903 Moab,
2462 3846 2515 3890 et
2542 3834 2684 3889 ﬁlios
2712 3838 2973 3901 Ammon,
3006 3834 3126 3890 sive
3152 3844 3210 3889 ut
3237 3835 3290 3888 in
3315 3834 3461 3889 LXX
3486 3834 3648 3889 addi-

2046 3940 2163 3987 tum
2194 3940 2301 3999 est,
2326 3939 2516 3985 contra
2547 3928 2892 3992 Damascum,
2916 3943 3041 3999 qum
3069 3930 3120 3982 in
3153 3927 3296 3983 Isaia
3322 3928 3481 4000 (Cap.
3508 3928 3645 4001 xvii)

2048 4025 2245 4080 dicitur
2273 4024 2453 4087 Aram,
2483 4022 2687 4077 texitur
2712 4021 3023 4092 prophetia,
3058 4038 3123 4077 eo
3155 4020 3303 4092 quod
3338 4022 3651 4092 prmbentes

2046 4116 2247 4171 auxilia
2269 4113 2797 4182 Nabuchodonosor,
2819 4115 3162 4168 vastaverint
3182 4112 3403 4184 Judam,
3429 4115 3654 4169 concul-

2048 4210 2294 4265 caverint
2313 4206 2685 4263 sanctuarium
2716 4206 2855 4275 ejus,
2881 4207 3144 4275 templum
3170 4222 3388 4278 quoque
3419 4208 3653 4263 subver-

2049 4306 2239 4375 terint,
2271 4314 2325 4360 et
2353 4303 2643 4374 subjugato
2684 4302 2890 4373 populo
2939 4301 3131 4363 Israel,
3167 4302 3458 4357 Dominum
3503 4303 3655 4357 blas-

2051 4399 2453 4473 phemaverint.
2488 4395 3003 4452 Nabuchodonosor
3046 4397 3254 4466 quippe
3294 4406 3458 4465 atque
3484 4394 3657 4452 Chal-

2052 4494 2176 4559 daei,
2223 4492 2541 4547 Judteorum
2592 4488 2824 4544 urbibus
2871 4488 3137 4553 subrutis,
3187 4496 3417 4543 caeteras
3465 4498 3659 4559 gentes

2052 4592 2468 4657 Oppresserunt,
2497 4593 2552 4638 et
2576 4583 2649 4637 ita
2676 4581 2877 4636 factum
2911 4590 3018 4646 est,
3043 4590 3103 4636 ut
3127 4582 3217 4652 qui
3254 4583 3656 4639 insultaverant

355 4681 647 4735 conturbat
680 4698 691 4733 :
720 4694 829 4734 non
860 4681 1006 4749 quod
1037 4677 1258 4732 difﬁcile
1303 4676 1469 4732 fuerit
1518 4676 1950 4746 quomodocum-
1975 4674 2028 4735 D
2054 4679 2257 4752 populo
2290 4678 2409 4746 Dei,
2445 4676 2548 4747 ipsi
2592 4690 2812 4745 quoque
2849 4674 3042 4730 eadem
3080 4675 3351 4731 malorum
3400 4678 3652 4748 angustia

356 4788 461 4843 que
487 4783 542 4828 et
571 4775 672 4828 hoc
700 4772 878 4843 posito
907 4772 1236 4827 sententiam
1268 4782 1484 4836 texere;
1522 4769 1617 4826 sed
1648 4769 1818 4824 semel
1848 4768 1945 4825 de-

357 4869 629 4925 crevimus
659 4869 943 4924 veritatem
982 4864 1475 4946 interpretationis,
1506 4876 1561 4921 et
1591 4864 1815 4920 lectoris
1838 4878 1954 4920 ma-

358 4962 439 5032 gis
465 4961 682 5028 eruditi,
715 4976 876 5032 quam
908 4959 1053 5030 vulgi
1079 4958 1338 5030 judicium
1362 4957 1539 5029 sequi.

432 5057 616 5129 (Vers.
642 5058 675 5113 8
699 5054 880 5129 seqq.)
909 5055 1101 5109 Audivi
1145 5054 1484 5125 approbrium
1516 5051 1694 5121 Moab,
1719 5063 1765 5108 et
1810 5053 1954 5107 blas-

362 5152 591 5223 pltemtas
618 5151 850 5219 ﬁliorum
882 5151 1122 5215 Ammon,
1147 5163 1264 5218 qua:
1300 5147 1739 5218 exprobrauerunt
1765 5144 1959 5217 populo

362 5261 498 5312 meo,
526 5253 573 5301 et
599 5243 920 5316 magniﬁcati
948 5251 1065 5297 sunt
1090 5257 1247 5310 super
1278 5241 1522 5296 terminos
1553 5256 1752 5294 eorum.
1815 5239 1955 5293 Pro-

361 5379 505 5435 idem
533 5377 827 5448 signiﬁcet,
852 5390 962 5430 non
992 5385 1110 5448 erat
1159 5382 1351 5448 tamen
1385 5374 1611 5448 verbum
1661 5373 1730 5448 a_b
1762 5372 1955 5448 Hiero-

365 5465 531 5523 nymo
560 5444 798 5523 pitsitnm
820 5449 976 5523 nulla
1007 5447 1220 5523 ratione
1247 5445 1637 5523 abjiciemlum.
1669 5444 1954 5517 Signiﬁcat

367 5517 700 5597 pbrrpi’Wo;
748 5521 983 5597 ῥλέθριον,
1035 5517 1310 5597 nationem
1334 5521 1629 5597 pestiferam
1675 5530 1729 5573 et
1761 5529 1960 5597 gentem

367 5576 730 5667 perniciosam.
764 5576 939 5667 Μιιὶιτ.
964 5576 1035 5630 ὲ·-
1062 5589 1168 5643 Pro
1209 5576 1440 5667 ὀλέθριοιι.
1467 5576 1729 5667 'praefert
1758 5576 1953 5667 Regio.

370 5661 494 5743 cod.
524 5665 947 5743 ᾂλεθριασθργῶν,
990 5679 1052 5743 ex
1081 5661 1378 5743 qutLverbp
1412 5663 1539 5715 boni
1568 5661 1767 5730 aliquid
1800 5676 1965 5743 excu-

370 5738 502 5795 dere
538 5731 808 5807 intégruni
836 5734 1027 5790 lectori
1054 5734 1144 5789 sit.
1173 5733 1279 5789 Pro
1315 5731 1453 5795 ἔθνος
1481 5742 1797 5789 constanter
1823 5734 1958 5789 alias

372 5816 493 5869 erat
523 5811 679 5871 γένος.

705 5877 1052 5952 Corybantes
1085 5875 1400 5938 sacerdotes
1440 5876 1607 5936 Rheae
1645 5877 1761 5937 sive
1791 5877 1967 5949 Cybe-

2056 4780 2458 4844 premerentur,
2491 4779 2547 4825 et
2574 4768 2845 4824 haberent
2877 4783 3206 4825 conservum
3241 4770 3463 4838 Judam,
3487 4787 3656 4841 quem

2056 4874 2383 4938 putaverunt
2413 4879 2473 4920 se
2518 4863 2721 4917 habere
2771 4862 3106 4932 subjectum.
3142 4863 3310 4933 Igitur
3361 4876 3657 4934 antequam

2059 4959 2243 5015 veniat
2291 4957 2579 5028 captivitas
2618 4956 2720 5012 sub
2776 4956 2923 5013 Josia
2974 4957 3156 5013 adhuc
3202 4973 3369 5028 rege,
3421 4959 3658 5014 necdum

2057 5050 2424 5123 Jerosolymis
2456 5049 2770 5121 temploque
2816 5050 3120 5116 subversis,
3150 5049 3412 5121 dirigitur
3461 5051 3660 5107 adver-

2058 5161 2183 5201 sum
2213 5145 2538 5199 insultantes
2574 5143 2882 5216 prophetia,
2912 5154 2969 5198 ut
2997 5144 3138 5199 mala
3171 5143 3446 5215 quondam
3474 5146 3663 5217 populi

2060 5239 2185 5307 Dei,
2206 5250 2531 5296 caeterarum
2550 5240 2794 5311 gentium
2815 5237 3133 5294 levarentur
3150 5238 3293 5293 malo
3312 5236 3424 5310 [ΑΙ.
3450 5237 3660 5311 malis].

2061 5376 2162 5442 les,
2194 5376 2285 5445 qui
2317 5389 2474 5431 sacro
2501 5374 2739 5444 correpti
2765 5374 2952 5428 furore
2978 5374 3225 5445 cymbala
3254 5375 3565 5444 pulsabant.
3584 5377 3652 5433 Hi

2065 5448 2298 5517 primum
2330 5446 2477 5502 Idam
2509 5447 2755 5519 Phrygia:
2788 5456 3027 5500 montem
3078 5447 3323 5503 tenuisse
3364 5447 3655 5515 dicuntur;

2066 5530 2253 5586 postea
2277 5530 2453 5575 autem
2485 5519 2538 5573 in
2572 5518 2787 5574 Cretam
2823 5519 3134 5587 navigasse,
3166 5523 3307 5589 quod
3350 5535 3493 5573 nunc
3531 5536 3665 5574 con-

2067 5591 2284 5646 ﬁrmare
2310 5592 2526 5646 videtur
2557 5590 2943 5661 Hieronymus,
2977 5590 3067 5658 qui
3108 5591 3275 5645 etiam
3307 5591 3521 5661 legebat
3559 5608 3662 5646 cere

2068 5661 2403 5734 Corybantio,
2436 5677 2540 5716 non
2566 5660 2919 5734 Corybantino
2938 5672 2996 5714 ut
3034 5661 3272 5734 retinent
3302 5660 3517 5717 veteres
3543 5664 3663 5734 edi-

2069 5731 2266 5791 tiones.
2300 5733 2433 5789 Vide
2463 5748 2569 5791 tera
2612 5731 2927 5804 Corybantia
2956 5734 3103 5805 apud
3151 5732 3437 5806 Virgilium
3467 5750 3525 5792 ιιι
3552 5733 3656 5793 E-

2071 5808 2221 5865 neid.
2254 5807 2434 5864 Manr.

2071 5821 2221 5866 lleld.
2254 5821 2434 5864 MART.
