  <div class='ocr_page' id='page_1' title='image "/cluster/home/n/w/nwhite01/storage/ocr_20150623/25/hvd.32044015471394/689.png"; bbox 0 0 4028 6342; ppageno 0'>
   <div class='ocr_carea' id='block_1_1' title="bbox 413 321 2005 392">
    <p class='ocr_par' dir='ltr' id='par_1_1' title="bbox 413 321 2005 392">
     <span class='ocr_line' id='line_1_1' title="bbox 413 321 2005 392; baseline -0.007 -1"><span class='ocrx_word' id='word_1_1' title='bbox 413 339 554 392; x_wconf 67' lang='lat' dir='ltr'><strong>i563</strong></span> <span class='ocrx_word' id='word_1_2' title='bbox 1654 325 1712 383; x_wconf 82' lang='lat' dir='ltr'><strong>S.</strong></span> <span class='ocrx_word' id='word_1_3' title='bbox 1758 321 2005 382; x_wconf 71' lang='grc' dir='ltr'><strong>Ευδεθι</strong></span> 
     </span>
    </p>
   </div>
   <div class='ocr_carea' id='block_1_2' title="bbox 2113 321 3704 392">
    <p class='ocr_par' dir='ltr' id='par_1_2' title="bbox 2113 323 3704 382">
     <span class='ocr_line' id='line_1_2' title="bbox 2113 323 3704 382; baseline 0.001 -1"><span class='ocrx_word' id='word_1_4' title='bbox 2113 323 2325 381; x_wconf 67' lang='grc' dir='ltr'><strong>ῊΣΚΟΝ</strong></span> <span class='ocrx_word' id='word_1_5' title='bbox 2337 324 2452 380; x_wconf 73' lang='lat' dir='ltr'><strong>YMI</strong></span> <span class='ocrx_word' id='word_1_6' title='bbox 3575 323 3704 382; x_wconf 72' lang='grc'><strong>1564</strong></span> 
     </span>
    </p>
   </div>
   <div class='ocr_carea' id='block_1_3' title="bbox 409 441 3710 524">
    <p class='ocr_par' dir='ltr' id='par_1_3' title="bbox 409 441 3710 524">
     <span class='ocr_line' id='line_1_3' title="bbox 409 441 3710 524; baseline -0.003 -14"><span class='ocrx_word' id='word_1_7' title='bbox 409 455 630 519; x_wconf 82' lang='lat' dir='ltr'><strong>Audivi,</strong></span> <span class='ocrx_word' id='word_1_8' title='bbox 661 452 854 524; x_wconf 80' lang='lat' dir='ltr'><strong>inquit,</strong></span> <span class='ocrx_word' id='word_1_9' title='bbox 889 449 1254 521; x_wconf 79' lang='lat' dir='ltr'><strong>opprobrium</strong></span> <span class='ocrx_word' id='word_1_10' title='bbox 1280 447 1459 510; x_wconf 73' lang='lat' dir='ltr'><strong>Moab,</strong></span> <span class='ocrx_word' id='word_1_11' title='bbox 1489 462 1612 517; x_wconf 83' lang='lat' dir='ltr'><strong>quae</strong></span> <span class='ocrx_word' id='word_1_12' title='bbox 1656 459 1803 502; x_wconf 87' lang='lat' dir='ltr'><strong>nunc</strong></span> <span class='ocrx_word' id='word_1_13' title='bbox 1835 444 2008 500; x_wconf 80' lang='lat' dir='ltr'><strong>Areo-</strong></span> <span class='ocrx_word' id='word_1_14' title='bbox 2032 450 2087 512; x_wconf 73' lang='grc' dir='ltr'><strong>Α</strong></span> <span class='ocrx_word' id='word_1_15' title='bbox 2111 442 2165 498; x_wconf 94' lang='lat' dir='ltr'><strong>vi</strong></span> <span class='ocrx_word' id='word_1_16' title='bbox 2190 443 2344 509; x_wconf 85' lang='lat' dir='ltr'><strong>salis,</strong></span> <span class='ocrx_word' id='word_1_17' title='bbox 2375 441 2684 498; x_wconf 62' lang='lat' dir='ltr'><strong>etdesertai</strong></span> <span class='ocrx_word' id='word_1_18' title='bbox 2709 455 2879 513; x_wconf 79' lang='lat' dir='ltr'><strong>usque</strong></span> <span class='ocrx_word' id='word_1_19' title='bbox 2903 444 2954 497; x_wconf 90' lang='lat' dir='ltr'><strong>in</strong></span> <span class='ocrx_word' id='word_1_20' title='bbox 2989 451 3254 498; x_wconf 74' lang='lat' dir='ltr'><strong>:eternum</strong></span> <span class='ocrx_word' id='word_1_21' title='bbox 3287 459 3298 496; x_wconf 93' lang='lat'>:</span> <span class='ocrx_word' id='word_1_22' title='bbox 3330 444 3538 499; x_wconf 90' lang='lat' dir='ltr'><strong>debent</strong></span> <span class='ocrx_word' id='word_1_23' title='bbox 3562 460 3710 499; x_wconf 87' lang='lat' dir='ltr'><strong>mon-</strong></span> 
     </span>
    </p>
   </div>
   <div class='ocr_carea' id='block_1_4' title="bbox 409 537 2007 616">
    <p class='ocr_par' dir='ltr' id='par_1_4' title="bbox 409 537 2007 616">
     <span class='ocr_line' id='line_1_4' title="bbox 409 537 2007 616; baseline -0.006 -15"><span class='ocrx_word' id='word_1_24' title='bbox 409 547 550 615; x_wconf 87' lang='lat' dir='ltr'><strong>polis</strong></span> <span class='ocrx_word' id='word_1_25' title='bbox 581 544 912 616; x_wconf 85' lang='lat' dir='ltr'><strong>appellatur,</strong></span> <span class='ocrx_word' id='word_1_26' title='bbox 948 552 1006 599; x_wconf 81' lang='lat' dir='ltr'><strong>et</strong></span> <span class='ocrx_word' id='word_1_27' title='bbox 1047 541 1422 612; x_wconf 77' lang='lat' dir='ltr'><strong>blasphemiae</strong></span> <span class='ocrx_word' id='word_1_28' title='bbox 1464 539 1702 594; x_wconf 86' lang='lat' dir='ltr'><strong>ﬁliorum</strong></span> <span class='ocrx_word' id='word_1_29' title='bbox 1749 537 2007 602; x_wconf 78' lang='lat' dir='ltr'><strong>Ammon,</strong></span> 
     </span>
    </p>
   </div>
   <div class='ocr_carea' id='block_1_5' title="bbox 409 629 2011 710">
    <p class='ocr_par' dir='ltr' id='par_1_5' title="bbox 409 629 2011 710">
     <span class='ocr_line' id='line_1_5' title="bbox 409 629 2011 710; baseline -0.005 -19"><span class='ocrx_word' id='word_1_30' title='bbox 409 653 534 710; x_wconf 67' lang='lat' dir='ltr'><strong>qua:</strong></span> <span class='ocrx_word' id='word_1_31' title='bbox 560 647 613 692; x_wconf 85' lang='lat' dir='ltr'><strong>et</strong></span> <span class='ocrx_word' id='word_1_32' title='bbox 643 639 760 707; x_wconf 87' lang='lat' dir='ltr'><strong>ipsa</strong></span> <span class='ocrx_word' id='word_1_33' title='bbox 791 637 920 692; x_wconf 88' lang='lat' dir='ltr'><strong>urbs</strong></span> <span class='ocrx_word' id='word_1_34' title='bbox 950 635 1170 691; x_wconf 64' lang='lat' dir='ltr'><strong>Arabia:</strong></span> <span class='ocrx_word' id='word_1_35' title='bbox 1205 633 1442 689; x_wconf 84' lang='lat' dir='ltr'><strong>secunda</strong></span> <span class='ocrx_word' id='word_1_36' title='bbox 1475 642 1595 702; x_wconf 85' lang='lat' dir='ltr'><strong>post</strong></span> <span class='ocrx_word' id='word_1_37' title='bbox 1627 631 1852 686; x_wconf 84' lang='lat' dir='ltr'><strong>Bosram</strong></span> <span class='ocrx_word' id='word_1_38' title='bbox 1877 629 2011 684; x_wconf 80' lang='lat' dir='ltr'><strong>Phi-</strong></span> 
     </span>
    </p>
   </div>
   <div class='ocr_carea' id='block_1_6' title="bbox 407 724 2014 802">
    <p class='ocr_par' dir='ltr' id='par_1_6' title="bbox 407 724 2014 802">
     <span class='ocr_line' id='line_1_6' title="bbox 407 724 2014 802; baseline -0.005 -16"><span class='ocrx_word' id='word_1_39' title='bbox 407 730 680 802; x_wconf 80' lang='lat' dir='ltr'><strong>ladelphia</strong></span> <span class='ocrx_word' id='word_1_40' title='bbox 712 730 910 786; x_wconf 83' lang='lat' dir='ltr'><strong>dicitur</strong></span> <span class='ocrx_word' id='word_1_41' title='bbox 941 745 954 782; x_wconf 91' lang='lat'><strong>:</strong></span> <span class='ocrx_word' id='word_1_42' title='bbox 994 731 1047 784; x_wconf 89' lang='lat' dir='ltr'><strong>in</strong></span> <span class='ocrx_word' id='word_1_43' title='bbox 1081 728 1274 798; x_wconf 82' lang='lat' dir='ltr'><strong>quibus</strong></span> <span class='ocrx_word' id='word_1_44' title='bbox 1305 725 1782 796; x_wconf 83' lang='lat' dir='ltr'><strong>exprobraverunt</strong></span> <span class='ocrx_word' id='word_1_45' title='bbox 1806 724 2014 794; x_wconf 86' lang='lat' dir='ltr'><strong>populo</strong></span> 
     </span>
    </p>
   </div>
   <div class='ocr_carea' id='block_1_7' title="bbox 408 821 2010 895">
    <p class='ocr_par' dir='ltr' id='par_1_7' title="bbox 408 821 2010 895">
     <span class='ocr_line' id='line_1_7' title="bbox 408 821 2010 895; baseline -0.004 -17"><span class='ocrx_word' id='word_1_46' title='bbox 408 840 556 890; x_wconf 88' lang='lat' dir='ltr'><strong>meo,</strong></span> <span class='ocrx_word' id='word_1_47' title='bbox 581 835 637 880; x_wconf 87' lang='lat' dir='ltr'><strong>et</strong></span> <span class='ocrx_word' id='word_1_48' title='bbox 666 823 860 895; x_wconf 69' lang='lat' dir='ltr'><strong>ejectis</strong></span> <span class='ocrx_word' id='word_1_49' title='bbox 882 821 1108 890; x_wconf 67' lang='lat' dir='ltr'><strong>Judaeis,</strong></span> <span class='ocrx_word' id='word_1_50' title='bbox 1140 821 1518 876; x_wconf 82' lang='lat' dir='ltr'><strong>diiatavernnt</strong></span> <span class='ocrx_word' id='word_1_51' title='bbox 1558 821 1610 873; x_wconf 89' lang='lat' dir='ltr'><strong>in</strong></span> <span class='ocrx_word' id='word_1_52' title='bbox 1643 826 1787 873; x_wconf 89' lang='lat' dir='ltr'><strong>terra</strong></span> <span class='ocrx_word' id='word_1_53' title='bbox 1815 831 2010 873; x_wconf 77' lang='lat' dir='ltr'><strong>eorum</strong></span> 
     </span>
    </p>
   </div>
   <div class='ocr_carea' id='block_1_8' title="bbox 409 911 2011 986">
    <p class='ocr_par' dir='ltr' id='par_1_8' title="bbox 409 911 2011 986">
     <span class='ocr_line' id='line_1_8' title="bbox 409 911 2011 986; baseline -0.006 -16"><span class='ocrx_word' id='word_1_54' title='bbox 409 920 546 974; x_wconf 90' lang='lat' dir='ltr'><strong>ﬁnes</strong></span> <span class='ocrx_word' id='word_1_55' title='bbox 574 931 726 972; x_wconf 78' lang='lat' dir='ltr'><strong>suos.</strong></span> <span class='ocrx_word' id='word_1_56' title='bbox 761 916 1056 986; x_wconf 77' lang='lat' dir='ltr'><strong>Propterea</strong></span> <span class='ocrx_word' id='word_1_57' title='bbox 1097 913 1228 985; x_wconf 85' lang='lat' dir='ltr'><strong>quia</strong></span> <span class='ocrx_word' id='word_1_58' title='bbox 1270 911 1788 980; x_wconf 79' lang='lat' dir='ltr'><strong>blasphemaverunt</strong></span> <span class='ocrx_word' id='word_1_59' title='bbox 1818 924 1923 976; x_wconf 88' lang='lat' dir='ltr'><strong>me,</strong></span> <span class='ocrx_word' id='word_1_60' title='bbox 1955 917 2011 964; x_wconf 91' lang='lat' dir='ltr'><strong>et</strong></span> 
     </span>
    </p>
   </div>
   <div class='ocr_carea' id='block_1_9' title="bbox 409 1001 2010 1083">
    <p class='ocr_par' dir='ltr' id='par_1_9' title="bbox 409 1001 2010 1083">
     <span class='ocr_line' id='line_1_9' title="bbox 409 1001 2010 1083; baseline -0.009 -15"><span class='ocrx_word' id='word_1_61' title='bbox 409 1012 886 1083; x_wconf 84' lang='lat' dir='ltr'><strong>exprobraverunt</strong></span> <span class='ocrx_word' id='word_1_62' title='bbox 935 1008 1136 1079; x_wconf 86' lang='lat' dir='ltr'><strong>popqu</strong></span> <span class='ocrx_word' id='word_1_63' title='bbox 1169 1021 1312 1072; x_wconf 87' lang='lat' dir='ltr'><strong>meo,</strong></span> <span class='ocrx_word' id='word_1_64' title='bbox 1348 1019 1450 1076; x_wconf 81' lang='lat' dir='ltr'><strong>ego</strong></span> <span class='ocrx_word' id='word_1_65' title='bbox 1482 1004 1748 1060; x_wconf 79' lang='lat' dir='ltr'><strong>Dominus</strong></span> <span class='ocrx_word' id='word_1_66' title='bbox 1795 1001 2010 1058; x_wconf 88' lang='lat' dir='ltr'><strong>exerci-</strong></span> 
     </span>
    </p>
   </div>
   <div class='ocr_carea' id='block_1_10' title="bbox 405 1096 2010 1174">
    <p class='ocr_par' dir='ltr' id='par_1_10' title="bbox 405 1096 2010 1174">
     <span class='ocr_line' id='line_1_10' title="bbox 405 1096 2010 1174; baseline -0.005 -16"><span class='ocrx_word' id='word_1_67' title='bbox 405 1117 588 1168; x_wconf 88' lang='lat' dir='ltr'><strong>tuum,</strong></span> <span class='ocrx_word' id='word_1_68' title='bbox 609 1105 704 1174; x_wconf 89' lang='lat' dir='ltr'><strong>qtti</strong></span> <span class='ocrx_word' id='word_1_69' title='bbox 729 1117 948 1171; x_wconf 80' lang='lat' dir='ltr'><strong>possum</strong></span> <span class='ocrx_word' id='word_1_70' title='bbox 975 1102 1203 1170; x_wconf 85' lang='lat' dir='ltr'><strong>implere</strong></span> <span class='ocrx_word' id='word_1_71' title='bbox 1229 1099 1376 1170; x_wconf 82' lang='lat' dir='ltr'><strong>quod</strong></span> <span class='ocrx_word' id='word_1_72' title='bbox 1418 1096 1745 1161; x_wconf 84' lang='lat' dir='ltr'><strong>eomminor,</strong></span> <span class='ocrx_word' id='word_1_73' title='bbox 1778 1105 1833 1151; x_wconf 87' lang='lat' dir='ltr'><strong>et</strong></span> <span class='ocrx_word' id='word_1_74' title='bbox 1866 1096 2010 1150; x_wconf 82' lang='lat' dir='ltr'><strong>Deus</strong></span> 
     </span>
    </p>
   </div>
   <div class='ocr_carea' id='block_1_11' title="bbox 406 1189 2010 1269">
    <p class='ocr_par' dir='ltr' id='par_1_11' title="bbox 406 1189 2010 1269">
     <span class='ocr_line' id='line_1_11' title="bbox 406 1189 2010 1269; baseline -0.006 -15"><span class='ocrx_word' id='word_1_75' title='bbox 406 1199 596 1265; x_wconf 86' lang='lat' dir='ltr'><strong>israel,</strong></span> <span class='ocrx_word' id='word_1_76' title='bbox 629 1198 721 1269; x_wconf 89' lang='lat' dir='ltr'><strong>qui</strong></span> <span class='ocrx_word' id='word_1_77' title='bbox 749 1198 804 1253; x_wconf 89' lang='lat' dir='ltr'><strong>in</strong></span> <span class='ocrx_word' id='word_1_78' title='bbox 852 1197 1053 1267; x_wconf 81' lang='lat' dir='ltr'><strong>popqu</strong></span> <span class='ocrx_word' id='word_1_79' title='bbox 1099 1210 1221 1250; x_wconf 87' lang='lat' dir='ltr'><strong>meo</strong></span> <span class='ocrx_word' id='word_1_80' title='bbox 1265 1195 1386 1262; x_wconf 58' lang='grc' dir='ltr'><strong>ἰρμθ</strong></span> <span class='ocrx_word' id='word_1_81' title='bbox 1417 1195 1594 1263; x_wconf 81' lang='lat' dir='ltr'><strong>patior</strong></span> <span class='ocrx_word' id='word_1_82' title='bbox 1624 1193 1899 1261; x_wconf 84' lang='lat' dir='ltr'><strong>injuriam,</strong></span> <span class='ocrx_word' id='word_1_83' title='bbox 1931 1189 2010 1244; x_wconf 85' lang='lat' dir='ltr'><strong>fa-</strong></span> 
     </span>
    </p>
   </div>
   <div class='ocr_carea' id='block_1_12' title="bbox 405 1285 2008 1360">
    <p class='ocr_par' dir='ltr' id='par_1_12' title="bbox 405 1285 2008 1360">
     <span class='ocr_line' id='line_1_12' title="bbox 405 1285 2008 1360; baseline -0.007 -13"><span class='ocrx_word' id='word_1_84' title='bbox 405 1295 546 1347; x_wconf 97' lang='lat' dir='ltr'><strong>ciam</strong></span> <span class='ocrx_word' id='word_1_85' title='bbox 577 1302 634 1346; x_wconf 95' lang='grc' dir='ltr'><strong>ιιι</strong></span> <span class='ocrx_word' id='word_1_86' title='bbox 661 1290 738 1346; x_wconf 89' lang='lat' dir='ltr'><strong>sit</strong></span> <span class='ocrx_word' id='word_1_87' title='bbox 759 1287 922 1346; x_wconf 82' lang='lat' dir='ltr'><strong>Moab</strong></span> <span class='ocrx_word' id='word_1_88' title='bbox 939 1290 1092 1360; x_wconf 80' lang='lat' dir='ltr'><strong>quasi</strong></span> <span class='ocrx_word' id='word_1_89' title='bbox 1125 1288 1384 1353; x_wconf 82' lang='lat' dir='ltr'><strong>Sodoma,</strong></span> <span class='ocrx_word' id='word_1_90' title='bbox 1418 1296 1474 1342; x_wconf 86' lang='lat' dir='ltr'><strong>et</strong></span> <span class='ocrx_word' id='word_1_91' title='bbox 1497 1285 1592 1340; x_wconf 89' lang='lat' dir='ltr'><strong>ﬁlii</strong></span> <span class='ocrx_word' id='word_1_92' title='bbox 1617 1286 2008 1354; x_wconf 76' lang='lat' dir='ltr'><strong>Animonqua-</strong></span> 
     </span>
    </p>
   </div>
   <div class='ocr_carea' id='block_1_13' title="bbox 408 1380 2008 1456">
    <p class='ocr_par' dir='ltr' id='par_1_13' title="bbox 408 1380 2008 1456">
     <span class='ocr_line' id='line_1_13' title="bbox 408 1380 2008 1456; baseline -0.002 -17"><span class='ocrx_word' id='word_1_93' title='bbox 408 1388 454 1440; x_wconf 89' lang='lat' dir='ltr'><strong>si</strong></span> <span class='ocrx_word' id='word_1_94' title='bbox 476 1386 801 1443; x_wconf 85' lang='lat' dir='ltr'><strong>Gomorrhn.</strong></span> <span class='ocrx_word' id='word_1_95' title='bbox 829 1386 1096 1456; x_wconf 81' lang='lat' dir='ltr'><strong>Legamus</strong></span> <span class='ocrx_word' id='word_1_96' title='bbox 1121 1382 1496 1454; x_wconf 65' lang='lat' dir='ltr'><strong>hujuscemodi</strong></span> <span class='ocrx_word' id='word_1_97' title='bbox 1519 1382 1761 1436; x_wconf 78' lang='lat' dir='ltr'><strong>visiones</strong></span> <span class='ocrx_word' id='word_1_98' title='bbox 1786 1381 1840 1434; x_wconf 89' lang='lat' dir='ltr'><strong>in</strong></span> <span class='ocrx_word' id='word_1_99' title='bbox 1868 1380 2008 1436; x_wconf 83' lang='lat' dir='ltr'><strong>isaia</strong></span> 
     </span>
    </p>
   </div>
   <div class='ocr_carea' id='block_1_14' title="bbox 406 1473 2010 1545">
    <p class='ocr_par' dir='ltr' id='par_1_14' title="bbox 406 1473 2010 1545">
     <span class='ocr_line' id='line_1_14' title="bbox 406 1473 2010 1545; baseline -0.004 -13"><span class='ocrx_word' id='word_1_100' title='bbox 406 1487 462 1532; x_wconf 90' lang='lat' dir='ltr'><strong>et</strong></span> <span class='ocrx_word' id='word_1_101' title='bbox 491 1475 754 1544; x_wconf 72' lang='lat' dir='ltr'><strong>Ieremia,</strong></span> <span class='ocrx_word' id='word_1_102' title='bbox 784 1485 838 1531; x_wconf 87' lang='lat' dir='ltr'><strong>et</strong></span> <span class='ocrx_word' id='word_1_103' title='bbox 876 1477 1070 1530; x_wconf 86' lang='lat' dir='ltr'><strong>eadem</strong></span> <span class='ocrx_word' id='word_1_104' title='bbox 1101 1491 1222 1545; x_wconf 68' lang='lat' dir='ltr'><strong>quae</strong></span> <span class='ocrx_word' id='word_1_105' title='bbox 1253 1489 1399 1529; x_wconf 84' lang='lat' dir='ltr'><strong>nunc</strong></span> <span class='ocrx_word' id='word_1_106' title='bbox 1439 1473 1529 1527; x_wconf 87' lang='lat' dir='ltr'><strong>hic</strong></span> <span class='ocrx_word' id='word_1_107' title='bbox 1561 1473 1813 1543; x_wconf 77' lang='lat' dir='ltr'><strong>legimus,</strong></span> <span class='ocrx_word' id='word_1_108' title='bbox 1848 1487 2010 1541; x_wconf 80' lang='lat' dir='ltr'><strong>repe-</strong></span> 
     </span>
    </p>
   </div>
   <div class='ocr_carea' id='block_1_15' title="bbox 407 1566 2008 1639">
    <p class='ocr_par' dir='ltr' id='par_1_15' title="bbox 407 1566 2008 1639">
     <span class='ocr_line' id='line_1_15' title="bbox 407 1566 2008 1639; baseline -0.001 -17"><span class='ocrx_word' id='word_1_109' title='bbox 407 1570 629 1624; x_wconf 86' lang='lat' dir='ltr'><strong>riemus.</strong></span> <span class='ocrx_word' id='word_1_110' title='bbox 663 1568 886 1625; x_wconf 77' lang='lat' dir='ltr'><strong>Siocitas</strong></span> <span class='ocrx_word' id='word_1_111' title='bbox 916 1570 1190 1639; x_wconf 79' lang='lat' dir='ltr'><strong>spinarum</strong></span> <span class='ocrx_word' id='word_1_112' title='bbox 1212 1578 1257 1622; x_wconf 86' lang='lat' dir='ltr'><strong>et</strong></span> <span class='ocrx_word' id='word_1_113' title='bbox 1290 1568 1460 1621; x_wconf 82' lang='lat' dir='ltr'><strong>acer-vi</strong></span> <span class='ocrx_word' id='word_1_114' title='bbox 1495 1566 1648 1632; x_wconf 79' lang='lat' dir='ltr'><strong>salis,</strong></span> <span class='ocrx_word' id='word_1_115' title='bbox 1675 1576 1724 1620; x_wconf 85' lang='lat' dir='ltr'><strong>et</strong></span> <span class='ocrx_word' id='word_1_116' title='bbox 1747 1567 2008 1621; x_wconf 74' lang='lat' dir='ltr'><strong>desertum</strong></span> 
     </span>
    </p>
   </div>
   <div class='ocr_carea' id='block_1_16' title="bbox 409 1659 2008 1732">
    <p class='ocr_par' dir='ltr' id='par_1_16' title="bbox 409 1659 2008 1732">
     <span class='ocr_line' id='line_1_16' title="bbox 409 1659 2008 1732; baseline 0.001 -17"><span class='ocrx_word' id='word_1_117' title='bbox 409 1680 565 1732; x_wconf 79' lang='lat' dir='ltr'><strong>usque</strong></span> <span class='ocrx_word' id='word_1_118' title='bbox 597 1663 652 1716; x_wconf 84' lang='lat' dir='ltr'><strong>in</strong></span> <span class='ocrx_word' id='word_1_119' title='bbox 680 1672 952 1727; x_wconf 63' lang='lat' dir='ltr'><strong>aeternum,</strong></span> <span class='ocrx_word' id='word_1_120' title='bbox 982 1677 1082 1730; x_wconf 91' lang='lat' dir='ltr'><strong>pro</strong></span> <span class='ocrx_word' id='word_1_121' title='bbox 1115 1676 1224 1730; x_wconf 87' lang='lat' dir='ltr'><strong>quo</strong></span> <span class='ocrx_word' id='word_1_122' title='bbox 1247 1661 1436 1714; x_wconf 88' lang='lat' dir='ltr'><strong>nescio</strong></span> <span class='ocrx_word' id='word_1_123' title='bbox 1463 1659 1596 1730; x_wconf 85' lang='lat' dir='ltr'><strong>quid</strong></span> <span class='ocrx_word' id='word_1_124' title='bbox 1625 1659 1728 1713; x_wconf 85' lang='lat' dir='ltr'><strong>sihl</strong></span> <span class='ocrx_word' id='word_1_125' title='bbox 1761 1661 2008 1716; x_wconf 86' lang='lat' dir='ltr'><strong>volentes</strong></span> 
     </span>
    </p>
   </div>
   <div class='ocr_carea' id='block_1_17' title="bbox 405 1753 2007 1823">
    <p class='ocr_par' dir='ltr' id='par_1_17' title="bbox 405 1753 2007 1823">
     <span class='ocr_line' id='line_1_17' title="bbox 405 1753 2007 1823; baseline -0.002 -13"><span class='ocrx_word' id='word_1_126' title='bbox 405 1757 548 1811; x_wconf 80' lang='lat' dir='ltr'><strong>LXX</strong></span> <span class='ocrx_word' id='word_1_127' title='bbox 581 1754 897 1812; x_wconf 80' lang='lat' dir='ltr'><strong>Damascum</strong></span> <span class='ocrx_word' id='word_1_128' title='bbox 944 1755 1172 1810; x_wconf 71' lang='lat' dir='ltr'><strong>evulsam</strong></span> <span class='ocrx_word' id='word_1_129' title='bbox 1219 1765 1265 1809; x_wconf 84' lang='lat' dir='ltr'><strong>et</strong></span> <span class='ocrx_word' id='word_1_130' title='bbox 1307 1755 1618 1810; x_wconf 69' lang='lat' dir='ltr'><strong>derelictam</strong></span> <span class='ocrx_word' id='word_1_131' title='bbox 1665 1753 2007 1823; x_wconf 85' lang='lat' dir='ltr'><strong>interpretati</strong></span> 
     </span>
    </p>
   </div>
   <div class='ocr_carea' id='block_1_18' title="bbox 2114 536 3711 606">
    <p class='ocr_par' dir='ltr' id='par_1_18' title="bbox 2114 536 3711 606">
     <span class='ocr_line' id='line_1_18' title="bbox 2114 536 3711 606; baseline 0.002 -16"><span class='ocrx_word' id='word_1_132' title='bbox 2114 545 2292 591; x_wconf 87' lang='lat' dir='ltr'><strong>strare</strong></span> <span class='ocrx_word' id='word_1_133' title='bbox 2337 536 2665 605; x_wconf 86' lang='lat' dir='ltr'><strong>sulphureas</strong></span> <span class='ocrx_word' id='word_1_134' title='bbox 2699 537 2929 606; x_wconf 83' lang='lat' dir='ltr'><strong>pluvias,</strong></span> <span class='ocrx_word' id='word_1_135' title='bbox 2965 547 2988 574; x_wconf 75' lang='grc' dir='ltr'><strong>ο</strong></span> <span class='ocrx_word' id='word_1_136' title='bbox 3021 537 3235 600; x_wconf 82' lang='lat' dir='ltr'><strong>vineas.</strong></span> <span class='ocrx_word' id='word_1_137' title='bbox 3269 544 3472 593; x_wconf 84' lang='lat' dir='ltr'><strong>terram</strong></span> <span class='ocrx_word' id='word_1_138' title='bbox 3525 538 3581 593; x_wconf 89' lang='lat' dir='ltr'><strong>in</strong></span> <span class='ocrx_word' id='word_1_139' title='bbox 3631 539 3711 593; x_wconf 84' lang='lat' dir='ltr'><strong>ci-</strong></span> 
     </span>
    </p>
   </div>
   <div class='ocr_carea' id='block_1_19' title="bbox 2113 629 3712 703">
    <p class='ocr_par' dir='ltr' id='par_1_19' title="bbox 2113 629 3712 703">
     <span class='ocr_line' id='line_1_19' title="bbox 2113 629 3712 703; baseline 0.002 -17"><span class='ocrx_word' id='word_1_140' title='bbox 2113 647 2272 688; x_wconf 83' lang='lat' dir='ltr'><strong>neres</strong></span> <span class='ocrx_word' id='word_1_141' title='bbox 2296 629 2647 701; x_wconf 75' lang='lat' dir='ltr'><strong>favillamque</strong></span> <span class='ocrx_word' id='word_1_142' title='bbox 2675 645 3019 700; x_wconf 89' lang='lat' dir='ltr'><strong>conversam,</strong></span> <span class='ocrx_word' id='word_1_143' title='bbox 3051 647 3207 688; x_wconf 85' lang='lat' dir='ltr'><strong>mare</strong></span> <span class='ocrx_word' id='word_1_144' title='bbox 3249 646 3414 702; x_wconf 84' lang='lat' dir='ltr'><strong>supra</strong></span> <span class='ocrx_word' id='word_1_145' title='bbox 3435 633 3506 688; x_wconf 91' lang='lat' dir='ltr'><strong>de</strong></span> <span class='ocrx_word' id='word_1_146' title='bbox 3534 634 3712 703; x_wconf 86' lang='lat' dir='ltr'><strong>puteis</strong></span> 
     </span>
    </p>
   </div>
   <div class='ocr_carea' id='block_1_20' title="bbox 2114 723 3716 795">
    <p class='ocr_par' dir='ltr' id='par_1_20' title="bbox 2114 723 3716 795">
     <span class='ocr_line' id='line_1_20' title="bbox 2114 723 3716 795; baseline 0.001 -16"><span class='ocrx_word' id='word_1_147' title='bbox 2114 723 2392 795; x_wconf 86' lang='lat' dir='ltr'><strong>quondam</strong></span> <span class='ocrx_word' id='word_1_148' title='bbox 2439 723 2593 792; x_wconf 88' lang='lat' dir='ltr'><strong>salis,</strong></span> <span class='ocrx_word' id='word_1_149' title='bbox 2621 723 2767 794; x_wconf 88' lang='lat' dir='ltr'><strong>quod</strong></span> <span class='ocrx_word' id='word_1_150' title='bbox 2799 738 2947 779; x_wconf 90' lang='lat' dir='ltr'><strong>nune</strong></span> <span class='ocrx_word' id='word_1_151' title='bbox 2984 724 3254 780; x_wconf 78' lang='lat' dir='ltr'><strong>Morinum</strong></span> <span class='ocrx_word' id='word_1_152' title='bbox 3296 726 3522 793; x_wconf 84' lang='lat' dir='ltr'><strong>dicitur,</strong></span> <span class='ocrx_word' id='word_1_153' title='bbox 3555 726 3716 781; x_wconf 84' lang='lat' dir='ltr'><strong>inun-</strong></span> 
     </span>
    </p>
   </div>
   <div class='ocr_carea' id='block_1_21' title="bbox 2111 819 3718 892">
    <p class='ocr_par' dir='ltr' id='par_1_21' title="bbox 2111 819 3718 892">
     <span class='ocr_line' id='line_1_21' title="bbox 2111 819 3718 892; baseline 0.002 -18"><span class='ocrx_word' id='word_1_154' title='bbox 2111 819 2276 874; x_wconf 87' lang='lat' dir='ltr'><strong>dasse</strong></span> <span class='ocrx_word' id='word_1_155' title='bbox 2309 837 2322 874; x_wconf 90' lang='lat'><strong>:</strong></span> <span class='ocrx_word' id='word_1_156' title='bbox 2356 819 2580 888; x_wconf 81' lang='lat' dir='ltr'><strong>quando</strong></span> <span class='ocrx_word' id='word_1_157' title='bbox 2601 834 2697 874; x_wconf 89' lang='lat' dir='ltr'><strong>eos</strong></span> <span class='ocrx_word' id='word_1_158' title='bbox 2733 819 3068 889; x_wconf 85' lang='lat' dir='ltr'><strong>diripuerint</strong></span> <span class='ocrx_word' id='word_1_159' title='bbox 3092 819 3291 889; x_wconf 73' lang='lat' dir='ltr'><strong>Judaei,</strong></span> <span class='ocrx_word' id='word_1_160' title='bbox 3323 821 3549 892; x_wconf 89' lang='lat' dir='ltr'><strong>quando</strong></span> <span class='ocrx_word' id='word_1_161' title='bbox 3581 821 3718 877; x_wconf 90' lang='lat' dir='ltr'><strong>resi-</strong></span> 
     </span>
    </p>
   </div>
   <div class='ocr_carea' id='block_1_22' title="bbox 2111 910 3718 984">
    <p class='ocr_par' dir='ltr' id='par_1_22' title="bbox 2111 910 3718 984">
     <span class='ocr_line' id='line_1_22' title="bbox 2111 910 3718 984; baseline 0.002 -20"><span class='ocrx_word' id='word_1_162' title='bbox 2111 912 2231 966; x_wconf 74' lang='lat' dir='ltr'><strong>dua:</strong></span> <span class='ocrx_word' id='word_1_163' title='bbox 2259 922 2454 982; x_wconf 79' lang='lat' dir='ltr'><strong>gentes</strong></span> <span class='ocrx_word' id='word_1_164' title='bbox 2483 910 2804 966; x_wconf 76' lang='lat' dir='ltr'><strong>lsraeliticae</strong></span> <span class='ocrx_word' id='word_1_165' title='bbox 2830 911 3174 981; x_wconf 88' lang='lat' dir='ltr'><strong>possederint</strong></span> <span class='ocrx_word' id='word_1_166' title='bbox 3198 926 3315 968; x_wconf 88' lang='lat' dir='ltr'><strong>eos.</strong></span> <span class='ocrx_word' id='word_1_167' title='bbox 3349 917 3458 968; x_wconf 81' lang='lat' dir='ltr'><strong>Aut</strong></span> <span class='ocrx_word' id='word_1_168' title='bbox 3486 929 3613 984; x_wconf 66' lang='lat' dir='ltr'><strong>quae</strong></span> <span class='ocrx_word' id='word_1_169' title='bbox 3635 913 3718 968; x_wconf 87' lang='lat' dir='ltr'><strong>in-</strong></span> 
     </span>
    </p>
   </div>
   <div class='ocr_carea' id='block_1_23' title="bbox 2111 1007 3719 1077">
    <p class='ocr_par' dir='ltr' id='par_1_23' title="bbox 2111 1007 3719 1077">
     <span class='ocr_line' id='line_1_23' title="bbox 2111 1007 3719 1077; baseline 0.002 -16"><span class='ocrx_word' id='word_1_170' title='bbox 2111 1007 2357 1077; x_wconf 82' lang='lat' dir='ltr'><strong>dignatio</strong></span> <span class='ocrx_word' id='word_1_171' title='bbox 2387 1007 2597 1061; x_wconf 89' lang='lat' dir='ltr'><strong>Domini</strong></span> <span class='ocrx_word' id='word_1_172' title='bbox 2635 1015 2718 1061; x_wconf 86' lang='lat' dir='ltr'><strong>est</strong></span> <span class='ocrx_word' id='word_1_173' title='bbox 2757 1020 2856 1076; x_wconf 88' lang='lat' dir='ltr'><strong>pro</strong></span> <span class='ocrx_word' id='word_1_174' title='bbox 2894 1007 3242 1077; x_wconf 88' lang='lat' dir='ltr'><strong>blasphemia</strong></span> <span class='ocrx_word' id='word_1_175' title='bbox 3272 1018 3328 1064; x_wconf 91' lang='lat' dir='ltr'><strong>et</strong></span> <span class='ocrx_word' id='word_1_176' title='bbox 3362 1009 3719 1066; x_wconf 83' lang='lat' dir='ltr'><strong>contumeliis</strong></span> 
     </span>
    </p>
   </div>
   <div class='ocr_carea' id='block_1_24' title="bbox 2111 1099 3717 1170">
    <p class='ocr_par' dir='ltr' id='par_1_24' title="bbox 2111 1099 3717 1170">
     <span class='ocr_line' id='line_1_24' title="bbox 2111 1099 3717 1170; baseline 0.003 -17"><span class='ocrx_word' id='word_1_177' title='bbox 2111 1108 2402 1155; x_wconf 85' lang='lat' dir='ltr'><strong>attenuare</strong></span> <span class='ocrx_word' id='word_1_178' title='bbox 2430 1108 2486 1154; x_wconf 89' lang='lat' dir='ltr'><strong>et</strong></span> <span class='ocrx_word' id='word_1_179' title='bbox 2515 1099 2838 1170; x_wconf 85' lang='lat' dir='ltr'><strong>disperdere</strong></span> <span class='ocrx_word' id='word_1_180' title='bbox 2869 1100 3004 1155; x_wconf 81' lang='lat' dir='ltr'><strong>eos?</strong></span> <span class='ocrx_word' id='word_1_181' title='bbox 3035 1115 3144 1155; x_wconf 90' lang='lat' dir='ltr'><strong>non</strong></span> <span class='ocrx_word' id='word_1_182' title='bbox 3177 1101 3336 1157; x_wconf 84' lang='lat' dir='ltr'><strong>Moab</strong></span> <span class='ocrx_word' id='word_1_183' title='bbox 3368 1111 3424 1156; x_wconf 89' lang='lat' dir='ltr'><strong>et</strong></span> <span class='ocrx_word' id='word_1_184' title='bbox 3455 1100 3717 1169; x_wconf 78' lang='lat' dir='ltr'><strong>Ammon,</strong></span> 
     </span>
    </p>
   </div>
   <div class='ocr_carea' id='block_1_25' title="bbox 2112 1192 3723 1268">
    <p class='ocr_par' dir='ltr' id='par_1_25' title="bbox 2112 1192 3723 1268">
     <span class='ocr_line' id='line_1_25' title="bbox 2112 1192 3723 1268; baseline 0.004 -22"><span class='ocrx_word' id='word_1_185' title='bbox 2112 1192 2206 1247; x_wconf 88' lang='lat' dir='ltr'><strong>sed</strong></span> <span class='ocrx_word' id='word_1_186' title='bbox 2239 1194 2552 1250; x_wconf 80' lang='lat' dir='ltr'><strong>universam</strong></span> <span class='ocrx_word' id='word_1_187' title='bbox 2574 1204 2802 1260; x_wconf 84' lang='lat' dir='ltr'><strong>terram,</strong></span> <span class='ocrx_word' id='word_1_188' title='bbox 2820 1196 3260 1252; x_wconf 86' lang='lat' dir='ltr'><strong>utadorenteum</strong></span> <span class='ocrx_word' id='word_1_189' title='bbox 3283 1197 3490 1268; x_wconf 81' lang='lat' dir='ltr'><strong>singuli</strong></span> <span class='ocrx_word' id='word_1_190' title='bbox 3510 1196 3583 1253; x_wconf 91' lang='lat' dir='ltr'><strong>de</strong></span> <span class='ocrx_word' id='word_1_191' title='bbox 3603 1198 3723 1253; x_wconf 89' lang='lat' dir='ltr'><strong>loco</strong></span> 
     </span>
    </p>
   </div>
   <div class='ocr_carea' id='block_1_26' title="bbox 2111 1287 3720 1360">
    <p class='ocr_par' dir='ltr' id='par_1_26' title="bbox 2111 1287 3720 1360">
     <span class='ocr_line' id='line_1_26' title="bbox 2111 1287 3720 1360; baseline 0.003 -22"><span class='ocrx_word' id='word_1_192' title='bbox 2111 1299 2234 1349; x_wconf 86' lang='lat' dir='ltr'><strong>suo,</strong></span> <span class='ocrx_word' id='word_1_193' title='bbox 2258 1301 2450 1342; x_wconf 86' lang='lat' dir='ltr'><strong>omnes</strong></span> <span class='ocrx_word' id='word_1_194' title='bbox 2478 1287 2673 1342; x_wconf 80' lang='lat' dir='ltr'><strong>insulae</strong></span> <span class='ocrx_word' id='word_1_195' title='bbox 2705 1290 2989 1360; x_wconf 82' lang='lat' dir='ltr'><strong>gentium?</strong></span> <span class='ocrx_word' id='word_1_196' title='bbox 3015 1290 3158 1360; x_wconf 89' lang='lat' dir='ltr'><strong>quod</strong></span> <span class='ocrx_word' id='word_1_197' title='bbox 3183 1290 3356 1360; x_wconf 87' lang='lat' dir='ltr'><strong>magis</strong></span> <span class='ocrx_word' id='word_1_198' title='bbox 3389 1306 3488 1359; x_wconf 90' lang='lat' dir='ltr'><strong>pro</strong></span> <span class='ocrx_word' id='word_1_199' title='bbox 3510 1289 3720 1346; x_wconf 87' lang='lat' dir='ltr'><strong>beneﬁ-</strong></span> 
     </span>
    </p>
   </div>
   <div class='ocr_carea' id='block_1_27' title="bbox 2111 1379 3721 1452">
    <p class='ocr_par' dir='ltr' id='par_1_27' title="bbox 2111 1379 3721 1452">
     <span class='ocr_line' id='line_1_27' title="bbox 2111 1379 3721 1452; baseline 0.001 -18"><span class='ocrx_word' id='word_1_200' title='bbox 2111 1379 2198 1434; x_wconf 89' lang='lat' dir='ltr'><strong>cio</strong></span> <span class='ocrx_word' id='word_1_201' title='bbox 2230 1379 2430 1434; x_wconf 86' lang='lat' dir='ltr'><strong>tribuet</strong></span> <span class='ocrx_word' id='word_1_202' title='bbox 2457 1381 2984 1452; x_wconf 87' lang='lat' dir='ltr'><strong>blasphemantibus,</strong></span> <span class='ocrx_word' id='word_1_203' title='bbox 3003 1391 3063 1436; x_wconf 90' lang='lat' dir='ltr'><strong>ut</strong></span> <span class='ocrx_word' id='word_1_204' title='bbox 3086 1382 3156 1437; x_wconf 87' lang='lat' dir='ltr'><strong>ab</strong></span> <span class='ocrx_word' id='word_1_205' title='bbox 3184 1397 3375 1438; x_wconf 87' lang='lat' dir='ltr'><strong>errore</strong></span> <span class='ocrx_word' id='word_1_206' title='bbox 3404 1382 3632 1439; x_wconf 84' lang='lat' dir='ltr'><strong>redeant</strong></span> <span class='ocrx_word' id='word_1_207' title='bbox 3651 1383 3721 1437; x_wconf 88' lang='lat' dir='ltr'><strong>ad</strong></span> 
     </span>
    </p>
   </div>
   <div class='ocr_carea' id='block_1_28' title="bbox 2111 1473 3722 1546">
    <p class='ocr_par' dir='ltr' id='par_1_28' title="bbox 2111 1473 3722 1546">
     <span class='ocr_line' id='line_1_28' title="bbox 2111 1473 3722 1546; baseline 0.003 -19"><span class='ocrx_word' id='word_1_208' title='bbox 2111 1474 2361 1527; x_wconf 85' lang='lat' dir='ltr'><strong>salutem.</strong></span> <span class='ocrx_word' id='word_1_209' title='bbox 2388 1473 2542 1540; x_wconf 87' lang='lat' dir='ltr'><strong>Quod</strong></span> <span class='ocrx_word' id='word_1_210' title='bbox 2567 1475 2611 1528; x_wconf 88' lang='lat' dir='ltr'><strong>si</strong></span> <span class='ocrx_word' id='word_1_211' title='bbox 2642 1475 2919 1530; x_wconf 86' lang='lat' dir='ltr'><strong>voluerint</strong></span> <span class='ocrx_word' id='word_1_212' title='bbox 2940 1474 3151 1544; x_wconf 87' lang='lat' dir='ltr'><strong>dicere,</strong></span> <span class='ocrx_word' id='word_1_213' title='bbox 3172 1485 3296 1545; x_wconf 89' lang='lat' dir='ltr'><strong>post</strong></span> <span class='ocrx_word' id='word_1_214' title='bbox 3317 1476 3722 1546; x_wconf 75' lang='lat' dir='ltr'><strong>regressionem</strong></span> 
     </span>
    </p>
   </div>
   <div class='ocr_carea' id='block_1_29' title="bbox 2112 1565 3720 1640">
    <p class='ocr_par' dir='ltr' id='par_1_29' title="bbox 2112 1565 3720 1640">
     <span class='ocr_line' id='line_1_29' title="bbox 2112 1565 3720 1640; baseline 0.004 -22"><span class='ocrx_word' id='word_1_215' title='bbox 2112 1565 2180 1619; x_wconf 79' lang='lat' dir='ltr'><strong>de</strong></span> <span class='ocrx_word' id='word_1_216' title='bbox 2192 1566 2468 1638; x_wconf 81' lang='lat' dir='ltr'><strong>Babylone</strong></span> <span class='ocrx_word' id='word_1_217' title='bbox 2483 1567 2578 1622; x_wconf 90' lang='lat' dir='ltr'><strong>has</strong></span> <span class='ocrx_word' id='word_1_218' title='bbox 2595 1577 2788 1638; x_wconf 86' lang='lat' dir='ltr'><strong>gentes</strong></span> <span class='ocrx_word' id='word_1_219' title='bbox 2803 1568 3006 1639; x_wconf 90' lang='lat' dir='ltr'><strong>populo</strong></span> <span class='ocrx_word' id='word_1_220' title='bbox 3037 1568 3200 1624; x_wconf 89' lang='lat' dir='ltr'><strong>lsrael</strong></span> <span class='ocrx_word' id='word_1_221' title='bbox 3232 1569 3402 1624; x_wconf 75' lang='lat' dir='ltr'><strong>fuisse</strong></span> <span class='ocrx_word' id='word_1_222' title='bbox 3419 1570 3720 1640; x_wconf 74' lang='lat' dir='ltr'><strong>subiectas,</strong></span> 
     </span>
    </p>
   </div>
   <div class='ocr_carea' id='block_1_30' title="bbox 2111 1658 3723 1732">
    <p class='ocr_par' dir='ltr' id='par_1_30' title="bbox 2111 1658 3723 1732">
     <span class='ocr_line' id='line_1_30' title="bbox 2111 1658 3723 1732; baseline 0.004 -21"><span class='ocrx_word' id='word_1_223' title='bbox 2111 1658 2273 1730; x_wconf 78' lang='lat'><strong>705</strong></span> <span class='ocrx_word' id='word_1_224' title='bbox 2326 1659 2560 1728; x_wconf 87' lang='lat' dir='ltr'><strong>primum</strong></span> <span class='ocrx_word' id='word_1_225' title='bbox 2605 1661 2984 1716; x_wconf 86' lang='lat' dir='ltr'><strong>auctoritatem</strong></span> <span class='ocrx_word' id='word_1_226' title='bbox 3033 1661 3422 1730; x_wconf 83' lang='lat' dir='ltr'><strong>postulabimus</strong></span> <span class='ocrx_word' id='word_1_227' title='bbox 3473 1662 3723 1732; x_wconf 85' lang='lat' dir='ltr'><strong>Scriptu-</strong></span> 
     </span>
    </p>
   </div>
   <div class='ocr_carea' id='block_1_31' title="bbox 2112 1753 3722 1825">
    <p class='ocr_par' dir='ltr' id='par_1_31' title="bbox 2112 1753 3722 1825">
     <span class='ocr_line' id='line_1_31' title="bbox 2112 1753 3722 1825; baseline 0.003 -18"><span class='ocrx_word' id='word_1_228' title='bbox 2112 1769 2316 1818; x_wconf 86' lang='lat' dir='ltr'><strong>rarum,</strong></span> <span class='ocrx_word' id='word_1_229' title='bbox 2333 1755 2474 1807; x_wconf 88' lang='lat' dir='ltr'><strong>unde</strong></span> <span class='ocrx_word' id='word_1_230' title='bbox 2493 1754 2596 1809; x_wconf 88' lang='lat' dir='ltr'><strong>hoc</strong></span> <span class='ocrx_word' id='word_1_231' title='bbox 2610 1753 2807 1809; x_wconf 75' lang='lat' dir='ltr'><strong>factum</strong></span> <span class='ocrx_word' id='word_1_232' title='bbox 2837 1755 3065 1825; x_wconf 82' lang='lat' dir='ltr'><strong>probent</strong></span> <span class='ocrx_word' id='word_1_233' title='bbox 3089 1774 3100 1808; x_wconf 95' lang='lat'><strong>:</strong></span> <span class='ocrx_word' id='word_1_234' title='bbox 3131 1755 3331 1811; x_wconf 89' lang='lat' dir='ltr'><strong>deinde</strong></span> <span class='ocrx_word' id='word_1_235' title='bbox 3349 1771 3473 1811; x_wconf 90' lang='lat' dir='ltr'><strong>cum</strong></span> <span class='ocrx_word' id='word_1_236' title='bbox 3499 1756 3722 1812; x_wconf 84' lang='lat' dir='ltr'><strong>minime</strong></span> 
     </span>
    </p>
   </div>
   <div class='ocr_carea' id='block_1_32' title="bbox 404 1845 3718 1920">
    <p class='ocr_par' dir='ltr' id='par_1_32' title="bbox 404 1845 3718 1920">
     <span class='ocr_line' id='line_1_32' title="bbox 404 1845 3718 1920; baseline 0 -18"><span class='ocrx_word' id='word_1_237' title='bbox 404 1859 550 1914; x_wconf 64' lang='lat' dir='ltr'><strong>sum,</strong></span> <span class='ocrx_word' id='word_1_238' title='bbox 587 1852 692 1904; x_wconf 86' lang='lat' dir='ltr'><strong>nisi</strong></span> <span class='ocrx_word' id='word_1_239' title='bbox 722 1849 904 1914; x_wconf 82' lang='lat' dir='ltr'><strong>fallor,</strong></span> <span class='ocrx_word' id='word_1_240' title='bbox 926 1851 1080 1904; x_wconf 80' lang='lat' dir='ltr'><strong>verbi</strong></span> <span class='ocrx_word' id='word_1_241' title='bbox 1102 1848 1466 1919; x_wconf 80' lang='lat' dir='ltr'><strong>ambiguitate</strong></span> <span class='ocrx_word' id='word_1_242' title='bbox 1491 1846 1704 1917; x_wconf 82' lang='lat' dir='ltr'><strong>decepti</strong></span> <span class='ocrx_word' id='word_1_243' title='bbox 1738 1864 1751 1900; x_wconf 89' lang='lat'><strong>:</strong></span> <span class='ocrx_word' id='word_1_244' title='bbox 1776 1845 2006 1901; x_wconf 82' lang='lat' dir='ltr'><strong>siccitas</strong></span> <span class='ocrx_word' id='word_1_245' title='bbox 2036 1851 2086 1912; x_wconf 78' lang='grc' dir='ltr'><strong>Β</strong></span> <span class='ocrx_word' id='word_1_246' title='bbox 2114 1847 2387 1915; x_wconf 83' lang='lat' dir='ltr'><strong>potuerint</strong></span> <span class='ocrx_word' id='word_1_247' title='bbox 2409 1846 2807 1912; x_wconf 88' lang='lat' dir='ltr'><strong>demonstrare,</strong></span> <span class='ocrx_word' id='word_1_248' title='bbox 2841 1848 3203 1904; x_wconf 78' lang='lat' dir='ltr'><strong>eoneedemus</strong></span> <span class='ocrx_word' id='word_1_249' title='bbox 3227 1849 3308 1903; x_wconf 88' lang='lat' dir='ltr'><strong>eis</strong></span> <span class='ocrx_word' id='word_1_250' title='bbox 3329 1865 3394 1904; x_wconf 87' lang='lat' dir='ltr'><strong>ex</strong></span> <span class='ocrx_word' id='word_1_251' title='bbox 3419 1849 3718 1920; x_wconf 80' lang='lat' dir='ltr'><strong>superﬂuo,</strong></span> 
     </span>
    </p>
   </div>
   <div class='ocr_carea' id='block_1_33' title="bbox 406 1939 2002 2030">
    <p class='ocr_par' dir='ltr' id='par_1_33' title="bbox 406 1939 2002 2030">
     <span class='ocr_line' id='line_1_33' title="bbox 406 1939 2002 2030; baseline -0.003 -30"><span class='ocrx_word' id='word_1_252' title='bbox 406 1945 552 2000; x_wconf 88' lang='lat' dir='ltr'><strong>enim</strong></span> <span class='ocrx_word' id='word_1_253' title='bbox 601 1946 746 2016; x_wconf 84' lang='lat' dir='ltr'><strong>quod</strong></span> <span class='ocrx_word' id='word_1_254' title='bbox 806 1944 1070 2000; x_wconf 84' lang='lat' dir='ltr'><strong>Hebraice</strong></span> <span class='ocrx_word' id='word_1_255' title='bbox 1100 1944 1300 1998; x_wconf 87' lang='lat' dir='ltr'><strong>dicitur</strong></span> <span class='ocrx_word' id='word_1_256' title='bbox 1345 1939 1874 2030; x_wconf 61' lang='grc' dir='ltr'>ιιιιιιειαφωῄιο),</span> <span class='ocrx_word' id='word_1_257' title='bbox 1907 1955 2002 1996; x_wconf 85' lang='lat' dir='ltr'><strong>ex-</strong></span> 
     </span>
    </p>
   </div>
   <div class='ocr_carea' id='block_1_34' title="bbox 405 2033 2005 2108">
    <p class='ocr_par' dir='ltr' id='par_1_34' title="bbox 405 2033 2005 2108">
     <span class='ocr_line' id='line_1_34' title="bbox 405 2033 2005 2108; baseline -0.003 -15"><span class='ocrx_word' id='word_1_258' title='bbox 405 2050 562 2108; x_wconf 79' lang='lat' dir='ltr'><strong>cepta</strong></span> <span class='ocrx_word' id='word_1_259' title='bbox 597 2041 772 2108; x_wconf 89' lang='lat' dir='ltr'><strong>prima</strong></span> <span class='ocrx_word' id='word_1_260' title='bbox 802 2037 990 2093; x_wconf 86' lang='lat' dir='ltr'><strong>littera</strong></span> <span class='ocrx_word' id='word_1_261' title='bbox 1023 2053 1135 2092; x_wconf 76' lang='lat' dir='ltr'><strong>Issit</strong></span> <span class='ocrx_word' id='word_1_262' title='bbox 1163 2038 1208 2091; x_wconf 93' lang='lat' dir='ltr'><strong>si</strong></span> <span class='ocrx_word' id='word_1_263' title='bbox 1235 2045 1505 2101; x_wconf 81' lang='lat' dir='ltr'><strong>mutetur,</strong></span> <span class='ocrx_word' id='word_1_264' title='bbox 1534 2045 1592 2091; x_wconf 91' lang='lat' dir='ltr'><strong>et</strong></span> <span class='ocrx_word' id='word_1_265' title='bbox 1615 2049 1833 2090; x_wconf 76' lang='lat' dir='ltr'><strong>DALETH</strong></span> <span class='ocrx_word' id='word_1_266' title='bbox 1863 2033 2005 2089; x_wconf 84' lang='lat' dir='ltr'><strong>acci-</strong></span> 
     </span>
    </p>
   </div>
   <div class='ocr_carea' id='block_1_35' title="bbox 407 2125 2004 2202">
    <p class='ocr_par' dir='ltr' id='par_1_35' title="bbox 407 2125 2004 2202">
     <span class='ocr_line' id='line_1_35' title="bbox 407 2125 2004 2202; baseline -0.003 -17"><span class='ocrx_word' id='word_1_267' title='bbox 407 2133 611 2202; x_wconf 82' lang='lat' dir='ltr'><strong>piatur,</strong></span> <span class='ocrx_word' id='word_1_268' title='bbox 645 2131 866 2187; x_wconf 86' lang='lat' dir='ltr'><strong>easdem</strong></span> <span class='ocrx_word' id='word_1_269' title='bbox 903 2131 1120 2186; x_wconf 85' lang='lat' dir='ltr'><strong>litteras</strong></span> <span class='ocrx_word' id='word_1_270' title='bbox 1156 2130 1399 2200; x_wconf 87' lang='lat' dir='ltr'><strong>reliquas</strong></span> <span class='ocrx_word' id='word_1_271' title='bbox 1432 2127 1620 2193; x_wconf 86' lang='lat' dir='ltr'><strong>habet,</strong></span> <span class='ocrx_word' id='word_1_272' title='bbox 1651 2142 1788 2197; x_wconf 87' lang='lat' dir='ltr'><strong>quas</strong></span> <span class='ocrx_word' id='word_1_273' title='bbox 1811 2135 1868 2181; x_wconf 89' lang='lat' dir='ltr'><strong>et</strong></span> <span class='ocrx_word' id='word_1_274' title='bbox 1895 2125 2004 2180; x_wconf 84' lang='lat' dir='ltr'><strong>Da-</strong></span> 
     </span>
    </p>
   </div>
   <div class='ocr_carea' id='block_1_36' title="bbox 410 2221 2003 2295">
    <p class='ocr_par' dir='ltr' id='par_1_36' title="bbox 410 2221 2003 2295">
     <span class='ocr_line' id='line_1_36' title="bbox 410 2221 2003 2295; baseline -0.004 -15"><span class='ocrx_word' id='word_1_275' title='bbox 410 2241 648 2291; x_wconf 88' lang='lat' dir='ltr'><strong>mascus,</strong></span> <span class='ocrx_word' id='word_1_276' title='bbox 682 2237 738 2280; x_wconf 88' lang='lat' dir='ltr'><strong>et</strong></span> <span class='ocrx_word' id='word_1_277' title='bbox 767 2235 946 2294; x_wconf 82' lang='lat' dir='ltr'><strong>potest</strong></span> <span class='ocrx_word' id='word_1_278' title='bbox 973 2225 1080 2295; x_wconf 84' lang='lat' dir='ltr'><strong>legi</strong></span> <span class='ocrx_word' id='word_1_279' title='bbox 1109 2239 1208 2294; x_wconf 89' lang='lat' dir='ltr'><strong>pro</strong></span> <span class='ocrx_word' id='word_1_280' title='bbox 1242 2222 1514 2293; x_wconf 84' lang='lat' dir='ltr'><strong>superiori</strong></span> <span class='ocrx_word' id='word_1_281' title='bbox 1537 2221 1706 2276; x_wconf 89' lang='lat' dir='ltr'><strong>verbo</strong></span> <span class='ocrx_word' id='word_1_282' title='bbox 1739 2233 2003 2276; x_wconf 74' lang='lat' dir='ltr'><strong>DAIASEC.</strong></span> 
     </span>
    </p>
   </div>
   <div class='ocr_carea' id='block_1_37' title="bbox 405 2311 2006 2388">
    <p class='ocr_par' dir='ltr' id='par_1_37' title="bbox 405 2311 2006 2388">
     <span class='ocr_line' id='line_1_37' title="bbox 405 2311 2006 2388; baseline -0.004 -15"><span class='ocrx_word' id='word_1_283' title='bbox 405 2319 682 2388; x_wconf 63' lang='lat' dir='ltr'><strong>Quaeritur</strong></span> <span class='ocrx_word' id='word_1_284' title='bbox 705 2327 893 2373; x_wconf 88' lang='lat' dir='ltr'><strong>autem</strong></span> <span class='ocrx_word' id='word_1_285' title='bbox 924 2315 1204 2387; x_wconf 87' lang='lat' dir='ltr'><strong>quomodo</strong></span> <span class='ocrx_word' id='word_1_286' title='bbox 1231 2316 1350 2370; x_wconf 70' lang='lat' dir='ltr'><strong>ista:</strong></span> <span class='ocrx_word' id='word_1_287' title='bbox 1382 2314 1568 2380; x_wconf 85' lang='lat' dir='ltr'><strong>urbes,</strong></span> <span class='ocrx_word' id='word_1_288' title='bbox 1591 2313 1692 2367; x_wconf 90' lang='lat' dir='ltr'><strong>hoc</strong></span> <span class='ocrx_word' id='word_1_289' title='bbox 1718 2320 1826 2376; x_wconf 85' lang='lat' dir='ltr'><strong>est,</strong></span> <span class='ocrx_word' id='word_1_290' title='bbox 1849 2311 2006 2366; x_wconf 79' lang='lat' dir='ltr'><strong>Moab</strong></span> 
     </span>
    </p>
   </div>
   <div class='ocr_carea' id='block_1_38' title="bbox 406 2407 2006 2478">
    <p class='ocr_par' dir='ltr' id='par_1_38' title="bbox 406 2407 2006 2478">
     <span class='ocr_line' id='line_1_38' title="bbox 406 2407 2006 2478; baseline -0.003 -12"><span class='ocrx_word' id='word_1_291' title='bbox 406 2421 460 2466; x_wconf 92' lang='lat' dir='ltr'><strong>et</strong></span> <span class='ocrx_word' id='word_1_292' title='bbox 487 2412 578 2466; x_wconf 87' lang='lat' dir='ltr'><strong>ﬁlii</strong></span> <span class='ocrx_word' id='word_1_293' title='bbox 603 2413 860 2478; x_wconf 83' lang='lat' dir='ltr'><strong>Ammon,</strong></span> <span class='ocrx_word' id='word_1_294' title='bbox 891 2411 1126 2466; x_wconf 66' lang='lat' dir='ltr'><strong>redactae</strong></span> <span class='ocrx_word' id='word_1_295' title='bbox 1149 2409 1258 2464; x_wconf 89' lang='lat' dir='ltr'><strong>sint</strong></span> <span class='ocrx_word' id='word_1_296' title='bbox 1281 2410 1336 2465; x_wconf 90' lang='lat' dir='ltr'><strong>in</strong></span> <span class='ocrx_word' id='word_1_297' title='bbox 1364 2407 1660 2466; x_wconf 85' lang='lat' dir='ltr'><strong>Sodomam</strong></span> <span class='ocrx_word' id='word_1_298' title='bbox 1688 2417 1743 2462; x_wconf 90' lang='lat' dir='ltr'><strong>et</strong></span> <span class='ocrx_word' id='word_1_299' title='bbox 1771 2407 2006 2463; x_wconf 71' lang='lat' dir='ltr'><strong>Gomor-</strong></span> 
     </span>
    </p>
   </div>
   <div class='ocr_carea' id='block_1_39' title="bbox 409 2499 2008 2576">
    <p class='ocr_par' dir='ltr' id='par_1_39' title="bbox 409 2499 2008 2576">
     <span class='ocr_line' id='line_1_39' title="bbox 409 2499 2008 2576; baseline -0.004 -17"><span class='ocrx_word' id='word_1_300' title='bbox 409 2506 586 2566; x_wconf 77' lang='lat' dir='ltr'><strong>rham,</strong></span> <span class='ocrx_word' id='word_1_301' title='bbox 619 2515 674 2560; x_wconf 90' lang='lat' dir='ltr'><strong>et</strong></span> <span class='ocrx_word' id='word_1_302' title='bbox 719 2508 872 2576; x_wconf 84' lang='lat' dir='ltr'><strong>quasi</strong></span> <span class='ocrx_word' id='word_1_303' title='bbox 922 2507 1208 2575; x_wconf 86' lang='lat' dir='ltr'><strong>spinarum</strong></span> <span class='ocrx_word' id='word_1_304' title='bbox 1251 2503 1479 2558; x_wconf 86' lang='lat' dir='ltr'><strong>ariditas</strong></span> <span class='ocrx_word' id='word_1_305' title='bbox 1513 2509 1568 2556; x_wconf 88' lang='lat' dir='ltr'><strong>et</strong></span> <span class='ocrx_word' id='word_1_306' title='bbox 1620 2501 1802 2556; x_wconf 77' lang='lat' dir='ltr'><strong>acervi</strong></span> <span class='ocrx_word' id='word_1_307' title='bbox 1843 2499 2008 2572; x_wconf 66' lang='lat' dir='ltr'><strong>7M</strong></span> 
     </span>
    </p>
   </div>
   <div class='ocr_carea' id='block_1_40' title="bbox 404 2592 2006 2666">
    <p class='ocr_par' dir='ltr' id='par_1_40' title="bbox 404 2592 2006 2666">
     <span class='ocr_line' id='line_1_40' title="bbox 404 2592 2006 2666; baseline 0.001 -18"><span class='ocrx_word' id='word_1_308' title='bbox 404 2597 557 2659; x_wconf 74' lang='lat' dir='ltr'><strong>salis,</strong></span> <span class='ocrx_word' id='word_1_309' title='bbox 593 2612 764 2666; x_wconf 83' lang='lat' dir='ltr'><strong>usque</strong></span> <span class='ocrx_word' id='word_1_310' title='bbox 790 2597 843 2652; x_wconf 86' lang='lat' dir='ltr'><strong>in</strong></span> <span class='ocrx_word' id='word_1_311' title='bbox 887 2607 1157 2652; x_wconf 67' lang='lat' dir='ltr'><strong>internum</strong></span> <span class='ocrx_word' id='word_1_312' title='bbox 1192 2611 1306 2652; x_wconf 91' lang='lat' dir='ltr'><strong>non</strong></span> <span class='ocrx_word' id='word_1_313' title='bbox 1335 2593 1717 2650; x_wconf 70' lang='lat' dir='ltr'><strong>aediﬁcentur?</strong></span> <span class='ocrx_word' id='word_1_314' title='bbox 1748 2593 1814 2648; x_wconf 87' lang='lat' dir='ltr'><strong>Et</strong></span> <span class='ocrx_word' id='word_1_315' title='bbox 1859 2592 2006 2662; x_wconf 79' lang='lat' dir='ltr'><strong>quod</strong></span> 
     </span>
    </p>
   </div>
   <div class='ocr_carea' id='block_1_41' title="bbox 406 2687 2000 2758">
    <p class='ocr_par' dir='ltr' id='par_1_41' title="bbox 406 2687 2000 2758">
     <span class='ocr_line' id='line_1_41' title="bbox 406 2687 2000 2758; baseline -0.001 -17"><span class='ocrx_word' id='word_1_316' title='bbox 406 2690 627 2758; x_wconf 85' lang='lat' dir='ltr'><strong>quidem</strong></span> <span class='ocrx_word' id='word_1_317' title='bbox 655 2699 878 2745; x_wconf 78' lang='lat' dir='ltr'><strong>vastata:</strong></span> <span class='ocrx_word' id='word_1_318' title='bbox 929 2690 1040 2745; x_wconf 89' lang='lat' dir='ltr'><strong>sint</strong></span> <span class='ocrx_word' id='word_1_319' title='bbox 1096 2689 1252 2758; x_wconf 88' lang='lat' dir='ltr'><strong>quasi</strong></span> <span class='ocrx_word' id='word_1_320' title='bbox 1294 2689 1534 2746; x_wconf 84' lang='lat' dir='ltr'><strong>Sodoma</strong></span> <span class='ocrx_word' id='word_1_321' title='bbox 1583 2697 1637 2744; x_wconf 90' lang='lat' dir='ltr'><strong>et</strong></span> <span class='ocrx_word' id='word_1_322' title='bbox 1667 2687 2000 2754; x_wconf 88' lang='lat' dir='ltr'><strong>Gomorrha,</strong></span> 
     </span>
    </p>
   </div>
   <div class='ocr_carea' id='block_1_42' title="bbox 407 2781 2005 2855">
    <p class='ocr_par' dir='ltr' id='par_1_42' title="bbox 407 2781 2005 2855">
     <span class='ocr_line' id='line_1_42' title="bbox 407 2781 2005 2855; baseline -0.004 -14"><span class='ocrx_word' id='word_1_323' title='bbox 407 2785 723 2855; x_wconf 78' lang='lat' dir='ltr'><strong>exponendi</strong></span> <span class='ocrx_word' id='word_1_324' title='bbox 755 2785 903 2840; x_wconf 88' lang='lat' dir='ltr'><strong>nulla</strong></span> <span class='ocrx_word' id='word_1_325' title='bbox 931 2794 1016 2841; x_wconf 87' lang='lat' dir='ltr'><strong>est</strong></span> <span class='ocrx_word' id='word_1_326' title='bbox 1037 2784 1356 2840; x_wconf 76' lang='lat' dir='ltr'><strong>difﬁcultas.</strong></span> <span class='ocrx_word' id='word_1_327' title='bbox 1383 2783 1586 2840; x_wconf 80' lang='lat' dir='ltr'><strong>Verum</strong></span> <span class='ocrx_word' id='word_1_328' title='bbox 1615 2785 1719 2838; x_wconf 88' lang='lat' dir='ltr'><strong>hoc</strong></span> <span class='ocrx_word' id='word_1_329' title='bbox 1748 2781 1892 2852; x_wconf 86' lang='lat' dir='ltr'><strong>quod</strong></span> <span class='ocrx_word' id='word_1_330' title='bbox 1919 2797 2005 2838; x_wconf 88' lang='lat' dir='ltr'><strong>se-</strong></span> 
     </span>
    </p>
   </div>
   <div class='ocr_carea' id='block_1_43' title="bbox 404 2876 2004 2949">
    <p class='ocr_par' dir='ltr' id='par_1_43' title="bbox 404 2876 2004 2949">
     <span class='ocr_line' id='line_1_43' title="bbox 404 2876 2004 2949; baseline 0 -20"><span class='ocrx_word' id='word_1_331' title='bbox 404 2878 592 2947; x_wconf 88' lang='lat' dir='ltr'><strong>quitur</strong></span> <span class='ocrx_word' id='word_1_332' title='bbox 625 2897 639 2933; x_wconf 89' lang='lat'><strong>:</strong></span> <span class='ocrx_word' id='word_1_333' title='bbox 676 2878 904 2933; x_wconf 78' lang='lat' dir='ltr'><strong>Deserta:</strong></span> <span class='ocrx_word' id='word_1_334' title='bbox 945 2889 1095 2934; x_wconf 85' lang='lat' dir='ltr'><strong>erunt</strong></span> <span class='ocrx_word' id='word_1_335' title='bbox 1143 2895 1306 2949; x_wconf 81' lang='lat' dir='ltr'><strong>usque</strong></span> <span class='ocrx_word' id='word_1_336' title='bbox 1351 2879 1406 2932; x_wconf 86' lang='lat' dir='ltr'><strong>in</strong></span> <span class='ocrx_word' id='word_1_337' title='bbox 1445 2888 1718 2942; x_wconf 68' lang='lat' dir='ltr'><strong>(sternam,</strong></span> <span class='ocrx_word' id='word_1_338' title='bbox 1751 2887 1846 2930; x_wconf 88' lang='lat' dir='ltr'><strong>aut</strong></span> <span class='ocrx_word' id='word_1_339' title='bbox 1903 2876 2004 2930; x_wconf 87' lang='lat' dir='ltr'><strong>de-</strong></span> 
     </span>
    </p>
   </div>
   <div class='ocr_carea' id='block_1_44' title="bbox 401 2972 2004 3045">
    <p class='ocr_par' dir='ltr' id='par_1_44' title="bbox 401 2972 2004 3045">
     <span class='ocr_line' id='line_1_44' title="bbox 401 2972 2004 3045; baseline -0.002 -17"><span class='ocrx_word' id='word_1_340' title='bbox 401 2975 762 3031; x_wconf 85' lang='lat' dir='ltr'><strong>structionem</strong></span> <span class='ocrx_word' id='word_1_341' title='bbox 779 2975 1006 3045; x_wconf 86' lang='lat' dir='ltr'><strong>regniea</strong></span> <span class='ocrx_word' id='word_1_342' title='bbox 1017 2991 1134 3030; x_wconf 92' lang='lat' dir='ltr'><strong>rum</strong></span> <span class='ocrx_word' id='word_1_343' title='bbox 1161 2972 1798 3045; x_wconf 84' lang='lat' dir='ltr'><strong>interpretabimur(quia</strong></span> <span class='ocrx_word' id='word_1_344' title='bbox 1817 2984 2004 3040; x_wconf 87' lang='lat' dir='ltr'><strong>postea</strong></span> 
     </span>
    </p>
   </div>
   <div class='ocr_carea' id='block_1_45' title="bbox 399 3066 2004 3137">
    <p class='ocr_par' dir='ltr' id='par_1_45' title="bbox 399 3066 2004 3137">
     <span class='ocr_line' id='line_1_45' title="bbox 399 3066 2004 3137; baseline -0.001 -17"><span class='ocrx_word' id='word_1_345' title='bbox 399 3067 682 3123; x_wconf 72' lang='lat' dir='ltr'><strong>subversae</strong></span> <span class='ocrx_word' id='word_1_346' title='bbox 729 3085 758 3121; x_wconf 84' lang='lat' dir='ltr'><strong>a</strong></span> <span class='ocrx_word' id='word_1_347' title='bbox 802 3066 1096 3132; x_wconf 74' lang='lat' dir='ltr'><strong>Chaldzeis.</strong></span> <span class='ocrx_word' id='word_1_348' title='bbox 1138 3083 1364 3137; x_wconf 78' lang='lat' dir='ltr'><strong>regnum</strong></span> <span class='ocrx_word' id='word_1_349' title='bbox 1417 3066 1586 3122; x_wconf 78' lang='lat' dir='ltr'><strong>suum&#39;</strong></span> <span class='ocrx_word' id='word_1_350' title='bbox 1617 3066 2004 3137; x_wconf 88' lang='lat' dir='ltr'><strong>perdiderunt,</strong></span> 
     </span>
    </p>
   </div>
   <div class='ocr_carea' id='block_1_46' title="bbox 403 3161 2008 3234">
    <p class='ocr_par' dir='ltr' id='par_1_46' title="bbox 403 3161 2008 3234">
     <span class='ocr_line' id='line_1_46' title="bbox 403 3161 2008 3234; baseline -0.001 -18"><span class='ocrx_word' id='word_1_351' title='bbox 403 3174 455 3216; x_wconf 92' lang='lat' dir='ltr'><strong>et</strong></span> <span class='ocrx_word' id='word_1_352' title='bbox 486 3163 746 3234; x_wconf 85' lang='lat' dir='ltr'><strong>deinceps</strong></span> <span class='ocrx_word' id='word_1_353' title='bbox 777 3163 866 3220; x_wconf 89' lang='lat' dir='ltr'><strong>vel</strong></span> <span class='ocrx_word' id='word_1_354' title='bbox 898 3164 970 3218; x_wconf 88' lang='lat' dir='ltr'><strong>ab</strong></span> <span class='ocrx_word' id='word_1_355' title='bbox 995 3163 1310 3226; x_wconf 74' lang='lat' dir='ltr'><strong>Antiochia,</strong></span> <span class='ocrx_word' id='word_1_356' title='bbox 1341 3165 1420 3218; x_wconf 84' lang='lat' dir='ltr'><strong>vel</strong></span> <span class='ocrx_word' id='word_1_357' title='bbox 1464 3177 1492 3216; x_wconf 90' lang='lat' dir='ltr'><strong>a</strong></span> <span class='ocrx_word' id='word_1_358' title='bbox 1544 3161 1859 3218; x_wconf 70' lang='lat' dir='ltr'><strong>Ptolematis</strong></span> <span class='ocrx_word' id='word_1_359' title='bbox 1887 3168 2008 3215; x_wconf 87' lang='lat' dir='ltr'><strong>ten-</strong></span> 
     </span>
    </p>
   </div>
   <div class='ocr_carea' id='block_1_47' title="bbox 2111 1939 3722 2011">
    <p class='ocr_par' dir='ltr' id='par_1_47' title="bbox 2111 1939 3722 2011">
     <span class='ocr_line' id='line_1_47' title="bbox 2111 1939 3722 2011; baseline 0.002 -19"><span class='ocrx_word' id='word_1_360' title='bbox 2111 1951 2274 2010; x_wconf 85' lang='lat' dir='ltr'><strong>atque</strong></span> <span class='ocrx_word' id='word_1_361' title='bbox 2319 1940 2608 1995; x_wconf 89' lang='lat' dir='ltr'><strong>dicemus:</strong></span> <span class='ocrx_word' id='word_1_362' title='bbox 2667 1940 2800 1996; x_wconf 84' lang='lat' dir='ltr'><strong>Esto</strong></span> <span class='ocrx_word' id='word_1_363' title='bbox 2845 1939 3109 1997; x_wconf 83' lang='lat' dir='ltr'><strong>accidisse</strong></span> <span class='ocrx_word' id='word_1_364' title='bbox 3152 1941 3296 2011; x_wconf 89' lang='lat' dir='ltr'><strong>quod</strong></span> <span class='ocrx_word' id='word_1_365' title='bbox 3339 1941 3562 1996; x_wconf 86' lang='lat' dir='ltr'><strong>dicitis:</strong></span> <span class='ocrx_word' id='word_1_366' title='bbox 3603 1957 3722 2011; x_wconf 69' lang='lat' dir='ltr'><strong>qua:</strong></span> 
     </span>
    </p>
   </div>
   <div class='ocr_carea' id='block_1_48' title="bbox 2105 2032 3720 2104">
    <p class='ocr_par' dir='ltr' id='par_1_48' title="bbox 2105 2032 3720 2104">
     <span class='ocr_line' id='line_1_48' title="bbox 2105 2032 3720 2104; baseline 0.002 -18"><span class='ocrx_word' id='word_1_367' title='bbox 2105 2032 2315 2102; x_wconf 84' lang='lat' dir='ltr'><strong>justitia</strong></span> <span class='ocrx_word' id='word_1_368' title='bbox 2353 2033 2445 2087; x_wconf 87' lang='lat' dir='ltr'><strong>Dei</strong></span> <span class='ocrx_word' id='word_1_369' title='bbox 2474 2042 2618 2088; x_wconf 84' lang='lat' dir='ltr'><strong>esset</strong></span> <span class='ocrx_word' id='word_1_370' title='bbox 2643 2033 3052 2102; x_wconf 79' lang='lat' dir='ltr'><strong>blasphemasse</strong></span> <span class='ocrx_word' id='word_1_371' title='bbox 3081 2048 3232 2099; x_wconf 90' lang='lat' dir='ltr'><strong>avos,</strong></span> <span class='ocrx_word' id='word_1_372' title='bbox 3263 2042 3318 2088; x_wconf 86' lang='lat' dir='ltr'><strong>et</strong></span> <span class='ocrx_word' id='word_1_373' title='bbox 3353 2034 3720 2104; x_wconf 84' lang='lat' dir='ltr'><strong>exprobrasse</strong></span> 
     </span>
    </p>
   </div>
   <div class='ocr_carea' id='block_1_49' title="bbox 2109 2127 3722 2198">
    <p class='ocr_par' dir='ltr' id='par_1_49' title="bbox 2109 2127 3722 2198">
     <span class='ocr_line' id='line_1_49' title="bbox 2109 2127 3722 2198; baseline 0.002 -20"><span class='ocrx_word' id='word_1_374' title='bbox 2109 2135 2320 2190; x_wconf 87' lang='lat' dir='ltr'><strong>atavos,</strong></span> <span class='ocrx_word' id='word_1_375' title='bbox 2353 2135 2407 2181; x_wconf 90' lang='lat' dir='ltr'><strong>et</strong></span> <span class='ocrx_word' id='word_1_376' title='bbox 2447 2135 2634 2196; x_wconf 87' lang='lat' dir='ltr'><strong>postea</strong></span> <span class='ocrx_word' id='word_1_377' title='bbox 2675 2127 2962 2196; x_wconf 87' lang='lat' dir='ltr'><strong>nepotibus</strong></span> <span class='ocrx_word' id='word_1_378' title='bbox 3009 2127 3326 2181; x_wconf 80' lang='lat' dir='ltr'><strong>redditum?</strong></span> <span class='ocrx_word' id='word_1_379' title='bbox 3370 2141 3492 2181; x_wconf 87' lang='lat' dir='ltr'><strong>eum</strong></span> <span class='ocrx_word' id='word_1_380' title='bbox 3537 2128 3722 2198; x_wconf 86' lang='lat' dir='ltr'><strong>utique</strong></span> 
     </span>
    </p>
   </div>
   <div class='ocr_carea' id='block_1_50' title="bbox 2111 2218 3718 2290">
    <p class='ocr_par' dir='ltr' id='par_1_50' title="bbox 2111 2218 3718 2290">
     <span class='ocr_line' id='line_1_50' title="bbox 2111 2218 3718 2290; baseline 0.002 -19"><span class='ocrx_word' id='word_1_381' title='bbox 2111 2218 2204 2272; x_wconf 85' lang='lat' dir='ltr'><strong>illa</strong></span> <span class='ocrx_word' id='word_1_382' title='bbox 2237 2219 2532 2286; x_wconf 90' lang='lat' dir='ltr'><strong>sententia,</strong></span> <span class='ocrx_word' id='word_1_383' title='bbox 2563 2233 2670 2290; x_wconf 89' lang='lat' dir='ltr'><strong>qua</strong></span> <span class='ocrx_word' id='word_1_384' title='bbox 2708 2229 2866 2274; x_wconf 84' lang='lat' dir='ltr'><strong>antea</strong></span> <span class='ocrx_word' id='word_1_385' title='bbox 2895 2218 3178 2274; x_wconf 88' lang='lat' dir='ltr'><strong>dicebatur</strong></span> <span class='ocrx_word' id='word_1_386' title='bbox 3210 2221 3262 2272; x_wconf 93' lang='lat' dir='ltr'><strong>in</strong></span> <span class='ocrx_word' id='word_1_387' title='bbox 3288 2218 3451 2290; x_wconf 88' lang='lat' dir='ltr'><strong>Lege,</strong></span> <span class='ocrx_word' id='word_1_388' title='bbox 3500 2229 3718 2288; x_wconf 83' lang='lat' dir='ltr'><strong>peccata</strong></span> 
     </span>
    </p>
   </div>
   <div class='ocr_carea' id='block_1_51' title="bbox 2111 2314 3721 2386">
    <p class='ocr_par' dir='ltr' id='par_1_51' title="bbox 2111 2314 3721 2386">
     <span class='ocr_line' id='line_1_51' title="bbox 2111 2314 3721 2386; baseline 0.001 -18"><span class='ocrx_word' id='word_1_389' title='bbox 2111 2322 2326 2384; x_wconf 91' lang='lat' dir='ltr'><strong>patrum</strong></span> <span class='ocrx_word' id='word_1_390' title='bbox 2378 2314 2432 2369; x_wconf 92' lang='lat' dir='ltr'><strong>in</strong></span> <span class='ocrx_word' id='word_1_391' title='bbox 2485 2314 2628 2370; x_wconf 87' lang='lat' dir='ltr'><strong>ﬁlios</strong></span> <span class='ocrx_word' id='word_1_392' title='bbox 2669 2315 2725 2370; x_wconf 91' lang='lat' dir='ltr'><strong>in</strong></span> <span class='ocrx_word' id='word_1_393' title='bbox 2779 2315 2936 2370; x_wconf 87' lang='lat' dir='ltr'><strong>tertia</strong></span> <span class='ocrx_word' id='word_1_394' title='bbox 2985 2325 3037 2370; x_wconf 88' lang='lat' dir='ltr'><strong>et</strong></span> <span class='ocrx_word' id='word_1_395' title='bbox 3068 2318 3119 2369; x_wconf 92' lang='lat' dir='ltr'><strong>in</strong></span> <span class='ocrx_word' id='word_1_396' title='bbox 3148 2325 3338 2386; x_wconf 84' lang='lat' dir='ltr'><strong>quarta</strong></span> <span class='ocrx_word' id='word_1_397' title='bbox 3365 2316 3721 2386; x_wconf 79' lang='lat' dir='ltr'><strong>generatione</strong></span> 
     </span>
    </p>
   </div>
   <div class='ocr_carea' id='block_1_52' title="bbox 2112 2406 3722 2480">
    <p class='ocr_par' dir='ltr' id='par_1_52' title="bbox 2112 2406 3722 2480">
     <span class='ocr_line' id='line_1_52' title="bbox 2112 2406 3722 2480; baseline -0.001 -18"><span class='ocrx_word' id='word_1_398' title='bbox 2112 2407 2324 2462; x_wconf 87' lang='lat' dir='ltr'><strong>restitui</strong></span> <span class='ocrx_word' id='word_1_399' title='bbox 2357 2406 2556 2480; x_wconf 74' lang='lat' dir='ltr'><strong>(Exod.</strong></span> <span class='ocrx_word' id='word_1_400' title='bbox 2587 2406 2704 2479; x_wconf 83' lang='lat' dir='ltr'><strong>xx),</strong></span> <span class='ocrx_word' id='word_1_401' title='bbox 2737 2422 2833 2477; x_wconf 88' lang='lat' dir='ltr'><strong>per</strong></span> <span class='ocrx_word' id='word_1_402' title='bbox 2855 2407 3199 2462; x_wconf 83' lang='lat' dir='ltr'><strong>Ezechielem</strong></span> <span class='ocrx_word' id='word_1_403' title='bbox 3227 2408 3405 2462; x_wconf 88' lang='lat' dir='ltr'><strong>soluta</strong></span> <span class='ocrx_word' id='word_1_404' title='bbox 3435 2409 3508 2463; x_wconf 85' lang='lat' dir='ltr'><strong>sit</strong></span> <span class='ocrx_word' id='word_1_405' title='bbox 3541 2428 3554 2463; x_wconf 76' lang='grc' dir='ltr'><strong>ι</strong></span> <span class='ocrx_word' id='word_1_406' title='bbox 3596 2407 3722 2462; x_wconf 75' lang='lat' dir='ltr'><strong>Viro</strong></span> 
     </span>
    </p>
   </div>
   <div class='ocr_carea' id='block_1_53' title="bbox 2111 2499 3722 2572">
    <p class='ocr_par' dir='ltr' id='par_1_53' title="bbox 2111 2499 3722 2572">
     <span class='ocr_line' id='line_1_53' title="bbox 2111 2499 3722 2572; baseline 0.001 -18"><span class='ocrx_word' id='word_1_407' title='bbox 2111 2517 2224 2571; x_wconf 79' lang='lat' dir='ltr'><strong>ego,</strong></span> <span class='ocrx_word' id='word_1_408' title='bbox 2251 2501 2378 2556; x_wconf 83' lang='lat' dir='ltr'><strong>dicit</strong></span> <span class='ocrx_word' id='word_1_409' title='bbox 2417 2499 2670 2556; x_wconf 82' lang='lat' dir='ltr'><strong>Dominus</strong></span> <span class='ocrx_word' id='word_1_410' title='bbox 2694 2517 2712 2554; x_wconf 91' lang='lat'><strong><em>:</em></strong></span> <span class='ocrx_word' id='word_1_411' title='bbox 2753 2517 3074 2572; x_wconf 80' lang='lat' dir='ltr'><strong>nequaquam</strong></span> <span class='ocrx_word' id='word_1_412' title='bbox 3120 2502 3320 2558; x_wconf 60' lang='lat' dir='ltr'><strong>dicetur</strong></span> <span class='ocrx_word' id='word_1_413' title='bbox 3358 2501 3470 2555; x_wconf 68' lang='lat' dir='ltr'><strong>hate</strong></span> <span class='ocrx_word' id='word_1_414' title='bbox 3496 2501 3722 2572; x_wconf 70' lang='lat' dir='ltr'><strong>parabo-</strong></span> 
     </span>
    </p>
   </div>
   <div class='ocr_carea' id='block_1_54' title="bbox 2112 2593 3714 2665">
    <p class='ocr_par' dir='ltr' id='par_1_54' title="bbox 2112 2593 3714 2665">
     <span class='ocr_line' id='line_1_54' title="bbox 2112 2593 3714 2665; baseline 0.001 -18"><span class='ocrx_word' id='word_1_415' title='bbox 2112 2595 2164 2648; x_wconf 85' lang='lat' dir='ltr'><strong>la</strong></span> <span class='ocrx_word' id='word_1_416' title='bbox 2188 2611 2207 2660; x_wconf 92' lang='lat'><em>;</em></span> <span class='ocrx_word' id='word_1_417' title='bbox 2232 2595 2322 2650; x_wconf 77' lang='lat' dir='ltr'><strong>sed</strong></span> <span class='ocrx_word' id='word_1_418' title='bbox 2365 2596 2542 2649; x_wconf 85' lang='lat' dir='ltr'><strong>anima</strong></span> <span class='ocrx_word' id='word_1_419' title='bbox 2579 2609 2698 2665; x_wconf 76' lang='lat' dir='ltr'><strong>qua:</strong></span> <span class='ocrx_word' id='word_1_420' title='bbox 2725 2596 3027 2664; x_wconf 76' lang='lat' dir='ltr'><strong>peccaverit,</strong></span> <span class='ocrx_word' id='word_1_421' title='bbox 3073 2596 3187 2665; x_wconf 84' lang='lat' dir='ltr'><strong>ipsa</strong></span> <span class='ocrx_word' id='word_1_422' title='bbox 3245 2597 3497 2650; x_wconf 83' lang='lat' dir='ltr'><strong>morietur</strong></span> <span class='ocrx_word' id='word_1_423' title='bbox 3533 2593 3714 2664; x_wconf 72' lang='lat' dir='ltr'><strong>(Em.</strong></span> 
     </span>
    </p>
   </div>
   <div class='ocr_carea' id='block_1_55' title="bbox 2111 2686 3718 2758">
    <p class='ocr_par' dir='ltr' id='par_1_55' title="bbox 2111 2686 3718 2758">
     <span class='ocr_line' id='line_1_55' title="bbox 2111 2686 3718 2758; baseline 0.001 -17"><span class='ocrx_word' id='word_1_424' title='bbox 2111 2702 2264 2754; x_wconf 83' lang='lat' dir='ltr'><strong>xvtn,</strong></span> <span class='ocrx_word' id='word_1_425' title='bbox 2311 2686 2428 2758; x_wconf 66' lang='grc' dir='ltr'><strong>(ιο).</strong></span> <span class='ocrx_word' id='word_1_426' title='bbox 2475 2687 2540 2742; x_wconf 84' lang='grc' dir='ltr'>Ει</span> <span class='ocrx_word' id='word_1_427' title='bbox 2583 2687 2745 2742; x_wconf 86' lang='lat' dir='ltr'><strong>simul</strong></span> <span class='ocrx_word' id='word_1_428' title='bbox 2786 2687 3180 2753; x_wconf 87' lang='lat' dir='ltr'><strong>animadverte,</strong></span> <span class='ocrx_word' id='word_1_429' title='bbox 3233 2688 3546 2757; x_wconf 88' lang='lat' dir='ltr'><strong>parabolam</strong></span> <span class='ocrx_word' id='word_1_430' title='bbox 3598 2703 3718 2744; x_wconf 86' lang='lat' dir='ltr'><strong>esse</strong></span> 
     </span>
    </p>
   </div>
   <div class='ocr_carea' id='block_1_56' title="bbox 2110 2779 3718 2852">
    <p class='ocr_par' dir='ltr' id='par_1_56' title="bbox 2110 2779 3718 2852">
     <span class='ocr_line' id='line_1_56' title="bbox 2110 2779 3718 2852; baseline 0.003 -20"><span class='ocrx_word' id='word_1_431' title='bbox 2110 2779 2254 2848; x_wconf 87' lang='lat' dir='ltr'><strong>quod</strong></span> <span class='ocrx_word' id='word_1_432' title='bbox 2281 2779 2486 2836; x_wconf 89' lang='lat' dir='ltr'><strong>dictum</strong></span> <span class='ocrx_word' id='word_1_433' title='bbox 2509 2789 2612 2846; x_wconf 90' lang='lat' dir='ltr'><strong>est,</strong></span> <span class='ocrx_word' id='word_1_434' title='bbox 2645 2795 2744 2836; x_wconf 89' lang='lat' dir='ltr'><strong>nec</strong></span> <span class='ocrx_word' id='word_1_435' title='bbox 2789 2780 2841 2835; x_wconf 91' lang='lat' dir='ltr'><strong>id</strong></span> <span class='ocrx_word' id='word_1_436' title='bbox 2884 2795 3082 2835; x_wconf 87' lang='lat' dir='ltr'><strong>sonare</strong></span> <span class='ocrx_word' id='word_1_437' title='bbox 3126 2781 3271 2850; x_wconf 80' lang='lat' dir='ltr'><strong>quod</strong></span> <span class='ocrx_word' id='word_1_438' title='bbox 3327 2781 3380 2836; x_wconf 91' lang='lat' dir='ltr'><strong>in</strong></span> <span class='ocrx_word' id='word_1_439' title='bbox 3427 2782 3718 2852; x_wconf 80' lang='lat' dir='ltr'><strong>superﬁcie</strong></span> 
     </span>
    </p>
   </div>
   <div class='ocr_carea' id='block_1_57' title="bbox 2110 2873 3717 2946">
    <p class='ocr_par' dir='ltr' id='par_1_57' title="bbox 2110 2873 3717 2946">
     <span class='ocr_line' id='line_1_57' title="bbox 2110 2873 3717 2946; baseline 0.002 -19"><span class='ocrx_word' id='word_1_440' title='bbox 2110 2873 2307 2929; x_wconf 73' lang='lat' dir='ltr'><strong>littera:</strong></span> <span class='ocrx_word' id='word_1_441' title='bbox 2358 2873 2654 2943; x_wconf 82' lang='lat' dir='ltr'><strong>proferunt.</strong></span> <span class='ocrx_word' id='word_1_442' title='bbox 2702 2874 2862 2942; x_wconf 84' lang='lat' dir='ltr'><strong>Quod</strong></span> <span class='ocrx_word' id='word_1_443' title='bbox 2901 2874 2948 2928; x_wconf 90' lang='lat' dir='ltr'><strong>si</strong></span> <span class='ocrx_word' id='word_1_444' title='bbox 2991 2874 3248 2944; x_wconf 85' lang='lat' dir='ltr'><strong>injustum</strong></span> <span class='ocrx_word' id='word_1_445' title='bbox 3304 2885 3388 2930; x_wconf 89' lang='lat' dir='ltr'><strong>est</strong></span> <span class='ocrx_word' id='word_1_446' title='bbox 3429 2876 3717 2946; x_wconf 84' lang='lat' dir='ltr'><strong>nepotibus</strong></span> 
     </span>
    </p>
   </div>
   <div class='ocr_carea' id='block_1_58' title="bbox 2113 2967 3717 3040">
    <p class='ocr_par' dir='ltr' id='par_1_58' title="bbox 2113 2967 3717 3040">
     <span class='ocr_line' id='line_1_58' title="bbox 2113 2967 3717 3040; baseline 0.001 -17"><span class='ocrx_word' id='word_1_447' title='bbox 2113 2967 2344 3024; x_wconf 88' lang='lat' dir='ltr'><strong>reddere</strong></span> <span class='ocrx_word' id='word_1_448' title='bbox 2374 2969 2518 3039; x_wconf 90' lang='lat' dir='ltr'><strong>quod</strong></span> <span class='ocrx_word' id='word_1_449' title='bbox 2551 2967 2882 3038; x_wconf 89' lang='lat' dir='ltr'><strong>deliquerint</strong></span> <span class='ocrx_word' id='word_1_450' title='bbox 2905 2969 2994 3022; x_wconf 86' lang='lat' dir='ltr'><strong>avi</strong></span> <span class='ocrx_word' id='word_1_451' title='bbox 3028 2986 3040 3022; x_wconf 92' lang='lat'><strong>:</strong></span> <span class='ocrx_word' id='word_1_452' title='bbox 3073 2981 3280 3038; x_wconf 85' lang='lat' dir='ltr'><strong>quanto</strong></span> <span class='ocrx_word' id='word_1_453' title='bbox 3331 2970 3587 3038; x_wconf 80' lang='lat' dir='ltr'><strong>injustius</strong></span> <span class='ocrx_word' id='word_1_454' title='bbox 3619 2985 3717 3040; x_wconf 90' lang='lat' dir='ltr'><strong>pro</strong></span> 
     </span>
    </p>
   </div>
   <div class='ocr_carea' id='block_1_59' title="bbox 2111 3061 3716 3132">
    <p class='ocr_par' dir='ltr' id='par_1_59' title="bbox 2111 3061 3716 3132">
     <span class='ocr_line' id='line_1_59' title="bbox 2111 3061 3716 3132; baseline -0.001 -15"><span class='ocrx_word' id='word_1_455' title='bbox 2111 3063 2338 3118; x_wconf 86' lang='lat' dir='ltr'><strong>stultitia</strong></span> <span class='ocrx_word' id='word_1_456' title='bbox 2365 3061 2675 3118; x_wconf 83' lang='lat' dir='ltr'><strong>Judaeorum</strong></span> <span class='ocrx_word' id='word_1_457' title='bbox 2701 3061 2804 3117; x_wconf 88' lang='lat' dir='ltr'><strong>hoc</strong></span> <span class='ocrx_word' id='word_1_458' title='bbox 2828 3063 3004 3131; x_wconf 90' lang='lat' dir='ltr'><strong>ipsum</strong></span> <span class='ocrx_word' id='word_1_459' title='bbox 3029 3077 3253 3132; x_wconf 82' lang='lat' dir='ltr'><strong>sperare</strong></span> <span class='ocrx_word' id='word_1_460' title='bbox 3283 3064 3334 3117; x_wconf 92' lang='lat' dir='ltr'><strong>in</strong></span> <span class='ocrx_word' id='word_1_461' title='bbox 3364 3078 3716 3118; x_wconf 81' lang='lat' dir='ltr'><strong>consumma-</strong></span> 
     </span>
    </p>
   </div>
   <div class='ocr_carea' id='block_1_60' title="bbox 2112 3157 3718 3228">
    <p class='ocr_par' dir='ltr' id='par_1_60' title="bbox 2112 3157 3718 3228">
     <span class='ocr_line' id='line_1_60' title="bbox 2112 3157 3718 3228; baseline 0.001 -15"><span class='ocrx_word' id='word_1_462' title='bbox 2112 3160 2259 3214; x_wconf 86' lang='lat' dir='ltr'><strong>tione</strong></span> <span class='ocrx_word' id='word_1_463' title='bbox 2307 3158 2492 3213; x_wconf 89' lang='lat' dir='ltr'><strong>mnndi</strong></span> <span class='ocrx_word' id='word_1_464' title='bbox 2542 3159 2680 3222; x_wconf 91' lang='lat' dir='ltr'><strong>ﬁeri,</strong></span> <span class='ocrx_word' id='word_1_465' title='bbox 2721 3159 2938 3228; x_wconf 82' lang='lat' dir='ltr'><strong>quando</strong></span> <span class='ocrx_word' id='word_1_466' title='bbox 2982 3172 3088 3213; x_wconf 90' lang='lat' dir='ltr'><strong>non</strong></span> <span class='ocrx_word' id='word_1_467' title='bbox 3136 3157 3387 3213; x_wconf 86' lang='lat' dir='ltr'><strong>Christus</strong></span> <span class='ocrx_word' id='word_1_468' title='bbox 3415 3174 3628 3226; x_wconf 81' lang='lat' dir='ltr'><strong>eorum,</strong></span> <span class='ocrx_word' id='word_1_469' title='bbox 3660 3165 3718 3215; x_wconf 88' lang='lat' dir='ltr'><strong>nt</strong></span> 
     </span>
    </p>
   </div>
   <div class='ocr_carea' id='block_1_61' title="bbox 406 3247 3714 3324">
    <p class='ocr_par' dir='ltr' id='par_1_61' title="bbox 406 3247 3714 3324">
     <span class='ocr_line' id='line_1_61' title="bbox 406 3247 3714 3324; baseline 0 -16"><span class='ocrx_word' id='word_1_470' title='bbox 406 3263 497 3323; x_wconf 79' lang='lat' dir='ltr'><strong>te,</strong></span> <span class='ocrx_word' id='word_1_471' title='bbox 532 3255 829 3310; x_wconf 81' lang='lat' dir='ltr'><strong>novissime</strong></span> <span class='ocrx_word' id='word_1_472' title='bbox 861 3255 1109 3310; x_wconf 81' lang='lat' dir='ltr'><strong>Romano</strong></span> <span class='ocrx_word' id='word_1_473' title='bbox 1140 3255 1369 3323; x_wconf 89' lang='lat' dir='ltr'><strong>imperio</strong></span> <span class='ocrx_word' id='word_1_474' title='bbox 1401 3255 1544 3309; x_wconf 86' lang='lat' dir='ltr'><strong>colla</strong></span> <span class='ocrx_word' id='word_1_475' title='bbox 1595 3254 2002 3320; x_wconf 88' lang='lat' dir='ltr'><strong>submiserint),</strong></span> <span class='ocrx_word' id='word_1_476' title='bbox 2035 3247 2082 3314; x_wconf 85' lang='lat' dir='ltr'><strong><em>C</em></strong></span> <span class='ocrx_word' id='word_1_477' title='bbox 2113 3262 2342 3324; x_wconf 85' lang='lat' dir='ltr'><strong>putant;</strong></span> <span class='ocrx_word' id='word_1_478' title='bbox 2375 3253 2467 3308; x_wconf 87' lang='lat' dir='ltr'><strong>sed</strong></span> <span class='ocrx_word' id='word_1_479' title='bbox 2506 3264 2588 3308; x_wconf 90' lang='lat' dir='ltr'><strong>est</strong></span> <span class='ocrx_word' id='word_1_480' title='bbox 2634 3263 2895 3309; x_wconf 86' lang='lat' dir='ltr'><strong>venturus</strong></span> <span class='ocrx_word' id='word_1_481' title='bbox 2930 3252 3316 3308; x_wconf 84' lang='lat' dir='ltr'><strong>Antichristus.</strong></span> <span class='ocrx_word' id='word_1_482' title='bbox 3351 3253 3538 3310; x_wconf 90' lang='lat' dir='ltr'><strong>Sicubi</strong></span> <span class='ocrx_word' id='word_1_483' title='bbox 3569 3255 3714 3308; x_wconf 88' lang='lat' dir='ltr'><strong>enim</strong></span> 
     </span>
    </p>
   </div>
   <div class='ocr_carea' id='block_1_62' title="bbox 406 3348 2009 3428">
    <p class='ocr_par' dir='ltr' id='par_1_62' title="bbox 406 3348 2009 3428">
     <span class='ocr_line' id='line_1_62' title="bbox 406 3348 2009 3428; baseline 0.003 -31"><span class='ocrx_word' id='word_1_484' title='bbox 406 3358 498 3400; x_wconf 80' lang='lat' dir='ltr'><strong>aut</strong></span> <span class='ocrx_word' id='word_1_485' title='bbox 546 3359 710 3428; x_wconf 80' lang='lat' dir='ltr'><strong>certe</strong></span> <span class='ocrx_word' id='word_1_486' title='bbox 727 3349 1077 3428; x_wconf 79' lang='grc' dir='ltr'><strong>ὑπερϐολικῶς</strong></span> <span class='ocrx_word' id='word_1_487' title='bbox 1118 3349 1228 3403; x_wconf 92' lang='lat' dir='ltr'><strong>dici</strong></span> <span class='ocrx_word' id='word_1_488' title='bbox 1258 3348 1638 3415; x_wconf 81' lang='lat' dir='ltr'><strong>accipientium</strong></span> <span class='ocrx_word' id='word_1_489' title='bbox 1691 3358 1774 3406; x_wconf 69' lang='grc' dir='ltr'><strong>εει</strong></span> <span class='ocrx_word' id='word_1_490' title='bbox 1808 3365 1821 3400; x_wconf 89' lang='lat'><strong>:</strong></span> <span class='ocrx_word' id='word_1_491' title='bbox 1858 3356 1883 3386; x_wconf 72' lang='grc' dir='ltr'><strong>α</strong></span> <span class='ocrx_word' id='word_1_492' title='bbox 1914 3361 2009 3402; x_wconf 77' lang='grc' dir='ltr'><strong>ιο-</strong></span> 
     </span>
    </p>
   </div>
   <div class='ocr_carea' id='block_1_63' title="bbox 407 3425 2008 3512">
    <p class='ocr_par' dir='ltr' id='par_1_63' title="bbox 407 3425 2008 3512">
     <span class='ocr_line' id='line_1_63' title="bbox 407 3425 2008 3512; baseline -0.001 -16"><span class='ocrx_word' id='word_1_493' title='bbox 407 3458 514 3497; x_wconf 75' lang='lat' dir='ltr'><strong>LM!</strong></span> <span class='ocrx_word' id='word_1_494' title='bbox 543 3425 759 3511; x_wconf 53' lang='grc' dir='ltr'><strong>(ΠΒ-ιώ)</strong></span> <span class='ocrx_word' id='word_1_495' title='bbox 783 3425 983 3512; x_wconf 79' lang='lat' dir='ltr'><strong>quippe</strong></span> <span class='ocrx_word' id='word_1_496' title='bbox 1013 3451 1071 3497; x_wconf 92' lang='lat' dir='ltr'><strong>et</strong></span> <span class='ocrx_word' id='word_1_497' title='bbox 1097 3443 1440 3498; x_wconf 75' lang='lat' dir='ltr'><strong>ceter-nitatem</strong></span> <span class='ocrx_word' id='word_1_498' title='bbox 1471 3456 1630 3497; x_wconf 69' lang='lat' dir='ltr'><strong>son-it</strong></span> <span class='ocrx_word' id='word_1_499' title='bbox 1659 3451 1710 3497; x_wconf 86' lang='lat' dir='ltr'><strong>et</strong></span> <span class='ocrx_word' id='word_1_500' title='bbox 1733 3442 2008 3496; x_wconf 63' lang='lat' dir='ltr'><strong>secutum:</strong></span> 
     </span>
    </p>
   </div>
   <div class='ocr_carea' id='block_1_64' title="bbox 408 3536 2008 3606">
    <p class='ocr_par' dir='ltr' id='par_1_64' title="bbox 408 3536 2008 3606">
     <span class='ocr_line' id='line_1_64' title="bbox 408 3536 2008 3606; baseline -0.001 -16"><span class='ocrx_word' id='word_1_501' title='bbox 408 3552 472 3590; x_wconf 78' lang='lat' dir='ltr'><strong>ex</strong></span> <span class='ocrx_word' id='word_1_502' title='bbox 515 3552 620 3605; x_wconf 90' lang='lat' dir='ltr'><strong>quo</strong></span> <span class='ocrx_word' id='word_1_503' title='bbox 637 3545 692 3592; x_wconf 91' lang='lat' dir='ltr'><strong>et</strong></span> <span class='ocrx_word' id='word_1_504' title='bbox 716 3552 815 3606; x_wconf 90' lang='lat' dir='ltr'><strong>pro</strong></span> <span class='ocrx_word' id='word_1_505' title='bbox 845 3550 956 3594; x_wconf 89' lang='lat' dir='ltr'><strong>uno</strong></span> <span class='ocrx_word' id='word_1_506' title='bbox 977 3537 1203 3604; x_wconf 65' lang='lat' dir='ltr'><strong>saiculo,</strong></span> <span class='ocrx_word' id='word_1_507' title='bbox 1227 3547 1282 3592; x_wconf 88' lang='lat' dir='ltr'><strong>et</strong></span> <span class='ocrx_word' id='word_1_508' title='bbox 1310 3552 1408 3606; x_wconf 88' lang='lat' dir='ltr'><strong>pro</strong></span> <span class='ocrx_word' id='word_1_509' title='bbox 1427 3536 1705 3606; x_wconf 83' lang='lat' dir='ltr'><strong>aliquanto</strong></span> <span class='ocrx_word' id='word_1_510' title='bbox 1736 3547 2008 3605; x_wconf 87' lang='lat' dir='ltr'><strong>tempore,</strong></span> 
     </span>
    </p>
   </div>
   <div class='ocr_carea' id='block_1_65' title="bbox 405 3629 2010 3701">
    <p class='ocr_par' dir='ltr' id='par_1_65' title="bbox 405 3629 2010 3701">
     <span class='ocr_line' id='line_1_65' title="bbox 405 3629 2010 3701; baseline 0 -18"><span class='ocrx_word' id='word_1_511' title='bbox 405 3638 460 3683; x_wconf 93' lang='lat' dir='ltr'><strong>et</strong></span> <span class='ocrx_word' id='word_1_512' title='bbox 492 3644 595 3684; x_wconf 90' lang='lat' dir='ltr'><strong>una</strong></span> <span class='ocrx_word' id='word_1_513' title='bbox 627 3638 789 3686; x_wconf 75' lang='lat' dir='ltr'><strong>retate</strong></span> <span class='ocrx_word' id='word_1_514' title='bbox 817 3629 992 3699; x_wconf 86' lang='lat' dir='ltr'><strong>accipi</strong></span> <span class='ocrx_word' id='word_1_515' title='bbox 1026 3638 1224 3699; x_wconf 86' lang='lat' dir='ltr'><strong>potest.</strong></span> <span class='ocrx_word' id='word_1_516' title='bbox 1258 3630 1322 3685; x_wconf 89' lang='lat' dir='ltr'><strong>Et</strong></span> <span class='ocrx_word' id='word_1_517' title='bbox 1352 3629 1446 3701; x_wconf 90' lang='lat' dir='ltr'><strong>qui</strong></span> <span class='ocrx_word' id='word_1_518' title='bbox 1480 3631 1671 3700; x_wconf 87' lang='lat' dir='ltr'><strong>reliqui</strong></span> <span class='ocrx_word' id='word_1_519' title='bbox 1705 3631 1910 3685; x_wconf 80' lang='lat' dir='ltr'><strong>iuerint</strong></span> <span class='ocrx_word' id='word_1_520' title='bbox 1940 3629 2010 3683; x_wconf 87' lang='lat' dir='ltr'><strong>de</strong></span> 
     </span>
    </p>
   </div>
   <div class='ocr_carea' id='block_1_66' title="bbox 409 3720 2008 3792">
    <p class='ocr_par' dir='ltr' id='par_1_66' title="bbox 409 3720 2008 3792">
     <span class='ocr_line' id='line_1_66' title="bbox 409 3720 2008 3792; baseline -0.001 -16"><span class='ocrx_word' id='word_1_521' title='bbox 409 3721 612 3790; x_wconf 81' lang='lat' dir='ltr'><strong>pepqu</strong></span> <span class='ocrx_word' id='word_1_522' title='bbox 658 3720 868 3788; x_wconf 87' lang='lat' dir='ltr'><strong>Israel,</strong></span> <span class='ocrx_word' id='word_1_523' title='bbox 925 3723 1221 3777; x_wconf 76' lang='lat' dir='ltr'><strong>vastabant</strong></span> <span class='ocrx_word' id='word_1_524' title='bbox 1274 3735 1402 3786; x_wconf 85' lang='lat' dir='ltr'><strong>eos,</strong></span> <span class='ocrx_word' id='word_1_525' title='bbox 1452 3732 1510 3778; x_wconf 90' lang='lat' dir='ltr'><strong>et</strong></span> <span class='ocrx_word' id='word_1_526' title='bbox 1567 3721 2008 3792; x_wconf 83' lang='lat' dir='ltr'><strong>blasphemantia</strong></span> 
     </span>
    </p>
   </div>
   <div class='ocr_carea' id='block_1_67' title="bbox 409 3813 2006 3886">
    <p class='ocr_par' dir='ltr' id='par_1_67' title="bbox 409 3813 2006 3886">
     <span class='ocr_line' id='line_1_67' title="bbox 409 3813 2006 3886; baseline 0.001 -18"><span class='ocrx_word' id='word_1_527' title='bbox 409 3815 683 3886; x_wconf 78' lang='lat' dir='ltr'><strong>querulum</strong></span> <span class='ocrx_word' id='word_1_528' title='bbox 719 3813 1101 3870; x_wconf 61' lang='lat' dir='ltr'><strong>Chaldaeorum</strong></span> <span class='ocrx_word' id='word_1_529' title='bbox 1125 3816 1328 3870; x_wconf 86' lang='lat' dir='ltr'><strong>auxilia</strong></span> <span class='ocrx_word' id='word_1_530' title='bbox 1359 3816 1737 3886; x_wconf 82' lang='lat' dir='ltr'><strong>possidebunt.</strong></span> <span class='ocrx_word' id='word_1_531' title='bbox 1774 3815 1887 3870; x_wconf 84' lang='lat' dir='ltr'><strong>Hoc</strong></span> <span class='ocrx_word' id='word_1_532' title='bbox 1909 3830 2006 3869; x_wconf 90' lang='lat' dir='ltr'><strong>au-</strong></span> 
     </span>
    </p>
   </div>
   <div class='ocr_carea' id='block_1_68' title="bbox 410 3907 2009 3978">
    <p class='ocr_par' dir='ltr' id='par_1_68' title="bbox 410 3907 2009 3978">
     <span class='ocr_line' id='line_1_68' title="bbox 410 3907 2009 3978; baseline 0 -17"><span class='ocrx_word' id='word_1_533' title='bbox 410 3916 519 3961; x_wconf 87' lang='lat' dir='ltr'><strong>tem</strong></span> <span class='ocrx_word' id='word_1_534' title='bbox 551 3907 772 3962; x_wconf 87' lang='lat' dir='ltr'><strong>eveniet</strong></span> <span class='ocrx_word' id='word_1_535' title='bbox 803 3908 883 3961; x_wconf 87' lang='lat' dir='ltr'><strong>eis</strong></span> <span class='ocrx_word' id='word_1_536' title='bbox 915 3923 1018 3978; x_wconf 91' lang='lat' dir='ltr'><strong>pro</strong></span> <span class='ocrx_word' id='word_1_537' title='bbox 1042 3909 1300 3978; x_wconf 81' lang='lat' dir='ltr'><strong>superbia</strong></span> <span class='ocrx_word' id='word_1_538' title='bbox 1331 3921 1546 3973; x_wconf 89' lang='lat' dir='ltr'><strong>eorum,</strong></span> <span class='ocrx_word' id='word_1_539' title='bbox 1579 3909 1703 3977; x_wconf 88' lang='lat' dir='ltr'><strong>quia</strong></span> <span class='ocrx_word' id='word_1_540' title='bbox 1754 3907 2009 3975; x_wconf 81' lang='lat' dir='ltr'><strong>blasphe-</strong></span> 
     </span>
    </p>
   </div>
   <div class='ocr_carea' id='block_1_69' title="bbox 407 4002 2010 4072">
    <p class='ocr_par' dir='ltr' id='par_1_69' title="bbox 407 4002 2010 4072">
     <span class='ocr_line' id='line_1_69' title="bbox 407 4002 2010 4072; baseline 0 -18"><span class='ocrx_word' id='word_1_541' title='bbox 407 4008 720 4067; x_wconf 90' lang='lat' dir='ltr'><strong>maverunt,</strong></span> <span class='ocrx_word' id='word_1_542' title='bbox 753 4010 810 4055; x_wconf 89' lang='lat' dir='ltr'><strong>et</strong></span> <span class='ocrx_word' id='word_1_543' title='bbox 838 4002 1177 4072; x_wconf 83' lang='lat' dir='ltr'><strong>magniﬁcati</strong></span> <span class='ocrx_word' id='word_1_544' title='bbox 1227 4013 1353 4058; x_wconf 84' lang='lat' dir='ltr'><strong>sunt</strong></span> <span class='ocrx_word' id='word_1_545' title='bbox 1395 4010 1583 4058; x_wconf 86' lang='lat' dir='ltr'><strong>contra</strong></span> <span class='ocrx_word' id='word_1_546' title='bbox 1617 4002 1874 4072; x_wconf 88' lang='lat' dir='ltr'><strong>populum</strong></span> <span class='ocrx_word' id='word_1_547' title='bbox 1903 4002 2010 4056; x_wconf 77' lang='lat' dir='ltr'><strong>Do-</strong></span> 
     </span>
    </p>
   </div>
   <div class='ocr_carea' id='block_1_70' title="bbox 405 4091 2013 4164">
    <p class='ocr_par' dir='ltr' id='par_1_70' title="bbox 405 4091 2013 4164">
     <span class='ocr_line' id='line_1_70' title="bbox 405 4091 2013 4164; baseline 0.002 -18"><span class='ocrx_word' id='word_1_548' title='bbox 405 4094 538 4147; x_wconf 86' lang='lat' dir='ltr'><strong>mini</strong></span> <span class='ocrx_word' id='word_1_549' title='bbox 569 4091 936 4159; x_wconf 81' lang='lat' dir='ltr'><strong>exercituum,</strong></span> <span class='ocrx_word' id='word_1_550' title='bbox 968 4095 1061 4164; x_wconf 90' lang='lat' dir='ltr'><strong>qui</strong></span> <span class='ocrx_word' id='word_1_551' title='bbox 1097 4095 1362 4152; x_wconf 86' lang='lat' dir='ltr'><strong>Dominus</strong></span> <span class='ocrx_word' id='word_1_552' title='bbox 1386 4095 1724 4152; x_wconf 79' lang='lat' dir='ltr'><strong>exercituum</strong></span> <span class='ocrx_word' id='word_1_553' title='bbox 1748 4096 1850 4150; x_wconf 86' lang='lat' dir='ltr'><strong>erit</strong></span> <span class='ocrx_word' id='word_1_554' title='bbox 1885 4095 2013 4150; x_wconf 86' lang='lat' dir='ltr'><strong>hor-</strong></span> 
     </span>
    </p>
   </div>
   <div class='ocr_carea' id='block_1_71' title="bbox 406 4186 2008 4260">
    <p class='ocr_par' dir='ltr' id='par_1_71' title="bbox 406 4186 2008 4260">
     <span class='ocr_line' id='line_1_71' title="bbox 406 4186 2008 4260; baseline 0.002 -21"><span class='ocrx_word' id='word_1_555' title='bbox 406 4186 588 4241; x_wconf 87' lang='lat' dir='ltr'><strong>ribilis</strong></span> <span class='ocrx_word' id='word_1_556' title='bbox 617 4202 782 4257; x_wconf 88' lang='lat' dir='ltr'><strong>super</strong></span> <span class='ocrx_word' id='word_1_557' title='bbox 811 4203 929 4256; x_wconf 92' lang='lat' dir='ltr'><strong>eos,</strong></span> <span class='ocrx_word' id='word_1_558' title='bbox 963 4198 1018 4243; x_wconf 88' lang='lat' dir='ltr'><strong>et</strong></span> <span class='ocrx_word' id='word_1_559' title='bbox 1051 4188 1247 4244; x_wconf 89' lang='lat' dir='ltr'><strong>horror</strong></span> <span class='ocrx_word' id='word_1_560' title='bbox 1283 4189 1406 4260; x_wconf 89' lang='lat' dir='ltr'><strong>ejus</strong></span> <span class='ocrx_word' id='word_1_561' title='bbox 1443 4203 1550 4245; x_wconf 91' lang='lat' dir='ltr'><strong>non</strong></span> <span class='ocrx_word' id='word_1_562' title='bbox 1591 4189 1882 4244; x_wconf 89' lang='lat' dir='ltr'><strong>interﬁciet</strong></span> <span class='ocrx_word' id='word_1_563' title='bbox 1912 4203 2008 4242; x_wconf 85' lang='lat' dir='ltr'><strong>su-</strong></span> 
     </span>
    </p>
   </div>
   <div class='ocr_carea' id='block_1_72' title="bbox 409 4279 2006 4353">
    <p class='ocr_par' dir='ltr' id='par_1_72' title="bbox 409 4279 2006 4353">
     <span class='ocr_line' id='line_1_72' title="bbox 409 4279 2006 4353; baseline 0.001 -18"><span class='ocrx_word' id='word_1_564' title='bbox 409 4279 656 4348; x_wconf 78' lang='lat' dir='ltr'><strong>perbas:</strong></span> <span class='ocrx_word' id='word_1_565' title='bbox 710 4294 816 4336; x_wconf 91' lang='lat' dir='ltr'><strong>non</strong></span> <span class='ocrx_word' id='word_1_566' title='bbox 859 4280 1360 4352; x_wconf 84' lang='lat' dir='ltr'><strong>blasphemantium</strong></span> <span class='ocrx_word' id='word_1_567' title='bbox 1409 4283 1728 4353; x_wconf 83' lang='lat' dir='ltr'><strong>sanguinem</strong></span> <span class='ocrx_word' id='word_1_568' title='bbox 1783 4282 2006 4347; x_wconf 82' lang='lat' dir='ltr'><strong>fundet;</strong></span> 
     </span>
    </p>
   </div>
   <div class='ocr_carea' id='block_1_73' title="bbox 405 4373 2011 4444">
    <p class='ocr_par' dir='ltr' id='par_1_73' title="bbox 405 4373 2011 4444">
     <span class='ocr_line' id='line_1_73' title="bbox 405 4373 2011 4444; baseline 0.004 -16"><span class='ocrx_word' id='word_1_569' title='bbox 405 4373 505 4428; x_wconf 89' lang='lat' dir='ltr'><strong>sed</strong></span> <span class='ocrx_word' id='word_1_570' title='bbox 552 4374 836 4444; x_wconf 88' lang='lat' dir='ltr'><strong>disperdet</strong></span> <span class='ocrx_word' id='word_1_571' title='bbox 884 4385 939 4432; x_wconf 88' lang='lat' dir='ltr'><strong>et</strong></span> <span class='ocrx_word' id='word_1_572' title='bbox 967 4376 1276 4432; x_wconf 87' lang='lat' dir='ltr'><strong>attenuahit</strong></span> <span class='ocrx_word' id='word_1_573' title='bbox 1313 4378 1496 4432; x_wconf 88' lang='lat' dir='ltr'><strong>omnia</strong></span> <span class='ocrx_word' id='word_1_574' title='bbox 1534 4377 1677 4432; x_wconf 90' lang='lat' dir='ltr'><strong>idola</strong></span> <span class='ocrx_word' id='word_1_575' title='bbox 1709 4390 1921 4440; x_wconf 89' lang='lat' dir='ltr'><strong>eorum,</strong></span> <span class='ocrx_word' id='word_1_576' title='bbox 1951 4385 2011 4436; x_wconf 89' lang='lat' dir='ltr'><strong>ut</strong></span> 
     </span>
    </p>
   </div>
   <div class='ocr_carea' id='block_1_74' title="bbox 406 4468 2008 4541">
    <p class='ocr_par' dir='ltr' id='par_1_74' title="bbox 406 4468 2008 4541">
     <span class='ocr_line' id='line_1_74' title="bbox 406 4468 2008 4541; baseline 0.003 -19"><span class='ocrx_word' id='word_1_577' title='bbox 406 4468 498 4536; x_wconf 90' lang='lat' dir='ltr'><strong>qui</strong></span> <span class='ocrx_word' id='word_1_578' title='bbox 533 4468 678 4538; x_wconf 89' lang='lat' dir='ltr'><strong>prius</strong></span> <span class='ocrx_word' id='word_1_579' title='bbox 709 4470 1038 4526; x_wconf 82' lang='lat' dir='ltr'><strong>tenebantur</strong></span> <span class='ocrx_word' id='word_1_580' title='bbox 1067 4487 1281 4541; x_wconf 88' lang='lat' dir='ltr'><strong>errore,</strong></span> <span class='ocrx_word' id='word_1_581' title='bbox 1315 4482 1374 4528; x_wconf 90' lang='lat' dir='ltr'><strong>et</strong></span> <span class='ocrx_word' id='word_1_582' title='bbox 1431 4473 1648 4528; x_wconf 90' lang='lat' dir='ltr'><strong>Domini</strong></span> <span class='ocrx_word' id='word_1_583' title='bbox 1675 4471 1703 4512; x_wconf 73' lang='grc' dir='ltr'>δ</span> <span class='ocrx_word' id='word_1_584' title='bbox 1743 4472 2008 4528; x_wconf 69' lang='lat' dir='ltr'><strong>beneﬁcia</strong></span> 
     </span>
    </p>
   </div>
   <div class='ocr_carea' id='block_1_75' title="bbox 411 4563 2009 4637">
    <p class='ocr_par' dir='ltr' id='par_1_75' title="bbox 411 4563 2009 4637">
     <span class='ocr_line' id='line_1_75' title="bbox 411 4563 2009 4637; baseline 0.007 -25"><span class='ocrx_word' id='word_1_585' title='bbox 411 4575 516 4614; x_wconf 89' lang='lat' dir='ltr'><strong>non</strong></span> <span class='ocrx_word' id='word_1_586' title='bbox 553 4563 890 4630; x_wconf 78' lang='lat' dir='ltr'><strong>sentiebant,</strong></span> <span class='ocrx_word' id='word_1_587' title='bbox 920 4565 1190 4620; x_wconf 90' lang='lat' dir='ltr'><strong>malorum</strong></span> <span class='ocrx_word' id='word_1_588' title='bbox 1225 4566 1555 4621; x_wconf 85' lang='lat' dir='ltr'><strong>necessitate</strong></span> <span class='ocrx_word' id='word_1_589' title='bbox 1598 4565 1798 4637; x_wconf 88' lang='lat' dir='ltr'><strong>pressi,</strong></span> <span class='ocrx_word' id='word_1_590' title='bbox 1832 4567 2009 4622; x_wconf 84' lang='lat' dir='ltr'><strong>sciant</strong></span> 
     </span>
    </p>
   </div>
   <div class='ocr_carea' id='block_1_76' title="bbox 2113 3345 3714 3418">
    <p class='ocr_par' dir='ltr' id='par_1_76' title="bbox 2113 3345 3714 3418">
     <span class='ocr_line' id='line_1_76' title="bbox 2113 3345 3714 3418; baseline 0.002 -18"><span class='ocrx_word' id='word_1_591' title='bbox 2113 3349 2302 3402; x_wconf 86' lang='lat' dir='ltr'><strong>arctati</strong></span> <span class='ocrx_word' id='word_1_592' title='bbox 2350 3345 2553 3403; x_wconf 77' lang='lat' dir='ltr'><strong>fuerint</strong></span> <span class='ocrx_word' id='word_1_593' title='bbox 2604 3348 2656 3401; x_wconf 92' lang='lat' dir='ltr'><strong>in</strong></span> <span class='ocrx_word' id='word_1_594' title='bbox 2715 3347 2962 3416; x_wconf 80' lang='lat' dir='ltr'><strong>historia,</strong></span> <span class='ocrx_word' id='word_1_595' title='bbox 3014 3359 3071 3402; x_wconf 91' lang='lat' dir='ltr'><strong>ut</strong></span> <span class='ocrx_word' id='word_1_596' title='bbox 3113 3347 3340 3402; x_wconf 89' lang='lat' dir='ltr'><strong>doceant</strong></span> <span class='ocrx_word' id='word_1_597' title='bbox 3381 3349 3714 3418; x_wconf 87' lang='lat' dir='ltr'><strong>completum</strong></span> 
     </span>
    </p>
   </div>
   <div class='ocr_carea' id='block_1_77' title="bbox 2114 3441 3713 3511">
    <p class='ocr_par' dir='ltr' id='par_1_77' title="bbox 2114 3441 3713 3511">
     <span class='ocr_line' id='line_1_77' title="bbox 2114 3441 3713 3511; baseline 0.002 -19"><span class='ocrx_word' id='word_1_598' title='bbox 2114 3455 2238 3496; x_wconf 79' lang='lat' dir='ltr'><strong>esse</strong></span> <span class='ocrx_word' id='word_1_599' title='bbox 2267 3441 2410 3511; x_wconf 88' lang='lat' dir='ltr'><strong>quod</strong></span> <span class='ocrx_word' id='word_1_600' title='bbox 2442 3441 2642 3495; x_wconf 77' lang='lat' dir='ltr'><strong>dictum</strong></span> <span class='ocrx_word' id='word_1_601' title='bbox 2669 3453 2776 3507; x_wconf 86' lang='lat' dir='ltr'><strong>est,</strong></span> <span class='ocrx_word' id='word_1_602' title='bbox 2830 3441 3012 3496; x_wconf 80' lang='lat' dir='ltr'><strong>statim</strong></span> <span class='ocrx_word' id='word_1_603' title='bbox 3068 3442 3380 3496; x_wconf 85' lang='lat' dir='ltr'><strong>transiliunt</strong></span> <span class='ocrx_word' id='word_1_604' title='bbox 3423 3442 3490 3495; x_wconf 87' lang='lat' dir='ltr'><strong>ad</strong></span> <span class='ocrx_word' id='word_1_605' title='bbox 3537 3442 3713 3495; x_wconf 79' lang='lat' dir='ltr'><strong>futura</strong></span> 
     </span>
    </p>
   </div>
   <div class='ocr_carea' id='block_1_78' title="bbox 2113 3535 3714 3606">
    <p class='ocr_par' dir='ltr' id='par_1_78' title="bbox 2113 3535 3714 3606">
     <span class='ocr_line' id='line_1_78' title="bbox 2113 3535 3714 3606; baseline -0.001 -16"><span class='ocrx_word' id='word_1_606' title='bbox 2113 3535 2316 3590; x_wconf 88' lang='lat' dir='ltr'><strong>Christi</strong></span> <span class='ocrx_word' id='word_1_607' title='bbox 2343 3547 2605 3604; x_wconf 83' lang='lat' dir='ltr'><strong>tempora,</strong></span> <span class='ocrx_word' id='word_1_608' title='bbox 2637 3545 2689 3590; x_wconf 92' lang='lat' dir='ltr'><strong>et</strong></span> <span class='ocrx_word' id='word_1_609' title='bbox 2709 3537 2892 3592; x_wconf 90' lang='lat' dir='ltr'><strong>omnia</strong></span> <span class='ocrx_word' id='word_1_610' title='bbox 2922 3551 3044 3606; x_wconf 65' lang='lat' dir='ltr'><strong>(iure</strong></span> <span class='ocrx_word' id='word_1_611' title='bbox 3096 3551 3203 3590; x_wconf 90' lang='lat' dir='ltr'><strong>non</strong></span> <span class='ocrx_word' id='word_1_612' title='bbox 3263 3543 3493 3604; x_wconf 89' lang='lat' dir='ltr'><strong>possunt</strong></span> <span class='ocrx_word' id='word_1_613' title='bbox 3545 3549 3714 3603; x_wconf 70' lang='lat' dir='ltr'><strong>expo-</strong></span> 
     </span>
    </p>
   </div>
   <div class='ocr_carea' id='block_1_79' title="bbox 2114 3631 3714 3700">
    <p class='ocr_par' dir='ltr' id='par_1_79' title="bbox 2114 3631 3714 3700">
     <span class='ocr_line' id='line_1_79' title="bbox 2114 3631 3714 3700; baseline -0.001 -16"><span class='ocrx_word' id='word_1_614' title='bbox 2114 3646 2265 3696; x_wconf 88' lang='lat' dir='ltr'><strong>nere,</strong></span> <span class='ocrx_word' id='word_1_615' title='bbox 2300 3643 2414 3699; x_wconf 92' lang='lat' dir='ltr'><strong>post</strong></span> <span class='ocrx_word' id='word_1_616' title='bbox 2439 3631 2604 3685; x_wconf 85' lang='lat' dir='ltr'><strong>multa</strong></span> <span class='ocrx_word' id='word_1_617' title='bbox 2629 3631 2821 3685; x_wconf 72' lang='lat' dir='ltr'><strong>smcula</strong></span> <span class='ocrx_word' id='word_1_618' title='bbox 2865 3631 2965 3685; x_wconf 86' lang='lat' dir='ltr'><strong>sibi</strong></span> <span class='ocrx_word' id='word_1_619' title='bbox 2992 3631 3390 3700; x_wconf 76' lang='lat' dir='ltr'><strong>repromittunt,</strong></span> <span class='ocrx_word' id='word_1_620' title='bbox 3421 3643 3470 3684; x_wconf 91' lang='lat' dir='ltr'><strong>et</strong></span> <span class='ocrx_word' id='word_1_621' title='bbox 3502 3631 3714 3696; x_wconf 87' lang='lat' dir='ltr'><strong>dicunt,</strong></span> 
     </span>
    </p>
   </div>
   <div class='ocr_carea' id='block_1_80' title="bbox 2112 3724 3716 3796">
    <p class='ocr_par' dir='ltr' id='par_1_80' title="bbox 2112 3724 3716 3796">
     <span class='ocr_line' id='line_1_80' title="bbox 2112 3724 3716 3796; baseline 0.001 -17"><span class='ocrx_word' id='word_1_622' title='bbox 2112 3735 2165 3779; x_wconf 85' lang='lat' dir='ltr'><strong>et</strong></span> <span class='ocrx_word' id='word_1_623' title='bbox 2196 3724 2374 3791; x_wconf 87' lang='lat' dir='ltr'><strong>Moab,</strong></span> <span class='ocrx_word' id='word_1_624' title='bbox 2409 3733 2464 3780; x_wconf 91' lang='lat' dir='ltr'><strong>et</strong></span> <span class='ocrx_word' id='word_1_625' title='bbox 2509 3724 2650 3780; x_wconf 89' lang='lat' dir='ltr'><strong>ﬁlios</strong></span> <span class='ocrx_word' id='word_1_626' title='bbox 2696 3725 2952 3792; x_wconf 82' lang='lat' dir='ltr'><strong>Ammon,</strong></span> <span class='ocrx_word' id='word_1_627' title='bbox 2999 3733 3055 3780; x_wconf 87' lang='lat' dir='ltr'><strong>et</strong></span> <span class='ocrx_word' id='word_1_628' title='bbox 3103 3724 3419 3796; x_wconf 68' lang='lat' dir='ltr'><strong>)Egyptnm,</strong></span> <span class='ocrx_word' id='word_1_629' title='bbox 3469 3736 3525 3780; x_wconf 84' lang='lat' dir='ltr'><strong>et</strong></span> <span class='ocrx_word' id='word_1_630' title='bbox 3553 3726 3716 3782; x_wconf 87' lang='lat' dir='ltr'><strong>Phili-</strong></span> 
     </span>
    </p>
   </div>
   <div class='ocr_carea' id='block_1_81' title="bbox 2112 3818 3715 3889">
    <p class='ocr_par' dir='ltr' id='par_1_81' title="bbox 2112 3818 3715 3889">
     <span class='ocr_line' id='line_1_81' title="bbox 2112 3818 3715 3889; baseline 0.004 -17"><span class='ocrx_word' id='word_1_631' title='bbox 2112 3818 2322 3886; x_wconf 84' lang='lat' dir='ltr'><strong>stltiim,</strong></span> <span class='ocrx_word' id='word_1_632' title='bbox 2345 3828 2398 3873; x_wconf 89' lang='lat' dir='ltr'><strong>et</strong></span> <span class='ocrx_word' id='word_1_633' title='bbox 2422 3819 2737 3886; x_wconf 77' lang='lat' dir='ltr'><strong>Idnnnram,</strong></span> <span class='ocrx_word' id='word_1_634' title='bbox 2768 3836 2887 3889; x_wconf 76' lang='lat' dir='ltr'><strong>qum</strong></span> <span class='ocrx_word' id='word_1_635' title='bbox 2919 3835 3060 3876; x_wconf 89' lang='lat' dir='ltr'><strong>nunc</strong></span> <span class='ocrx_word' id='word_1_636' title='bbox 3083 3821 3346 3876; x_wconf 88' lang='lat' dir='ltr'><strong>insultant</strong></span> <span class='ocrx_word' id='word_1_637' title='bbox 3392 3821 3618 3880; x_wconf 70' lang='lat' dir='ltr'><strong>Iuda-is.</strong></span> <span class='ocrx_word' id='word_1_638' title='bbox 3649 3837 3715 3878; x_wconf 89' lang='lat' dir='ltr'><strong>eo</strong></span> 
     </span>
    </p>
   </div>
   <div class='ocr_carea' id='block_1_82' title="bbox 2115 3915 3714 3987">
    <p class='ocr_par' dir='ltr' id='par_1_82' title="bbox 2115 3915 3714 3987">
     <span class='ocr_line' id='line_1_82' title="bbox 2115 3915 3714 3987; baseline 0.005 -21"><span class='ocrx_word' id='word_1_639' title='bbox 2115 3923 2360 3983; x_wconf 88' lang='lat' dir='ltr'><strong>tempore</strong></span> <span class='ocrx_word' id='word_1_640' title='bbox 2410 3915 2732 3984; x_wconf 89' lang='lat' dir='ltr'><strong>puniendas.</strong></span> <span class='ocrx_word' id='word_1_641' title='bbox 2781 3915 3185 3986; x_wconf 85' lang='lat' dir='ltr'><strong>interrogemus</strong></span> <span class='ocrx_word' id='word_1_642' title='bbox 3213 3931 3342 3985; x_wconf 88' lang='lat' dir='ltr'><strong>ergo</strong></span> <span class='ocrx_word' id='word_1_643' title='bbox 3387 3931 3506 3981; x_wconf 90' lang='lat' dir='ltr'><strong>eos,</strong></span> <span class='ocrx_word' id='word_1_644' title='bbox 3546 3933 3714 3987; x_wconf 85' lang='lat' dir='ltr'><strong>quare</strong></span> 
     </span>
    </p>
   </div>
   <div class='ocr_carea' id='block_1_83' title="bbox 2114 4006 3712 4077">
    <p class='ocr_par' dir='ltr' id='par_1_83' title="bbox 2114 4006 3712 4077">
     <span class='ocr_line' id='line_1_83' title="bbox 2114 4006 3712 4077; baseline 0.004 -19"><span class='ocrx_word' id='word_1_645' title='bbox 2114 4006 2212 4061; x_wconf 89' lang='lat' dir='ltr'><strong>has</strong></span> <span class='ocrx_word' id='word_1_646' title='bbox 2243 4006 2582 4073; x_wconf 86' lang='lat' dir='ltr'><strong>potissimum</strong></span> <span class='ocrx_word' id='word_1_647' title='bbox 2613 4019 2805 4077; x_wconf 83' lang='lat' dir='ltr'><strong>gentes</strong></span> <span class='ocrx_word' id='word_1_648' title='bbox 2835 4008 2976 4063; x_wconf 90' lang='lat' dir='ltr'><strong>Deus</strong></span> <span class='ocrx_word' id='word_1_649' title='bbox 3018 4008 3222 4077; x_wconf 87' lang='lat' dir='ltr'><strong>puniat,</strong></span> <span class='ocrx_word' id='word_1_650' title='bbox 3271 4017 3327 4063; x_wconf 89' lang='lat' dir='ltr'><strong>et</strong></span> <span class='ocrx_word' id='word_1_651' title='bbox 3379 4025 3487 4064; x_wconf 81' lang='lat' dir='ltr'><strong>non</strong></span> <span class='ocrx_word' id='word_1_652' title='bbox 3544 4019 3712 4064; x_wconf 82' lang='lat' dir='ltr'><strong>totum</strong></span> 
     </span>
    </p>
   </div>
   <div class='ocr_carea' id='block_1_84' title="bbox 2112 4099 3711 4170">
    <p class='ocr_par' dir='ltr' id='par_1_84' title="bbox 2112 4099 3711 4170">
     <span class='ocr_line' id='line_1_84' title="bbox 2112 4099 3711 4170; baseline 0.005 -21"><span class='ocrx_word' id='word_1_653' title='bbox 2112 4099 2300 4154; x_wconf 84' lang='lat' dir='ltr'><strong>orbem</strong></span> <span class='ocrx_word' id='word_1_654' title='bbox 2352 4100 2402 4153; x_wconf 91' lang='lat' dir='ltr'><strong>in</strong></span> <span class='ocrx_word' id='word_1_655' title='bbox 2434 4114 2540 4170; x_wconf 88' lang='lat' dir='ltr'><strong>quo</strong></span> <span class='ocrx_word' id='word_1_656' title='bbox 2568 4099 2740 4154; x_wconf 67' lang='grc' dir='ltr'><strong>,1υάαιί</strong></span> <span class='ocrx_word' id='word_1_657' title='bbox 2774 4101 2933 4166; x_wconf 77' lang='lat' dir='ltr'><strong>longe</strong></span> <span class='ocrx_word' id='word_1_658' title='bbox 2961 4101 3178 4170; x_wconf 86' lang='lat' dir='ltr'><strong>lateque</strong></span> <span class='ocrx_word' id='word_1_659' title='bbox 3217 4101 3453 4170; x_wconf 78' lang='lat' dir='ltr'><strong>dispersi</strong></span> <span class='ocrx_word' id='word_1_660' title='bbox 3478 4114 3625 4156; x_wconf 81' lang='lat' dir='ltr'><strong>sunt.</strong></span> <span class='ocrx_word' id='word_1_661' title='bbox 3657 4103 3711 4156; x_wconf 85' lang='lat' dir='ltr'><strong>Si</strong></span> 
     </span>
    </p>
   </div>
   <div class='ocr_carea' id='block_1_85' title="bbox 2112 4185 3712 4263">
    <p class='ocr_par' dir='ltr' id='par_1_85' title="bbox 2112 4185 3712 4263">
     <span class='ocr_line' id='line_1_85' title="bbox 2112 4185 3712 4263; baseline 0.004 -18"><span class='ocrx_word' id='word_1_662' title='bbox 2112 4190 2258 4245; x_wconf 86' lang='lat' dir='ltr'><strong>enim</strong></span> <span class='ocrx_word' id='word_1_663' title='bbox 2285 4202 2526 4246; x_wconf 88' lang='lat' dir='ltr'><strong>meretur</strong></span> <span class='ocrx_word' id='word_1_664' title='bbox 2554 4191 2714 4246; x_wconf 84' lang='lat' dir='ltr'><strong>Moab</strong></span> <span class='ocrx_word' id='word_1_665' title='bbox 2736 4185 2958 4263; x_wconf 79' lang='lat' dir='ltr'><strong>corripi,</strong></span> <span class='ocrx_word' id='word_1_666' title='bbox 2991 4191 3192 4247; x_wconf 67' lang='lat' dir='ltr'><strong>Judaeis</strong></span> <span class='ocrx_word' id='word_1_667' title='bbox 3213 4195 3511 4257; x_wconf 61' lang='lat' dir='ltr'><strong>insultans,</strong></span> <span class='ocrx_word' id='word_1_668' title='bbox 3542 4207 3595 4250; x_wconf 88' lang='lat' dir='ltr'><strong>et</strong></span> <span class='ocrx_word' id='word_1_669' title='bbox 3621 4195 3712 4251; x_wconf 88' lang='lat' dir='ltr'><strong>ﬁlii</strong></span> 
     </span>
    </p>
   </div>
   <div class='ocr_carea' id='block_1_86' title="bbox 2116 4284 3711 4356">
    <p class='ocr_par' dir='ltr' id='par_1_86' title="bbox 2116 4284 3711 4356">
     <span class='ocr_line' id='line_1_86' title="bbox 2116 4284 3711 4356; baseline 0.004 -19"><span class='ocrx_word' id='word_1_670' title='bbox 2116 4286 2345 4338; x_wconf 87' lang='lat' dir='ltr'><strong>Ammon</strong></span> <span class='ocrx_word' id='word_1_671' title='bbox 2376 4292 2430 4339; x_wconf 89' lang='lat' dir='ltr'><strong>et</strong></span> <span class='ocrx_word' id='word_1_672' title='bbox 2475 4284 2699 4355; x_wconf 82' lang='lat' dir='ltr'><strong>reliquae</strong></span> <span class='ocrx_word' id='word_1_673' title='bbox 2729 4294 2918 4354; x_wconf 85' lang='lat' dir='ltr'><strong>gentes</strong></span> <span class='ocrx_word' id='word_1_674' title='bbox 2960 4286 3013 4340; x_wconf 92' lang='lat' dir='ltr'><strong>in</strong></span> <span class='ocrx_word' id='word_1_675' title='bbox 3043 4286 3292 4347; x_wconf 84' lang='lat' dir='ltr'><strong>circuitu.</strong></span> <span class='ocrx_word' id='word_1_676' title='bbox 3322 4303 3492 4356; x_wconf 88' lang='lat' dir='ltr'><strong>quare</strong></span> <span class='ocrx_word' id='word_1_677' title='bbox 3537 4289 3711 4344; x_wconf 86' lang='lat' dir='ltr'><strong>Gallia</strong></span> 
     </span>
    </p>
   </div>
   <div class='ocr_carea' id='block_1_87' title="bbox 2115 4376 3711 4446">
    <p class='ocr_par' dir='ltr' id='par_1_87' title="bbox 2115 4376 3711 4446">
     <span class='ocr_line' id='line_1_87' title="bbox 2115 4376 3711 4446; baseline 0.004 -18"><span class='ocrx_word' id='word_1_678' title='bbox 2115 4388 2219 4429; x_wconf 89' lang='lat' dir='ltr'><strong>non</strong></span> <span class='ocrx_word' id='word_1_679' title='bbox 2251 4376 2587 4445; x_wconf 85' lang='lat' dir='ltr'><strong>corripitur?</strong></span> <span class='ocrx_word' id='word_1_680' title='bbox 2615 4391 2783 4446; x_wconf 83' lang='lat' dir='ltr'><strong>quare</strong></span> <span class='ocrx_word' id='word_1_681' title='bbox 2832 4376 3140 4432; x_wconf 86' lang='lat' dir='ltr'><strong>Britannias</strong></span> <span class='ocrx_word' id='word_1_682' title='bbox 3188 4378 3238 4430; x_wconf 91' lang='lat' dir='ltr'><strong>in</strong></span> <span class='ocrx_word' id='word_1_683' title='bbox 3287 4382 3711 4436; x_wconf 82' lang='lat' dir='ltr'><strong>comminatione</strong></span> 
     </span>
    </p>
   </div>
   <div class='ocr_carea' id='block_1_88' title="bbox 2114 4468 3712 4540">
    <p class='ocr_par' dir='ltr' id='par_1_88' title="bbox 2114 4468 3712 4540">
     <span class='ocr_line' id='line_1_88' title="bbox 2114 4468 3712 4540; baseline 0.004 -20"><span class='ocrx_word' id='word_1_684' title='bbox 2114 4481 2219 4522; x_wconf 90' lang='lat' dir='ltr'><strong>non</strong></span> <span class='ocrx_word' id='word_1_685' title='bbox 2271 4468 2474 4536; x_wconf 89' lang='lat' dir='ltr'><strong>ponit?</strong></span> <span class='ocrx_word' id='word_1_686' title='bbox 2525 4483 2623 4524; x_wconf 90' lang='lat' dir='ltr'><strong>cur</strong></span> <span class='ocrx_word' id='word_1_687' title='bbox 2669 4469 2949 4539; x_wconf 72' lang='lat' dir='ltr'><strong>Hispania:</strong></span> <span class='ocrx_word' id='word_1_688' title='bbox 2998 4485 3028 4524; x_wconf 92' lang='lat' dir='ltr'><strong>a</strong></span> <span class='ocrx_word' id='word_1_689' title='bbox 3083 4485 3239 4540; x_wconf 63' lang='lat' dir='ltr'><strong>paena</strong></span> <span class='ocrx_word' id='word_1_690' title='bbox 3282 4471 3478 4526; x_wconf 71' lang='lat' dir='ltr'><strong>aliena:</strong></span> <span class='ocrx_word' id='word_1_691' title='bbox 3533 4472 3712 4529; x_wconf 76' lang='lat' dir='ltr'><strong>sunt?</strong></span> 
     </span>
    </p>
   </div>
   <div class='ocr_carea' id='block_1_89' title="bbox 2113 4560 3710 4629">
    <p class='ocr_par' dir='ltr' id='par_1_89' title="bbox 2113 4560 3710 4629">
     <span class='ocr_line' id='line_1_89' title="bbox 2113 4560 3710 4629; baseline 0.005 -18"><span class='ocrx_word' id='word_1_692' title='bbox 2113 4575 2271 4629; x_wconf 87' lang='lat' dir='ltr'><strong>quam</strong></span> <span class='ocrx_word' id='word_1_693' title='bbox 2305 4560 2374 4614; x_wconf 88' lang='lat' dir='ltr'><strong>ob</strong></span> <span class='ocrx_word' id='word_1_694' title='bbox 2398 4575 2616 4616; x_wconf 83' lang='lat' dir='ltr'><strong>causam</strong></span> <span class='ocrx_word' id='word_1_695' title='bbox 2659 4560 2728 4616; x_wconf 91' lang='lat' dir='ltr'><strong>de</strong></span> <span class='ocrx_word' id='word_1_696' title='bbox 2773 4562 2921 4616; x_wconf 88' lang='lat' dir='ltr'><strong>Italia</strong></span> <span class='ocrx_word' id='word_1_697' title='bbox 2957 4561 3093 4616; x_wconf 86' lang='lat' dir='ltr'><strong>nihil</strong></span> <span class='ocrx_word' id='word_1_698' title='bbox 3126 4562 3325 4618; x_wconf 88' lang='lat' dir='ltr'><strong>dicitur</strong></span> <span class='ocrx_word' id='word_1_699' title='bbox 3355 4566 3380 4617; x_wconf 82' lang='lat'><strong>&#39;!</strong></span> <span class='ocrx_word' id='word_1_700' title='bbox 3409 4563 3478 4619; x_wconf 89' lang='lat' dir='ltr'><strong>de</strong></span> <span class='ocrx_word' id='word_1_701' title='bbox 3529 4565 3710 4619; x_wconf 77' lang='lat' dir='ltr'><strong>Africa</strong></span> 
     </span>
    </p>
   </div>
   <div class='ocr_carea' id='block_1_90' title="bbox 406 4639 3713 4730">
    <p class='ocr_par' dir='ltr' id='par_1_90' title="bbox 406 4639 3713 4730">
     <span class='ocr_line' id='line_1_90' title="bbox 406 4639 3713 4730; baseline 0.002 -22"><span class='ocrx_word' id='word_1_702' title='bbox 406 4653 550 4709; x_wconf 90' lang='lat' dir='ltr'><strong>idola</strong></span> <span class='ocrx_word' id='word_1_703' title='bbox 581 4655 714 4709; x_wconf 90' lang='lat' dir='ltr'><strong>nihil</strong></span> <span class='ocrx_word' id='word_1_704' title='bbox 741 4656 1021 4723; x_wconf 89' lang='lat' dir='ltr'><strong>prodesse,</strong></span> <span class='ocrx_word' id='word_1_705' title='bbox 1045 4666 1100 4712; x_wconf 91' lang='lat' dir='ltr'><strong>et</strong></span> <span class='ocrx_word' id='word_1_706' title='bbox 1123 4657 1354 4714; x_wconf 88' lang='lat' dir='ltr'><strong>adorent</strong></span> <span class='ocrx_word' id='word_1_707' title='bbox 1383 4674 1508 4716; x_wconf 89' lang='lat' dir='ltr'><strong>eum</strong></span> <span class='ocrx_word' id='word_1_708' title='bbox 1535 4659 1916 4730; x_wconf 87' lang='lat' dir='ltr'><strong>unusquisque</strong></span> <span class='ocrx_word' id='word_1_709' title='bbox 1938 4659 2006 4718; x_wconf 85' lang='lat' dir='ltr'><strong>de</strong></span> <span class='ocrx_word' id='word_1_710' title='bbox 2036 4639 2086 4702; x_wconf 80' lang='grc' dir='ltr'><strong>Ῑ)</strong></span> <span class='ocrx_word' id='word_1_711' title='bbox 2112 4670 2210 4709; x_wconf 85' lang='lat' dir='ltr'><strong>cur</strong></span> <span class='ocrx_word' id='word_1_712' title='bbox 2232 4663 2443 4709; x_wconf 75' lang='lat' dir='ltr'><strong>tacetur</strong></span> <span class='ocrx_word' id='word_1_713' title='bbox 2469 4657 2492 4707; x_wconf 82' lang='lat'><strong>?</strong></span> <span class='ocrx_word' id='word_1_714' title='bbox 2522 4665 2568 4708; x_wconf 66' lang='grc' dir='ltr'><strong>ιιι</strong></span> <span class='ocrx_word' id='word_1_715' title='bbox 2597 4666 2646 4710; x_wconf 64' lang='lat' dir='ltr'><strong>ti!</strong></span> <span class='ocrx_word' id='word_1_716' title='bbox 2681 4658 2849 4710; x_wconf 64' lang='lat' dir='ltr'><strong>sentiri</strong></span> <span class='ocrx_word' id='word_1_717' title='bbox 2882 4659 3080 4722; x_wconf 63' lang='lat' dir='ltr'><strong>dicunt.</strong></span> <span class='ocrx_word' id='word_1_718' title='bbox 3114 4675 3234 4712; x_wconf 85' lang='lat' dir='ltr'><strong>cum</strong></span> <span class='ocrx_word' id='word_1_719' title='bbox 3272 4666 3415 4713; x_wconf 92' lang='lat' dir='ltr'><strong>totus</strong></span> <span class='ocrx_word' id='word_1_720' title='bbox 3437 4660 3590 4714; x_wconf 89' lang='lat' dir='ltr'><strong>orbis</strong></span> <span class='ocrx_word' id='word_1_721' title='bbox 3618 4657 3713 4714; x_wconf 83' lang='lat' dir='ltr'><strong>Ju-</strong></span> 
     </span>
    </p>
   </div>
   <div class='ocr_carea' id='block_1_91' title="bbox 403 4745 2004 4822">
    <p class='ocr_par' dir='ltr' id='par_1_91' title="bbox 403 4745 2004 4822">
     <span class='ocr_line' id='line_1_91' title="bbox 403 4745 2004 4822; baseline 0.007 -22"><span class='ocrx_word' id='word_1_722' title='bbox 403 4745 530 4802; x_wconf 90' lang='lat' dir='ltr'><strong>loco</strong></span> <span class='ocrx_word' id='word_1_723' title='bbox 575 4762 675 4801; x_wconf 88' lang='lat' dir='ltr'><strong>suo</strong></span> <span class='ocrx_word' id='word_1_724' title='bbox 723 4763 916 4802; x_wconf 90' lang='lat' dir='ltr'><strong>omnes</strong></span> <span class='ocrx_word' id='word_1_725' title='bbox 967 4751 1158 4806; x_wconf 64' lang='lat' dir='ltr'><strong>insulas</strong></span> <span class='ocrx_word' id='word_1_726' title='bbox 1203 4751 1466 4818; x_wconf 87' lang='lat' dir='ltr'><strong>gentium.</strong></span> <span class='ocrx_word' id='word_1_727' title='bbox 1519 4752 1808 4822; x_wconf 89' lang='lat' dir='ltr'><strong>anusque</strong></span> <span class='ocrx_word' id='word_1_728' title='bbox 1850 4753 2004 4822; x_wconf 79' lang='lat' dir='ltr'><strong>juxta</strong></span> 
     </span>
    </p>
   </div>
   <div class='ocr_carea' id='block_1_92' title="bbox 403 4837 2003 4914">
    <p class='ocr_par' dir='ltr' id='par_1_92' title="bbox 403 4837 2003 4914">
     <span class='ocr_line' id='line_1_92' title="bbox 403 4837 2003 4914; baseline 0.006 -22"><span class='ocrx_word' id='word_1_729' title='bbox 403 4837 756 4894; x_wconf 87' lang='lat' dir='ltr'><strong>ilebraieum.</strong></span> <span class='ocrx_word' id='word_1_730' title='bbox 789 4839 943 4896; x_wconf 85' lang='lat' dir='ltr'><strong>Nunc</strong></span> <span class='ocrx_word' id='word_1_731' title='bbox 973 4842 1036 4896; x_wconf 89' lang='lat' dir='ltr'><strong>ad</strong></span> <span class='ocrx_word' id='word_1_732' title='bbox 1084 4841 1228 4898; x_wconf 78' lang='lat' dir='ltr'><strong>LXX</strong></span> <span class='ocrx_word' id='word_1_733' title='bbox 1263 4843 1593 4914; x_wconf 86' lang='lat' dir='ltr'><strong>interpretes</strong></span> <span class='ocrx_word' id='word_1_734' title='bbox 1638 4855 2003 4913; x_wconf 80' lang='lat' dir='ltr'><strong>revertamur,</strong></span> 
     </span>
    </p>
   </div>
   <div class='ocr_carea' id='block_1_93' title="bbox 407 4933 2002 5007">
    <p class='ocr_par' dir='ltr' id='par_1_93' title="bbox 407 4933 2002 5007">
     <span class='ocr_line' id='line_1_93' title="bbox 407 4933 2002 5007; baseline 0.004 -21"><span class='ocrx_word' id='word_1_735' title='bbox 407 4946 778 5003; x_wconf 87' lang='lat' dir='ltr'><strong>cogamusque</strong></span> <span class='ocrx_word' id='word_1_736' title='bbox 818 4933 1058 5000; x_wconf 66' lang='lat' dir='ltr'><strong>Judaeos,</strong></span> <span class='ocrx_word' id='word_1_737' title='bbox 1085 4937 1179 5005; x_wconf 90' lang='lat' dir='ltr'><strong>qui</strong></span> <span class='ocrx_word' id='word_1_738' title='bbox 1226 4947 1433 4990; x_wconf 88' lang='lat' dir='ltr'><strong>tantum</strong></span> <span class='ocrx_word' id='word_1_739' title='bbox 1484 4950 1786 5007; x_wconf 82' lang='lat' dir='ltr'><strong>sequuntur</strong></span> <span class='ocrx_word' id='word_1_740' title='bbox 1829 4939 2002 4992; x_wconf 82' lang='lat' dir='ltr'><strong>histo-</strong></span> 
     </span>
    </p>
   </div>
   <div class='ocr_carea' id='block_1_94' title="bbox 409 5025 2002 5098">
    <p class='ocr_par' dir='ltr' id='par_1_94' title="bbox 409 5025 2002 5098">
     <span class='ocr_line' id='line_1_94' title="bbox 409 5025 2002 5098; baseline 0.006 -21"><span class='ocrx_word' id='word_1_741' title='bbox 409 5025 575 5090; x_wconf 60' lang='lat' dir='ltr'><strong>riam,</strong></span> <span class='ocrx_word' id='word_1_742' title='bbox 605 5041 880 5095; x_wconf 82' lang='lat' dir='ltr'><strong>exponere</strong></span> <span class='ocrx_word' id='word_1_743' title='bbox 911 5028 1069 5082; x_wconf 89' lang='lat' dir='ltr'><strong>nobis</strong></span> <span class='ocrx_word' id='word_1_744' title='bbox 1097 5028 1320 5098; x_wconf 90' lang='lat' dir='ltr'><strong>quando</strong></span> <span class='ocrx_word' id='word_1_745' title='bbox 1349 5031 1506 5086; x_wconf 82' lang='lat' dir='ltr'><strong>Moab</strong></span> <span class='ocrx_word' id='word_1_746' title='bbox 1557 5040 1612 5086; x_wconf 87' lang='lat' dir='ltr'><strong>et</strong></span> <span class='ocrx_word' id='word_1_747' title='bbox 1643 5031 1739 5086; x_wconf 89' lang='lat' dir='ltr'><strong>ﬁlii</strong></span> <span class='ocrx_word' id='word_1_748' title='bbox 1772 5034 2002 5090; x_wconf 81' lang='lat' dir='ltr'><strong>Ammon</strong></span> 
     </span>
    </p>
   </div>
   <div class='ocr_carea' id='block_1_95' title="bbox 408 5118 2006 5195">
    <p class='ocr_par' dir='ltr' id='par_1_95' title="bbox 408 5118 2006 5195">
     <span class='ocr_line' id='line_1_95' title="bbox 408 5118 2006 5195; baseline 0.005 -23"><span class='ocrx_word' id='word_1_749' title='bbox 408 5118 533 5174; x_wconf 88' lang='lat' dir='ltr'><strong>iacti</strong></span> <span class='ocrx_word' id='word_1_750' title='bbox 565 5121 675 5175; x_wconf 77' lang='lat' dir='ltr'><strong>sint</strong></span> <span class='ocrx_word' id='word_1_751' title='bbox 706 5121 861 5191; x_wconf 83' lang='lat' dir='ltr'><strong>quasi</strong></span> <span class='ocrx_word' id='word_1_752' title='bbox 893 5120 1129 5177; x_wconf 85' lang='lat' dir='ltr'><strong>Sodoma</strong></span> <span class='ocrx_word' id='word_1_753' title='bbox 1158 5132 1216 5178; x_wconf 87' lang='lat' dir='ltr'><strong>et</strong></span> <span class='ocrx_word' id='word_1_754' title='bbox 1237 5120 1569 5190; x_wconf 87' lang='lat' dir='ltr'><strong>Gomorrha,</strong></span> <span class='ocrx_word' id='word_1_755' title='bbox 1597 5134 1650 5179; x_wconf 90' lang='lat' dir='ltr'><strong>et</strong></span> <span class='ocrx_word' id='word_1_756' title='bbox 1674 5129 1826 5195; x_wconf 88' lang='lat' dir='ltr'><strong>quasi</strong></span> <span class='ocrx_word' id='word_1_757' title='bbox 1849 5140 2006 5180; x_wconf 87' lang='lat' dir='ltr'><strong>acer-</strong></span> 
     </span>
    </p>
   </div>
   <div class='ocr_carea' id='block_1_96' title="bbox 479 5327 1994 5404">
    <p class='ocr_par' dir='ltr' id='par_1_96' title="bbox 479 5327 1994 5404">
     <span class='ocr_line' id='line_1_96' title="bbox 479 5327 1994 5404; baseline 0.005 -22"><span class='ocrx_word' id='word_1_758' title='bbox 479 5335 504 5364; x_wconf 71' lang='grc' dir='ltr'>α</span> <span class='ocrx_word' id='word_1_759' title='bbox 533 5327 609 5383; x_wconf 86' lang='lat' dir='ltr'><strong>Ita</strong></span> <span class='ocrx_word' id='word_1_760' title='bbox 662 5328 846 5404; x_wconf 76' lang='lat' dir='ltr'><strong>legunt</strong></span> <span class='ocrx_word' id='word_1_761' title='bbox 893 5345 1083 5388; x_wconf 83' lang='lat' dir='ltr'><strong>omnes</strong></span> <span class='ocrx_word' id='word_1_762' title='bbox 1114 5345 1247 5404; x_wconf 82' lang='lat' dir='ltr'><strong>mss.</strong></span> <span class='ocrx_word' id='word_1_763' title='bbox 1277 5331 1498 5390; x_wconf 75' lang='lat' dir='ltr'><strong>codices</strong></span> <span class='ocrx_word' id='word_1_764' title='bbox 1542 5349 1665 5390; x_wconf 87' lang='lat' dir='ltr'><strong>cum</strong></span> <span class='ocrx_word' id='word_1_765' title='bbox 1692 5334 1736 5394; x_wconf 87' lang='lat' dir='ltr'>L</span> <span class='ocrx_word' id='word_1_766' title='bbox 1769 5335 1994 5404; x_wconf 89' lang='lat' dir='ltr'><strong>initiali,</strong></span> 
     </span>
    </p>
   </div>
   <div class='ocr_carea' id='block_1_97' title="bbox 407 5400 1994 5468">
    <p class='ocr_par' dir='ltr' id='par_1_97' title="bbox 407 5400 1994 5468">
     <span class='ocr_line' id='line_1_97' title="bbox 407 5400 1994 5468; baseline 0.005 -14"><span class='ocrx_word' id='word_1_767' title='bbox 407 5401 509 5454; x_wconf 88' lang='lat' dir='ltr'><strong>hoc</strong></span> <span class='ocrx_word' id='word_1_768' title='bbox 553 5408 658 5464; x_wconf 68' lang='lat' dir='ltr'><strong>est,</strong></span> <span class='ocrx_word' id='word_1_769' title='bbox 688 5400 906 5468; x_wconf 88' lang='lat' dir='ltr'><strong>Lolam;</strong></span> <span class='ocrx_word' id='word_1_770' title='bbox 937 5418 1042 5458; x_wconf 91' lang='lat' dir='ltr'><strong>non</strong></span> <span class='ocrx_word' id='word_1_771' title='bbox 1071 5402 1211 5458; x_wconf 81' lang='lat' dir='ltr'><strong>alam</strong></span> <span class='ocrx_word' id='word_1_772' title='bbox 1257 5413 1316 5460; x_wconf 89' lang='lat' dir='ltr'><strong>ut</strong></span> <span class='ocrx_word' id='word_1_773' title='bbox 1344 5405 1395 5460; x_wconf 91' lang='lat' dir='ltr'><strong>in</strong></span> <span class='ocrx_word' id='word_1_774' title='bbox 1437 5413 1598 5464; x_wconf 85' lang='lat' dir='ltr'><strong>antea</strong></span> <span class='ocrx_word' id='word_1_775' title='bbox 1627 5408 1788 5467; x_wconf 86' lang='lat' dir='ltr'><strong>editis</strong></span> <span class='ocrx_word' id='word_1_776' title='bbox 1821 5400 1994 5468; x_wconf 74' lang='lat' dir='ltr'><strong>libris.</strong></span> 
     </span>
    </p>
   </div>
   <div class='ocr_carea' id='block_1_98' title="bbox 407 5471 1994 5541">
    <p class='ocr_par' dir='ltr' id='par_1_98' title="bbox 407 5471 1994 5541">
     <span class='ocr_line' id='line_1_98' title="bbox 407 5471 1994 5541; baseline 0.006 -17"><span class='ocrx_word' id='word_1_777' title='bbox 407 5471 483 5525; x_wconf 76' lang='lat' dir='ltr'><strong>Ex</strong></span> <span class='ocrx_word' id='word_1_778' title='bbox 514 5487 623 5541; x_wconf 90' lang='lat' dir='ltr'><strong>quo</strong></span> <span class='ocrx_word' id='word_1_779' title='bbox 653 5473 954 5529; x_wconf 86' lang='lat' dir='ltr'><strong>variantem</strong></span> <span class='ocrx_word' id='word_1_780' title='bbox 983 5475 1033 5532; x_wconf 91' lang='lat' dir='ltr'><strong>in</strong></span> <span class='ocrx_word' id='word_1_781' title='bbox 1064 5474 1164 5532; x_wconf 91' lang='lat' dir='ltr'><strong>hoc</strong></span> <span class='ocrx_word' id='word_1_782' title='bbox 1195 5476 1314 5528; x_wconf 78' lang='lat' dir='ltr'><strong>loco</strong></span> <span class='ocrx_word' id='word_1_783' title='bbox 1349 5475 1666 5534; x_wconf 79' lang='lat' dir='ltr'><strong>liehraiCam</strong></span> <span class='ocrx_word' id='word_1_784' title='bbox 1700 5480 1994 5536; x_wconf 76' lang='lat' dir='ltr'><strong>lectionem</strong></span> 
     </span>
    </p>
   </div>
   <div class='ocr_carea' id='block_1_99' title="bbox 404 5544 2000 5621">
    <p class='ocr_par' dir='ltr' id='par_1_99' title="bbox 404 5544 2000 5621">
     <span class='ocr_line' id='line_1_99' title="bbox 404 5544 2000 5621; baseline 0.004 -25"><span class='ocrx_word' id='word_1_785' title='bbox 404 5544 748 5612; x_wconf 71' lang='lat' dir='ltr'><strong>tmlligimtts;</strong></span> <span class='ocrx_word' id='word_1_786' title='bbox 775 5560 947 5616; x_wconf 83' lang='lat' dir='ltr'><strong>neque</strong></span> <span class='ocrx_word' id='word_1_787' title='bbox 977 5549 1124 5621; x_wconf 85' lang='lat' dir='ltr'><strong>enim</strong></span> <span class='ocrx_word' id='word_1_788' title='bbox 1159 5547 1368 5618; x_wconf 79' lang='lat' dir='ltr'><strong>legebat</strong></span> <span class='ocrx_word' id='word_1_789' title='bbox 1413 5547 1775 5621; x_wconf 86' lang='lat' dir='ltr'><strong>Hieronymus</strong></span> <span class='ocrx_word' id='word_1_790' title='bbox 1807 5551 1862 5606; x_wconf 93' lang='lat' dir='ltr'><strong>in</strong></span> <span class='ocrx_word' id='word_1_791' title='bbox 1903 5567 2000 5604; x_wconf 87' lang='lat' dir='ltr'><strong>suo</strong></span> 
     </span>
    </p>
   </div>
   <div class='ocr_carea' id='block_1_100' title="bbox 406 5620 2004 5705">
    <p class='ocr_par' dir='ltr' id='par_1_100' title="bbox 406 5620 2004 5705">
     <span class='ocr_line' id='line_1_100' title="bbox 406 5620 2004 5705; baseline 0.008 -17"><span class='ocrx_word' id='word_1_792' title='bbox 406 5635 700 5704; x_wconf 86' lang='lat' dir='ltr'><strong>exemplari</strong></span> <span class='ocrx_word' id='word_1_793' title='bbox 757 5635 1024 5693; x_wconf 83' lang='lat' dir='ltr'><strong>llebraico</strong></span> <span class='ocrx_word' id='word_1_794' title='bbox 1070 5620 1208 5703; x_wconf 59' lang='lat' dir='ltr'><strong>D5737</strong></span> <span class='ocrx_word' id='word_1_795' title='bbox 1230 5649 1303 5702; x_wconf 67' lang='lat' dir='ltr'><strong>ay</strong></span> <span class='ocrx_word' id='word_1_796' title='bbox 1343 5641 1413 5693; x_wconf 81' lang='lat' dir='ltr'><strong>ari</strong></span> <span class='ocrx_word' id='word_1_797' title='bbox 1465 5620 1647 5705; x_wconf 13' lang='lat' dir='ltr'><strong>olami;</strong></span> <span class='ocrx_word' id='word_1_798' title='bbox 1684 5641 1781 5696; x_wconf 75' lang='lat' dir='ltr'><strong>sed</strong></span> <span class='ocrx_word' id='word_1_799' title='bbox 1831 5625 2004 5705; x_wconf 58' lang='grc' dir='ltr'><strong>ιε’-κώ</strong></span> 
     </span>
    </p>
   </div>
   <div class='ocr_carea' id='block_1_101' title="bbox 405 5705 1995 5778">
    <p class='ocr_par' dir='ltr' id='par_1_101' title="bbox 405 5705 1995 5778">
     <span class='ocr_line' id='line_1_101' title="bbox 405 5705 1995 5778; baseline 0.006 -21"><span class='ocrx_word' id='word_1_800' title='bbox 405 5705 638 5768; x_wconf 70' lang='lat' dir='ltr'><strong>L-olam,</strong></span> <span class='ocrx_word' id='word_1_801' title='bbox 660 5723 794 5762; x_wconf 79' lang='lat' dir='ltr'><strong>.cum</strong></span> <span class='ocrx_word' id='word_1_802' title='bbox 821 5707 1022 5763; x_wconf 86' lang='lat' dir='ltr'><strong>Lamed</strong></span> <span class='ocrx_word' id='word_1_803' title='bbox 1056 5713 1300 5778; x_wconf 68' lang='lat' dir='ltr'><strong>prtulixo.</strong></span> <span class='ocrx_word' id='word_1_804' title='bbox 1333 5711 1448 5765; x_wconf 77' lang='lat' dir='ltr'><strong>Nisi</strong></span> <span class='ocrx_word' id='word_1_805' title='bbox 1479 5711 1781 5767; x_wconf 82' lang='lat' dir='ltr'><strong>dixerimus</strong></span> <span class='ocrx_word' id='word_1_806' title='bbox 1803 5713 1863 5769; x_wconf 89' lang='lat' dir='ltr'><strong>S.</strong></span> <span class='ocrx_word' id='word_1_807' title='bbox 1890 5715 1995 5767; x_wconf 87' lang='lat'><strong>[)0-</strong></span> 
     </span>
    </p>
   </div>
   <div class='ocr_carea' id='block_1_102' title="bbox 403 5779 1996 5847">
    <p class='ocr_par' dir='ltr' id='par_1_102' title="bbox 403 5779 1996 5847">
     <span class='ocr_line' id='line_1_102' title="bbox 403 5779 1996 5847; baseline 0.009 -21"><span class='ocrx_word' id='word_1_808' title='bbox 403 5787 608 5828; x_wconf 58' lang='lat' dir='ltr'><strong>ctirezu</strong></span> <span class='ocrx_word' id='word_1_809' title='bbox 651 5795 756 5847; x_wconf 83' lang='lat' dir='ltr'><strong>non</strong></span> <span class='ocrx_word' id='word_1_810' title='bbox 804 5779 1102 5833; x_wconf 80' lang='lat' dir='ltr'><strong>atiendisse</strong></span> <span class='ocrx_word' id='word_1_811' title='bbox 1150 5783 1384 5836; x_wconf 84' lang='lat' dir='ltr'><strong>animum</strong></span> <span class='ocrx_word' id='word_1_812' title='bbox 1416 5783 1481 5836; x_wconf 85' lang='lat' dir='ltr'><strong>ad</strong></span> <span class='ocrx_word' id='word_1_813' title='bbox 1528 5792 1868 5847; x_wconf 71' lang='lat' dir='ltr'><strong>contextum,</strong></span> <span class='ocrx_word' id='word_1_814' title='bbox 1901 5785 1996 5840; x_wconf 88' lang='lat' dir='ltr'><strong>sed</strong></span> 
     </span>
    </p>
   </div>
   <div class='ocr_carea' id='block_1_103' title="bbox 404 5846 1998 5926">
    <p class='ocr_par' dir='ltr' id='par_1_103' title="bbox 404 5846 1998 5926">
     <span class='ocr_line' id='line_1_103' title="bbox 404 5846 1998 5926; baseline 0.008 -28"><span class='ocrx_word' id='word_1_815' title='bbox 404 5847 467 5899; x_wconf 87' lang='lat' dir='ltr'><strong>ad</strong></span> <span class='ocrx_word' id='word_1_816' title='bbox 503 5847 650 5903; x_wconf 85' lang='lat' dir='ltr'><strong>vocis</strong></span> <span class='ocrx_word' id='word_1_817' title='bbox 680 5846 893 5902; x_wconf 85' lang='lat' dir='ltr'><strong>Leoiam</strong></span> <span class='ocrx_word' id='word_1_818' title='bbox 913 5849 1406 5920; x_wconf 83' lang='lat' dir='ltr'><strong>signiﬁcationem;</strong></span> <span class='ocrx_word' id='word_1_819' title='bbox 1438 5868 1543 5909; x_wconf 90' lang='lat' dir='ltr'><strong>non</strong></span> <span class='ocrx_word' id='word_1_820' title='bbox 1575 5855 1692 5926; x_wconf 87' lang='lat' dir='ltr'><strong>ipse</strong></span> <span class='ocrx_word' id='word_1_821' title='bbox 1721 5846 1998 5913; x_wconf 82' lang='lat' dir='ltr'><strong>tranStulit</strong></span> 
     </span>
    </p>
   </div>
   <div class='ocr_carea' id='block_1_104' title="bbox 2113 4749 3710 4822">
    <p class='ocr_par' dir='ltr' id='par_1_104' title="bbox 2113 4749 3710 4822">
     <span class='ocr_line' id='line_1_104' title="bbox 2113 4749 3710 4822; baseline 0.003 -20"><span class='ocrx_word' id='word_1_822' title='bbox 2113 4749 2260 4804; x_wconf 62' lang='grc' dir='ltr'><strong>ἀέρος</strong></span> <span class='ocrx_word' id='word_1_823' title='bbox 2289 4749 2534 4819; x_wconf 90' lang='lat' dir='ltr'><strong>captivos</strong></span> <span class='ocrx_word' id='word_1_824' title='bbox 2559 4758 2760 4816; x_wconf 83' lang='lat' dir='ltr'><strong>teneat,</strong></span> <span class='ocrx_word' id='word_1_825' title='bbox 2786 4749 2914 4819; x_wconf 89' lang='lat' dir='ltr'><strong>quid</strong></span> <span class='ocrx_word' id='word_1_826' title='bbox 2939 4751 3069 4804; x_wconf 82' lang='lat' dir='ltr'><strong>solae</strong></span> <span class='ocrx_word' id='word_1_827' title='bbox 3096 4761 3291 4822; x_wconf 89' lang='lat' dir='ltr'><strong>gentes</strong></span> <span class='ocrx_word' id='word_1_828' title='bbox 3325 4759 3535 4806; x_wconf 84' lang='lat' dir='ltr'><strong>tantum</strong></span> <span class='ocrx_word' id='word_1_829' title='bbox 3563 4766 3710 4806; x_wconf 77' lang='lat' dir='ltr'><strong>com-</strong></span> 
     </span>
    </p>
   </div>
   <div class='ocr_carea' id='block_1_105' title="bbox 2115 4839 3708 4913">
    <p class='ocr_par' dir='ltr' id='par_1_105' title="bbox 2115 4839 3708 4913">
     <span class='ocr_line' id='line_1_105' title="bbox 2115 4839 3708 4913; baseline 0.004 -20"><span class='ocrx_word' id='word_1_830' title='bbox 2115 4841 2312 4895; x_wconf 87' lang='lat' dir='ltr'><strong>misere</strong></span> <span class='ocrx_word' id='word_1_831' title='bbox 2341 4839 2551 4910; x_wconf 82' lang='lat' dir='ltr'><strong>ﬂagitii,</strong></span> <span class='ocrx_word' id='word_1_832' title='bbox 2581 4856 2702 4912; x_wconf 73' lang='lat' dir='ltr'><strong>qua:</strong></span> <span class='ocrx_word' id='word_1_833' title='bbox 2733 4842 2786 4895; x_wconf 92' lang='lat' dir='ltr'><strong>in</strong></span> <span class='ocrx_word' id='word_1_834' title='bbox 2818 4843 3052 4896; x_wconf 91' lang='lat' dir='ltr'><strong>circuitu</strong></span> <span class='ocrx_word' id='word_1_835' title='bbox 3096 4842 3214 4913; x_wconf 84' lang='lat' dir='ltr'><strong>ejus</strong></span> <span class='ocrx_word' id='word_1_836' title='bbox 3266 4852 3414 4906; x_wconf 88' lang='lat' dir='ltr'><strong>sunt.</strong></span> <span class='ocrx_word' id='word_1_837' title='bbox 3471 4854 3534 4898; x_wconf 93' lang='grc' dir='ltr'><strong>ιιι</strong></span> <span class='ocrx_word' id='word_1_838' title='bbox 3578 4845 3708 4899; x_wconf 78' lang='lat' dir='ltr'><strong>solat</strong></span> 
     </span>
    </p>
   </div>
   <div class='ocr_carea' id='block_1_106' title="bbox 2113 4936 3708 5006">
    <p class='ocr_par' dir='ltr' id='par_1_106' title="bbox 2113 4936 3708 5006">
     <span class='ocr_line' id='line_1_106' title="bbox 2113 4936 3708 5006; baseline 0.003 -16"><span class='ocrx_word' id='word_1_839' title='bbox 2113 4937 2452 5006; x_wconf 86' lang='lat' dir='ltr'><strong>potissimum</strong></span> <span class='ocrx_word' id='word_1_840' title='bbox 2505 4936 2909 4992; x_wconf 76' lang='lat' dir='ltr'><strong>nominentur?</strong></span> <span class='ocrx_word' id='word_1_841' title='bbox 2955 4938 3079 4996; x_wconf 81' lang='lat' dir='ltr'><strong>i-laec</strong></span> <span class='ocrx_word' id='word_1_842' title='bbox 3125 4949 3314 4992; x_wconf 88' lang='lat' dir='ltr'><strong>contra</strong></span> <span class='ocrx_word' id='word_1_843' title='bbox 3355 4939 3616 5004; x_wconf 67' lang='lat' dir='ltr'><strong>Jndaaos,</strong></span> <span class='ocrx_word' id='word_1_844' title='bbox 3653 4949 3708 4996; x_wconf 90' lang='lat' dir='ltr'><strong>et</strong></span> 
     </span>
    </p>
   </div>
   <div class='ocr_carea' id='block_1_107' title="bbox 2111 5028 3705 5102">
    <p class='ocr_par' dir='ltr' id='par_1_107' title="bbox 2111 5028 3705 5102">
     <span class='ocr_line' id='line_1_107' title="bbox 2111 5028 3705 5102; baseline 0.003 -20"><span class='ocrx_word' id='word_1_845' title='bbox 2111 5031 2420 5101; x_wconf 77' lang='lat' dir='ltr'><strong>generalem</strong></span> <span class='ocrx_word' id='word_1_846' title='bbox 2452 5028 2478 5068; x_wconf 67' lang='grc' dir='ltr'>ἀ</span> <span class='ocrx_word' id='word_1_847' title='bbox 2505 5029 2558 5084; x_wconf 87' lang='grc' dir='ltr'>ἰιι</span> <span class='ocrx_word' id='word_1_848' title='bbox 2602 5031 2855 5086; x_wconf 85' lang='lat' dir='ltr'><strong>omnibus</strong></span> <span class='ocrx_word' id='word_1_849' title='bbox 2908 5030 3191 5101; x_wconf 86' lang='lat' dir='ltr'><strong>prophetis</strong></span> <span class='ocrx_word' id='word_1_850' title='bbox 3233 5031 3564 5102; x_wconf 86' lang='lat' dir='ltr'><strong>ubicumque</strong></span> <span class='ocrx_word' id='word_1_851' title='bbox 3611 5033 3705 5086; x_wconf 86' lang='lat' dir='ltr'><strong>ad-</strong></span> 
     </span>
    </p>
   </div>
   <div class='ocr_carea' id='block_1_108' title="bbox 2113 5124 3704 5197">
    <p class='ocr_par' dir='ltr' id='par_1_108' title="bbox 2113 5124 3704 5197">
     <span class='ocr_line' id='line_1_108' title="bbox 2113 5124 3704 5197; baseline 0.003 -21"><span class='ocrx_word' id='word_1_852' title='bbox 2113 5140 2332 5180; x_wconf 84' lang='lat' dir='ltr'><strong>versum</strong></span> <span class='ocrx_word' id='word_1_853' title='bbox 2382 5133 2572 5194; x_wconf 85' lang='lat' dir='ltr'><strong>gentes</strong></span> <span class='ocrx_word' id='word_1_854' title='bbox 2597 5125 2777 5195; x_wconf 83' lang='lat' dir='ltr'><strong>aliqua</strong></span> <span class='ocrx_word' id='word_1_855' title='bbox 2803 5124 3084 5196; x_wconf 85' lang='lat' dir='ltr'><strong>pr0phetia</strong></span> <span class='ocrx_word' id='word_1_856' title='bbox 3113 5125 3334 5192; x_wconf 89' lang='lat' dir='ltr'><strong>dicitur,</strong></span> <span class='ocrx_word' id='word_1_857' title='bbox 3367 5125 3704 5197; x_wconf 57' lang='lat' dir='ltr'><strong>explanatio.</strong></span> 
     </span>
    </p>
   </div>
   <div class='ocr_carea' id='block_1_109' title="bbox 2103 5335 3706 5407">
    <p class='ocr_par' dir='ltr' id='par_1_109' title="bbox 2103 5335 3706 5407">
     <span class='ocr_line' id='line_1_109' title="bbox 2103 5335 3706 5407; baseline 0.006 -19"><span class='ocrx_word' id='word_1_858' title='bbox 2103 5352 2265 5405; x_wconf 83' lang='lat' dir='ltr'><strong>usque</strong></span> <span class='ocrx_word' id='word_1_859' title='bbox 2292 5337 2344 5390; x_wconf 84' lang='lat' dir='ltr'><strong>in</strong></span> <span class='ocrx_word' id='word_1_860' title='bbox 2373 5346 2622 5392; x_wconf 75' lang='lat' dir='ltr'><strong>wternum</strong></span> <span class='ocrx_word' id='word_1_861' title='bbox 2667 5335 2809 5406; x_wconf 88' lang='lat' dir='ltr'><strong>quod</strong></span> <span class='ocrx_word' id='word_1_862' title='bbox 2862 5339 3050 5407; x_wconf 85' lang='lat' dir='ltr'><strong>utique</strong></span> <span class='ocrx_word' id='word_1_863' title='bbox 3099 5338 3305 5394; x_wconf 88' lang='lat' dir='ltr'><strong>indicat</strong></span> <span class='ocrx_word' id='word_1_864' title='bbox 3353 5341 3422 5394; x_wconf 85' lang='lat' dir='ltr'><strong>ad</strong></span> <span class='ocrx_word' id='word_1_865' title='bbox 3470 5341 3608 5394; x_wconf 84' lang='lat' dir='ltr'><strong>alam</strong></span> <span class='ocrx_word' id='word_1_866' title='bbox 3656 5341 3706 5398; x_wconf 85' lang='lat' dir='ltr'><strong>in</strong></span> 
     </span>
    </p>
   </div>
   <div class='ocr_carea' id='block_1_110' title="bbox 2109 5407 3706 5482">
    <p class='ocr_par' dir='ltr' id='par_1_110' title="bbox 2109 5407 3706 5482">
     <span class='ocr_line' id='line_1_110' title="bbox 2109 5407 3706 5482; baseline 0.002 -20"><span class='ocrx_word' id='word_1_867' title='bbox 2109 5407 2380 5482; x_wconf 74' lang='lat' dir='ltr'><strong>ilcbraico</strong></span> <span class='ocrx_word' id='word_1_868' title='bbox 2410 5409 2628 5482; x_wconf 73' lang='lat' dir='ltr'><strong>legisse,</strong></span> <span class='ocrx_word' id='word_1_869' title='bbox 2657 5421 2744 5482; x_wconf 73' lang='lat' dir='ltr'><strong>nni</strong></span> <span class='ocrx_word' id='word_1_870' title='bbox 2781 5410 2933 5482; x_wconf 78' lang='lat' dir='ltr'><strong>forte</strong></span> <span class='ocrx_word' id='word_1_871' title='bbox 2959 5411 3027 5482; x_wconf 76' lang='lat' dir='ltr'><strong>ad</strong></span> <span class='ocrx_word' id='word_1_872' title='bbox 3051 5411 3232 5466; x_wconf 76' lang='lat' dir='ltr'><strong>(olant.</strong></span> <span class='ocrx_word' id='word_1_873' title='bbox 3261 5414 3330 5466; x_wconf 83' lang='lat' dir='ltr'><strong>At</strong></span> <span class='ocrx_word' id='word_1_874' title='bbox 3359 5411 3540 5472; x_wconf 78' lang='lat' dir='ltr'><strong>dc&#39;his</strong></span> <span class='ocrx_word' id='word_1_875' title='bbox 3567 5415 3706 5482; x_wconf 67' lang='lat' dir='ltr'><strong>aequi</strong></span> 
     </span>
    </p>
   </div>
   <div class='ocr_carea' id='block_1_111' title="bbox 2108 5479 3430 5552">
    <p class='ocr_par' dir='ltr' id='par_1_111' title="bbox 2108 5479 3430 5552">
     <span class='ocr_line' id='line_1_111' title="bbox 2108 5479 3430 5552; baseline 0.003 -18"><span class='ocrx_word' id='word_1_876' title='bbox 2108 5479 2342 5552; x_wconf 62' lang='lat' dir='ltr'><strong>lectores</strong></span> <span class='ocrx_word' id='word_1_877' title='bbox 2373 5479 2892 5552; x_wconf 15' lang='lat' dir='ltr'><strong>eruditiquegferant</strong></span> <span class='ocrx_word' id='word_1_878' title='bbox 2917 5481 3210 5552; x_wconf 82' lang='lat' dir='ltr'><strong>judicium.</strong></span> <span class='ocrx_word' id='word_1_879' title='bbox 3248 5483 3430 5540; x_wconf 63' lang='lat' dir='ltr'><strong>Mans.</strong></span> 
     </span>
    </p>
   </div>
   <div class='ocr_carea' id='block_1_112' title="bbox 2132 5549 3706 5676">
    <p class='ocr_par' dir='ltr' id='par_1_112' title="bbox 2132 5549 3706 5676">
     <span class='ocr_line' id='line_1_112' title="bbox 2132 5549 3706 5676; baseline 0 -68"><span class='ocrx_word' id='word_1_880' title='bbox 2132 5549 2428 5676; x_wconf 42' lang='lat' dir='ltr'><strong>&#39;Zﬂegin.</strong></span> <span class='ocrx_word' id='word_1_881' title='bbox 2458 5568 2560 5604; x_wconf 82' lang='lat' dir='ltr'><strong>nis.</strong></span> <span class='ocrx_word' id='word_1_882' title='bbox 2593 5549 2641 5604; x_wconf 71' lang='lat' dir='ltr'><strong>ct</strong></span> <span class='ocrx_word' id='word_1_883' title='bbox 2685 5549 2960 5610; x_wconf 77' lang='lat' dir='ltr'><strong>Dominum</strong></span> <span class='ocrx_word' id='word_1_884' title='bbox 3007 5571 3097 5624; x_wconf 84' lang='lat' dir='ltr'><strong>per</strong></span> <span class='ocrx_word' id='word_1_885' title='bbox 3147 5554 3396 5623; x_wconf 74' lang='lat' dir='ltr'><strong>beneﬁcia</strong></span> <span class='ocrx_word' id='word_1_886' title='bbox 3439 5571 3544 5612; x_wconf 77' lang='lat' dir='ltr'><strong>non</strong></span> <span class='ocrx_word' id='word_1_887' title='bbox 3593 5571 3706 5610; x_wconf 78' lang='lat' dir='ltr'><strong>sen-</strong></span> 
     </span>
     <span class='ocr_line' id='line_1_113' title="bbox 2132 5633 2315 5676; baseline 0.005 -1"><span class='ocrx_word' id='word_1_888' title='bbox 2132 5640 2171 5676; x_wconf 80' lang='lat' dir='ltr'><strong>te</strong></span> <span class='ocrx_word' id='word_1_889' title='bbox 2205 5633 2315 5676; x_wconf 81' lang='lat' dir='ltr'><strong>aut.</strong></span> 
     </span>
    </p>
   </div>
   <div class='ocr_carea' id='block_1_113' title="bbox 2103 5633 2315 5678">
    <p class='ocr_par' dir='ltr' id='par_1_113' title="bbox 2103 5633 2315 5678">
     <span class='ocr_line' id='line_1_114' title="bbox 2103 5633 2315 5678; baseline 0.005 -1"><span class='ocrx_word' id='word_1_890' title='bbox 2103 5633 2295 5677; x_wconf 65' lang='lat' dir='ltr'><strong>ﬂebant</strong></span> <span class='ocrx_word' id='word_1_891' title='bbox 2305 5666 2315 5678; x_wconf 95' lang='lat'><strong>.</strong></span> 
     </span>
    </p>
   </div>
   <div class='ocr_carea' id='block_1_114' title="bbox 2180 5693 3706 5763">
    <p class='ocr_par' dir='ltr' id='par_1_114' title="bbox 2180 5693 3706 5763">
     <span class='ocr_line' id='line_1_115' title="bbox 2180 5693 3706 5763; baseline 0.003 -15"><span class='ocrx_word' id='word_1_892' title='bbox 2180 5705 2201 5732; x_wconf 75' lang='grc' dir='ltr'>ε</span> <span class='ocrx_word' id='word_1_893' title='bbox 2227 5693 2371 5750; x_wconf 81' lang='lat' dir='ltr'><strong>idem</strong></span> <span class='ocrx_word' id='word_1_894' title='bbox 2413 5709 2543 5760; x_wconf 86' lang='lat' dir='ltr'><strong>ms.,</strong></span> <span class='ocrx_word' id='word_1_895' title='bbox 2575 5693 2836 5761; x_wconf 75' lang='lat' dir='ltr'><strong>sulfureas</strong></span> <span class='ocrx_word' id='word_1_896' title='bbox 2883 5695 3106 5763; x_wconf 78' lang='lat' dir='ltr'><strong>pluuias,</strong></span> <span class='ocrx_word' id='word_1_897' title='bbox 3151 5705 3342 5752; x_wconf 84' lang='lat' dir='ltr'><strong>terram</strong></span> <span class='ocrx_word' id='word_1_898' title='bbox 3384 5697 3439 5756; x_wconf 86' lang='lat' dir='ltr'><strong>iu</strong></span> <span class='ocrx_word' id='word_1_899' title='bbox 3485 5699 3706 5754; x_wconf 73' lang='lat' dir='ltr'><strong>cinerem</strong></span> 
     </span>
    </p>
   </div>
   <div class='ocr_carea' id='block_1_115' title="bbox 2104 5765 3414 5836">
    <p class='ocr_par' dir='ltr' id='par_1_115' title="bbox 2104 5765 3414 5836">
     <span class='ocr_line' id='line_1_116' title="bbox 2104 5765 3414 5836; baseline 0.003 -18"><span class='ocrx_word' id='word_1_900' title='bbox 2104 5765 2409 5836; x_wconf 74' lang='lat' dir='ltr'><strong>favillasque</strong></span> <span class='ocrx_word' id='word_1_901' title='bbox 2425 5780 2742 5836; x_wconf 84' lang='lat' dir='ltr'><strong>conversam,</strong></span> <span class='ocrx_word' id='word_1_902' title='bbox 2768 5766 2996 5836; x_wconf 85' lang='lat' dir='ltr'><strong>absque,</strong></span> <span class='ocrx_word' id='word_1_903' title='bbox 3021 5767 3220 5836; x_wconf 79' lang='lat' dir='ltr'><strong>vineas,</strong></span> <span class='ocrx_word' id='word_1_904' title='bbox 3255 5784 3414 5826; x_wconf 87' lang='lat' dir='ltr'><strong>voce.</strong></span> 
     </span>
    </p>
   </div>
   <div class='ocr_carea' id='block_1_116' title="bbox 2182 5855 3013 5915">
    <p class='ocr_par' dir='ltr' id='par_1_116' title="bbox 2182 5855 3013 5915">
     <span class='ocr_line' id='line_1_117' title="bbox 2182 5855 3013 5915; baseline 0.002 -3"><span class='ocrx_word' id='word_1_905' title='bbox 2182 5855 2208 5894; x_wconf 76' lang='grc' dir='ltr'>ά</span> <span class='ocrx_word' id='word_1_906' title='bbox 2250 5855 2538 5915; x_wconf 87' lang='lat' dir='ltr'><strong>interserit</strong></span> <span class='ocrx_word' id='word_1_907' title='bbox 2579 5855 2789 5915; x_wconf 73' lang='lat' dir='ltr'><strong>Victor.</strong></span> <span class='ocrx_word' id='word_1_908' title='bbox 2816 5874 3013 5914; x_wconf 81' lang='lat' dir='ltr'><strong>eorum.</strong></span> 
     </span>
    </p>
   </div>
  </div>
