4050 6342
272 293 408 352 1555

1015 290 1674 350 COMMENTARIORUM
1713 290 1779 348 IN
1821 291 2216 350 SOPHONIAM
2258 291 2484 351 LIBER.
2527 290 2682 350 CAP.
2727 293 2790 351 ll.

3435 293 3572 351 1586

269 419 414 460 nem.
442 403 596 460 Nunc
615 403 759 475 quod
783 419 942 476 supra
971 404 1237 472 diximus,
1265 405 1576 464 Damascum
1601 406 1866 465 Hebraiee
1894 409 2079 470 Anon
2133 418 2288 476 sunt,
2339 409 2521 464 exisse
2567 409 2636 464 de
2684 409 2938 467 Sodomis
2974 417 3031 465 et
3085 408 3428 476 Gomorrhis,
3478 408 3576 464 sed

268 514 375 554 non
401 497 612 568 haberi,
637 513 738 554 nec
767 498 910 569 apud
937 514 1261 570 quemquam
1289 499 1456 556 alium
1483 500 1864 569 interpretem,

267 595 428 650 etiam
483 608 550 650 ex
607 594 728 664 ipso
767 593 1060 662 Scriptura:
1125 593 1318 648 ordine
1362 593 1865 664 comprobabimus.

269 686 433 759 706
457 685 541 742 Ad
573 685 623 744 id
653 687 798 742 enim
822 686 964 757 quod
986 685 1206 741 dixerat
1236 702 1249 739 :
1295 687 1483 740 Audivi
1531 685 1868 757 opprobrium

275 780 451 847 Moab,
485 789 531 832 et
555 781 899 852 blasphemia:
941 781 1171 850 ﬁliorum
1223 780 1462 848 Ammon,
1498 789 1685 852 postea
1714 788 1864 838 retu-

272 875 337 930 lit
364 891 378 929 :
412 875 546 943 Quia
583 874 740 930 Moab
760 885 808 931 et
829 876 1058 932 Sodoma
1089 877 1206 943 erit,
1231 885 1278 930 et
1310 877 1407 946 ﬁlii
1452 877 1672 931 Ammon
1717 877 1867 948 quasi

271 967 584 1024 Gomorrlia.
615 969 766 1037 Quod
805 985 936 1039 ergo
957 970 1202 1040 sequitur
1234 987 1248 1026 :
1278 969 1348 1024 Et
1372 969 1654 1026 Damascus
1687 971 1864 1026 deser-

270 1072 342 1129 ta,
367 1064 514 1135 quasi
539 1081 750 1118 acervus
773 1081 928 1132 arcte,
965 1065 1233 1120 debuerat
1265 1075 1317 1120 et
1348 1065 1415 1122 de
1458 1067 1716 1120 Damasco
1763 1067 1865 1120 ali-

266 1156 393 1226 quid
431 1156 780 1225 prmmisisse,
827 1168 886 1212 ιιι
927 1156 1206 1227 quomodo
1247 1156 1315 1212 de
1359 1157 1569 1214 duabus
1613 1157 1866 1227 gentibus

264 1247 472 1302 dixerat
503 1264 516 1302 :
553 1245 703 1301 .lloab
745 1256 798 1302 ut
822 1247 1055 1304 Sodoma
1081 1249 1200 1314 erit,
1226 1256 1274 1302 et
1304 1248 1402 1317 ﬁlii
1432 1247 1647 1302 Ammon
1684 1257 1738 1300 ut
1759 1246 1866 1302 Go-

264 1339 509 1406 morrha,
559 1355 786 1410 quarum
839 1351 1060 1410 peccata
1094 1351 1222 1396 ante
1249 1341 1358 1410 jam
1409 1339 1626 1396 dixerat
1663 1340 1780 1395 :sic
1809 1347 1866 1396 et

268 1431 512 1488 Damasci
545 1433 634 1488 vel
667 1433 985 1502 upprobria,
1017 1433 1104 1487 vel
1136 1433 1508 1506 blaSpbemias
1547 1432 1868 1503 descripsis-

264 1535 367 1592 set,
399 1540 454 1582 ut
484 1536 670 1600 postea
718 1529 879 1599 digne
923 1529 1251 1599 supplicium
1302 1530 1585 1586 videretur
1637 1529 1861 1585 inferre.

264 1623 370 1680 Sed
402 1632 458 1678 et
489 1622 590 1678 hoc
614 1624 789 1693 ipsum
824 1624 971 1694 quod
1003 1624 1205 1680 dicitur
1232 1643 1244 1678 :
1280 1624 1446 1692 Quasi
1472 1641 1682 1680 acerrus
1705 1641 1860 1692 arcte,

261 1715 404 1784 quod
456 1715 645 1772 Griece
696 1725 721 1752 ³
775 1715 975 1772 dicitur
1029 1721 1097 1780 ὡς
1137 1720 1351 1789 θιμωνία
1402 1717 1562 1786 ἁλὸς,
1613 1726 1864 1787 putamus

1968 502 2092 573 quia
2145 501 2525 573 blasphemant
2569 504 2830 573 p0pulum
2878 503 3018 569 Dei,
3069 512 3122 556 et
3159 510 3351 558 contra
3404 500 3575 556 Israel

1968 595 2195 662 faciunt,
2229 595 2285 650 in
2305 595 2601 656 Sodomam
2650 597 3048 667 reputabuntur
3096 604 3152 651 et
3183 593 3572 661 Goorrham,

1969 700 2023 744 et
2061 692 2133 746 ita
2157 691 2482 746 delabuntur
2517 701 2576 744 ut
2608 690 2714 745 illa:
2757 691 2955 747 deletae
3005 700 3133 745 sunt
3177 701 3327 757 ante,
3361 690 3572 748 nullum

1969 785 2025 840 in
2057 801 2116 840 se
2155 785 2418 840 habentes
2465 785 2757 857 vestigium
2805 785 3006 840 viroris
3057 783 3166 856 (At.
3227 783 3454 856 vigoris]
3519 793 3575 839 et

1968 882 2116 937 vitae.
2150 881 2260 937 Nec
2293 883 2488 937 mirum
2520 883 2565 937 si
2608 881 2710 936 hoc
2757 881 2824 937 de
2865 882 3136 936 haereticis
3175 881 3574 953 intelligamus,

1969 992 2093 1030 eum
2142 984 2458 1046 reputentur
2499 976 2657 1047 quasi
2695 975 2930 1032 Sodoma
2970 984 3024 1029 et
3065 975 3394 1040 Gomorrha,
3447 987 3571 1028 cum

1968 1068 2134 1124 etiam
2175 1068 2244 1123 ad
2295 1067 2737 1135 Ecclesiasticos,
2787 1068 2880 1139 qui
2921 1067 3016 1121 Dei
3058 1083 3166 1121 non
3206 1067 3578 1122 observavere

1968 1163 2244 1230 mandata,
2291 1171 2348 1217 et
2379 1162 2586 1233 egressi
2627 1168 2757 1216 sunt
2790 1177 2817 1214 ιι
2852 1161 3139 1230 praeceptis
3184 1159 3325 1228 ejus,
3367 1158 3580 1213 dicatur

1970 1274 2066 1328 per
2097 1257 2295 1312 Isaiam
2331 1276 2342 1311 :
2369 1258 2555 1312 Audite
2597 1257 2807 1313 verbum
2836 1255 3074 1321 Domini,
3106 1254 3365 1325 principes
3399 1251 3574 1308 Sodo-

1970 1368 2190 1420 morum,
2225 1361 2270 1406 et
2311 1352 2562 1406 attendite
2605 1351 2658 1406 in
2705 1352 2865 1423 legem
2905 1346 3139 1413 Domini,
3195 1345 3420 1418 populus
3470 1343 3576 1398 Go-

1969 1443 2196 1500 morrhtc
2225 1443 2384 1515 (Isai.
2415 1462 2453 1512 ι,
2499 1444 2612 1517 10).
2668 1445 2733 1499 Ει
2781 1447 2845 1497 ad
2887 1443 3243 1514 presbyteros
3289 1439 3576 1510 cupientes

1967 1539 2068 1594 sub
2101 1541 2270 1609 figura
2304 1538 2569 1595 Susanna:
2637 1536 2898 1593 Ecclesia:
2942 1549 3298 1604 corrumpere
3355 1531 3579 1588 castita-

1969 1641 2102 1698 tem,
2143 1633 2289 1686 dicat
2341 1632 2573 1686 Dniel:
2625 1630 2742 1686 Hoc
2780 1640 2856 1684 ent
2897 1628 3160 1702 judicium
3203 1625 3351 1680 Dei:
3399 1639 3572 1679 semen

1971 1723 2244 1791 Chanaan,
2273 1733 2447 1780 etnon
2476 1723 2627 1779 Juda
2661 1723 2824 1795 (Dan.
2860 1721 3000 1794 xm).
3032 1721 3101 1777 Et
3123 1731 3182 1776 ut
3215 1718 3402 1774 sciatis
3437 1733 3576 1788 quu-

265 1807 406 1862 LXX
436 1807 557 1870 ἁλὸς
587 1809 1000 1878 interpretatos,
1026 1810 1075 1864 id
1106 1819 1209 1878 est,
1241 1809 1366 1864 salis
1394 1827 1413 1876 ;
1443 1809 1536 1864 sed
1580 1809 1648 1864 ab
1697 1811 1868 1879 impe—
1898 1822 1945 1882 Β
1974 1818 2311 1888 tiescuruque
2358 1817 2593 1874 Sodoma
2646 1828 2698 1872 et
2743 1816 3051 1873 Gomorrha
3082 1822 3139 1870 et
3167 1813 3433 1885 Aigyptus
3475 1826 3574 1866 no-

261 1904 382 1958 ritis
434 1905 526 1975 qui
583 1906 838 1976 θιμωνίαν,
897 1905 1004 1960 hoc
1032 1915 1140 1973 est,
1186 1921 1424 1959 acervum
1469 1903 1731 1960 frumenti
1777 1904 1864 1960 vel

261 1999 478 2068 frugum
503 2008 859 2069 putaverunt,
886 2016 984 2070 pro
1007 2001 1142 2068 ἁλὸς,
1178 1999 1378 2056 additis
1421 1999 1635 2054 duabus
1665 1998 1864 2056 litteris

261 2115 301 2145 ω
334 2099 386 2147 et
417 2115 463 2156 ν,
494 2093 646 2162 quasi
671 2093 737 2148 ad
771 2095 1218 2163 consequentiam
1250 2092 1488 2162 frugum,
1523 2092 1734 2158 ἅλωνος,
1763 2091 1865 2148 hoc

261 2196 366 2254 est,
391 2204 546 2255 arere,
574 2188 837 2258 positum.
871 2188 987 2244 Hoc
1041 2189 1112 2243 de
1173 2187 1642 2257 interpretationis
1684 2186 1865 2242 varic-

262 2289 373 2336 tate
399 2289 452 2335 et
479 2295 667 2336 errore
689 2281 758 2334 sit
789 2281 1012 2346 dictum,
1055 2289 1113 2338 et
1152 2282 1219 2338 de
1245 2279 1566 2336 difﬁcultate
1599 2279 1861 2340 historias.

265 2373 365 2440 Qui
398 2383 581 2430 autem
605 2373 798 2428 ductus
839 2375 924 2428 vir
951 2383 1054 2440 est,
1085 2382 1142 2430 et
1192 2373 1563 2442 spiritualibus
1610 2371 1866 2439 Spiritua-

264 2468 337 2522 lia
365 2475 668 2537 comparat,
696 2476 750 2520 et
781 2483 885 2523 non
910 2469 1104 2538 quau-it
1141 2482 1262 2538 qua:
1303 2467 1559 2521 deorsum
1594 2476 1740 2532 sunt,
1769 2465 1862 2520 sed

263 2576 325 2614 ea
357 2575 478 2629 qua:
523 2575 763 2628 sursum,
796 2567 989 2616 etcum
1021 2558 1240 2614 Christo
1285 2559 1518 2628 resurgit
1539 2558 1609 2613 ab
1647 2556 1859 2625 inferis,

266 2663 322 2709 et
353 2660 588 2708 veterem
622 2651 897 2708 hominem
947 2652 1226 2722 deponens
1263 2651 1505 2706 induitur
1555 2666 1721 2719 novo,
1767 2667 1866 2720 op-

267 2747 488 2818 probria
515 2745 624 2818 [ΑΙ.
657 2745 1040 2818 Oppi-obrium]
1068 2747 1241 2810 Moab,
1275 2756 1328 2802 et
1355 2745 1720 2816 hlasphemias
1752 2743 1861 2817 (Al.

266 2843 655 2915 contumelias]
681 2844 910 2900 filiorum
940 2845 1198 2913 Ammon,
1229 2844 1295 2900 ad
1319 2846 1608 2914 magiSIros
1645 2855 1862 2900 contra-

267 2937 470 2991 riorum
501 2935 760 2994 Ecclesia!
779 2938 1096 3008 dogmatum
1128 2937 1362 3004 referet,
1391 2939 1482 3008 qui
1527 2947 1583 2994 et
1615 2939 1729 3008 ipsi
1780 2938 1868 2994 vi-

267 3031 466 3086 dentur
497 3031 564 3088 de
591 3047 791 3102 genere
819 3046 942 3088 esse
975 3032 1271 3101 Abraham,
1305 3041 1361 3090 et
1388 3032 1641 3103 effugisse
1673 3033 1862 3090 incen-

268 3125 415 3180 dium
448 3125 700 3182 Sodmnae
731 3135 786 3181 et
831 3125 1173 3192 Gomorrhte,
1222 3135 1276 3181 et
1325 3126 1568 3188 habitare
1592 3127 1644 3182 in
1693 3126 1865 3197 Segor

1968 1908 2266 1976 minantur,
2295 1924 2402 1964 non
2436 1908 2504 1964 de
2565 1908 2649 1964 his
2699 1907 2805 1964 dici
2839 1904 3154 1978 provinciis,
3213 1919 3348 1975 quas
3392 1903 3569 1958 oculis

1968 2005 2264 2068 cernimus,
2308 2001 2402 2058 sed
2434 2002 2501 2058 de
2532 2002 2652 2058 aliis
2699 2000 3101 2071 spiritualibus,
3148 1997 3344 2069 quibus
3393 2010 3573 2052 sermo

1970 2095 2322 2165 propheticus
2389 2094 2820 2150 comminatur:
2890 2092 3050 2164 legite
3122 2089 3175 2146 in
3244 2087 3573 2159 Apocalypsi

1969 2187 2235 2246 Joannis:
2289 2187 2460 2246 Locus
2500 2197 2672 2244 autem
2717 2189 2772 2244 in
2815 2203 2916 2258 quo
2971 2183 3223 2242 Dominus
3288 2181 3571 2251 cruciﬁxus

1965 2292 2060 2350 est,
2093 2291 2308 2336 uocatur
2336 2281 2679 2350 spiritualiter
2711 2280 2944 2337 Sodoma
2974 2287 3022 2332 et
3056 2276 3322 2349 zEgyptus
3372 2273 3560 2345 (Apoc.

1968 2393 2045 2444 XI,
2093 2376 2172 2448 8).
2203 2377 2258 2433 Si
2315 2392 2445 2446 ergo
2484 2375 2827 2445 Jerosolyma
2876 2375 2930 2428 in
2982 2388 3087 2440 qua
3151 2368 3443 2426 crucifixus
3488 2373 3572 2422 est

1971 2469 2256 2536 Dominus,
2284 2477 2510 2523 vocatur
2531 2465 2890 2536 spiritualiter
2922 2462 3159 2520 Sodoma
3191 2469 3246 2515 et
3268 2458 3563 2530 Egyptus,

1969 2577 2138 2634 quare
2177 2579 2282 2618 non
2325 2562 2639 2619 econtrarlo
2684 2559 2956 2630 JEgyptus
2987 2568 3040 2612 et
3083 2555 3322 2612 Sodoma
3363 2564 3419 2609 et
3461 2553 3575 2606 Go-

1968 2657 2216 2722 morrba,
2247 2658 2293 2711 si
2323 2671 2501 2727 opera
2530 2651 3121 2714 feceruntJerusalem,
3157 2658 3212 2706 et
3261 2657 3425 2704 teme
3471 2647 3570 2702 Ju-

1967 2749 2069 2814 «ιω,
2103 2751 2154 2804 in
2186 2759 2386 2806 terram
2412 2749 2580 2804 sortis
2612 2748 2831 2808 Domini
2857 2741 3297 2800 transferantur?
3330 2737 3574 2805 Denique

1969 2851 2023 2896 et
2069 2841 2238 2896 David
2287 2856 2396 2898 non
2446 2849 2566 2898 erat
2595 2841 2662 2896 de
2708 2837 3120 2902 sacerdotibus,
3153 2849 3252 2890 nec
3290 2831 3494 2892 licebat
3521 2831 3572 2886 ei

1968 2935 2259 2990 comedere
2291 2950 2457 3006 panes
2485 2933 2874 3008 prepositionis
2909 2930 2952 3002 (ι
2977 2929 3109 2999 Reg.
3136 2927 3274 2997 xxx),
3309 2925 3406 2980 sed
3445 2922 3571 2993 quia

1970 3046 2066 3100 per
2092 3030 2306 3100 singula
2327 3028 2613 3088 crescebat
2642 3042 2832 3097 opera,
2861 3035 2916 3082 et
2942 3023 3252 3097 persecutio
3292 3019 3422 3074 Saul
3457 3018 3568 3074 vir-

1969 3134 2143 3180 tutum
2178 3123 2327 3182 illius
2358 3121 2636 3192 profectus
2683 3131 2817 3187 erat,
2865 3129 3152 3190 propterea
3197 3116 3253 3174 in
3295 3112 3418 3183 fuga
3472 3126 3570 3168 sua

269 3218 507 3283 parvula.
541 3216 646 3272 Sed
673 3219 794 3289 quia
825 3219 1106 3288 generatio
1129 3234 1316 3274 eorum
1367 3217 1420 3274 in
1473 3218 1711 3274 tenebris
1750 3225 1855 3286 est,
1888 3199 1933 3264 (ἶ
1965 3217 2093 3272 dum
2129 3215 2324 3281 nescit,
2366 3214 2545 3270 subito
2593 3212 2818 3268 antistes
2850 3209 3105 3274 efficitur,
3135 3215 3190 3262 et
3219 3203 3420 3273 accipit
3467 3216 3565 3271 pa-

265 3309 522 3366 ctlumen
544 3310 789 3366 veritatis
821 3327 927 3368 non
971 3321 1192 3380 possunt
1233 3310 1480 3380 aspicere
1521 3310 1861 3381 (declinave-

267 3410 397 3456 runt
421 3403 565 3462 enim
589 3418 616 3458 a
650 3404 758 3458 Deo
781 3404 963 3464 Patre.
994 3403 1135 3474 quod
1173 3408 1558 3473 interpretatur
1582 3419 1648 3458 ex
1682 3405 1858 3466 nomi-

269 3494 426 3548 nibus
455 3493 557 3550 Lot
603 3503 659 3550 et
708 3494 900 3564 Moab)
943 3503 996 3548 et
1043 3493 1140 3550 Dei
1186 3509 1309 3550 esse
1354 3492 1447 3548 filii
1507 3503 1862 3549 cessaverunt

267 3587 430 3656 (quod
455 3586 655 3642 dicitur
680 3588 914 3658 populus
945 3586 1119 3658 meus)
1143 3596 1197 3641 et
1245 3588 1298 3642 in
1323 3588 1613 3642 tenebrosa
1638 3588 1860 3659 spelun-

264 3693 324 3732 ca
356 3681 601 3746 concepti
657 3680 725 3735 de
770 3681 992 3736 incestis
1043 3680 1244 3750 nuptiis
1287 3679 1686 3736 substiterunt:
1736 3695 1859 3754 pro-

264 3783 450 3841 pterea
485 3789 656 3844 usque
685 3773 846 3830 hodie
875 3773 1210 3844 simplicitati
1245 3773 1476 3830 filiorum
1504 3772 1657 3830 Juda:
1687 3775 1861 3830 insul-

265 3876 463 3934 tantes,
534 3866 882 3938 maguiﬁcare
927 3868 1152 3938 cupiunt
1195 3878 1362 3938 super
1404 3867 1667 3922 terminos
1740 3866 1859 3936 ejus

265 3962 668 4032 possessionem
721 3977 900 4026 suam,
952 3962 1018 4016 de
1061 3961 1258 4032 quibus
1297 3962 1347 4016 in
1380 3961 1694 4016 Proverbiis
1727 3960 1858 4016 dici-

265 4066 389 4109 tur:
427 4052 551 4108 Non
600 4055 886 4128 transferas
935 4055 1182 4109 terminos
1225 4054 1580 4125 sempiternos,
1610 4069 1736 4124 quos
1765 4069 1859 4124 po-

259 4159 474 4203 suerunt
503 4159 674 4221 patres
705 4151 778 4204 tui
807 4148 988 4220 (Prov.
1043 4164 1174 4216 xxn,
1225 4147 1340 4218 98).
1389 4147 1526 4204 Vide
1572 4147 1860 4203 ltmreticos

263 4243 317 4297 iu
338 4243 621 4298 dialectica
649 4244 748 4298 sibi
783 4254 837 4298 et
886 4245 1156 4298 rhetorica
1187 4251 1242 4297 et
1263 4241 1503 4298 omnium
1543 4240 1857 4312 sophisma-

263 4347 374 4404 t_uui
405 4337 748 4408 dogmatibus
769 4339 1183 4408 applaudentes,
1217 4348 1570 4394 contemnere
1595 4336 1859 4392 Ecclesiae

261 4432 642 4499 rusticitatem,
679 4442 733 4486 et
755 4432 911 4503 quasi
940 4433 1216 4502 indignam
1243 4433 1519 4503 mysteriis
1552 4435 1665 4487 suis
1689 4475 1704 4500 ,
1736 4449 1858 4504 qua:

259 4523 363 4578 sibi
411 4524 563 4594 quasi
616 4523 758 4579 idola
811 4525 1215 4592 conﬁnxerunt,
1266 4526 1423 4597 707
1454 4525 1757 4594 despicere,
1804 4538 1856 4580 et

1967 3325 2064 3365 nes
2092 3309 2514 3380 propositionis,
2543 3316 2599 3363 et
2627 3322 2734 3362 non
2763 3305 2927 3360 violat
2955 3301 3271 3358 mandatum
3303 3297 3422 3352 Dei.
3455 3294 3570 3352 Hoc

1966 3411 2136 3458 totum
2185 3402 2444 3470 diximus,
2488 3402 2613 3472 quia
2661 3399 2820 3459 Moab
2866 3407 2922 3454 ut
2959 3394 3201 3451 Sodoma
3231 3391 3358 3456 erit,
3389 3397 3443 3448 et
3470 3387 3569 3446 ﬁlii

1965 3500 2220 3562 Ammon,
2275 3510 2331 3553 ut
2379 3497 2707 3553 Gomorrha.
2760 3496 3057 3550 Damascus
3097 3504 3314 3562 quoque
3336 3502 3454 3558 quae
3485 3487 3568 3542 in-

1967 3600 2295 3660 terpretatur
2322 3633 2337 3658 ,
2387 3591 2692 3662 sanguinem
2735 3589 2929 3654 bibens,
2981 3596 3074 3642 aut
3125 3583 3341 3654 sanguis
3383 3582 3520 3638 sacci
3551 3623 3565 3649 ,

1963 3685 2129 3755 708
2157 3684 2252 3738 erit
2282 3681 2543 3738 derelicta
2573 3698 2603 3737 a
2637 3683 2734 3738 Dei
2767 3678 3166 3742 misericordia,
3201 3677 3354 3746 quasi
3402 3689 3560 3730 acer-

1964 3793 2063 3832 vus
2093 3777 2243 3832 salis.
2275 3776 2414 3844 Quia
2437 3776 2579 3832 enim
2609 3775 2865 3846 princeps
2895 3774 3015 3844 ejus
3055 3781 3137 3828 est
3171 3785 3270 3828 rex
3317 3767 3520 3826 Aretha
3552 3808 3564 3833 ,

1964 3880 2016 3924 et
2053 3869 2372 3926 Damasceui
2401 3868 2633 3924 Paulum
2665 3867 2915 3926 occidere
2945 3865 3196 3934 cupiunt,
3242 3871 3298 3918 et
3328 3875 3424 3931 per
3445 3875 3566 3918 mu-

1964 3977 2084 4016 rum
2111 3964 2161 4014 in
2191 3971 2379 4030 sporta
2401 3959 2689 4016 dimittitur
2710 3960 2848 4030 (Act.
2878 3956 2982 4028 ιχ),
3015 3971 3123 4012 non
3147 3955 3346 4010 dicitur
3373 3953 3438 4008 ad
3464 3952 3568 4008 Da-

1966 4071 2206 4112 mascum
2240 4073 2253 4109 :
2292 4055 2394 4110 l’os
2419 4056 2559 4118 estis,
2593 4057 2670 4109 sal
2695 4053 2897 4118 mundi;
2918 4066 3018 4108 nec
3041 4051 3173 4106 illud
3202 4050 3282 4106 sal
3314 4059 3560 4115 vocatur,

1963 4150 2102 4220 quod
2134 4162 2360 4218 semper
2387 4149 2612 4206 offertur
2645 4149 2698 4204 in
2733 4148 2987 4213 victimis,
3014 4148 3107 4202 sed
3138 4144 3285 4216 quod
3335 4143 3571 4200 infatua-

1964 4256 2074 4299 tum
2121 4256 2223 4309 est,
2265 4254 2318 4300 et
2357 4244 2425 4299 de
2454 4258 2563 4314 quo
2612 4243 2664 4298 in
2715 4241 3010 4309 Evangelio
3053 4239 3309 4296 scribitur
3343 4256 3354 4291 :
3388 4236 3447 4294 Si
3468 4253 3566 4290 au-

1960 4346 2059 4392 tem
2101 4339 2181 4392 sal
2227 4339 2545 4406 infamatum
2586 4337 2767 4408 fuerit,
2826 4337 2878 4390 in
2907 4351 3009 4404 quo
3036 4334 3296 4388 satietur?
3325 4332 3394 4388 ad
3419 4332 3560 4384 nihi-

1964 4431 2070 4484 lum
2101 4441 2174 4484 est
2199 4431 2348 4494 utile,
2373 4446 2537 4498 neque
2567 4431 2618 4486 in
2648 4441 2838 4484 terram
2867 4469 2880 4493 ,
2905 4443 3069 4497 neque
3084 4427 3135 4480 in
3160 4423 3565 4495 sterquilinium,

1962 4523 2052 4577 sed
2093 4527 2235 4592 [oras
2275 4523 2556 4595 projiciunt
2589 4520 2746 4586 illud,
2779 4529 2836 4574 ut
2869 4520 2933 4574 ab
2963 4517 3258 4574 hominibus
3299 4515 3567 4572 conculce-

262 4615 468 4673 habere
519 4632 618 4688 pro
658 4618 831 4673 nihilo
863 4635 877 4671 :
907 4627 1091 4680 etnon
1120 4633 1332 4688 qumres
1371 4633 1492 4688 quae
1521 4620 1630 4674 sint
1658 4635 1856 4689 oppro-
1886 4597 1938 4658 Ῐ)
1963 4626 2047 4670 tur
2072 4616 2292 4686 (Matth.
2338 4631 2390 4679 v,
2437 4614 2551 4685 1⁸5).
2590 4615 2656 4670 Ει
2704 4613 2864 4669 Moab
2901 4612 3085 4682 igitur,
3139 4620 3192 4665 et
3244 4613 3476 4666 Ammon
3509 4616 3566 4664 et

259 4709 378 4768 bria
411 4711 585 4772 Moab.
614 4717 672 4766 et
697 4713 1042 4766 contumeliae
1089 4712 1320 4766 filiorum
1352 4711 1609 4780 Ammon,
1643 4714 1695 4768 in
1737 4716 1856 4784 qui-

259 4804 362 4860 bus
393 4805 862 4878 exprobraverunt
894 4805 1092 4876 populo
1117 4805 1236 4862 Dei.
1283 4805 1490 4862 Juravit
1538 4809 1720 4878 itaque
1751 4808 1860 4862 Do-

259 4900 442 4956 minus
468 4913 565 4969 per
590 4901 944 4971 semetipsum
978 4900 1203 4955 dicens:
1241 4899 1370 4955 Vivo
1400 4916 1526 4971 ego,
1575 4901 1701 4956 dicit
1753 4899 1860 4954 Do-

258 4993 452 5048 minus.
484 4992 553 5050 Et
580 4993 805 5063 pulchre
836 4994 901 5048 ad
930 4994 1332 5050 distinctionem
1361 5001 1695 5048 mortuorum
1729 4992 1859 5046 dro-

260 5101 405 5152 rum,
434 5086 536 5157 qui
575 5086 920 5156 appellantur
959 5085 1124 5148 idola,
1168 5101 1227 5140 se
1259 5086 1529 5141 viventem
1553 5087 1684 5144 dicit
1715 5087 1856 5142 Deus

262 5178 456 5246 Israel,
490 5180 592 5234 hoc
612 5189 716 5243 est,
767 5179 1213 5248 populividentis
1249 5181 1412 5233 Dcuui
1447 5197 1459 5232 :
1512 5180 1655 5248 quod
1711 5180 1855 5233 blas-

264 5271 590 5340 phemantes
617 5271 702 5328 hie
723 5282 937 5343 gentes,
969 5271 1020 5326 id
1042 5282 1147 5336 est,
1181 5271 1335 5327 Moab
1357 5282 1411 5327 et
1447 5270 1545 5326 filii
1595 5273 1855 5339 Ammon,

261 5364 331 5418 de
383 5365 577 5434 quibus
608 5379 769 5434 supra
793 5365 1030 5420 diximus
1063 5382 1074 5417 :
1111 5365 1259 5419 Sicut
1289 5364 1520 5420 Sodoma
1550 5375 1597 5419 et
1641 5366 1861 5420 Gomor-

255 5458 356 5509 rha
382 5465 550 5524 erunt,
581 5457 834 5512 videntur
873 5456 1089 5527 quidem
1138 5456 1241 5512 sibi
1275 5457 1328 5511 in
1351 5473 1416 5511 eo
1451 5457 1590 5530 quod
1622 5457 1858 5529 gentiles

333 5627 355 5651 ει
397 5616 476 5670 ΑΛ
510 5616 659 5686 Regii
711 5631 811 5671 ms.
847 5614 1004 5670 fidem
1061 5615 1376 5686 repetiimus
1423 5619 1633 5687 θιμωνία
1676 5615 1800 5679 ἁλὸς
1829 5657 1846 5685 ν

259 5703 358 5756 pro
388 5705 495 5758 quo
521 5697 640 5761 erat
661 5689 886 5761 θημωνίᾳ
913 5687 1122 5749 ἅλωνος.
1156 5687 1288 5755 Nam
1328 5697 1380 5742 et
1411 5689 1550 5752 ἁλὸς,
1590 5703 1697 5743 ιιοη
1723 5688 1853 5744 ἅλω-

254 5781 346 5820 νος
369 5801 388 5832 ,ί
421 5760 657 5826 positum
701 5760 785 5814 lllC
823 5760 888 5820 ab
941 5761 1268 5832 Hieronymo
1294 5802 1307 5824 ,
1359 5762 1697 5830 subsequens
1729 5777 1853 5815 ora-

258 5831 424 5885 tionis
455 5839 746 5886 contextus
777 5833 998 5897 evincit,
1035 5839 1088 5885 et
1119 5830 1168 5885 in
1208 5830 1410 5886 Grzccis
1446 5847 1666 5901 quoque
1702 5845 1852 5888 vetu-

1962 4711 2276 4772 Damascus,
2301 4709 2392 4779 qui
2417 4723 2541 4764 sese
2566 4707 2826 4764 adversus
2857 4704 3071 4762 Domini
3097 4703 3378 4760 scientiam
3409 4717 3568 4772 para-

1958 4815 2176 4873 verunt,
2204 4813 2257 4858 et
2280 4804 2800 4874 blasphemaverunt
2828 4801 3084 4873 populum
3121 4800 3215 4855 Dei
3245 4818 3257 4853 :
3307 4809 3362 4854 et
3408 4799 3560 4854 dixe-

1959 4905 2088 4951 runt
2138 4895 2192 4950 in
2223 4911 2346 4952 eum
2398 4897 2660 4966 plurimas
2720 4895 3080 4952 contumelias
3109 4937 3123 4963 ,
3166 4903 3220 4948 et
3268 4891 3560 4948 voluerunt

1959 4989 2188 5042 dilatare
2245 4989 2510 5044 terminos
2547 5002 2675 5043 suos
2724 4989 2775 5044 in
2810 4997 2956 5044 terra
3001 4985 3280 5050 Ecclesiae,
3315 4994 3366 5038 et
3399 4997 3567 5052 pepu-

1959 5082 2071 5137 Ium
2108 5083 2198 5137 Dei
2235 5081 2540 5152 possidere,
2575 5083 2808 5139 deserta;
2835 5089 3074 5137 eruntet
3113 5079 3414 5134 destructa:
3448 5075 3562 5147 [ΑΙ.

1960 5175 2281 5248 destitutae],
2331 5187 2385 5232 et
2435 5177 2629 5248 reliqui
2683 5178 2750 5231 de
2795 5177 2994 5246 popqu
3027 5173 3145 5239 Dei,
3178 5171 3280 5227 hoc
3307 5179 3414 5236 est,
3457 5171 3560 5225 viri

1960 5269 2330 5326 Ecclesiastici
2353 5268 2407 5324 iu
2438 5268 2735 5340 Seripturis
2756 5266 3054 5324 Dominicis
3079 5265 3278 5322 eruditi
3300 5264 3565 5333 diripiant

1959 5379 2079 5428 eos,
2129 5374 2183 5418 et
2231 5362 2431 5418 residui
2486 5363 2661 5432 gentis
2705 5362 2996 5416 Dominicze
3038 5357 3395 5430 possidebunt
3442 5373 3558 5422 eos,

1961 5469 2014 5515 et
2047 5457 2152 5523 hoc
2183 5457 2260 5513 eis
2295 5457 2404 5514 erit
2446 5473 2542 5526 pru
2591 5456 2940 5523 contumelia,
2991 5454 3117 5525 quia
3165 5451 3271 5525 [ΑΙ.
3307 5452 3436 5524 qua]
3470 5467 3566 5506 ex-

1957 5619 2055 5673 stis
2084 5615 2490 5682 exemplaribus
2522 5615 2662 5672 hanc
2695 5632 2804 5683 pra:
2855 5616 2944 5670 illa
2981 5630 3174 5672 vocem
3215 5616 3516 5676 obtinuisse
3542 5658 3560 5682 ,

1959 5690 2218 5745 discimus
2250 5704 2314 5742 ex
2342 5686 2738 5759 Cornplutensi.
2776 5687 2911 5743 Item
2961 5687 3222 5757 scribitur,
3277 5704 3376 5759 pro
3420 5688 3555 5744 dici—

1960 5771 2062 5832 tur,
2097 5761 2316 5832 praefcrt
2342 5758 2483 5813 idem
2515 5757 2866 5843 Regium‘ms.
