4028 6342
467 273 606 332 1567

1723 265 1784 324 S.
1825 262 2098 323 EUSEBII
2134 262 2515 322 HIERONYMI

3633 265 3657 319 ι
3666 261 3760 319 368

463 395 869 468 probraverunt
909 400 964 447 et
1007 388 1338 462 magniﬁcati
1384 398 1515 446 sunt
1557 397 1747 445 contra
1774 387 2061 444 Dominum
2089 390 2139 452 Α
2167 402 2230 446 ea
2261 401 2455 443 omnes
2483 386 2691 443 bestias
2722 393 2902 455 terrae,
2935 387 3050 444 sive
3079 396 3140 443 ut
3167 386 3221 442 in
3249 384 3484 441 Hebraeo
3514 386 3761 457 scriptum

466 489 919 560 omnipotentem.
979 484 1117 541 Vide
1163 483 1530 551 clementiam,
1579 483 1702 538 vide
1755 481 2068 538 misericor-

467 582 616 639 diam
647 581 862 637 Domini
888 598 902 636 :
953 578 1337 634 contumeliam
1371 578 1595 648 patitur,
1626 577 2063 648 blasphematur,

2173 491 2278 550 est,
2313 499 2486 538 omnes
2514 483 2704 538 bestias
2725 483 2954 555 gentium
2981 499 3001 538 :
3030 497 3098 538 ex
3120 497 3228 554 quo
3255 481 3558 553 signiﬁcari
3587 491 3768 552 putant

2169 577 2238 633 de
2274 577 2488 632 cunctis
2523 575 2857 643 nationibus,
2904 591 3024 648 quae
3064 591 3336 632 eversum
3360 585 3496 630 sunt
3528 574 3763 632 Niniven.

467 675 796 745 diripiuntur
827 672 1039 730 termini
1073 672 1235 740 ejus:
1285 679 1342 726 et
1388 671 1481 726 ille
1529 670 1656 741 quid
1702 669 1876 726 facit?
1906 670 2070 726 Mittit
2169 670 2240 727 Et.
2269 671 2394 743 quia
2436 670 2646 740 Ninive,
2686 671 2920 742 speciosa
2957 673 3372 742 interpretatur,
3429 671 3486 726 in
3526 673 3768 739 praesenti

470 769 539 826 ad
571 769 828 838 reliquias
859 765 1038 836 p0puli
1073 765 1176 833 sui,
1229 765 1296 820 de
1331 765 1530 836 quibus
1570 763 1841 831 diximus,
1867 771 1926 818 ut
1964 764 2070 820 sibi

465 863 912 935 blasphemantes
934 858 1162 924 dividat,
1203 868 1258 916 et
1287 860 1340 914 in
1383 874 1536 915 suam
1584 858 1746 914 ducat
1774 860 2073 929 possessio-

469 972 619 1012 nem.
655 956 824 1010 lllulto
853 955 999 1010 enim
1027 953 1196 1008 stulto
1227 954 1422 1009 melius
1451 963 1534 1008 est
1562 951 1772 1008 servire
1811 951 2067 1024 sapienti,

469 1061 525 1106 et
551 1049 853 1104 fatuitatem
897 1050 1014 1114 ejus
1063 1047 1276 1103 Domini
1325 1045 1592 1118 sapientia
1639 1045 1876 1116 corrigi,
1908 1060 2069 1116 quam

467 1161 582 1202 suae
614 1160 738 1200 cum
786 1143 1032 1199 stultitiae
1062 1141 1394 1212 derelinqui.
1441 1141 1630 1196 Veniet
1682 1141 1861 1212 itaque
1892 1140 2073 1194 Domi-

467 1258 573 1297 nus
641 1241 1025 1310 omnipotens,
1067 1248 1122 1294 et
1173 1235 1513 1294 manifestius
1564 1235 1668 1292 erit
1721 1249 1889 1306 super
1935 1249 2070 1300 eos,

468 1352 633 1407 quem
677 1349 822 1389 nunc
865 1333 1147 1398 nesciunt,
1187 1347 1350 1402 quem
1377 1329 1632 1402 ignorant
1663 1346 1676 1383 :
1714 1337 1768 1384 et
1796 1327 2075 1400 disperdet

469 1431 654 1485 omnia
686 1429 962 1499 dogmata,
1017 1426 1068 1482 id
1099 1434 1206 1493 est,
1230 1426 1363 1481 deos
1393 1440 1603 1488 eorum,
1633 1433 1690 1480 et
1736 1423 2072 1480 diversarqu

468 1522 716 1594 gentium
739 1521 928 1584 idola,
977 1529 1033 1574 ut
1076 1528 1363 1590 postquam
1394 1518 1708 1585 simulacra,
1737 1534 1856 1588 quae
1878 1517 1946 1573 de
1973 1532 2074 1573 suo

471 1615 582 1671 sibi
630 1630 795 1669 sensu
844 1620 1289 1682 composuerant,
1333 1626 1530 1668 eversa
1577 1610 1803 1676 fuerint,
1842 1625 2079 1666 conver-

473 1719 664 1764 tantur
689 1717 881 1778 gentes
909 1706 976 1762 ad
1009 1706 1320 1770 Dominum,
1353 1714 1409 1762 et
1446 1704 1822 1777 unusquisque
1851 1705 1906 1760 in
1955 1705 2076 1761 loco

471 1818 574 1860 suo
603 1803 794 1858 adoret
824 1817 949 1858 eum
977 1817 1137 1872 quem
1169 1799 1449 1857 nesciebat
1477 1811 1624 1855 ante.

546 1897 730 1968 (Vers.
768 1897 836 1950 i9.
867 1893 1051 1968 seqq.)
1093 1894 1199 1951 Sed
1241 1905 1286 1950 et
1311 1911 1420 1964 vos,
1462 1893 1763 1964 ίΕιΙιὶορεδ,
1816 1893 2074 1965 interfecti

471 1994 650 2068 gladio
677 2010 788 2047 meo
813 1995 954 2047 eritis
987 2009 1003 2045 :
1045 2001 1091 2046 et
1113 1991 1349 2046 extendet
1381 2006 1596 2044 manum
1625 2005 1773 2044 suam
1814 2005 1969 2061 super
2007 1988 2073 2042 A-

473 2087 760 2156 quilonem,
790 2094 835 2139 et
866 2083 1042 2157 perdet
1072 2083 1235 2138 Assur
1265 2097 1284 2136 :
1312 2092 1359 2136 et
1386 2091 1538 2152 ponet
1577 2082 1864 2154 speciosam
1912 2081 1966 2134 in
1993 2096 2078 2134 so-

473 2180 751 2233 litudinem
785 2187 830 2230 et
861 2178 915 2230 in
948 2177 1143 2231 invium
1173 2185 1220 2230 et
1261 2175 1410 2244 quasi
1451 2175 1730 2229 desertum.
1761 2172 1830 2228 Et
1857 2172 2079 2228 accuba-

476 2273 600 2326 bunt
629 2273 683 2325 in
711 2269 883 2324 medio
906 2273 1018 2343 ejus
1048 2283 1264 2340 greges:
1309 2284 1486 2322 omnes
1528 2266 1700 2322 bestia!
1743 2266 2001 2336 gentium,
2031 2273 2079 2320 et

477 2364 830 2429 onocrotalus,
857 2371 904 2416 et
933 2362 1158 2416 hericius
1181 2361 1236 2415 in
1257 2359 1518 2414 liminibus
1553 2363 1668 2432 ejus
1695 2358 2036 2412 ntorabuntur
2060 2374 2079 2413 :

465 2475 566 2513 eoa:
588 2458 844 2513 cantantis
887 2457 942 2510 in
983 2456 1232 2526 fenestra,
1284 2472 1465 2509 corvus
1514 2455 1569 2509 in
1617 2453 2010 2523 superliminari
2063 2468 2082 2507 .'

470 2553 727 2625 quoniam
773 2549 1049 2604 attenuabo
1095 2548 1254 2604 robur
1294 2549 1429 2620 ejus.
1460 2546 1584 2603 Hcce
1634 2557 1708 2602 est
1754 2547 1934 2602 civitas
1977 2547 2086 2618 glo-

475 2648 616 2702 riosa
646 2689 662 2715 ,
725 2645 965 2699 habitans
1046 2645 1101 2698 in
1164 2643 1515 2713 conﬁdentia,
1585 2659 1700 2714 qua:
1748 2641 1962 2696 'dicebat
2029 2643 2085 2695 in

478 2740 634 2794 corde
693 2754 828 2793 suo:
885 2736 999 2810 Ego
1055 2753 1190 2806 sum,
1241 2747 1290 2792 et
1337 2746 1485 2791 extra
1539 2752 1620 2790 me
1667 2750 1772 2790 non
1833 2743 1910 2789 est
1975 2734 2084 2789 alia

471 2833 638 2905 709
671 2831 900 2898 amplius
942 2846 960 2884 :
998 2830 1255 2901 quomodo
1296 2832 1437 2901 facta
1470 2838 1543 2883 est
1579 2829 1635 2883 in
1686 2828 1943 2882 desertum
1991 2844 2086 2881 cu-

474 2926 575 2979 bile
625 2925 844 2979 bestiw?
897 2924 1062 2978 omnis
1105 2923 1194 2990 qui
1249 2923 1434 2977 transit
1479 2921 1610 2995 [ΑΙ.
1670 2919 1946 2994 transibit]
1997 2938 2088 2993 per

475 3036 608 3082 eam,
653 3019 914 3084 sibilabit,
953 3028 1000 3074 et
1046 3017 1260 3073 movebit
1303 3035 1514 3072 manant
1549 3034 1722 3073 suam.
1770 3016 1916 3074 LXX
1965 3036 1976 3072 :
2019 3017 2088 3071 Et

477 3129 587 3182 uos,
625 3111 932 3184 zEt/tiopes,
989 3111 1243 3167 vulnerati
1272 3111 1450 3182 gladio
1480 3129 1590 3166 meo
1617 3112 1760 3166 eritis
1791 3127 1808 3164 :
1839 3121 1886 3166 et
1912 3120 2089 3166 exten-

483 3207 606 3261 dam
639 3222 848 3259 manum
886 3221 1049 3258 meam
1075 3221 1230 3274 super
1257 3205 1583 3274 Aquilonem,
1614 3213 1661 3258 et
1693 3211 1719 3241 ⁸
1749 3205 1964 3276 perdant
1991 3203 2093 3258 As-

479 3298 702 3370 syrium,
747 3307 794 3350 et
836 3312 1024 3365 ponam
1055 3293 1283 3350 Niniven
1318 3297 1374 3349 in
1405 3295 1761 3362 solitudinem,
1791 3304 1841 3350 et
1865 3295 2089 3366 inaquo-

488 3407 599 3445 sam
641 3389 788 3461 quasi
830 3388 1110 3443 desertunt.
1149 3386 1217 3441 Et
1251 3396 1530 3460 pascentur
1556 3387 1611 3440 in
1646 3385 1816 3441 medio
1839 3387 1952 3456 ejus
1979 3403 2096 3458 gre-

483 3499 594 3556 ges,
629 3492 674 3536 et
701 3497 877 3535 omnes
905 3481 1078 3535 bestia:
1104 3489 1255 3534 teme
1283 3499 1303 3533 .'
1334 3487 1381 3533 et
1412 3477 1806 3534 ehamteleontes
1835 3487 1882 3532 et
1915 3477 2096 3532 hericii

491 3577 547 3630 in
585 3575 902 3646 praesepibus
942 3576 1052 3642 eius
1087 3574 1377 3639 cubabant,
1417 3584 1463 3628 et
1503 3573 1675 3629 bestice
1713 3573 2012 3628 clamabunt
2041 3574 2095 3626 in

491 3671 658 3742 foveis
689 3671 796 3723 suis
827 3667 936 3741 [AL
967 3665 1124 3741 ejus],
1159 3675 1206 3720 et
1229 3671 1372 3720 corvi
1403 3667 1458 3721 in
1485 3667 1646 3736 portis
1677 3669 1788 3739 ejus
1816 3682 1832 3718 :
1860 3666 1984 3735 quia
2009 3680 2094 3719 ce-

489 3766 613 3820 drus
651 3763 870 3818 altitudo
912 3765 1026 3834 ejus
1058 3777 1076 3814 :
1107 3761 1213 3815 haec
1245 3770 1321 3816 est
1353 3761 1530 3816 civitas
1561 3762 1711 3815 malis
1741 3761 1938 3828 dedita,
1982 3777 2098 3831 qua:

488 3857 684 3911 habitat
725 3857 778 3909 in
812 3871 922 3926 spe,
959 3869 1076 3925 qua:
1111 3854 1236 3907 dicit
1275 3853 1329 3907 in
1364 3854 1519 3908 corde
1558 3869 1651 3907 suo
1685 3869 1701 3905 .·
1734 3851 1850 3924 Ego
1880 3870 2015 3919 sum,
2047 3862 2098 3908 et

491 3968 596 4005 non
621 3960 694 4004 est
734 3959 847 4020 post
881 3964 958 4002 me
983 3947 1245 4018 amplius;
1277 3949 1530 4017 quomodo
1563 3949 1700 4019 facta
1728 3959 1801 4002 est
1831 3948 1885 4002 in
1915 3949 2100 4003 solitu-

492 4043 665 4097 dinem
698 4057 896 4113 pascua
932 4039 1251 4094 bestiarum?
1294 4042 1460 4094 omnis
1496 4041 1585 4111 qui
1624 4042 1809 4095 transit
1845 4057 1935 4112 per
1963 4057 2095 4107 eam,

496 4136 743 4202 sibilabit,
774 4144 822 4190 et
853 4133 1071 4188 movebit
1096 4151 1279 4188 manus
1308 4151 1452 4188 suas.
1480 4134 1649 4190 Judaei
1677 4145 1850 4190 totum
1879 4137 1981 4191 hoc
2009 4151 2100 4191 ca-

494 4229 730 4303 pitulum
783 4236 839 4284 et
893 4227 1000 4283 duo
1049 4228 1333 4298 superiora
1382 4237 1570 4283 contra
1621 4228 1991 4298 Philisthiim,
2045 4238 2102 4286 et

494 4323 690 4391 Moab,
731 4330 788 4378 et
828 4321 970 4376 lilios
1013 4323 1243 4376 Ammon
1283 4321 1352 4376 ad
1391 4321 1683 4378 adventum
1721 4321 1923 4378 Christi
1962 4323 2101 4380 refe-

496 4423 653 4484 runt,
699 4430 861 4486 quem
903 4421 1094 4485 putant
1137 4413 1192 4468 in
1235 4415 1706 4470 consummatione
1754 4415 1940 4471 mundi
1979 4431 2102 4474 esse

493 4519 808 4576 venturum,
833 4510 922 4579 qui
957 4516 1202 4563 exstruat
1229 4508 1554 4572 Jerusalem,
1579 4519 1635 4564 et
1658 4510 1916 4580 populum
1943 4525 2101 4568 suum

2170 767 2300 824 loco
2349 769 2653 839 speciosam
2703 767 2947 824 referunt
2989 768 3058 824 ad
3110 768 3468 840 Babylonem.
3511 765 3580 820 Et
3621 782 3768 824 omne

2175 862 2320 934 quod
2367 862 2610 933 sequitur
2663 880 2676 918 :
2719 862 3066 917 Onocrotalus
3109 873 3155 916 et
3181 861 3408 916 hericius
3436 861 3491 914 in
3525 859 3770 914 liminibus

2173 960 2288 1029 ejus
2328 957 2686 1025 morabuntur,
2719 967 2774 1012 et
2813 967 3036 1023 caetera,
3071 955 3335 1028 Babyloni
3367 955 3559 1026 potius
3590 969 3772 1010 conve-

2177 1053 2321 1118 nire,
2351 1053 2504 1122 cujus
2534 1061 2589 1108 et
2617 1053 2668 1107 in
2697 1052 2836 1108 Isaia
2861 1051 3048 1108 eadem
3081 1051 3322 1108 solitudo
3345 1049 3689 1122 praedicitur.
3716 1049 3774 1106 Et

2174 1146 2482 1204 econtrario
2511 1146 2602 1201 alii
2627 1145 2931 1212 allirmant,
2964 1147 3245 1202 manifeste
3275 1145 3345 1200 de
3386 1143 3618 1216 Assyrio
3645 1143 3771 1212 dici,

2173 1237 2244 1294 de
2284 1253 2393 1310 quo
2425 1237 2536 1309 jam
2581 1248 2939 1308 praecesserat
2968 1256 2980 1292 :
3012 1237 3078 1293 Et
3115 1239 3353 1294 extendet
3395 1253 3614 1291 manum
3641 1253 3774 1291 suam

2175 1346 2331 1400 super
2360 1331 2688 1402 Aquilonem,
2719 1342 2764 1384 et
2794 1332 2969 1401 perdet
3005 1331 3184 1398 Assur,
3218 1339 3267 1384 et
3292 1338 3450 1401 ponet
3485 1327 3706 1383 Niniven
3725 1329 3770 1382 in

2177 1423 2534 1480 solitudinem.
2578 1424 2682 1480 Per
2709 1423 2822 1498 [ΑΙ.
2847 1423 2994 1498 Post]
3023 1424 3283 1496 Assyrios
3310 1425 3462 1479 enim
3497 1423 3668 1492 magis
3693 1421 3774 1476 Ni-

2176 1517 2336 1573 niven
2369 1516 2620 1588 intelligi,
2655 1533 2814 1587 quam
2857 1516 3215 1588 Babylonem,
3246 1533 3366 1586 qua:
3393 1518 3594 1572 civitas
3622 1513 3771 1571 Chal-

2179 1609 2421 1666 daeorum
2453 1619 2556 1665 est.
2589 1610 2746 1678 Quod
2779 1621 2959 1667 autem
2989 1611 3066 1666 ait
3095 1629 3107 1665 :
3137 1611 3533 1667 Onocrotalum
3562 1617 3616 1664 ct
3645 1608 3776 1664 heri-

2179 1703 2327 1758 cium
2355 1706 2406 1758 in
2433 1702 2744 1759 cardinibus
2773 1704 2918 1774 ejus,
2945 1712 3001 1760 et
3027 1720 3248 1759 corvum
3275 1705 3328 1760 in
3357 1701 3773 1773 superliminari,

2111 1788 2161 1849 B
2185 1795 2497 1852 solitudinis
2531 1811 2652 1852 esse
2692 1795 2888 1852 indicia
2921 1794 3029 1869 [ΑΙ.
3069 1795 3315 1870 judicia],
3356 1806 3411 1850 et
3447 1795 3778 1851 onocrotalo-

2175 1904 2295 1944 rum
2338 1888 2447 1943 duo
2486 1904 2686 1958 genera
2735 1906 2748 1942 :
2797 1887 2942 1944 aliud
2987 1890 3244 1960 aquatile,
3278 1890 3448 1962 710
3478 1887 3630 1942 aliud
3661 1887 3776 1941 soli-

2181 1979 2404 2036 tudinis.
2437 1981 2506 2036 Et
2533 1980 2677 2052 quod
2707 1981 2806 2047 ait,
2834 1997 2936 2036 vos:
2962 1982 3220 2036 cantantis
3243 1979 3353 2052 [AL
3389 1979 3609 2052 cantici]
3639 1981 3686 2032 in
3709 1981 3776 2048 {c-

2179 2083 2389 2142 nestra,
2432 2073 2517 2129 vel
2561 2073 2835 2129 daemones
2876 2073 3134 2145 intelligi,
3179 2073 3269 2130 vel
3309 2075 3589 2128 variarum
3630 2085 3775 2127 voces

2180 2166 2485 2234 volucrum,
2531 2182 2652 2238 qute
2691 2167 2869 2222 solent
2909 2167 2962 2222 in
3003 2166 3236 2222 desertis
3282 2166 3514 2222 urbibus
3549 2179 3777 2220 commo-

2181 2261 2314 2316 rari.
2360 2261 2631 2317 Praeterea
2673 2262 2817 2333 quod
2857 2271 2912 2317 et
2933 2276 3032 2318 nos
3061 2270 3116 2318 et
3143 2261 3289 2318 LXX
3318 2262 3580 2318 similiter
3611 2270 3770 2316 trans-

2181 2354 2406 2411 tulimus
2449 2373 2461 2409 :
2507 2353 2698 2411 Corvus
2731 2357 2785 2410 in
2830 2355 3223 2429 superliminari
3242 2401 3257 2426 ,
3289 2357 3344 2412 in
3369 2354 3400 2396 δ
3433 2356 3660 2412 Hebrum
3687 2369 3771 2425 po—

2186 2451 2353 2518 nitur,
2395 2467 2570 2507 naues
2597 2449 2786 2524 (ει-1η),
2815 2451 2960 2522 quod
3003 2451 3305 2508 secundum
3338 2452 3592 2508 lectionis
3618 2452 3777 2507 diver-

2185 2543 2402 2600 sitatem
2447 2543 2630 2617 (τι-Ἰν),
2675 2545 2762 2600 vel
2801 2546 3042 2613 siccitas,
3087 2547 3173 2602 vel
3212 2545 3447 2617 gladius,
3495 2545 3576 2601 vel
3617 2560 3777 2598 cerrus

2191 2640 2477 2711 accipitur.
2527 2641 2678 2697 Unde
2717 2653 2769 2698 ct
2813 2641 3030 2714 Aquila,
3071 2641 3330 2713 gladium,
3375 2641 3472 2696 alii
3516 2641 3776 2696 siccitatem

2189 2733 2534 2804 interpretati
2561 2743 2706 2789 sunt.
2733 2734 2798 2790 Et
2824 2743 2948 2806 post
2977 2735 3316 2790 eversionem
3347 2733 3510 2806 quasi
3533 2734 3775 2789 insultans

2191 2826 2362 2881 ruina:
2387 2825 2529 2896 ejus,
2559 2843 2737 2882 sermo
2765 2825 3112 2898 propheticus
3145 2825 3388 2898 loquitur
3420 2843 3436 2882 :
3471 2824 3599 2880 Hcce
3621 2831 3689 2878 est
3708 2824 3775 2876 ci-

2192 2921 2322 2975 vitas
2371 2921 2623 2993 gloriosa,
2656 2921 2895 2976 habitans
2918 2923 2974 2978 in
3001 2920 3338 2991 conﬁdentia,
3369 2938 3489 2994 qum
3513 2919 3698 2976 dicebat
3729 2919 3776 2971 in

2193 3012 2349 3069 corde
2383 3029 2478 3069 suo
2522 3030 2541 3067 :
2583 3012 2698 3086 Ego
2737 3032 2873 3083 sum,
2912 3026 2959 3070 et
2997 3025 3142 3071 extra
3173 3032 3253 3069 me
3293 3032 3400 3069 non
3441 3025 3516 3070 est
3556 3014 3656 3069 alia
3682 3028 3778 3066 am-

2197 3112 2372 3181 plius;
2407 3110 2666 3182 quomodo
2705 3111 2845 3182 facta
2881 3121 2955 3166 est
2992 3113 3047 3165 in
3087 3112 3345 3167 desertum
3384 3111 3555 3165 cubile
3589 3107 3780 3164 bestiae?

2205 3203 2386 3260 Omnis
2413 3203 2502 3272 qui
2533 3189 2715 3258 transil
2745 3204 2857 3276 [AL
2893 3203 3173 3276 transierit]
3202 3221 3293 3276 per
3318 3221 3456 3274 eam,
3485 3201 3718 3267 sibilabit,
3739 3207 3779 3254 et

2198 3301 2418 3355 ntovebit
2455 3315 2667 3371 manum
2705 3314 2875 3352 suam.
2919 3298 3082 3353 Juxta
3120 3299 3222 3352 hoc
3252 3305 3436 3353 autem
3466 3297 3604 3369 quod
3634 3310 3776 3366 supra

2196 3394 2453 3462 diximus,
2487 3403 2578 3449 aut
2605 3407 2733 3450 vere
2762 3390 2870 3464 [Αἰ.
2909 3391 3072 3465 verre]
3105 3393 3158 3446 in
3188 3391 3406 3448 deserta
3441 3393 3572 3447 urbe
3593 3389 3776 3445 habita-

2199 3488 2334 3545 bunt
2370 3488 2587 3551 bestize,
2631 3496 2726 3542 aut
2760 3496 2909 3542 certe
2943 3485 3044 3540 sub
3073 3485 3370 3542 beStiarum
3405 3486 3574 3558 figura
3603 3483 3775 3538 multa-

2198 3597 2318 3636 rum
2361 3581 2642 3637 nationum
2675 3583 2909 3634 varietas
2941 3577 3227 3632 indicatur.
3261 3576 3421 3646 Quod
3449 3579 3494 3633 si
3523 3576 3769 3649 quispiam

2201 3675 2523 3743 quaesierit,
2572 3671 2848 3745 quomodo
2887 3672 3044 3743 juxta
3092 3671 3374 3726 historiam
3439 3671 3507 3726 ad
3557 3681 3777 3737 tempora

2199 3766 2710 3824 Nabuchodonosor
2746 3764 2862 3820 lucc
2901 3764 3189 3834 prophetia
3233 3763 3507 3820 referatur
3538 3781 3550 3817 :
3582 3759 3776 3817 ΛΕιιιῑοο

2202 3861 2361 3932 pibus
2403 3861 2565 3917 etiam
2613 3858 2938 3928 nuncupatis
2967 3868 3022 3913 et
3050 3859 3311 3928 Assyriis,
3345 3857 3546 3929 quibus
3576 3853 3702 3910 Medi
3731 3859 3778 3906 et

2199 3955 2383 4012 Persa:
2414 3954 2546 4010 nihil
2579 3953 2832 4019 fecerint,
2879 3953 3024 4024 legat
3064 3951 3346 4020 historias,
3379 3961 3440 4008 et
3466 3949 3661 4007 videbit
3687 3947 3778 4002 As-

2203 4049 2380 4121 syrios
2421 4063 2641 4119 quoque
2683 4055 2739 4101 et
2783 4044 3072 4116 Ethiopes
3109 4045 3278 4101 Medis
3307 4045 3480 4101 fuisse
3507 4044 3770 4113 subjectos,

2203 4153 2258 4198 et
2300 4141 2588 4212 Cambysis
2627 4155 2874 4211 regnum,
2921 4148 2977 4195 et
3015 4137 3142 4212 Cyri
3187 4139 3512 4208 potentiam,
3545 4145 3598 4193 et
3621 4131 3772 4188 omnia

2204 4251 2325 4304 quae
2370 4233 2630 4304 deinceps
2669 4231 2780 4286 sint
2824 4241 3033 4287 secuta.
3083 4231 3209 4286 [lare
3239 4231 3469 4289 Judaice
3498 4231 3630 4286 dicta
3661 4226 3772 4279 sint.

2205 4328 2474 4386 Caeterum
2521 4330 2568 4384 si
2609 4327 2980 4383 notaverimus
3011 4327 3065 4380 in
3097 4325 3352 4381 omnibus
3381 4321 3668 4396 Scripturis
3694 4315 3774 4374 Ᾰιὶ·

2205 4425 2418 4495 thiopes
2458 4437 2553 4478 eos
2591 4419 2874 4492 appellari,
2910 4419 3002 4489 qui
3049 4418 3268 4489 penitus
3309 4417 3362 4473 in
3394 4417 3522 4474 vitia
3553 4421 3669 4472 sunt
3692 4410 3772 4466 de-

2207 4519 2394 4586 mersi,
2429 4515 2724 4573 secundum
2752 4513 2884 4569 illud
2914 4513 3054 4583 quod
3089 4515 3141 4568 in
3168 4513 3410 4569 Jercmia
3443 4513 3662 4581 legimus
3686 4523 3697 4559 :
3721 4502 3773 4558 Si

495 4602 694 4658 liberet
732 4600 801 4656 de
832 4617 992 4656 manu
1023 4601 1288 4671 gentium,
1322 4617 1424 4671 qua
1458 4609 1710 4657 tenentur
1740 4621 1756 4658 :
1788 4613 1843 4657 et
1873 4603 1976 4658 hoc
2004 4619 2098 4660 so-
2125 4589 2177 4649 D
2207 4613 2419 4668 mutabit
2451 4610 2698 4683 zEthiops
2727 4609 2913 4680 pellem
2951 4626 3101 4664 suam
3133 4608 3269 4680 (Jer,
3300 4624 3418 4675 χιιι,
3451 4607 3562 4676 25),
3585 4599 3768 4658 Ethio-

501 4711 632 4751 nare
673 4693 816 4765 quod
859 4693 1056 4749 dicitur
1098 4712 1113 4750 :
1155 4693 1223 4748 Et
1266 4694 1555 4749 adorabunt
1597 4711 1714 4750 eum
1751 4697 1848 4751 viri
1884 4698 1948 4752 de
1986 4698 2098 4752 loco

498 4807 613 4856 suo,
654 4805 828 4843 omnes
860 4786 1048 4843 insula:
1083 4790 1333 4862 gentium.
1361 4788 1480 4844 Non
1510 4790 1688 4846 solum
1719 4799 1901 4848 autem
1931 4808 2097 4862 supe-

497 4883 676 4937 riores
717 4889 906 4952 gentes
935 4924 950 4950 ,
983 4880 1077 4935 sed
1109 4880 1398 4953 IEthiopes
1427 4897 1645 4954 quoque
1682 4893 1736 4939 et
1761 4882 2019 4956 Assyrios
2047 4895 2102 4943 et

501 4977 734 5033 Niniven
779 4977 970 5033 urbem
1013 4977 1361 5049 Assyriorum
1403 4994 1468 5034 eo
1509 4989 1758 5050 tempore
1794 4982 2098 5050 ponendam

500 5087 625 5129 esse
657 5073 710 5129 in
749 5071 1125 5141 solitudinem,
1158 5081 1213 5128 et
1252 5072 1543 5130 cubaturas
1572 5073 1678 5148 [Αι.
1712 5075 2012 5151 cubituras]
2044 5078 2098 5133 in

579 5265 604 5291 α
647 5254 746 5309 Ms.
793 5254 1038 5320 Reginae,
1081 5251 1282 5323 perdet,
1309 5261 1363 5309 et
1390 5268 1520 5309 mox
1552 5261 1728 5325 ponet,
1756 5252 1825 5308 ad
1853 5253 2101 5310 Graecum

506 5328 704 5390 ἀπολεῖ,
734 5339 788 5382 et
816 5329 976 5386 θήσει.

572 5400 598 5438 ι)
646 5399 720 5453 De
751 5399 850 5452 hac
893 5397 1042 5452 vocis
1087 5396 1486 5466 signiﬁcatione
1532 5407 1586 5452 et
1636 5396 1882 5454 lcetionis
1928 5399 2104 5455 varie-

497 5483 608 5527 tate
637 5471 909 5535 diximus,
962 5479 1095 5526 tom.
1145 5470 1185 5523 ll
1237 5470 1498 5523 adversus
1547 5468 1876 5524 l-{ichardum
1929 5471 2102 5526 Simo-

503 5561 649 5608 nem,
691 5559 857 5609 pravo
889 5557 1052 5596 sensu
1107 5541 1419 5612 Hieronymi
1469 5555 1630 5609 opera
1672 5541 2100 5598 subvertentem.

506 5615 641 5668 Vide
675 5615 812 5668 infra
838 5614 1223 5667 annotationes
1250 5623 1465 5667 nostras
1489 5612 1815 5684 marginales
1843 5614 1894 5667 in
1917 5616 2105 5684 Aggaei

503 5697 662 5751 caput
692 5702 728 5739 ι.
764 5685 938 5740 MART.
962 5715 1032 5726 —
1053 5685 1219 5753 Quasi
1278 5685 1419 5739 idem
1465 5683 1771 5754 sit,.inquit
1803 5683 2103 5743 Bochartus

504 5756 770 5812 Jerozoic.
800 5771 920 5826 cap.
948 5773 1001 5824 ν,
1031 5768 1150 5818 ann
1175 5773 1269 5825 per
1310 5755 1494 5823 Cheth,
1535 5765 1590 5812 et
1631 5767 1748 5822 ππ
1789 5772 1886 5826 per
1929 5759 2051 5825 Ajin
2083 5775 2101 5813 :

502 5828 647 5899 quod
692 5827 1024 5899 Hieronymo
1065 5829 1246 5885 nullus
1287 5831 1637 5886 concesserit.
1681 5828 1814 5888 Nam
1856 5840 1975 5898 any
2003 5846 2101 5904 per

2205 4705 2361 4776 pibus
2392 4703 2458 4758 ad
2487 4703 2708 4758 meliora
2739 4702 3021 4757 conversis
3049 4715 3174 4772 spes
3201 4701 3327 4768 erit,
3355 4699 3556 4754 nullum
3582 4693 3666 4766 qui
3692 4704 3771 4744 vo-

2205 4800 2369 4855 luerit
2415 4813 2576 4868 agere
2622 4797 3005 4868 paenitentiam
3034 4837 3050 4862 ,
3095 4812 3124 4848 a
3168 4795 3345 4850 salute
3380 4793 3611 4849 alienum
3649 4787 3769 4842 lore.

2212 4890 2366 4947 Unde
2393 4897 2448 4945 et
2477 4889 2626 4960 prius
2657 4889 2836 4942 anima
2868 4886 3094 4957 polluta,
3125 4895 3177 4941 et
3206 4885 3523 4940 delictorum
3547 4877 3770 4936 sordibus

2208 4983 2504 5055 inquinata,
2554 4980 2684 5037 dicit
2717 4997 2732 5034 :
2767 4979 2938 5052 Nigra
2965 4995 3081 5034 sum
3111 4978 3290 5049 (Cant.
3324 4995 3364 5044 1,
3405 4976 3483 5050 1i).
3516 4975 3578 5030 Et
3605 4977 3766 5042 postea

2205 5079 2263 5136 in
2289 5077 2400 5135 ﬁne
2423 5075 2639 5134 Cantici
2663 5074 3024 5140 canticorum,
3051 5073 3120 5129 de
3145 5073 3333 5129 eadem
3357 5073 3468 5143 jam
3495 5075 3698 5142 purgata
3723 5070 3769 5117 et

2211 5258 2340 5330 Ajin
2362 5263 2416 5311 et
2443 5254 2674 5330 Cholem,
2709 5268 2912 5307 corvum
2943 5259 3132 5330 sonat;
3165 5250 3261 5306 sed
3288 5260 3530 5330 :t'ﬁn‘per
3555 5239 3772 5330 Chethet

2212 5315 2444 5393 Cliolem,
2490 5315 2790 5394 siccitatem,
2824 5339 2877 5378 et
2906 5315 3224 5390 vastitatem;
3251 5333 3344 5377 aut
3369 5315 3610 5395 gladium.
3640 5315 3681 5368 si
3698 5315 3771 5392 .sil

2213 5399 2392 5470 Segol.
2437 5400 2505 5454 At
2553 5413 2658 5452 non
2691 5397 2932 5470 Hebraeis
2953 5397 3165 5470 litteris
3192 5396 3642 5470 determinataque
3666 5395 3770 5470 (ξῌξε

2214 5454 2689 5539 vocisscriptura,
2725 5470 2818 5525 sed
2846 5469 3051 5524 Latinis
3082 5465 3280 5539 Hareb,
3313 5480 3432 5536 qua:
3462 5454 3768 5539 ut‘riquejie-

2213 5526 2396 5608 om,
2421 5526 2756 5612 respondere
2796 5540 3129 5612 vospossit,
3165 5526 3424 5604 scriptum
3451 5543 3532 5612 est
3572 5526 3634 5583 ab
3661 5526 3766 5612 Hie:

2207 5601 2437 5686 ron'y'mo
2470 5632 2486 5670 :
2516 5601 2702 5684 .tteque
2734 5612 2870 5686 adeo
2890 5601 3014 5680 jure
3039 5627 3064 5662 ιι
3100 5601 3637 5686 BuicliarmLaliisque
3662 5601 3768 5686 post

2205 5665 2700 5743 éi'."ni"étliiac}iﬁiii{
2737 5665 3214 5739 liliis'accusatur.
3266 5665 3469 5738 Con'l'er
3511 5665 3674 5748 ipsum
3711 5665 3783 5733 δι,

2207 5760 2497 5818 Ductorem
2531 5760 2670 5815 infra
2702 5760 2753 5815 in
2779 5772 2900 5828 cap.
2932 5771 2951 5810 ι
2971 5757 3178 5828 Aggaei,
3204 5771 3351 5812 vers.
3381 5754 3462 5810 M.
