4050 6342
285 295 310 356 1
324 296 422 352 369

1030 293 1690 355 conusmamonuu
1731 291 1800 350 IN
1839 289 2237 352 SOPHONIAM
2275 263 2504 354 Linea.
2547 296 2700 356 car.
2743 299 2809 356 ιι.

3445 305 3470 360 1
3481 302 3584 362 370

283 411 394 470 lota
431 427 529 484 per
569 413 944 484 ptenitentiam
988 415 1252 472 scribitur
1294 433 1308 470 :
1351 415 1480 483 Quae
1509 420 1582 468 est
1613 414 1734 480 ista,
1765 427 1882 484 ante
1905 413 1960 472 A
1985 411 2232 469 dextrum
2267 427 2461 474 vocant
2489 419 2580 490 qui
2613 417 2744 476 llatu
2771 419 2920 475 illius
2947 419 3306 493 refrixerunt,
3339 423 3430 495 qui
3461 433 3585 480 tan-

285 507 512 566 ascendit
555 507 793 564 dealbata
821 507 998 580 (Cant.
1045 525 1158 576 vni,
1189 507 1280 580 5);
1313 507 1526 580 Moyses
1555 521 1789 579 quoque,
1823 504 1878 560 id

283 611 390 668 est,
423 601 536 658 Lex
567 603 778 658 Domini
813 603 1146 674 spiritualis,
1179 603 1578 674 Ethiopissam
1608 603 1676 658 de
1703 601 1880 672 genti-

284 697 385 754 bus
417 697 568 752 duxit
597 713 820 754 uxorem
857 697 1054 768 (Exod.
1085 697 1144 768 ιι)
1181 717 1193 752 :
1227 709 1282 754 et
1311 697 1498 762 Maria,
1531 695 1582 750 id
1611 705 1716 762 est,
1745 709 1878 766 syn-

285 806 452 860 agoga
485 790 818 860 .Iudreorutn,
864 801 920 848 et
949 793 1153 862 Aaron,
1199 793 1252 848 id
1297 807 1402 858 est,
1450 791 1668 846 carnale
1697 805 1882 848 sacer-

285 882 532 953 detium,
577 895 632 940 et
679 901 788 940 non
830 885 1126 942 secundum
1173 885 1422 942 ordinem
1453 881 1876 948 Melchisedech,

283 986 630 1034 munnurant
671 977 934 1034 adversus
978 978 1176 1050 Legem
1203 1023 1219 1048 ,
1269 978 1364 1034 sed
1411 979 1634 1032 frustra.
1683 975 1878 1030 Statim

286 1072 434 1128 enim
481 1087 755 1145 synagoga
803 1073 1146 1144 perfunditur
1193 1075 1352 1148 711
1403 1073 1578 1144 lepra,
1625 1081 1678 1128 ct
1725 1079 1880 1128 extra

283 1173 464 1220 castra
521 1165 782 1236 projecta,
839 1167 1110 1238 completo
1169 1179 1412 1240 tempore
1444 1209 1459 1234 ,
1517 1167 1637 1238 ipso
1691 1173 1882 1220 orante

279 1259 496 1332 Moyse,
535 1260 592 1316 in
625 1270 804 1318 castra
846 1263 1144 1318 reducitur.
1185 1263 1482 1333 IEthiopiaa
1507 1261 1652 1316 enim
1689 1273 1882 1314 manus

277 1355 390 1428 jam
433 1367 772 1426 praevenerat
801 1357 970 1412 Deum
1005 1357 1120 1428 (Ps.
1153 1359 1342 1430 vau).
1377 1355 1752 1414 Coniminatur
1781 1355 1882 1410 ita-

281 1461 388 1520 que
423 1463 566 1504 nuuc
609 1464 790 1504 sermo
829 1449 1042 1506 divinus
1081 1451 1166 1506 his
1205 1452 1294 1522 qui
1335 1449 1572 1522 peccatis
1611 1449 1880 1504 indueren-

281 1549 398 1608 tes,
441 1549 496 1596 et
535 1541 688 1597 obliti
725 1543 986 1598 sordibus
1025 1543 1380 1614 delictorum,
1423 1543 1614 1600 nolunt
1647 1541 1716 1598 ad
1759 1557 1879 1598 me-

282 1632 422 1690 liora
464 1637 748 1704 converti,
789 1647 844 1694 et
889 1639 1238 1694 tenebrosum
1281 1639 1526 1696 colorem
1570 1639 1786 1706 eluere,
1825 1647 1882 1693 et

257 1729 651 1784 'comtninatur
685 1730 766 1786 eis
809 1730 1070 1800 gladium,
1108 1731 1172 1788 de
1219 1749 1324 1803 quo
1361 1741 1494 1804 puto
1537 1731 1702 1788 scribi
1741 1731 1878 1788 etin

1983 514 2094 562 tum
2127 509 2344 566 nomine
2371 511 2570 568 dexter
2599 525 2704 580 est,
2735 525 2998 571 creterum
3027 531 3088 570 re
3125 525 3182 574 et
3209 531 3373 589 opere
3401 519 3586 589 potius

1983 602 2036 658 in
2069 603 2290 660 sinistra
2333 617 2438 664 est.
2479 607 2770 680 Postquam
2801 621 2984 668 autem
3015 611 3330 670 extenderit
3363 629 3584 670 manum

1981 709 2135 752 suam
2177 715 2343 768 super
2377 701 2702 772 Aquilonem
2734 703 3020 770 Dominus,
3055 705 3248 777 perdet
3287 705 3452 764 etiam
3481 707 3588 764 As-

1983 803 2098 856 sur,
2139 795 2228 863 qui
2271 795 2660 866 interpretatnr
2701 799 2940 868 εὐθύνων,
2989 814 3150 871 quem
3201 801 3358 856 multi
3400 809 3590 871 putant

1983 887 2288 960 dirigentem
2323 893 2454 956 dici.
2499 893 2596 950 sed
2639 893 2831 950 falsum
2857 905 2942 952 est
2976 913 2990 952 :
3022 899 3237 954 εὐθύνων
3266 899 3414 954 enim
3439 915 3592 954 coar-

1983 1001 2144 1056 guens
2183 986 2404 1052 dicitur,
2443 997 2606 1060 atque
2634 991 2956 1046 convincens.
2989 991 3058 1048 Et
3101 993 3359 1064 quoniam
3391 993 3588 1049 diabo-

1985 1079 2068 1134 lus
2101 1079 2214 1150 ipse
2245 1092 2324 1136 est
2353 1081 2605 1138 inimicus
2633 1095 2690 1142 et
2715 1085 2877 1150 ultor,
2913 1093 2967 1140 et
2997 1085 3113 1156 ipse
3143 1095 3364 1156 peccata
3393 1101 3590 1158 sugge-

1985 1176 2074 1242 rit,
2101 1185 2154 1228 et
2185 1185 2366 1245 postea
2392 1177 2444 1232 in
2477 1177 2716 1248 peccatis
2743 1177 2991 1248 coarguit
3015 1189 3352 1250 peccatores,
3383 1177 3590 1234 idcirco

1985 1267 2200 1322 εὐθύνων
2239 1277 2488 1324 vocatur.
2525 1269 2678 1326 Hunc
2709 1285 2810 1340 ego
2835 1285 2959 1326 esse
2990 1285 3116 1326 reor
3145 1271 3446 1342 principem
3478 1271 3586 1326 As-

1985 1361 2278 1431 syriorum,
2313 1361 2404 1434 qui
2435 1361 2644 1418 habitat
2672 1363 2739 1418 ad
2769 1361 3121 1434 Aquilonem,
3153 1372 3210 1420 et
3240 1365 3584 1436 metmpolim

1985 1455 2152 1512 habet
2179 1457 2428 1524 Niniven,
2459 1467 2514 1514 et
2540 1457 2674 1515 dicit
2703 1457 2756 1512 in
2787 1457 2928 1514 Isaia
2957 1477 2971 1513 :
3005 1457 3344 1515 Fortitudine
3371 1459 3584 1528 faciam,

1986 1555 2032 1602 et
2073 1549 2332 1620 sapientia
2369 1550 2660 1606 intellectus
2701 1551 2937 1620 auferam
2974 1552 3222 1606 terminos
3259 1551 3512 1622 gentium,
3539 1563 3588 1608 et

1985 1643 2118 1698 vires
2145 1661 2320 1698 earum
2343 1645 2598 1716 depascar‘
2617 1645 2774 1718 (Isai.
2798 1661 2854 1710 ιι,
2883 1663 2986 1702 sec.
3019 1643 3212 1718 LXX).
3244 1645 3416 1702 Porro
3443 1645 3589 1718 quod

1985 1737 2232 1808 sequitur
2277 1737 2346 1794 de
2389 1737 2583 1794 Ninive
2613 1747 2826 1795 vastata
2857 1755 2872 1794 :
2907 1739 2974 1794 Et
3001 1749 3280 1812 pascentur
3305 1739 3360 1794 in
3391 1755 3450 1792 ea
3475 1755 3594 1808 gre-

283 1821 484 1880 Genesi
519 1841 534 1879 :
567 1823 762 1879 Statuit
787 1825 1080 1892 Cherubim,
1115 1837 1162 1882 et
1193 1829 1486 1898 flammeum
1511 1827 1763 1900 gladium,
1789 1826 1878 1898 qui
1905 1819 1960 1884 Β
1982 1849 2091 1906 μσς,
2126 1844 2174 1888 et
2201 1849 2374 1888 omnes
2399 1834 2574 1889 bestiw
2605 1843 2776 1900 terrai,
2807 1843 2854 1888 et
2889 1833 3304 1900 chamwleontes,
3327 1843 3372 1888 et
3409 1832 3592 1888 fiericii

279 1917 428 1970 vertit
467 1917 536 1969 ad
561 1917 951 1972 custodiendam
989 1921 1124 1974 uiam
1163 1921 1292 1990 ligni
1331 1922 1468 1976 uitta.
1515 1920 1582 1976 Et
1611 1921 1664 1974 in
1697 1921 1830 1976 Isaia
1865 1937 1878 1974 :

283 2006 502 2064 Inducet
541 2011 776 2081 gladium
817 2028 1064 2086 magnum
1104 2026 1152 2070 et
1187 2027 1424 2070 sanctum
1452 2027 1478 2054 ει
1509 2033 1662 2086 super
1697 2015 1885 2070 draco-

281 2118 396 2156 nem
439 2101 710 2159 colubrum
751 2115 1084 2178 tortuosum,
1127 2117 1174 2162 et
1207 2111 1478 2178 interﬁciet
1516 2111 1668 2166 illum
1707 2111 1761 2166 in
1801 2111 1886 2166 die

278 2193 378 2252 illa
415 2193 574 2268 (lsai.
605 2213 778 2265 xxvn,
813 2199 866 2267 l,
904 2217 1008 2254 sec.
1043 2201 1234 2274 LXX).
1267 2203 1332 2258 Et
1363 2203 1496 2260 dicit
1525 2219 1622 2260 eos
1649 2205 1736 2258 vel
1765 2203 1884 2260 vul-

279 2291 556 2346 nerandos
597 2293 682 2346 vel
721 2293 1132 2352 interﬁciendos
1161 2297 1362 2368 gladio,
1397 2307 1456 2352 ut
1487 2299 1746 2352 timentes
1773 2313 1886 2370 pa:-

281 2399 402 2456 nas,
437 2388 718 2444 imitentur
745 2387 1008 2460 Ninivcn,
1037 2399 1092 2446 et
1119 2401 1280 2462 agant
1307 2393 1682 2464 ptenitentiam
1711 2391 1886 2462 (Jama

279 2481 386 2550 tu),
435 2491 492 2538 et
533 2499 642 2540 non
691 2485 1002 2542 sustineant
1041 2503 1160 2558 quae
1203 2487 1467 2543 Dominus
1493 2489 1880 2544 comminatur.

281 2577 438 2646 Quod
479 2577 698 2649 quidem
738 2589 794 2636 et
833 2579 1088 2636 Jeremite
1115 2583 1402 2652 prophetia
1427 2591 1586 2636 sonat
1614 2599 1628 2638 :
1653 2581 1882 2654 Loquar,

277 2671 476 2743 inquit,
519 2689 674 2745 super
715 2683 940 2747 gentem,
980 2685 1026 2730 et
1051 2693 1206 2748 super
1233 2693 1466 2748 regnum,
1500 2685 1546 2732 et
1575 2679 1810 2746 auferant
1839 2683 1885 2730 et

282 2765 582 2838 disperdam
618 2783 706 2822 eos
735 2783 754 2822 :
785 2777 832 2822 et
873 2769 918 2822 si
947 2771 1298 2841 ptenitentiant
1329 2771 1549 2844 egerint,
1579 2781 1628 2826 et
1655 2787 1750 2841 ego
1779 2787 1886 2844 pte-

281 2858 558 2914 nitentiam
581 2875 732 2932 agam
759 2859 822 2914 de
851 2861 1084 2916 omnibus
1109 2865 1260 2918 malis
1287 2880 1400 2934 qua:
1427 2865 1630 2918 locutus
1659 2881 1794 2930 sum,
1829 2872 1886 2918 ut

283 2955 504 3026 facerent
521 2953 594 3008 eis
609 2953 663 3024 (J
670 2969 744 3008 er.
761 2969 910 3020 xvut,
930 2956 982 3022 7,
999 2957 1076 3022 8).
1095 2955 1162 3010 Et
1176 2955 1422 3012 utsciatis
1439 2967 1728 3028 propterea
1743 2973 1886 3014 nunc

285 3043 574 3102 Dominum
603 3047 921 3104 comminari
951 3047 1302 3118 zEthiopihns
1321 3051 1582 3120 gladium,
1613 3061 1670 3106 ut
1701 3067 1798 3108 eos
1819 3053 1887 3108 ad

286 3139 514 3196 meliora
531 3149 836 3208 convertat,
857 3153 979 3212 post
1005 3143 1288 3213 paululum
1307 3145 1358 3198 iu
1384 3147 1486 3200 hoc
1514 3145 1632 3214 ipso
1655 3145 1796 3200 libro
1817 3145 1886 3200 de

287 3233 642 3306 [Ethiopibus
683 3235 848 3292 infert
891 3254 904 3290 :
955 3235 1106 3292 Ultra
1145 3239 1362 3308 flumina
1405 3237 1728 3307 /Ethi0pia:,
1770 3239 1888 3294 inde
1915 3219 1964 3286 (ἶ

285 3315 668 3402 supplices'ntei
697 3328 726 3368 ι)
757 3331 856 3398 filii
881 3331 1226 3404 dispersorum
1255 3347 1484 3388 meorum
1511 3333 1740 3404 deferent
1769 3351 1888 3388 ntu-

287 3437 386 3476 nus
423 3423 550 3476 milti
589 3419 763 3496 (Infra
801 3439 882 3490 ιιι,
925 3423 1014 3496 10)
1046 3443 1060 3478 :
1093 3427 1232 3492 sive,
1265 3435 1322 3480 ut
1350 3426 1400 3478 in
1429 3425 1574 3480 LXX
1606 3427 1839 3482 habetur
1873 3447 1884 3482 :

288 3511 370 3568 De
419 3515 606 3584 finibus
647 3517 926 3586 ﬂuuiorum
971 3515 1262 3590 xEthiopiw
1303 3519 1584 3588 suscipiant
1631 3519 1892 3592 dispersos

289 3623 452 3678 meos,
483 3618 532 3662 et
561 3607 778 3675 offerent
807 3607 1002 3663 hostias
1035 3609 1184 3664 mihi.
1216 3609 1346 3665 Post
1371 3611 1488 3666 haec
1515 3627 1622 3666 non
1653 3611 1894 3682 loquitur

291 3703 560 3760 Dominus
597 3717 658 3760 ιιι
693 3719 886 3778 supra;
917 3705 1012 3762 sed
1045 3707 1394 3776 propheticus
1419 3709 1646 3778 spiritus
1673 3707 1742 3764 de
1775 3723 1842 3765 co
1875 3725 1890 3762 :

291 3799 360 3854 Et
375 3801 608 3856 extendet
623 3817 835 3854 manuni
851 3816 1000 3854 suam
1019 3817 1176 3874 super
1197 3801 1524 3873 Aquilonem,
1541 3803 1778 3875 etperdet
1797 3803 1896 3858 As-

291 3911 384 3948 sur
413 3895 546 3966 (Jer.
571 3911 610 3963 I,
633 3893 746 3964 14).
767 3895 1086 3964 Aquilonem
1113 3895 1304 3966 dequo
1333 3897 1597 3954 Jeretttias
1627 3897 1852 3968 scripsit
1879 3915 1892 3952 :

295 3987 374 4042 Ab
403 3987 646 4058 aquilone
672 3987 1000 4042 exardescent
1037 3989 1174 4043 mala
1201 4007 1360 4058 super
1387 4007 1560 4045 omnes
1587 3989 1896 4046 habitatores

297 4087 470 4134 terrai.
506 4077 574 4132 Et
603 4077 670 4134 de
703 4093 812 4148 quo
839 4077 1096 4136 Salomon
1129 4093 1520 4137 commemorat
1549 4099 1563 4137 :
1591 4081 1778 4154 Aquilo
1799 4081 1898 4136 du-

295 4187 388 4224 rus
415 4182 592 4225 ventus
619 4187 636 4224 :
665 4171 870 4226 nomine
897 4185 1066 4230 autem
1101 4173 1280 4228 dexter
1307 4185 1518 4229 uocatur
1551 4173 1734 4244 (Prov.
1765 4191 1894 4242 xxv,

293 4263 414 4335 25).
448 4263 746 4334 Propterea
775 4275 960 4320 autem
997 4267 1245 4320 extendit
1273 4265 1602 4322 inferentem
1633 4265 1898 4336 supplicia

299 4357 446 4412 Deus
487 4371 708 4412 manum
749 4371 927 4424 suam,
963 4367 1020 4412 ut
1051 4365 1106 4412 et
1137 4347 1342 4428 Aquilo
1371 4359 1570 4414 sentiat
1597 4375 1810 4428 patrias,
1845 4371 1902 4416 et

299 4451 354 4506 hi
399 4453 490 4522 qui
523 4451 578 4506 in
617 4459 760 4506 terra
785 4451 906 4520 ejus
933 4459 1080 4517 sunt,
1111 4451 1178 4506 ad
1205 4467 1368 4524 quam
1393 4453 1550 4522 juxta
1580 4453 1896 4508 Zachariam

299 4551 532 4616 pergunt
565 4545 690 4614 equi
733 4543 896 4614 nigri,
939 4543 1006 4598 de
1043 4545 1244 4614 quibus
1285 4545 1482 4600 dicitur
1525 4563 1538 4602 :
1581 4545 1748 4600 Erant
1784 4546 1892 4618 [AL

301 4639 368 4694 In
412 4655 512 4710 quo
563 4635 728 4710 erant]
767 4639 882 4710 equi.
925 4639 1082 4708 nigri,
1123 4639 1268 4692 ibant
1307 4640 1362 4692 in
1395 4647 1584 4692 terram
1627 4639 1902 4710 Aquilonis

303 4735 489 4806 (Zaclt.
510 4750 584 4802 v1,
617 4733 697 4806 6).
735 4733 800 4790 Et
825 4735 1055 4805 pulchre
1083 4735 1174 4806 qni
1203 4737 1442 4790 moverit
1469 4737 1636 4806 pedes
1667 4751 1818 4800 suos,
1851 4745 1906 4791 et

301 4835 594 4890 recesserit
627 4833 696 4888 ab
732 4833 976 4894 Oriente,
1015 4833 1084 4888 de
1121 4849 1226 4904 quo
1271 4833 1414 4887 idem
1459 4833 1718 4902 propheta
1761 4831 1838 4888 ait
1887 4851 1902 4886 :

303 4925 440 4982 Ecce
479 4928 576 4990 vir,
615 4925 799 4982 Oriens
824 4941 1011 4982 nomen
1047 4929 1162 4998 ejus
1193 4925 1381 4997 (Ibid.,
1417 4925 1532 4996 1‘2),
1567 4937 1620 4980 et
1649 4925 1716 4980 ad
1743 4925 1902 4982 Occi-

304 5023 522 5076 dentem
553 5019 880 5089 respexerit,
909 5019 1090 5074 statim
1121 5019 1296 5090 pergit
1323 5019 1388 5074 ad
1429 5019 1780 5088 Aquilonem,
1809 5019 1904 5090 qui

310 5125 332 5154 ε
373 5129 478 5168 non
509 5123 594 5168 est
621 5111 836 5178 dexter,
861 5111 960 5167 sed
993 5112 1214 5168 nomine
1243 5111 1438 5168 dexter
1465 5121 1714 5168 vocatur.
1749 5113 1904 5180 Quod

303 5208 522 5282 quidem
550 5217 606 5266 et
634 5209 994 5278 corporaliter
1019 5207 1360 5278 intelligitur,
1385 5209 1546 5281 712
1575 5217 1634 5264 ut
1661 5209 1904 5278 quicum-

307 5321 416 5378 que
445 5307 494 5360 in
519 5305 747 5362 Oriente
773 5305 1004 5372 steterit,
1035 5315 1092 5360 et
1115 5304 1345 5360 verterit
1371 5319 1432 5360 se
1461 5305 1526 5359 ad
1555 5304 1906 5362 Occidentem

309 5401 644 5473 respiciens,
687 5399 754 5456 ad
789 5399 1072 5457 dexteram
1113 5399 1310 5454 habeat
1347 5399 1706 5470 Aquilonem,
1745 5417 1908 5472 quem

389 5595 416 5622 ει
451 5583 730 5640 luterserit
779 5583 1074 5654 Victorius,
1121 5589 1170 5636 et
1218 5581 1424 5652 fortem,
1457 5580 1610 5652 juxta
1659 5581 1910 5638 Graecum

315 5657 670 5728 Sepluaginta
705 5665 930 5710 textum.

389 5725 414 5766 b
447 5725 590 5784 ldem
621 5729 864 5790 corrigit,
899 5729 1028 5794 filia,
1063 5743 1128 5781 ex
1161 5727 1432 5782 llebraico
1455 5735 1508 5780 et
1539 5726 1766 5798 Vulgata
1798 5725 1913 5782 edi-

317 5803 464 5858 tione
491 5819 502 5854 :
529 5801 672 5872 apud
702 5798 844 5854 LXX
873 5815 968 5870 pro
995 5799 1126 5872 filia,
1161 5801 1682 5872 legitursuscipiam.

393 5885 414 5912 ε
447 5873 508 5931 ltt
537 5871 734 5946 Regia.
765 5887 868 5928 ms.
897 5871 1088 5942 verba,
1116 5871 1320 5928 nonest
1347 5871 1538 5940 dexter,
1573 5871 1664 5928 sed
1687 5872 1912 5944 nomine,

1987 1929 2042 1982 in
2065 1929 2378 2001 prtesepibus
2405 1929 2514 1999 eius
2547 1929 2890 1998 accubabant,
2915 1939 2964 1984 et
2993 1929 3167 1984 bestia:
3189 1929 3508 2000 requiescant
3533 1927 3589 1983 in

1988 2023 2282 2096 cardinibus
2317 2027 2446 2096 ejus,
2489 2033 2538 2078 et
2571 2024 2714 2078 corvi
2733 2023 2788 2078 in
2821 2023 3060 2094 fenestris
3089 2023 3225 2094 ejus.
3253 2030 3310 2077 et
3337 2031 3534 2078 caetera
3569 2037 3584 2078 :

1986 2117 2206 2174 videtur
2245 2117 2376 2172 mihi
2415 2118 2568 2188 juxta
2615 2115 2748 2172 illud
2799 2115 3032 2186 intelligi
3065 2115 3292 2180 debere,
3325 2113 3466 2186 quod
3497 2113 3588 2170 vel

1987 2215 2042 2270 in
2070 2213 2360 2288 Jona,rvel
2397 2214 2450 2268 in
2488 2211 2662 2269 Naum
2707 2212 2968 2282 propheta
2999 2211 3262 2282 scriptum
3291 2219 3400 2266 est.
3436 2211 3502 2266 Et
3533 2211 3588 2267 in

1985 2305 2122 2362 Jona
2151 2307 2368 2378 quidem
2393 2305 2646 2373 Niniven,
2675 2305 2728 2360 id
2751 2313 2856 2372 est,
2883 2307 3190 2376 speciosam,
3217 2319 3340 2375 quae
3367 2303 3432 2358 ad
3459 2319 3594 2373 pra:-

1987 2401 2314 2458 dicationem
2345 2401 2520 2468 Jonae,
2561 2399 2614 2456 id
2651 2407 2754 2466 est,
2795 2398 3062 2466 columbae,
3106 2397 3279 2470 egerit
3317 2397 3592 2468 poeniten-

1987 2497 2116 2552 tiam
2143 2537 2157 2564 ,
2205 2495 2508 2552 Ecclesium
2555 2495 2900 2564 interpretati
2941 2491 2970 2531 ἀ
3007 2507 3194 2548 sumus
3231 2492 3302 2548 de
3339 2491 3591 2564 gentibus

1987 2601 2392 2664 congregatam.
2443 2589 2501 2646 In
2541 2589 2715 2646 Naum
2763 2603 2899 2646 vero
2939 2603 3103 2658 super
3145 2585 3350 2643 mundo
3391 2584 3596 2642 intelli-

1987 2689 2226 2760 gentiam
2275 2683 2698 2755 temperavimus
2746 2702 2758 2738 :
2805 2691 2860 2738 et
2897 2681 2966 2738 de
3005 2681 3208 2744 mundo
3233 2679 3452 2750 quidem
3483 2691 3588 2732 non

1987 2781 2208 2838 difficile
2251 2789 2335 2836 est
2361 2777 2708 2848 interpretari
2747 2783 2804 2832 et
2831 2775 3042 2840 dicere,
3072 2773 3216 2845 quod
3247 2771 3469 2845 quando
3495 2768 3594 2826 1E-

1989 2875 2203 2944 thiopes
2231 2871 2500 2928 vulnerati
2527 2869 2710 2942 gladio
2744 2853 2957 2924 Domini
2987 2867 3206 2930 fuerint,
3239 2873 3296 2920 et
3320 2861 3590 2922 extende-

1987 2967 2060 3024 rit
2087 2981 2309 3022 manum
2339 2979 2490 3020 suam
2521 2977 2688 3032 super
2713 2961 3058 3031 Aquilonem,
3087 2967 3140 3012 et
3173 2955 3468 3028 perdiderit
3493 2957 3594 3010 As-

1989 3062 2192 3132 syriqu
2235 3057 2536 3128 principem
2581 3053 2793 3118 mundi,
2839 3053 3006 3109 etiam
3049 3051 3164 3122 ipse
3203 3047 3438 3105 mundus
3465 3061 3589 3102 cum

1989 3149 2236 3222 principe
2265 3165 2366 3204 suo
2395 3157 2599 3217 pereat,
2625 3155 2680 3200 et
2711 3145 2778 3200 ad
2807 3145 3104 3200 maximam
3129 3139 3476 3198 solitudinem
3507 3153 3596 3194 rc-

1994 3245 2228 3314 digatur,
2253 3249 2308 3296 et
2333 3240 2464 3296 nulli
2491 3237 2816 3294 miserabilis
2837 3238 2930 3305 sit,
2953 3235 3048 3290 sed
3075 3247 3266 3290 omnes
3287 3231 3351 3286 ad
3377 3231 3589 3288 ruinam

1993 3337 2108 3406 ejus
2131 3333 2368 3399 sibilent,
2391 3343 2446 3388 et
2467 3339 2718 3386 moveant
2743 3345 2938 3384 manus
2961 3341 3106 3382 suas.
3133 3327 3212 3382 De
3233 3324 3476 3380 Ecclesia
3498 3339 3596 3380 au—

1993 3437 2102 3484 tem
2125 3427 2342 3482 videtur
2369 3427 2540 3496 prima
2565 3423 2744 3479 fronte
2771 3437 2896 3478 esse
2927 3419 3328 3490 blasphemum,
3355 3417 3500 3491 quod
3527 3433 3594 3476 ea

1993 3523 2176 3580 futura
2199 3523 2270 3578 sit
2291 3521 2432 3576 invia
2463 3531 2518 3576 et
2539 3519 2780 3584 deserta,
2801 3527 2856 3572 et
2877 3515 3066 3572 bestiae
3089 3513 3335 3570 habitent
3357 3513 3407 3568 in
3431 3528 3518 3580 ea,
3542 3521 3597 3568 et

1995 3629 2182 3690 postea
2221 3617 2272 3674 ei
2308 3631 2430 3672 cum
2473 3613 2825 3670 insultatione
2851 3611 3062 3666 dicatur
3093 3625 3107 3664 :
3139 3607 3266 3664 llaec
3295 3617 3380 3664 est
3405 3607 3598 3664 civitas

1995 3711 2152 3767 malis
2187 3709 2390 3775 dedita,
2431 3723 2554 3780 quas
2595 3705 2872 3760 habitabat
2909 3705 2964 3758 in
2991 3718 3113 3774 spe,
3147 3717 3267 3774 quas
3295 3701 3511 3757 dicebat
3541 3701 3598 3756 in

1995 3805 2162 3862 corde
2187 3821 2288 3860 suo
2313 3823 2325 3858 :
2351 3801 2466 3874 Ego
2487 3817 2622 3862 sum,
2641 3807 2686 3852 et
2709 3815 2808 3852 non
2835 3807 2908 3852 est
2921 3805 3108 3870 pt'teter
3119 3795 3454 3868 meamplius,
3470 3809 3600 3866 quo-

1997 3899 2150 3952 ntodo
2173 3899 2310 3968 facta
2321 3903 2397 3950 est
2411 3897 2463 3948 in
2477 3893 2830 3956 solitudinem,
2847 3908 3039 3960 pascua
3056 3889 3366 3944 bestiarum?
3381 3887 3486 3946 Sed
3505 3889 3598 3960 qui

1995 3993 2156 4066 713
2195 3987 2630 4046 coiisideraverit
2669 3985 2798 4042 illud
2831 3983 3212 4056 Apostolicum
3257 3983 3312 4036 in
3357 3997 3471 4052 quo
3500 3981 3586 4036 di-

1997 4089 2142 4144 citur
2181 4105 2194 4142 :
2239 4086 2308 4140 In
2353 4083 2640 4140 novissimis
2689 4081 3006 4153 temporibus
3051 4077 3318 4132 instabunt
3367 4087 3600 4148 tempora

1999 4181 2250 4254 pessima,
2279 4187 2326 4234 et
2363 4187 2514 4234 erunt
2545 4175 2778 4230 homines
2805 4175 2888 4228 sui
2925 4179 3204 4236 amatores,
3245 4169 3388 4222 avari
3409 4211 3424 4234 ,
3451 4185 3604 4222 arro-

1999 4283 2200 4346 gentes,
2226 4271 2462 4346 superbi,
2489 4269 2800 4337 blasphemi,
2833 4263 3130 4340 parentibus
3161 4277 3262 4316 non
3290 4259 3602 4330 obedientes,

1999 4369 2218 4442 ingrati,
2241 4365 2473 4432 scelesti,
2497 4365 2608 4420 sine
2633 4361 2922 4430 affectione,
2947 4361 3057 4414 sine
3081 4373 3232 4428 pace,
3259 4365 3605 4424 accusatores,

1999 4465 2424 4530 intemperantes,
2457 4459 2714 4522 crudeles,
2747 4455 2868 4510 odio
2897 4453 3142 4508 habentes
3177 4451 3396 4514 bonum,
3429 4449 3612 4521 prodi-

2007 4565 2161 4623 tores,
2210 4553 2500 4620 temerarii,
2533 4551 2736 4621 in/Iati,
2787 4551 3110 4619 voluptatunt
3141 4555 3401 4600 amatores
3443 4545 3613 4614 magis

2009 4663 2162 4716 quant
2193 4645 2294 4700 Dei
2327 4661 2342 4698 :
2377 4643 2620 4698 habentes
2651 4645 2876 4712 formam
2909 4638 3138 4708 pietatis,
3169 4638 3410 4692 virtutem
3438 4645 3611 4690 autem

2009 4747 2124 4818 ejus
2155 4743 2462 4812 denegantes
2489 4739 2558 4804 (ll
2589 4737 2730 4792 Tim.
2763 4753 2842 4800 III,
2863 4739 2916 4804 -l,
2943 4736 3133 4808 seqq.).
3167 4733 3388 4791 Necnon
3423 4741 3478 4790 et
3509 4735 3614 4789 hoc

2013 4837 2156 4906 quod
2193 4836 2244 4888 in
2273 4832 2576 4904 Evangelia
2611 4831 2875 4901 scriptum
2907 4840 3016 4896 est,
3059 4829 3204 4900 quod
3247 4827 3612 4897 multiplicata

2013 4931 2320 5002 iniquitate,
2355 4929 2678 5000 refrigescat
2708 4927 2952 4982 charitas
2977 4925 3275 4981 multorum
3297 4965 3312 4990 ,
3341 4923 3612 4978 intantutu

2013 5037 2072 5081 ut
2101 5027 2152 5080 in
2183 5027 2278 5082 illo
2309 5035 2552 5095 tempore
2585 5023 2928 5092 compleatur
2959 5041 2970 5078 :
3016 5019 3378 5076 Verumtamen
3405 5018 3614 5072 veniens

2013 5119 2194 5174 Filius
2238 5119 2462 5174 hominis
2515 5127 2670 5192 putas
2723 5119 2946 5172 inveniet
2999 5117 3154 5185 ﬁdem
3207 5129 3363 5183 super
3419 5122 3612 5166 terram

2015 5213 2200 5288 (Matt.
2223 5231 2374 5280 xxw,
2405 5213 2530 5286 12)?
2553 5229 2660 5270 non
2685 5213 2974 5267 mirabitur
2997 5211 3066 5266 de
3087 5219 3332 5266 extrema
3353 5207 3618 5263 Ecclesiae

2015 5309 2293 5376 vasutate,
2329 5309 2498 5378 quod,
2525 5315 2796 5378 regnante
2821 5303 3182 5370 Antichristo,
3215 5299 3512 5372 redigenda
3541 5299 3618 5356 sit

2019 5403 2074 5458 in
2104 5401 2490 5470 solitudinem,
2521 5409 2578 5457 et
2605 5399 2868 5456 tradenda
2895 5397 3108 5466 bestiis,
3133 5405 3190 5452 et
3217 5409 3444 5468 passura
3471 5407 3624 5465 quae-

2015 5597 2124 5638 non
2155 5581 2446 5638 habentur.

2087 5651 2114 5692 ἀ
2146 5655 2308 5724 Atqui
2357 5653 2600 5710 nondum
2645 5653 2840 5710 Jonam
2885 5649 3158 5724 illustrare
3183 5645 3624 5724 cmperat._F_‘or-

2017 5735 2162 5782 tasse
2207 5719 2330 5784 licia
2359 5737 2413 5782 et
2435 5725 2772 5799 subtegmina
2805 5723 2950 5799 apud
2975 5719 3293 5799 setexendo
3325 5719 3479 5794 operi
3503 5719 3620 5792 jam

2015 5807 2322 5874 paraverat,
2356 5807 2518 5871 atque
2542 5793 2622 5857 ea'
2635 5809 2762 5857 sunt
2791 5793 2910 5871 qua:
2935 5793 3024 5852 hic
3047 5793 3256 5852 laudat.
