4050 6342
523 247 658 308 1571

1761 249 1818 310 Β.
1863 249 2115 312 EUSEBI.

2219 249 2550 316 IBRONYMI
3659 267 3772 332 15η

519 377 750 428 (‘litlltltle
805 377 950 420 nunc
999 363 1262 434 propheta
1315 363 1598 422 describit.
1649 363 1706 426 Si
1763 366 1912 426 enim
1971 367 2362 430 DeusAnens
2385 381 2498 424 sum
2521 369 2744 428 malitias
2761 381 3262 432 evomerezetnon
3287 375 3768 456 solutnltoelscere,

525 465 746 528 propter
775 456 1150 514 inﬁdelitatem
1173 459 1340 514 ramis
1363 461 1702 518 naturalibus
1725 477 1830 516 non
1855 461 2118 532 pepercit,

521 551 614 606 sed
665 551 822 620 l'rcgit
853 565 982 618 eos,
1023 563 1078 606 et
1125 553 1310 620 posuit
1351 551 1572 610 ﬂumina
1607 555 1660 608 in
1709 555 2020 622 desertum,
2068 565 2122 610 et

525 645 708 702 fontes
737 661 998 716 aquarum
1033 651 1083 702 in
1117 648 1286 714 sitim,
1323 659 1524 704 terram
1559 649 1894 706 lructilcram
1925 651 1976 706 in
2007 651 2122 706 sal-

521 753 768 808 suginem
793 781 808 806 ,
855 749 1078 810 pr0pter
1111 741 1370 798 malitiam
1415 741 1784 798 habitatorum
1821 743 1942 814 eius
1978 763 1988 798 :
2025 761 2124 802 cur

521 849 626 890 nan
655 837 973 890 econtrario
993 851 1088 892 eos
1119 835 1188 890 de
1218 837 1414 908 quibus
1443 837 1658 894 dixerat
1691 855 1704 892 :
1733 837 1918 894 Posuit
1945 837 2122 896 deser-

521 937 628 982 tum
657 929 710 982 in
737 929 956 996 paludes
983 947 1260 1002 aquarum,
1289 943 1334 986 et
1365 943 1556 988 terram
1577 933 1692 988 sine
1709 951 1848 1004 aqua
1869 935 1924 988 in
1955 939 2122 1004 fontes

521 1039 798 1092 aquarum,
827 1033 872 1076 et
895 1023 1132 1078 habitare
1159 1026 1278 1096 fecit
1307 1027 1378 1080 ibi
1407 1029 1712 1092 esurientes,
1735 1035 1792 1084 et
1811 1035 2032 1096 mulera,
2065 1036 2124 1086 et

523 1131 660 1186 quos
693 1115 924 1170 inseruit
955 1117 1024 1172 dc
1055 1117 1290 1172 oleastro
1319 1119 1374 1174 in
1409 1119 1650 1176 radicem
1679 1121 1838 1178 bonae
1863 1121 2044 1186 olivae,
2075 1121 2120 1178 si

527 1209 880 1266 immemores
901 1211 1152 1268 beneﬁcii
1181 1215 1516 1270 recesserint
1545 1231 1574 1270 a
1605 1215 1888 1272 conditore
1917 1231 2036 1286 suo,
2065 1227 2122 1274 ct

521 1303 874 1360 adoraverint
911 1305 1228 1378 Assyrium,
1261 1319 1474 1366 evertat
1519 1321 1576 1366 et
1607 1313 1670 1366 ad
1695 1313 1946 1368 eamdem
1969 1314 2118 1370 sitim

525 1399 772 1462 reducat,
797 1400 848 1454 iu
873 1417 978 1472 qua
1005 1405 1156 1472 prius
1181 1403 1428 1460 inerant?
1455 1405 1608 1472 Quod
1639 1423 1764 1462 cum
1787 1409 2120 1478 generaliter

523 1495 576 1550 in
599 1495 834 1550 adventu
865 1497 1208 1564 Antichristi,
1241 1501 1356 1554 sive
1385 1499 1438 1554 in
1473 1501 1580 1558 line
1607 1501 1798 1558 mundi
1827 1503 2002 1572 possit
2029 1505 2116 1558 in-

527 1589 692 1658 telligi
729 1605 742 1642 :
777 1599 954 1644 tamen
987 1591 1230 1660 quotidie
1281 1593 1334 1648 in
1367 1593 1448 1650 his
1477 1595 1568 1666 qui
1601 1597 1864 1656 simulant
1897 1611 1956 1652 se
1993 1611 2118 1654 esse

523 1681 592 1736 de
639 1681 880 1738 Ecclesia
917 1683 1040 1752 Dei,
1091 1697 1146 1742 et
1183 1689 1442 1756 operibus
1473 1701 1700 1760 negant,
1729 1693 2118 1762 auditoresque

2227 459 2320 516 sed
2351 475 2514 530 opera
2541 478 2758 534 qunque
2783 479 2878 520 sua
2907 481 3032 538 quas
3051 477 3310 542 τροπικῶς
3329 485 3516 528 manus
3527 487 3770 548 vocantur,

2227 569 2474 612 movere.
2507 559 2586 612 Ac
2615 573 2684 612 ne
2715 567 2872 628 putes
2899 561 3028 632 quia
3055 561 3341 618 colubrum
3387 567 3772 642 nominavimus,

2223 645 2494 706 violenter
2521 663 2622 706 nos
2653 667 2848 706 uiantis
2889 653 3132 716 colubri.
3169 671 3264 726 pro
3301 671 3466 726 opere
3489 657 3772 734 intelligere,

2223 743 2412 814 accipe
2441 745 2812 802 testimonium
2845 747 3195 804 Salomonis:
3225 749 3394 816 Mors,
3427 761 3472 806 et
3499 757 3594 808 vita
3615 755 3662 808 in
3686 775 3775 812 nut-

2223 837 2378 892 nibus
2399 839 2592 912 linguce
2617 839 2806 912 (Prov.
2835 857 2994 906 svnt,
3024 841 3142 912 21).
3175 841 3300 898 Hice
3337 843 3595 914 diximus,
3623 857 3672 902 ut
3695 863 3778 920 po.

2223 929 2426 986 luimus
2455 935 2890 1004 interpretationi
2923 937 3228 1008 allegoricae
3261 939 3584 994 servientes.
3609 941 3776 1014 Siquis

2223 1035 2404 1082 autem
2433 1029 2604 1098 magis
2631 1029 2974 1096 verisimilia,
3007 1043 3062 1086 et
3083 1031 3338 1086 habentia
3365 1033 3622 1090 rationein
3641 1051 3776 1108 quam

2223 1133 2252 1170 a
2285 1117 2444 1172 nobis
2473 1129 2600 1174 sunt
2629 1119 2868 1178 disserta
2909 1123 3212 1192 repererit,
3243 1123 3390 1180 illius
3431 1125 3596 1194 magis
3635 1129 3778 1186 lector

2221 1213 2554 1268 auctoritate
2573 1213 2826 1270 dtteatur.

2295 1303 2450 1376 (Cap.
2483 1305 2572 1362 ΙΙΙ.
2605 1335 2674 1350 —-
2697 1307 2856 1364 Vers.
2891 1309 2918 1364 l
2955 1309 3136 1384 seqq.)
3191 1307 3282 1364 Vat
3313 1315 3628 1378 prouocaui:
3651 1327 3692 1370 et
3715 1333 3778 1370 re-

2223 1397 2432 1470 dempta
2469 1401 2650 1456 civitas
2679 1417 2696 1454 :
2727 1401 2966 1456 columba
3009 1419 3112 1458 non
3153 1403 3352 1458 audivit
3387 1421 3572 1474 uocem,
3619 1417 3662 1460 et
3697 1425 3778 1466 non

2221 1492 2444 1562 suscepit
2483 1493 2818 1564 disciplina»:
2847 1511 2868 1550 :
2897 1497 2952 1550 in
3003 1495 3226 1552 Domino
3253 1513 3354 1552 non
3385 1507 3460 1552 est
3487 1499 3694 1568 con/ise,
3725 1507 3778 1558 ad

2225 1581 2512 1640 Dominum
2557 1587 2738 1660 [ναις.
2791 1587 2980 1662 Deum]
3019 1607 3172 1644 suunt
3217 1607 3320 1646 non
3365 1593 3778 1664 appr-epinquattit.

2227 1675 2502 1748 Principes
2531 1681 2646 1752 ejus
2687 1685 2738 1738 in
2781 1683 2946 1738 medio
2971 1685 3084 1756 ejus
3105 1729 3120 1752 ,
3161 1685 3310 1754 quasi
3339 1685 3500 1758 715
3533 1687 3688 1742 leones
3711 1707 3780 1742 ru-

525 1775 658 1846 legis
683 1787 828 1844 sunt,
859 1787 914 1834 et
943 1793 1050 1834 non
1087 1779 1341 1848 factores,
1369 1783 1540 1854 accipi
1571 1793 1782 1852 potest,
1817 1793 1842 1824 α
1875 1785 1966 1856 qui
1999 1785 2110 1842 lru-

2221 1769 2418 1840 gientes
2447 1787 2464 1824 :
2485 1773 2692 1842 judices
2723 1775 2836 1842 ejus
2881 1775 2994 1846 lupi
3031 1793 3286 1846 respersa,
3329 1793 3436 1830 non
3465 1779 3782 1848 relinquebant

523 1881 634 1928 stra
673 1873 952 1942 spcciosos
985 1889 1044 1928 se
1091 1889 1216 1932 esse
1251 1875 1490 1946 jactent,
1531 1891 1652 1934 cum
1685 1877 1930 1934 habitent
1961 1879 2012 1934 in
2041 1881 2122 1938 eis

521 1981 738 2036 greges,
765 1965 1022 2028 vitiorum
1053 1969 1262 2024 scilicet
1283 1969 1660 2034 multitudo,et
1681 1971 1838 2026 hrttla
1863 1973 2120 2032 animalia

521 2059 738 2126 corpori
791 2061 1124 2126 :ervientia,
1165 2071 1220 2116 ct
1268 2079 1458 2118 omnes
1509 2063 1698 2120 bestia:
1749 2073 1944 2134 terra},
1999 2047 2122 2136 quae

522 2148 684 2204 corda
731 2165 922 2208 eorum
951 2153 1276 2222 comedunt,
1323 2165 1378 2210 et
1407 2155 1838 2214 chamaeleontes
1875 2159 1968 2230 qui
2011 2175 2120 2218 non

523 2243 728 2300 habent
757 2261 920 2302 unum
953 2247 1194 2304 colorem
1223 2265 1236 2316 ;
1271 2249 1366 2306 sed
1409 2249 1642 2306 diversis
1675 2254 1942 2322 peccatis,
1979 2269 2124 2314 nunc

525 2339 782 2408 avaritia,
816 2355 962 2396 nutic
987 2341 1222 2408 luxuria,
1253 2359 1396 2400 llllttc
1435 2343 1790 2412 crudelitate,
1825 2363 1968 2402 nunc
1997 2347 2122 2408 libi-

521 2431 672 2500 dine,
709 2447 854 2488 nunc
883 2435 1122 2502 tristitia,
1159 2453 1302 2490 nunc
1325 2439 1692 2494 exsultatione
1721 2455 1820 2510 per
1843 2451 2122 2496 momenta

523 2533 822 2580 tnntantur.
861 2527 928 2582 Et
967 2527 1154 2584 hericii
1195 2531 1248 2584 in
1283 2531 1622 2600 praesepibus
1663 2547 1886 2604 eorum,
1919 2535 2122 2590 animal

521 2619 800 2686 Spinosum
831 2629 886 2676 et
939 2621 1156 2690 plenum
1205 2623 1486 2692 sentibus,
1517 2635 1574 2680 et
1621 2625 1916 2682 vulnerans
1961 2627 2122 2696 quid-

519 2709 648 2780 qttid
673 2713 986 2782 contigerit.
1027 2713 1134 2770 Sed
1167 2725 1222 2770 et
1263 2717 1452 2772 bestia:
1493 2717 1774 2776 cubabant
1811 2720 1864 2782 in
1897 2721 2122 2778 forami-

521 2805 704 2872 nibus,
735 2805 784 2860 id
813 2819 918 2874 est,
955 2807 1010 2862 in
1041 2809 1301 2866 cordibus
1323 2825 1538 2880 eorum,
1571 2821 1626 2868 et
1649 2813 1800 2868 corvi
1825 2813 2120 2874 immundae

523 2897 688 2970 714
715 2913 844 2954 aves
875 2899 924 2952 in
961 2901 1134 2970 portis
1163 2915 1374 2968 comm,
1407 2903 1490 2958 vel
1539 2905 1590 2960 in
1621 2919 1740 2976 ore,
1775 2906 1860 2962 vel
1893 2905 1944 2968 in
1973 2907 2120 2964 auri-

521 2991 644 3052 bus,
685 3007 792 3062 quo
835 3001 926 3048 aut
967 2993 1258 3064 loquantur
1303 3011 1540 3066 semper,
1573 3005 1668 3056 aut
1695 2999 1920 3054 audiant
1949 2999 2116 3064 mala.

521 3083 646 3138 P051
677 3099 798 3154 qum
841 3085 1072 3140 infertur
1107 3095 1162 3142 et
1201 3085 1404 3142 dicitur
1439 3107 1448 3142 :
1495 3089 1620 3144 ideo
1667 3091 1968 3152 Ecclesium
1999 3091 2116 3148 hinc

519 3191 800 3246 passuram
833 3177 972 3246 fore,
1009 3179 1092 3234 vel
1123 3195 1242 3236 esse
1275 3197 1624 3252 perpessam,
1659 3183 1802 3254 quod
1835 3185 1890 3242 in
1925 3201 2116 3258 super-

523 3269 662 3324 biam
693 3285 752 3326 se
779 3271 1098 3342 elevaveiit,
1140 3283 1196 3328 et
1237 3275 1394 3344 quasi
1423 3277 1622 3332 cedrus
1667 3295 1824 3336 suum
1855 3295 2114 3346 cacumen

518 3363 776 3428 erexerit,
811 3365 968 3420 malis
995 3367 1250 3436 operibus
1277 3367 1482 3434 dedita,
1507 3379 1560 3426 et
1589 3369 1944 3432 nihilominus
1973 3375 2116 3430 lutu-

521 3471 632 3508 ram
663 3457 768 3510 sibi
803 3459 1198 3516 beatitudinem
1229 3463 1636 3534 repromittens,
1661 3473 1716 3528 et
1741 3467 1792 3522 itt
1823 3467 1988 3524 corde
2013 3483 2114 3526 suo

518 3559 748 3606 caeteros
777 3551 1108 3622 dc<pieicus,
1135 3571 1234 3612 nec
1263 3569 1454 3626 [\lllaltS
1477 3573 1800 3630 quamquam
1825 3576 1950 3618 esse
1975 3579 2114 3635 prte-

521 3655 600 3698 ter
627 3659 708 3712 se,
741 3657 792 3700 et
821 3646 1006 3702 tliCens
1033 3667 1046 3700 ε
1073 3647 1184 3720 Ego
1205 3669 1340 3716 sunt,
1373 3661 1420 3704 ct
1449 3669 1548 3706 non
1579 3661 1652 3706 est
1683 3655 1790 3720 alia
1821 3665 2008 3726 printer
2037 3675 2114 3714 me

519 3737 656 3792 ultra
681 3755 698 3790 :
727 3739 1004 3808 quornodo
1037 3757 1164 3810 ergo
1193 3741 1330 3796 facta
1355 3755 1436 3798 eSt
1461 3745 1512 3798 in
1535 3745 1888 3812 solitudinem
1913 3763 2112 3820 pascua

519 3829 862 3886 bestiarum?
893 3831 990 3888 Ubi
1035 3833 1178 3888 enim
1213 3835 1364 3904 prius
1405 3835 1684 3894 habitabat
1719 3837 1902 3908 Pater,
1933 3849 1990 3900 et
2017 3841 2114 3898 Fi-

521 3921 624 3978 lius
655 3931 710 3978 et
751 3923 988 3992 Spiritus
1027 3935 1288 3990 sanctus,
1321 3939 1372 3984 et
1407 3929 1586 4000 angeli
1633 3931 1754 4000 ejus
1795 3933 2114 3992 ministeriis

525 4019 924 4088 praisidebant,
959 4031 1086 4076 tunc
1135 4021 1456 4078 ltabitahunt
1487 4025 1708 4094 bestim,
1739 4025 1808 4082 de
1831 4027 2028 4098 quibus
2057 4039 2114 4084 et

519 4112 780 4182 propheta
811 4115 1112 4184 complorat
1137 4117 1324 4172 dicens
1351 4135 1360 4170 :
1391 4117 1472 4172 Ne
1495 4119 1671 4176 tradas
1691 4119 1864 4182 bestiis
1887 4123 2114 4190 animant

517 4205 844 4274 conﬁtentem
885 4209 977 4264 tibi
1017 4209 1136 4282 (Ps.
1163 4227 1360 4278 tum,
1385 4211 1497 4282 19).
1525 4211 1716 4270 Omnis
1741 4215 1832 4286 qui
1861 4217 2114 4282 transibit

515 4313 610 4368 per
639 4313 790 4366 eam,
825 4301 1064 4356 sibilabit
1105 4313 1162 4358 et
1203 4305 1446 4366 movebit.
1477 4321 1668 4378 manus
1695 4323 1842 4366 suos.
1877 4309 2030 4378 Quod
2065 4311 2112 4368 si

511 4391 582 4446 de
603 4393 814 4462 angelis
847 4395 1302 4460 intellexerimus,
1329 4399 1396 4456 ita
1433 4399 1918 4472 interpretabimur
1945 4419 1958 4458 :
1989 4417 2110 4460 cum

515 4489 834 4542 transierint
867 4505 960 4558 per
989 4505 1108 4546 eam
1139 4493 1352 4564 angeli,
1377 4499 1434 4548 et
1469 4509 1576 4556 non
1605 4495 1906 4562 manserint
1933 4497 1986 4552 in
2019 4513 2103 4568 (η,

515 4589 574 4634 ttt
605 4579 754 4648 prius
777 4579 956 4638 facere
979 4593 1400 4652 consueverant,
1435 4587 1736 4656 stupebant
1757 4597 1810 4644 et
1831 4589 2110 4658 mirabatu-

515 4681 642 4728 tnr:
677 4683 732 4730 et
763 4690 868 4730 non
899 4691 1022 4730 eam
1057 4677 1308 4738 lnlcient.
1343 4687 1394 4732 et
1425 4679 1814 4748 sustentabant
1859 4693 2108 4750 ruentem

513 4783 676 4822 manu
705 4781 826 4836 sua,
855 4769 950 4824 sed
987 4769 1248 4826 levabant
1277 4785 1466 4826 manus
1495 4781 1552 4828 et
1583 4775 1976 4844 pertransient.
2013 4777 2112 4844 Vel

515 4871 664 4916 certe
691 4877 812 4916 cum
857 4863 1022 4918 sibilo
1053 4863 1308 4918 attollent
1337 4879 1552 4932 manus,
1581 4873 1636 4922 et
1663 4865 1818 4938 quasi
1849 4867 2112 4940 plangen-

515 4965 594 5012 tes
645 4957 698 5012 in
753 4973 964 5014 morem
1013 4959 1310 5028 lugentium
1355 4961 1786 5030 concrepabant.
1821 4961 1876 5018 Si
1923 4971 2108 5020 autem

511 5049 612 5104 hoc
641 5049 710 5106 de
737 5049 956 5108 diabolo
987 5059 1044 5106 et
1077 5051 1288 5122 angelis
1317 5051 1434 5122 ejus
1465 5051 1800 5118 voluerimus
1827 5055 2102 5126 accipere,

507 5143 596 5212 qui
625 5143 836 5196 vineam
859 5159 1096 5214 quoque,
1117 5159 1238 5214 qua:
1259 5143 1326 5200 de
1349 5143 1588 5216 .lEgyplo
1613 5146 1870 5214 translata
1903 5147 2100 5218 fuerat,

505 5243 856 5290 wstarcrunt
885 5253 898 5290 :
935 5237 1198 5302 dicemus,
1229 5253 1326 5308 per
1351 5239 1586 5294 animam
1617 5237 1688 5296 de
1717 5255 1821 5312 qua
1851 5239 2104 5300 Christus

503 5332 814 5400 recesserit,
840 5339 894 5386 et
915 5349 1034 5402 (ιιιίῐξ
1067 5335 1220 5404 prius
1247 5335 1508 5404 templum
1535 5333 1626 5388 Dei
1661 5333 1864 5402 fuerat,
1893 5345 1946 5390 et
1977 5350 2102 5396 esse

503 5423 734 5490 desivit,
767 5423 1002 5479 transire
1037 5433 1378 5494 Serpentem,
1403 5435 1460 5480 et
1485 5425 1706 5480 sibilare
1729 5425 1782 5480 in
1813 5441 1898 5496 ea,
1927 5437 1982 5482 et
2007 5444 2098 5484 ve-

569 5609 596 5640 α
637 5599 736 5656 Ms.
783 5597 1020 5668 Regin.,
1059 5597 1198 5666 quod
1243 5599 1440 5668 frustra
1479 5597 1714 5668 speciosa
1753 5611 1862 5654 esse
1909 5611 1964 5650 se
2007 5599 2098 5668 ja-

497 5679 952 5814 i‘elinl’ostrcmns
983 5741 1086 5796 iste
1119 5739 1426 5814 uersiculos
1445 5781 1460 5810 ,
1497 5737 1842 5812 Prteparare,
1871 5749 2014 5810 etc.,
2043 5741 2102 5814 in

497 5811 692 5882 chiu.
723 5827 826 5866 IIIS.
861 5815 946 5866 hic
975 5829 1080 5866 non
1117 5811 1370 5866 habetur.

2223 1863 2278 1916 in
2301 1881 2471 1920 triane.
2507 1863 2788 1936 Propltette
2813 1871 2924 1940 ejus
2957 1870 3162 1932 uesani,
3199 1869 3296 1924 uiri
3329 1869 3598 1940 inﬁdeles:
3625 1871 3782 1930 Sacer-

2225 1957 2368 2012 dotes
2395 1961 2510 2028 eius
2543 1961 2840 2026 polluerunt
2865 1971 3142 2030 sanctum,
3179 1963 3377 2030 injuste
3404 1973 3604 2034 egerunt
3637 1977 3782 2022 contra

2223 2051 2404 2124 legem.
2441 2051 2694 2110 Dominus
2713 2057 2894 2126 justus
2915 2056 2970 2110 in
2995 2057 3166 2110 medio
3191 2059 3306 2130 ejus
3327 2073 3430 2112 non
3457 2057 3608 2128 faciet
3627 2059 3784 2130 iniqui-

2223 2153 2398 2208 tatem.
2427 2145 2586 2202 Mane
2607 2163 2756 2202 mone
2779 2149 3042 2222 judicium
3067 2167 3220 2206 suum
3249 2151 3392 2206 dabit
3423 2153 3478 2206 in
3499 2157 3624 2218 luce,
3645 2163 3784 2208 etnon

2221 2239 2566 2296 nbscondetur
2583 2257 2602 2294 :
2625 2243 2836 2296 nescivit
2865 2251 3038 2298 autem
3063 2243 3272 2312 irrigans
3293 2245 3674 2316 confusionem:
3695 2247 3782 2302 dis-

2223 2333 2430 2404 perdidi
2459 2343 2666 2406 gentes,
2697 2347 2742 2390 et
2777 2337 3016 2409 dissipati
3039 2347 3160 2394 sunt
3183 2337 3368 2410 anguli
3397 2355 3574 2394 eorum
3603 2355 3622 2394 :
3643 2341 3786 2394 deser-

2221 2437 2300 2482 tas
2325 2427 2426 2498 feci
2455 2431 2558 2482 rias
2597 2445 2806 2492 eorum,
2841 2447 2900 2484 eo
2927 2431 3066 2502 quod
3103 2447 3204 2486 non
3231 2431 3418 2504 (Vulg.
3445 2431 3568 2488 dum
3593 2431 3704 2504 non]
3725 2443 3784 2490 est

2219 2525 2308 2594 qui
2337 2533 2570 2580 transeat
2603 2541 2622 2580 :
2653 2525 2904 2584 desolata?
2927 2535 3046 2584 sunt
3089 2527 3326 2586 civitates
3363 2543 3572 2594 eorum,
3601 2545 3690 2582 non
3721 2545 3786 2582 re-

2221 2627 2456 2674 manente
2477 2619 2610 2684 viro,
2639 2635 2800 2688 neque
2829 2621 2938 2674 ullo
2961 2619 3272 2676 habitatore.
3315 2619 3442 2680 Dixi
3461 2661 3476 2684 ,
3501 2629 3708 2676 attamen
3735 2623 3786 2676 ti.-

2219 2711 2380 2766 mebis
2407 2727 2506 2780 me,
2541 2713 2788 2780 suscipies
2823 2713 3180 2782 disciplinam,
3215 2725 3262 2768 et
3291 2731 3396 2768 non
3421 2715 3598 2786 peribit
3619 2715 3786 2768 habita-

2219 2803 2394 2858 culum
2425 2807 2536 2876 ejus
2577 2817 2790 2876 propter
2819 2809 2994 2862 omnia
3029 2809 3082 2862 in
3111 2809 3296 2878 quibus
3327 2809 3528 2864 visitavi
3555 2825 3676 2864 eam.
3707 2809 3784 2864 l'e-

2219 2909 2506 2954 rumtamen
2537 2901 2770 2956 diluculo
2799 2911 3066 2974 surgentes
3095 2911 3442 2970 corruperunt
3485 2917 3646 2960 omnes
3671 2903 3784 2974 rogi-

2219 2995 2438 3050 tatioucs
2465 3011 2612 3050 suas.
2657 2993 2802 3052 LXX
2829 3013 2842 3048 :
2873 2995 2918 3050 0
2947 2997 3170 3052 illustris
3209 3007 3258 3052 et
3299 2999 3564 3070 redempta
3603 2997 3780 3064 cit-ilus,

2217 3087 2458 3144 columba
2485 3105 2592 3142 non
2619 3089 2816 3144 audiuit
2841 3103 3036 3156 uocem,
3061 3105 3166 3144 non
3193 3091 3422 3162 suscepit
3443 3091 3742 3162 disciplinam
3767 3107 3783 3146 :

2141 3153 2188 3218 Ο
2221 3181 2272 3236 in
2303 3179 2530 3238 Domino
2557 3199 2662 3240 non
2691 3193 2764 3238 est
2797 3185 3018 3252 conﬁsa,
3045 3191 3094 3238 et
3125 3185 3194 3244 ad
3225 3183 3507 3242 Dominum
3537 3201 3672 3240 suum
3703 3199 3784 3238 non

2220 3279 2680 3348 appropinquabit.
2719 3276 2998 3348 Principes
3039 3283 3152 3352 ejus
3189 3281 3244 3334 in
3279 3295 3344 3336 ea
3385 3279 3542 3334 ueluti
3565 3267 3784 3352 rttgienles

2219 3369 2392 3424 leones
2425 3387 2442 3424 :
2463 3369 2674 3444 judiccs
2695 3375 2806 3446 ejus
2829 3373 2964 3426 sicut
2991 3373 3100 3444 lupi
3125 3373 3356 3438 Arabiw,
3381 3375 3484 3430 non
3505 3371 3782 3428 dimittebant

2217 3464 2272 3520 in
2297 3481 2448 3520 mane
2475 3481 2493 3518 .'
2523 3463 2790 3534 prapltette
2823 3467 2932 3538 ejus
2961 3477 3230 3538 portantes
3259 3467 3536 3536 spiritum,
3567 3467 3652 3522 riri
3683 3481 3784 3518 cou-

2219 3565 2494 3624 temptores
2517 3571 2536 3612 :
2563 3555 2878 3612 Sacerdotes
2901 3559 3014 3630 ejus
3055 3557 3296 3628 polluant
3337 3567 3520 3612 sancta
3541 3599 3554 3620 ,
3587 3567 3630 3612 et
3655 3553 3784 3622 impie

2217 3659 2378 3720 agunt
2409 3649 2460 3702 in
2489 3649 2690 3720 legem:
2721 3647 2974 3704 Dominus
3003 3659 3178 3704 autem
3189 3651 3376 3722 justus
3407 3651 3458 3704 in
3495 3651 3654 3704 medio
3673 3651 3780 3716 ejus,

2215 3749 2264 3794 et
2287 3755 2388 3794 non
2423 3741 2580 3812 faciet
2619 3741 2964 3812 iniquitatem.
3001 3739 3158 3796 Mane
3189 3759 3342 3796 mane
3377 3741 3632 3812 judicium
3659 3755 3782 3794 suum

2217 3835 2360 3888 dabit
2385 3835 2438 3890 in
2469 3836 2604 3902 luce,
2629 3843 2676 3888 et
2705 3851 2808 3888 non
2839 3843 2912 3890 est
2937 3833 3292 3902 absconditus,
3311 3845 3362 3890 et
3395 3837 3548 3890 nescit
3571 3833 3782 3904 iniquita-

2217 3937 2314 3982 tem
2339 3927 2392 3980 in
2415 3927 2706 3996 exactione,
2733 3943 2824 3982 nec
2847 3929 2900 3982 in
2941 3927 3310 3996 sempiternum
3333 3927 3644 3999 injustittam
3671 3925 3780 3978 :de-

2217 4023 2355 4080 traxi
2383 4021 2652 4094 superbos,
2695 4021 2942 4090 dissipati
2969 4029 3092 4076 sunt
3121 4021 3302 4092 anguli
3327 4037 3506 4076 eorum
3535 4037 3554 4074 :
3579 4017 3780 4074 destrusi

2213 4117 2322 4172 rias
2347 4131 2524 4170 eorum
2553 4125 2610 4168 ut
2651 4115 2854 4184 penitus
2895 4129 2998 4170 non
3027 4123 3290 4174 transeant
3317 4129 3336 4168 :
3363 4113 3654 4184 defecerunt
3681 4109 3780 4164 civi-

2217 4217 2346 4264 tates
2393 4225 2590 4276 corum,
2635 4225 2696 4264 eo
2737 4209 2876 4280 quod
2923 4209 3098 4264 nullus
3127 4209 3446 4276 subsisteret,
3479 4223 3632 4280 neque
3659 4203 3780 4260 babi-

2217 4311 2372 4358 toret.
2413 4299 2580 4370 Dixi,
2635 4311 2986 4358 verumtamen
3017 4301 3264 4362 timebitis
3303 4317 3419 4368 me,
3459 4309 3505 4358 et
3531 4297 3780 4368 suscipiatis

2215 4395 2578 4466 disciplinam,
2607 4407 2654 4454 et
2701 4413 2806 4452 non
2853 4397 3084 4466 peribitis
3131 4395 3200 4450 de
3241 4397 3406 4450 oculis
3451 4397 3560 4466 ejus
3597 4397 3646 4452 in
3693 4409 3778 4446 ont-

2219 4491 2366 4546 nibns
2407 4491 2462 4546 itt
2489 4491 2674 4564 quibus
2712 4491 2852 4550 ultus
2897 4507 3008 4554 sunt
3049 4507 3202 4564 super
3231 4507 3366 4546 eam.
3411 4489 3440 4530 δ
3473 4489 3778 4560 Pra’parm.

2215 4603 2468 4656 consurge
2493 4585 2728 4644 diluculo
2757 4601 2774 4640 :
2807 4587 3156 4654 disperierunt
3187 4603 3366 4644 attines
3393 4585 3584 4642 recenti
3611 4597 3776 4638 eorum.

2215 4681 2362 4738 Multi
2397 4689 2586 4750 putant
2619 4691 2842 4754 propter
2885 4681 3338 4752 consequentiam
3385 4679 3656 4744 sermonis
3689 4673 3778 4728 diei

2211 4774 2500 4840 adversum
2525 4773 2756 4830 Ninivcn
2783 4815 2798 4842 ,
2841 4773 2912 4830 de
2939 4789 3042 4844 qua
3075 4787 3240 4844 supra
3273 4789 3286 4826 :
3323 4769 3394 4828 Et
3433 4771 3604 4842 perdet
3641 4769 3772 4838 Assy-

2209 4869 2364 4934 rium,
2391 4877 2438 4922 et
2467 4877 2618 4940 ponet
2651 4867 2874 4924 Niniuen
2901 4867 2954 4920 in
2985 4865 3344 4928 solitudinem.
3375 4865 3484 4920 Sed
3519 4871 3778 4928 numquam

2211 4961 2494 5030 Scriptura
2531 4961 2758 5028 Niniven
2805 4959 3118 5014 columbam
3171 4969 3390 5014 voearet
3423 4975 3436 5012 :
3475 4955 3592 5012 licet
3627 4955 3674 5008 in
3699 4951 3776 5006 ie.

2213 5057 2414 5122 rentia,
2441 5071 2474 5110 α
2513 5055 2648 5126 facie
2689 5053 2856 5126 gladii
2901 5053 3152 5108 columba:
3191 5051 3262 5108 de
3305 5047 3780 5106 Nabuchodonositr

2209 5149 2430 5222 quidam
2461 5149 2668 5216 dictum
2703 5157 2894 5222 putent
2927 5145 3062 5218 (λεν.
3087 5147 3202 5218 xv).
3227 5145 3338 5208 Sed
3363 5143 3636 5202 sciendum
3657 5135 3778 5210 quod

2209 5245 2300 5298 alii
2331 5241 2646 5300 econtrario
2677 5251 2956 5306 asserunt,
2995 5255 3094 5312 pro
3131 5241 3390 5310 columba,
3423 5239 3496 5296 ibi
3529 5249 3678 5308 posse
3707 5233 3776 5284 itt-

2209 5337 2376 5408 tclligi
2403 5337 2568 5410 716
2589 5347 2610 5374 ο
2635 5333 2872 5398 Ἐλλάδα,
2897 5333 3068 5402 idest,
3093 5331 3370 5396 Grtecium,
3405 5339 3464 5386 ut
3491 5329 3560 5384 sit
3589 5333 3776 5386 sensus,

2205 5449 2238 5485 a
2265 5431 2394 5503 facie
2420 5431 2584 5502 gladii
2611 5427 2774 5498 Jona,
2797 5429 2848 5484 id
2877 5439 2982 5496 est,
3003 5445 3036 5482 α
3061 5429 3196 5498 facie
3215 5427 3384 5498 gladii
3405 5425 3602 5480 Grauia
3624 5437 3640 5474 :
3660 5421 3776 5474 .loua

2281 5609 2302 5636 ο
2333 5595 2478 5654 idem
2503 5613 2608 5652 ms.
2629 5595 2823 5658 elaam,
2843 5595 2931 5660 qui
2961 5603 3016 5648 et
3039 5593 3228 5670 verba,
3253 5609 3286 5646 a
3309 5591 3440 5662 facie
3459 5587 3618 5670 gladii
3635 5583 3774 5670 lotio,

2247 5651 2600 5726 rtcter‘mittit.
2640 5651 2896 5722 Proxime
2933 5651 3280 5740 superiorem
3309 5651 3696 5740 expositionem
3721 5651 3774 5704 dc

2247 5685 2600 5726 Ρωιθηιὶιιιιι.
2643 5685 2896 5722 Ι¹ῙὉΧΙΙΠΕ
2933 5685 3280 5736 ευρθηυινρῐιι
3317 5685 3696 5740 εκμιιδιιιγιηειιι
3721 5685 3774 5704 un

2207 5685 2712 5802 Rabnchodonosot‘
2747 5741 2862 5808 ipse
2907 5741 3102 5812 probat
3147 5737 3510 5812 iiit‘l‘Ollilllus
3555 5745 3602 5812 tn
3639 5725 3774 5812 ρῼινιξ·

2209 5823 2380 5872 ment.
2427 5813 2480 5870 in
2515 5797 2722 5870 lerem.
2755 5797 2876 5882 cap.
2909 5797 3040 5874 'xxv,
3079 5809 3134 5866 in
3169 5807 3274 5866 line
3305 5825 3318 5862 :
3351 5797 3476 5862 Non
3503 5797 3768 5862 mirabitur,
