4028 6342
217 351 356 408 1573

963 343 1618 404 ΟΟἋΜΕΝΤΑΗΙΟΒΙῙΙΙ
1658 343 1726 402 IN
1763 341 2158 402 SOPHONIAM
2199 341 2426 400 LIBER.
2469 341 2626 398 CAP.
2671 343 2756 400 Ill.

3379 341 3516 400 1374

209 465 356 522 enim
381 471 490 522 tam
519 461 830 520 columbam
859 475 1020 532 quam
1047 459 1312 518 Greciam
1335 455 1630 530 signiﬁcat.
1653 457 1810 516 Unde
1837 461 1884 524 Α
1919 465 2206 528 postquam
2239 455 2344 516 hoc
2365 455 2492 524 feci,
2523 457 2646 512 misi
2681 457 2978 530 prophetas
3005 472 3158 514 meos
3173 471 3516 528 consurgens

209 567 270 614 et
297 573 472 628 usque
505 555 666 614 hodie
693 554 870 612 Graeci
897 553 1086 620 Jones,
1119 559 1174 608 et
1201 567 1352 610 mare
1379 551 1688 622 appellatur
1711 551 1810 608 Jo-

209 653 396 718 nium,
433 659 490 708 et
525 649 666 720 apud
699 647 960 706 llebratos
981 657 1270 718 permanet
1299 659 1490 702 eorum
1525 655 1682 702 vetus
1713 661 1810 702 vo-

211 742 492 800 cabulum.
531 739 640 798 Sed
689 749 746 796 ct
784 739 1058 810 principes
1097 737 1332 798 Romani
1373 735 1514 808 apud
1547 737 1814 794 barbaras

203 837 462 894 nationes
507 835 792 908 antiquum
833 831 1162 892 vocabulum
1197 833 1530 900 retinentes,
1563 829 1814 892 Caesares.

201 929 574 1000 appellantur.
605 927 795 984 Omnis
835 927 1018 996 itaque
1053 939 1244 984 contra
1277 925 1582 980 Jerusalem
1623 939 1814 982 sermo

203 1029 292 1080 est
319 1037 336 1078 :.
369 1019 462 1076 Vae
487 1020 678 1076 civitas
701 1017 976 1090 quondam
999 1019 1280 1080 columba.
1307 1031 1528 1086 semper
1553 1033 1810 1086 peccans,

203 1123 264 1170 et
291 1112 700 1186 captivitatibus
735 1111 954 1180 tradita,
989 1121 1042 1166 et
1071 1125 1290 1168 rursum
1323 1109 1602 1180 redempta
1637 1124 1666 1162 a
1697 1109 1811 1164 Do-

203 1205 378 1264 mino.
413 1203 504 1260 Vae
535 1203 728 1260 civitas
777 1203 1124 1276 provocatrix
1161 1221 1172 1256 :
1213 1201 1358 1274 quod
1409 1201 1812 1272 signiﬁcantius

203 1297 480 1356 llebraice
527 1296 728 1354 dicitur
785 1311 932 1354 uana
979 1296 1256 1364 (nu-Di,
1315 1295 1366 1350 id
1415 1303 1524 1360 est.
1571 1317 1812 1374 παραπι-

201 1393 490 1468 κραίνουσα
515 1389 688 1462 :quod
715 1403 814 1446 nos
837 1403 1128 1462 possumus
1153 1387 1360 1454 dicere,
1377 1387 1548 1442 Deum
1563 1403 1810 1450 amarum

205 1482 436 1548 faciens,
467 1483 520 1538 id
549 1493 654 1548 est,
683 1493 776 1538 tuo
797 1481 931 1540 vitio
959 1483 1174 1538 dulcem
1207 1481 1488 1536 Dotninum
1517 1491 1680 1552 atque
1702 1479 1810 1536 cle-

209 1585 456 1632 mentem
499 1583 718 1632 vertens
765 1573 816 1630 in
845 1573 1296 1642 amaritudinem,
1337 1583 1396 1628 ut
1437 1575 1526 1644 qui
1561 1573 1814 1632 misereri

201 1669 354 1734 vult,
391 1667 590 1738 punire
627 1677 870 1738 cogatur.
911 1667 1026 1724 Non
1077 1667 1288 1724 audivit
1331 1677 1662 1738 praereptura
1707 1667 1814 1722 Do-

163 1829 168 1836 ε
205 1763 374 1830 mini,
399 1773 454 1818 et
485 1771 738 1834 correpta
769 1759 946 1822 noluit
975 1761 1258 1832 suscipere
1289 1761 1632 1830 disciplinam
1661 1775 1678 1826 ;
1709 1773 1812 1814 nec

1915 549 2180 618 diluculo,
2233 557 2290 606 et
2339 549 2406 608 ad
2441 549 2818 620 pmoitentiam
2864 565 3200 622 provocans,
3251 551 3514 622 dixique:

1915 643 2040 700 Feci
2073 641 2296 714 quidem
2325 643 2418 700 tibi
2455 643 2592 710 haec,
2627 659 2662 698 ο
2705 643 3036 718 Jerusalem,
3089 645 3188 700 sed
3223 645 3324 702 ieci
3357 653 3418 700 ut
3449 645 3516 702 ti-

1917 753 2226 804 mercsme,
2257 747 2314 792 et
2345 739 2664 808 susciperes
2691 739 3062 808 disciplinam,
3093 749 3146 796 et
3179 755 3288 796 non
3313 739 3518 810 periret

1917 829 2286 888 habitaculum
2309 839 2484 900 tuum,
2519 829 2628 886 hoc
2679 841 2784 898 est,
2815 831 3100 904 templum,
3151 839 3376 902 propter
3399 845 3520 888 om-

1917 927 2002 982 nia
2035 925 2240 982 scelera
2271 941 2392 996 qum
2421 941 2693 996 gesseras.
2721 925 2794 982 At
2813 925 3150 992 eoontrario,
3177 925 3518 982 habitatores

1913 1018 2246 1086 Jerusalem,
2307 1035 2396 1076 me
2437 1033 2534 1074 eos
2586 1019 2654 1074 ad
2719 1021 3094 1088 pmnitentiam
3151 1027 3512 1090 provocante,

1915 1112 2072 1184 quasi
2099 1111 2168 1168 de
2197 1109 2464 1168 industria
2513 1121 2570 1168 et
2599 1127 2666 1170 ex
2708 1111 3066 1168 contentione
3113 1111 3358 1166 diluculo
3397 1127 3522 1172 sur.

1915 1215 2202 1272 rexerant,
2237 1213 2294 1264 ut.
2345 1203 2696 1266 festinatione
2725 1219 2832 1276 qua
2861 1203 2926 1260 ad
2961 1219 3050 1260 me
3105 1203 3286 1260 redire
3311 1203 3520 1260 dcimo—

1913 1307 2038 1356 rant
2069 1295 2412 1366 complerent
2453 1311 2648 1358 omnes
2697 1293 3056 1366 cogitationes
3087 1309 3239 1364 suas,
3271 1304 3324 1350 et
3351 1311 3520 1366 Opere

1915 1391 2380 1456 demonstrarent,
2403 1390 2546 1460 quod
2579 1397 2762 1446 mente
2795 1397 3184 1458 conceperant.
3213 1387 3326 1444 lloc
3359 1389 3516 1458 juxta

1917 1485 2268 1544 llehraicum.
2299 1483 2572 1544 (lictorum
2625 1483 2852 1540 illustris
2901 1491 2956 1540 et
2987 1483 3268 1552 redempta
3323 1483 3518 1540 civitas

1913 1579 2116 1638 Christi
2169 1577 2458 1648 sanguine,
2489 1577 2650 1648 juxta
2681 1575 2968 1648 superiora
3001 1575 3296 1648 perspicue
3327 1575 3520 1632 Eccle-

1914 1673 1992 1728 sia
2027 1671 2374 1740 intelligitur,
2429 1685 2550 1742 qote
2599 1679 2656 1732 et
2699 1681 2928 1726 vocatur
2975 1669 3256 1736 columba,
3293 1679 3520 1740 propter

1915 1765 2324 1836 simplicitatem
2373 1764 2742 1822 multitudinis
2793 1765 2844 1824 in
2873 1781 2934 1820 ea
2989 1765 3350 1824 credentium.
3391 1767 3516 1822 lla-e

205 1855 590 1924 prementibus
619 1855 780 1912 malis
810 1855 1106 1924 aliquando
1137 1853 1346 1912 conlisa
1379 1863 1462 1910 est
1496 1855 1548 1910 in
1575 1853 1810 1910 Domino
1841 1851 1888 1914 B
1919 1873 2022 1912 non
2069 1855 2276 1914 audivit
2321 1869 2510 1912 vocem
2567 1855 2824 1924 Domini,
2875 1873 3054 1926 neque
3098 1857 3383 1928 suscipere
3413 1873 3512 1912 vo-

205 1951 326 2006 Deo
355 1965 498 2014 suo;
545 1963 644 2006 nec
669 1947 970 2004 ambulavit
997 1957 1124 2020 post
1153 1957 1364 2018 tergum
1397 1949 1518 2020 ejus
1545 1967 1558 2016 ;
1597 1965 1694 2004 nec.
1727 1947 1808 2002 di—

199 2053 368 2102 cente
403 2059 470 2100 eo
507 2059 520 2097 :
557 2041 670 2116 Ego
705 2041 966 2100 Dominus
1003 2043 1460 2116 appropinquans,
1505 2053 1554 2096 et
1601 2059 1702 2096 non
1745 2041 1810 2100 dc

201 2137 360 2210 longe
383 2135 520 2212 (Jer.
549 2151 682 2194 χχιιι
705 2177 720 2202 ,
751 2135 872 2208 ‘25),
911 2137 1024 2208 ipsa
1057 2137 1106 2192 ei
1139 2135 1578 2206 appropinquare
1609 2133 1806 2192 voluit.

205 2229 608 2290 Describuntur
654 2243 873 2300 quoque
905 2229 1186 2304 principes
1215 2227 1332 2298 ejus
1353 2269 1370 2294 ,
1411 2237 1460 2284 et
1491 2227 1726 2296 judices,
1755 2237 1812 2284 et

205 2321 518 2390 protthette,
554 2329 610 2380 et
641 2321 980 2386 sacerdotes,
1009 2329 1070 2378 ut
1101 2321 1154 2376 in
1185 2321 1408 2376 civitate
1437 2319 1722 2392 populum,
1755 2327 1812 2382 ct,

203 2415 258 2470 in
291 2413 382 2478 his
407 2429 526 2488 qua:
556 2413 688 2478 dixi,
711 2413 1026 2470 nominibus
1047 2413 1400 2484 dignitatum,
1427 2413 1700 2484 principes
1721 2427 1812 2466 ac-

203 2507 497 2580 cipiamus.
535 2505 814 2578 Principes
845 2507 1008 2578 igitur
1034 2507 1154 2578 ejus
1185 2507 1340 2578 quasi
1373 2505 1558 2562 leones
1591 2521 1810 2576 semper

209 2602 574 2660 versabantur
596 2602 648 2658 in
671 2603 890 2674 prmtiis,
910 2611 962 2658 et
989 2603 1054 2656 ad
1083 2601 1465 2658 effundendum
1487 2601 1808 2670 sanguinem

203 2693 578 2764 subiectorum
609 2711 622 2752 :
651 2693 866 2762 judices
893 2693 1009 2768 ejus
1045 2707 1301 2766 rapaces,
1333 2709 1440 2750 non
1473 2693 1809 2748 diutittcntes

203 2787 328 2840 aliis
359 2783 504 2858 quod
539 2787 748 2860 possint
771 2801 986 2856 rapere.
1017 2785 1303 2856 Pr0phetac
1327 2785 1443 2856 ejus
1473 2787 1808 2858 insanientes,

203 2881 324 2934 sive
355 2889 640 2954 stupentes.
675 2879 820 2950 quod
861 2879 1126 2936 Hebraice
1164 2879 1369 2934 dicitur
1399 2891 1420 2916 ιι
1463 2896 1720 2946 ruonztu,
1755 2889 1812 2936 ct

207 2973 400 3048 Aquila
433 2971 710 3028 transtulit
735 2973 760 3011 ιδ
793 2975 1078 3048 θαμϐευταὶ
1099 3019 1112 3042 ,
1145 2973 1512 3044 loquebantur
1557 2979 1704 3046 quasi
1741 2991 1808 3034 ex

203 3081 302 3120 ore
327 3065 564 3134 Domini,
588 3075 642 3128 et
663 3069 847 3122 omnia
871 3077 1064 3124 contra
1093 3067 1380 3124 Dominum
1411 3067 1804 3142 praedicabant.

203 3159 534 3216 Sacerdotes
555 3159 608 3216 in
633 3163 754 3216 loco
771 3163 1072 3218 sanctuarii
1091 3163 1420 3220 commisere
1437 3163 1804 3236 sacrilegium,

1917 1949 2020 2012 luit
2039 1945 2408 2016 disciplinam,
2437 1961 2536 2002 nec
2559 1947 2764 2002 conlisa
2785 1959 2868 2004 est
2899 1949 2954 2004 in
2989 1949 3244 2018 Domino,
3267 1949 3390 2020 quia
3417 1965 3514 2004 no-

1917 2041 2016 2098 luit
2067 2043 2506 2114 appropinquare
2561 2041 2628 2096 ad
2685 2041 2978 2104 Dominum
3033 2043 3204 2100 Deum
3241 2059 3422 2112 suum,
3457 2053 3518 2102 ttt

1917 2143 2218 2196 mereretur
2239 2133 2454 2192 veniant
2489 2143 2864 2208 peccatorum.
2912 2135 3138 2194 Frustra
3191 2137 3336 2192 enim
3389 2139 3514 2210 quis

1915 2241 2104 2282 vocem
2141 2227 2352 2284 Domini
2381 2227 2474 2282 Dei
2517 2227 2600 2282 sui
2631 2227 2824 2288 audire
2847 2243 2908 2286 se
2937 2227 3092 2298 dicit,
3129 2237 3182 2286 ct
3231 2229 3514 2286 conlidere

1911 2321 1966 2376 in
1999 2321 2260 2390 Domino,
2293 2319 2514 2392 quando
2537 2322 2798 2392 operibus
2831 2321 2990 2378 [idem
3021 2325 3282 2390 dc~truit,
3317 2333 3371 2378 et
3401 2339 3518 2380 ma-

1913 2415 1994 2486 gis
2039 2431 2366 2472 mammona:
2417 2417 2664 2486 jungitur
2694 2431 2855 2488 quam
2901 2416 3134 2476 Domino
3165 2417 3272 2472 Deo
3305 2433 3426 2482 suo,
3459 2427 3518 2474 et

1915 2509 2116 2580 duplici
2161 2509 2330 2566 corde
2379 2509 2592 2566 accedit
2621 2509 2688 2566 ad
2742 2525 2892 2576 eum,
2927 2509 3216 2566 ctduubus
3247 2511 3514 2580 Dominis,

1917 2605 2120 2660 smeulo
2151 2615 2204 2658 et
2255 2603 2364 2658 Deo
2394 2603 2628 2660 militare
2663 2617 2822 2674 posse
2851 2617 2912 2658 se
2933 2603 3132 2658 credit.
3163 2603 3334 2674 llujus
3367 2605 3518 2674 prin-

1917 2698 2066 2768 cipes
2108 2705 2238 2752 sunt
2275 2695 2420 2754 sicut
2463 2695 2652 2752 leones
2697 2695 3003 2766 rugientes.
3045 2695 3162 2752 Non
3195 2697 3520 2768 ambigimus

1913 2793 1982 2848 dc
2029 2791 2208 2860 rugitu
2241 2791 2466 2846 leonum
2515 2799 2570 2846 et
2611 2789 3152 2860 discursmquando
3203 2789 3502 2846 viderimus

1919 2885 2188 2956 principes
2221 2885 2338 2954 eius
2367 2883 2436 2938 ita
2477 2885 2528 2936 in
2563 2885 2842 2954 Subjectos
2887 2883 3116 2952 populos
3145 2883 3428 2950 detonare,
3461 2893 3518 2940 et.

1919 2993 1998 3032 vo:
2021 2993 2050 3032 c
2083 2979 2358 3050 tyrannica
2393 2977 2703 3046 rabidisque
2753 2975 3024 3032 conviciis
3075 2977 3286 3044 plebem
3319 2987 3516 3032 conte-

1917 3085 2060 3134 rere,
2087 3081 2145 3124 ut
2175 3084 2280 3124 non
2311 3077 2588 3138 pastorem
2615 3067 2670 3122 in
2696 3067 3164 3144 gregeﬂlﬂsed
3199 3069 3410 3132 leonem
3435 3069 3517 3124 itt-

1917 3171 2000 3222 ter
2049 3161 2296 3216 oviculas
2359 3170 2516 3230 putes
2549 3161 2826 3218 frendere.
2865 3161 3090 3218 .Iudices
3129 3177 3345 3232 quoque
3397 3163 3518 3232 ejus

207 3266 256 3310 et
283 3271 408 3310 cum
437 3263 628 3312 contra
661 3257 830 3326 legem
865 3257 1128 3322 facerent,
1161 3273 1226 3316 ex
1261 3257 1376 3328 lege
1401 3259 1650 3314 victimas
1681 3259 1814 3314 oll'c-
1841 3251 1886 3314 C
1917 3255 2070 3326 quasi
2113 3255 2218 3324 lupi
2255 3254 2488 3322 Arabiae,
2525 3255 2842 3316 occidentes
2867 3269 3120 3328 veSpere,
3153 3265 3206 3310 et
3239 3255 3314 3310 nil
3345 3257 3512 3312 relin-

207 3351 420 3404 rebant.
453 3349 750 3420 Propterea
779 3351 906 3422 quia
939 3351 1014 3406 illi
1045 3359 1272 3422 egerunt
1299 3351 1520 3422 injuste,
1545 3351 1810 3408 Dominus

203 3447 384 3518 juntus
411 3463 518 3504 non
551 3449 710 3504 lacict
733 3447 1108 3524 iniquitatem;
1135 3449 1230 3504 sed
1259 3449 1514 3504 restituet
1547 3449 1664 3504 urbi
1691 3465 1810 3520 pes-

207 3541 358 3596 simre
381 3555 502 3612 qute
528 3549 790 3598 meretur.
821 3541 998 3610 Mane,
1025 3559 1192 3610 mane,
1225 3542 1274 3598 id
1307 3554 1410 3608 ρει,
1443 3543 1728 3598 manifeste
1756 3551 1810 3600 et

205 3633 412 3704 absque
473 3633 630 3710 717
661 3633 838 3712 aliqua
870 3633 1226 3706 ambiguitate
1257 3633 1418 3690 faciet
1457 3637 1524 3690 de
1557 3649 1620 3690 ea
1663 3637 1810 3704 judi-

205 3727 600 3790 cium,neccrit
615 3725 758 3796 quod
779 3729 932 3784 abeo
947 3729 1116 3800 possit
1137 3727 1418 3782 abscondi.
1441 3727 1500 3784 Et
1523 3727 1626 3784 hoc
1647 3727 1808 3784 t‘acict

205 3819 490 3888 Dominus,
525 3827 584 3874 ut
604 3829 852 3892 correpta
875 3821 1066 3877 civitas
1114 3833 1466 3880 convertatur
1491 3823 1556 3878 ad
1589 3823 1806 3878 melius.

205 3913 310 3966 Sed
337 3913 558 3984 iniquus
585 3911 754 3968 lsracl
781 3927 888 3970 non
925 3913 1180 3984 cognovit
1209 3915 1590 3970 confusionem
1623 3931 1802 3984 suam,

205 4018 306 4060 nec
333 4003 602 4060 intellexit
649 4004 858 4060 idcirco
897 4003 1002 4060 sibi
1065 4005 1242 4062 illatas
1281 4005 1486 4076 plagas,
1517 4015 1576 4060 ut
1619 4015 1807 4078 ageret

205 4095 896 4168 pmnitentiamNindicavi
927 4105 1000 4162 te,
1027 4097 1202 4170 inquit
1225 4106 1412 4168 postea
1437 4099 1504 4154 de
1527 4099 1802 4172 gentibus,

203 4197 256 4244 et
301 4189 548 4244 destruxi
581 4187 812 4258 imperia
869 4205 1082 4258 earum,
1117 4199 1176 4244 ut
1227 4193 1316 4262 qui
1371 4208 1468 4260 per
1497 4193 1685 4262 plagas
1719 4209 1802 4250 Ille

205 4297 314 4336 non
349 4295 629 4346 senseras,
659 4283 852 4338 saltem
887 4298 984 4354 per
999 4283 1260 4340 benclicia
1295 4299 1682 4356 cognosceres.
1709 4287 1804 4346 Vel

201 4385 350 4430 certe
379 4375 456 4430 sic
489 4373 910 4446 intelligendum
944 4393 958 4429 :
987 4375 1292 4446 DiSperdidi
1327 4393 1516 4434 omnes
1553 4379 1804 4436 civitates

201 4477 346 4535 tuas,
381 4483 414 4524 ο
445 4465 606 4534 Juda,
643 4477 698 4524 et
744 4483 936 4525 omnes
981 4469 1262 4540 subjectos
1293 4471 1388 4526 tibi
1421 4487 1588 4542 pagos
1620 4481 1672 4526 et
1705 4475 1804 4526 tri-

199 4559 326 4628 bus,
359 4567 416 4614 et
441 4557 664 4616 diversa
695 4563 952 4630 conlinia,
987 4573 1040 4618 et
1073 4571 1224 4618 tanta
1257 4561 1536 4620 hominum
1572 4567 1800 4624 vastitas

1915 3357 2146 3418 quentes
2169 3347 2222 3404 in
2253 3363 2454 3403 mane:
2487 3363 2594 3404 non
2649 3347 2988 3418 aspicientes
3032 3347 3096 3402 ad
3127 3357 3304 3404 ortum
3355 3349 3510 3416 solis,

1913 3443 2006 3498 sed
2040 3451 2322 3498 morantes
2345 3457 2564 3512 semper
2593 3443 2928 3510 intenebris,
2963 3451 3016 3498 et
3051 3443 3518 3512 possessiuncnlas

1913 3535 2196 3600 Ecclesia),
2227 3547 2278 3590 et
2329 3551 2390 3598 ca
2419 3551 2542 3612 qum
2593 3536 2644 3594 in
2685 3535 2778 3600 Dei
2841 3535 3066 3598 (lmiaria
3123 3537 3508 3604 conteruntur,

1913 3635 2190 3682 ro-rtcntcs
2217 3627 2268 3682 in
2301 3627 2510 3690 lucrum
2544 3641 2728 3694 suum,
2757 3636 2814 3692 ut
2842 3641 2950 3682 non
2985 3627 3218 3682 habeant
3243 3643 3517 3698 pauperes

1911 3721 2054 3790 quod
2101 3737 2258 3776 mane
2302 3723 2612 3790 comedant,
2643 3723 2736 3794 qui
2787 3723 2942 3792 quasi
2973 3725 3026 3780 in
3061 3733 3240 3790 nocte,
3275 3733 3328 3778 et
3361 3723 3511 3780 nullo

1913 3817 2148 3882 vidente,
2183 3819 2364 3872 omnia
2417 3817 2742 3888 populantur
2773 3837 2786 3882 ;
2821 3828 2874 3874 et
2913 3835 3036 3874 cum
3067 3819 3320 3888 luporum
3355 3833 3510 3874 more

1909 3919 2102 3966 cuncta
2135 3911 2414 3980 diripiant,
2449 3927 2516 3968 ne
2549 3927 2746 3982 parvos
2773 3913 2992 3984 quidem
3033 3913 3184 3968 cibos
3213 3911 3510 3982 indigenti-

1911 4005 2010 4060 bus
2071 4003 2478 4076 dcrelinquunt.
2515 4003 2804 4076 PrOphctm
2853 4007 3036 4072 etiam,
3073 4005 3124 4062 id
3157 4015 3241 4062 est
3271 4005 3518 4076 ltt‘lglsll‘i

1909 4097 2084 4168 quise
2115 4107 2298 4168 putant
2343 4097 2544 4152 docere
2577 4099 2832 4168 populos,
2867 4109 2924 4154 et
2973 4099 3042 4154 de
3066 4097 3364 4168 Scriptnris
3395 4112 3514 4154 ser-

1909 4191 2194 4256 mocinari,
2209 4191 2642 4270 πνευματσφὸροι,
2657 4191 2710 4256 id
2727 4199 2828 4256 est,
2845 4201 3106 4266 portantes
3129 4191 3516 4264 spiritutn,sive

1907 4285 2202 4362 spirituales
2254 4287 2332 4358 (et
2383 4289 2482 4344 hoc
2515 4291 2786 4366 εἰρωνικῶς
2835 4286 3168 4358 legendum)
3225 4293 3352 4340 sunt
3407 4285 3514 4342 viri

1907 4390 2316 4452 contemptores
2353 4397 2362 4432 :
2399 4395 2504 4444 non
2543 4381 2688 4436 enim
2739 4381 2960 4444 docere,
2993 4377 3088 4434 sed
3117 4379 3292 4432 facere
3325 4377 3378 4434 in
3409 4377 3508 4432 Ec-

1905 4475 2068 4530 clcsia
2095 4473 2374 4542 convenit,
2401 4489 2506 4536 non
2539 4473 2692 4530 lactis
2721 4473 2884 4526 verba
2910 4471 3216 4528 destruere.
3241 4469 3512 4526 Cancrum

1913 4579 1968 4624 tu
2020 4583 2142 4624 cum
2171 4567 2337 4632 alium
2367 4567 2588 4632 doceas,
2617 4575 2670 4620 et
2703 4567 2818 4636 ipse
2873 4581 2978 4622 non
3035 4563 3224 4634 iacias,
3259 4577 3366 4620 non
3399 4573 3506 4620 tam

199 4649 326 4724 fuit,
355 4663 414 4712 ut
441 4667 552 4708 non
600 4663 750 4710 esset
785 4655 876 4728 qui
907 4653 1182 4712 habitaret
1212 4654 1266 4710 in
1299 4657 1526 4712 urbibus
1575 4657 1715 4724 tuis;
1743 4669 1800 4714 et
1825 4655 1880 4718 D
1905 4661 2096 4718 doctor
2119 4675 2281 4742 quam
2315 4667 2664 4730 contemptor
2691 4657 2972 4714 vocandus
3001 4673 3084 4724 es,
3135 4658 3204 4714 de
3233 4673 3340 4728 quo
3369 4667 3423 4714 et
3449 4659 3502 4714 itt

197 4833 402 4902 inquit,
435 4831 728 4888 columbam
765 4831 981 4888 Domini
1025 4833 1248 4904 intelligi
1291 4831 1790 4904 Nabuchodonosor,

195 4907 288 4974 qui
315 4921 476 4972 supra
504 4921 620 4958 eum
649 4907 820 4960 vocari
843 4921 1048 4976 servam
1069 4905 1282 4960 Domini
1305 4905 1504 4976 legerit.

271 4987 298 5014 ει
335 4975 646 5032 Coulictam
679 4977 970 5038 lectionem
1003 4975 1248 5032 Grarcam
1285 4975 1372 5032 hic
1417 4977 1572 5032 nobis
1611 4977 1800 5032 obtru-

197 5047 336 5104 dunt
383 5061 598 5104 veteres
641 5047 956 5104 editiones:
993 5047 1208 5112 Erasm.
1254 5061 1308 5104 et
1353 5047 1578 5104 Mariam.
1613 5049 1802 5119 legunt

195 5121 342 5192 enim
377 5119 836 5192 ἓνθουσιαζόμινοι,
865 5120 1020 5192 cujus
1045 5121 1196 5174 Vocis
1229 5121 1438 5174 nullum
1483 5131 1660 5176 exstat
1705 5139 1798 5172 vc.-

195 5191 418 5262 stigium
462 5171 526 5245 in
580 5171 862 5246 codicibus
901 5171 1034 5246 niss.
1099 5193 1190 5262 qui
1247 5193 1502 5247 distincte
1561 5195 1804 5248 retinent

195 5261 408 5338 Aquila:
439 5263 766 5338 lectionem,
789 5277 984 5338 nempe
1007 5261 1200 5336 θαμειαὲ
1221 5309 1236 5332 ,
1281 5263 1394 5338 sive
1419 5267 1652 5338 θαμπταὶ
1675 5279 1798 5338 cum

195 5357 236 5392 π
279 5335 332 5390 in
375 5335 590 5402 medio,
623 5335 768 5404 quod
817 5335 1146 5390 elementum
1185 5337 1454 5392 omissum
1485 5335 1698 5390 vnletur
1731 5337 1798 5390 ab

195 5405 436 5476 antiquis
481 5407 912 5474 exscriptoribns
951 5407 1150 5476 linguae
1181 5407 1386 5462 Graeca:
1433 5425 1652 5476 prorsus
1695 5412 1796 5462 illl-

195 5479 410 5546 peritis.
433 5481 680 5552 Θαμπταί
686 5493 862 5552 porro
883 5487 1170 5550 stupentes,
1197 5477 1250 5552 id
1273 5489 1360 5532 est
1380 5480 1694 5532 insanientes
1717 5481 1798 5532 til-

196 5559 398 5603 cuntur
423 5549 652 5622 propter
681 5549 918 5622 furorem
949 5549 1004 5604 et
1037 5549 1300 5603 insaniam
1353 5553 1797 5622 pseudrprOphe-

199 5629 376 5674 tarum
403 5633 462 5676 et
489 5619 744 5676 similium
769 5621 1030 5676 falsorum
1061 5622 1368 5676 doctorum.
1403 5619 1581 5676 Mauri
1669 5619 1700 5684 ί

265 5689 294 5730 ¹³
339 5691 492 5746 llanc
517 5706 728 5764 vocem,
751 5693 1070 5764 Θαμϐευταὶ,
1091 5691 1294 5748 codicis
1317 5693 1538 5764 Regina:
1562 5695 1792 5764 monitu,

199 5761 372 5818 facem
413 5763 736 5834 prmfcrente
775 5761 1180 5820 Muntl‘auronio
1221 5765 1270 5818 in
1313 5761 1603 5832 lleiaplis,
1637 5761 1800 5820 resti-

197 5835 420 5892 tuimus.
453 5835 728 5904 Scriptum
759 5851 956 5906 nempe
987 5837 1060 5892 ita
1093 5837 1424 5902 invenimus,
1453 5837 1760 5894 ΘίιΜΙιΙΥΤΜ
1785 5881 1798 5904 ,

199 5921 364 5976 quam
411 5909 744 5978 scripturam
795 5923 906 5965 uno
943 5907 1188 5968 alterove
1237 5909 1390 5979 loco,
1421 5909 1570 5980 quod
1603 5911 1802 5968 ductus

1897 4835 2012 4904 ipse
2039 4835 2342 4910 litterarum
2375 4839 2652 4906 monebat,
2681 4839 2832 4896 nullo
2861 4839 3076 4910 negotio
3127 4837 3506 4910 emendatum,

1897 4915 2076 4966 ΕΠΛΙ
2109 4909 2160 4964 in
2197 4909 2336 4976 ﬁne,
2369 4925 2468 4980 pro
2507 4921 2650 4968 ιΥΤΜ
2682 4909 3102 4968 substituentes.
3147 4911 3320 4964 Porro
3365 4909 3508 4962 hanc

1899 4995 2064 5036 unam
2095 4995 2218 5040 esse
2263 4997 2584 5048 germanam
2635 4983 2960 5048 lectionem,
3021 4985 3139 5038 sive
3183 4981 3518 5050 interpreta-

1905 5053 2106 5108 tionem
2133 5053 2360 5122 Aquilae,
2391 5069 2456 5110 ex
2487 5071 2553 5110 eo
2585 5057 2878 5110 titanil'esto
2919 5055 3130 5122 liquet,
3155 5053 3298 5122 quod
3331 5055 3512 5122 ipsum

1901 5123 2130 5198 verbum
2157 5133 2264 5188 vn}:
2288 5125 2436 5188 alibi,
2465 5129 2582 5198 sive
2603 5125 2806 5184 Genes.
2835 5143 2984 5190 xux.
3007 5129 3060 5190 5,
3086 5123 3368 5198 Bonifatius
3391 5123 3514 5198 red-

1905 5195 2128 5260 diderit,
2155 5199 2298 5252 unde
2323 5213 2386 5252 ex
2417 5199 2510 5254 illo
2541 5197 2846 5254 derivatum
2879 5213 3076 5253 nomen
3101 5195 3318 5258 Dl‘tn‘a.
3349 5195 3516 5248 fuisse

1905 5269 2216 5340 Θαμϐευτάς
2269 5270 2722 5340 interpretatum,
2772 5271 2939 5326 dubio
2989 5277 3234 5324 vertetur
3283 5267 3508 5340 nemini.

1904 5341 2242 5406 Sutl'ragatur
2268 5351 2322 5394 et
2351 5339 2516 5410 quam
2549 5341 2602 5398 in
2641 5355 2740 5396 ms.
2773 5342 3010 5412 quodam
3043 5343 3168 5396 noui
3206 5339 3388 5412 s:rculi
3425 5341 3510 5412 in—

1907 5413 2126 5466 venisse
2160 5428 2218 5464 se
2247 5415 2324 5466 ait
2364 5409 2614 5468 laudatus
2655 5409 3093 5468 Mentfauconius
3115 5453 3128 5478 ,
3172 5411 3336 5466 lectio
3367 5409 3512 5463 eoa!-

1903 5482 2102 5547 brutai,
2145 5497 2304 5552 quam
2347 5485 2632 5538 commode
2681 5491 2846 5548 satis,
2899 5495 3060 5554 atque
3113 5483 3394 5552 ingeniose
3441 5479 3512 5534 ad

1901 5557 2215 5628 lirrecartmt
2259 5555 2564 5628 litterarum
2611 5555 3062 5628 orthographiam
3097 5557 3154 5628 in
3185 5557 3324 5628 hanc
3349 5563 3508 5628 gap-

1904 5625 2078 5682 ϐευταὶ
2107 5627 2308 5696 exegit.
2347 5627 2474 5682 Erat
2503 5644 2632 5680 vero
2661 5629 2712 5680 in
2761 5625 3027 5682 hactenus
3069 5627 3306 5695 vulgatis
3349 5625 3514 5680 libris

1901 5701 2110 5774 Bap-rati
2131 5741 2144 5762 ,
2175 5699 2256 5752 vri
2303 5703 2582 5774 Qapmai,
2613 5715 2764 5768 quae,
2797 5709 2854 5752 ιιι
2884 5699 2950 5752 ad
2993 5715 3176 5774 veram
3211 5699 3512 5752 lectionem

1903 5769 2150 5842 proxime
2181 5769 2502 5838 accederet,
2538 5777 2732 5842 sponte
2779 5787 2838 5828 se
2885 5769 3148 5842 prodebat
3194 5784 3513 5824 amanuen-

1903 5841 2042 5896 sitnn
2075 5851 2386 5912 corruptam
2413 5843 2568 5898 vitio.
