4050 6342
585 305 724 366 I575

1825 311 1884 370 S.
1927 309 2196 371 EUSEBll
2232 309 2613 371 HIERONYMI

3705 323 3813 385 1376

581 423 836 484 Habacuc
879 425 1136 484 scribitur
1166 443 1180 483 :
1227 426 1410 484 Videte
1451 435 1825 500 contemptores
1844 436 1892 484 et
1915 428 2173 501 respicite,
2201 428 2258 492 Α
2279 426 2454 498 aptari
2484 427 2654 484 :Sine
2683 443 2842 484 causa
2884 428 3118 502 percussi
3186 429 3322 498 ﬁlios
3375 438 3584 502 vestros,
3619 433 3814 509 discipti-

581 531 628 578 et
659 523 993 579 admiramini
1022 523 1305 592 mirabilia,
1335 534 1385 579 et
1419 524 1782 598 disperdimini
1812 525 1998 597 (Abac.
2033 541 2071 593 ι,
2093 522 2177 594 5).

585 615 911 675 Sacerdotes
937 633 1154 690 quoque
1182 618 1277 690 qui
1307 618 1664 675 Eucharistiae
1690 619 1938 676 serviunt
1966 626 2022 674 et
2055 631 2182 673 san-

585 711 806 782 guinem
835 710 1050 768 Domini
1080 713 1297 783 populis
1325 716 1444 783 ejus
1465 713 1922 784 dividunt,impie
1944 712 2180 784 aguntin

583 805 760 878 legem
789 803 1016 873 Christi,
1041 814 1292 877 putantes
1339 811 1686 886 εὐχαριστίαν
1727 807 2075 880 imprecantis
2105 807 2184 862 l'a-

585 915 711 958 cere
740 910 767 940 ι
800 902 986 969 verba,
1019 916 1124 958 non
1148 901 1332 967 vitam,
1361 911 1416 958 et
1433 903 1796 959 necessariam
1823 917 1944 960 esse
1971 909 2182 957 tantum

585 993 892 1051 solemnem
952 995 1279 1066 orationem,
1312 1002 1366 1050 et
1404 1010 1511 1051 non
1568 994 1913 1052 sacerdotum
1961 991 2201 1063 merita,

584 1087 652 1144 de
677 1090 873 1162 quibus
899 1089 1095 1146 dicitur
1129 1109 1140 1144 :
1170 1090 1236 1145 Et
1279 1089 1519 1146 sacerdos
1565 1091 1621 1146 in
1663 1088 1691 1129 δ
1735 1107 1836 1160 quo
1863 1091 2020 1162 fuerit
2065 1106 2181 1144 ma-

588 1186 851 1250 cula,non
879 1186 1084 1242 accedet
1098 1185 1282 1254 o/I‘em
1305 1186 1582 1242 oblationes
1608 1183 2035 1254 Domino(Leuit.
2066 1199 2180 1254 ut,

577 1279 737 1350 juxta
757 1276 1086 1350 LXX).Cum
1117 1280 1233 1336 haec
1255 1279 1458 1336 faciant
1484 1279 1779 1352 principes,
1794 1277 2031 1348 iudices,
2059 1291 2186 1349 pro-

586 1373 786 1443 phetm,
808 1373 1122 1430 sacerdotes
1143 1372 1470 1440 Jerusalem,
1495 1372 1852 1428 nihilominus
1873 1372 2112 1428 clemens
2131 1383 2186 1430 et

583 1464 760 1536 justus
787 1477 871 1522 est
903 1467 1182 1522 Dominus.
1231 1467 1502 1534 Clemens,
1542 1468 1595 1523 in
1625 1483 1692 1524 eo
1721 1468 1863 1539 quod
1895 1485 1922 1521 a
1955 1483 2052 1524 sua
2082 1468 2187 1525 Ec-

589 1560 755 1614 clesia
782 1575 887 1616 non
920 1560 1128 1617 recedit
1161 1580 1173 1615 :
1201 1562 1402 1630 justus,
1429 1562 1485 1616 in
1515 1576 1582 1618 eo
1610 1562 1752 1632 quod
1771 1561 1950 1617 reddit
1979 1561 2188 1619 unicui-

588 1668 694 1724 que
722 1653 865 1724 qnod
897 1665 1158 1712 meretur.
1194 1655 1488 1726 Postquam
1518 1657 1667 1712 enim
1695 1657 1977 1713 advenerit
2005 1673 2182 1724 mane,

583 1755 643 1802 et
672 1762 784 1802 nox
815 1746 979 1818 hujus
1017 1749 1208 1805 saeculi
1240 1750 1635 1820 pertransierit,
1697 1749 1844 1808 dabit
1873 1749 1925 1806 in
1957 1751 2077 1806 luce
2100 1751 2189 1821 ju-

2285 541 2407 580 nam
2435 541 2539 580 non
2567 526 2834 597 recepistis
2861 525 2999 598 (ler.
3055 541 3115 593 ll,
3153 524 3269 598 50).
3294 525 3393 583 Vel
3439 535 3626 585 certe:
3668 531 3818 594 timete

2285 634 2392 689 me,
2415 628 2473 676 et
2502 619 2728 690 recipite
2755 619 3121 692 disciplinam,
3147 629 3206 677 ut
3226 637 3333 678 non
3357 632 3576 694 pereant
3596 626 3753 682 omnia
3769 630 3821 688 de

2283 721 2577 784 conspectu
2598 713 2924 782 Jerusalem,
2947 730 3047 772 nec
3079 717 3296 788 penitus
3317 716 3384 774 ad
3413 717 3737 777 solitudinem
3754 723 3823 783 de-

2283 805 2514 863 ducatur
2544 822 2708 878 super
2735 807 2820 863 his
2843 808 3021 878 malis,
3048 809 3101 864 in
3132 809 3328 881 quibus
3356 809 3468 884 [Αι.
3491 811 3612 885 qua]
3645 818 3826 873 commi-

2285 911 2445 956 natus
2465 915 2584 957 sum
2609 903 2679 957 ei.
2703 901 2813 959 Nec
2836 912 3051 959 moveat
3070 902 3305 974 aliquem
3328 903 3411 976 (ut
3437 917 3581 976 sche
3598 904 3697 975 jam
3722 907 3824 983 disi)

2285 993 2429 1065 quod
2443 994 2558 1049 hmc
2585 995 2879 1052 adversum
2905 995 3203 1053 Ecclesiam
3219 997 3363 1053 dicta
3387 998 3716 1070 interpreter,
3733 1018 3825 1061 cum

2284 1089 2425 1144 sciat
2451 1089 2754 1146 Jerusalem
2804 1091 2859 1147 in
2897 1090 3195 1163 Scripturis
3226 1093 3431 1149 sanctis
3461 1108 3665 1165 semper
3683 1107 3828 1170 typum

2288 1180 2491 1239 habere
2513 1183 2778 1240 Ecclesiae
2817 1202 2832 1241 :
2864 1184 2934 1242 de
2961 1201 3065 1257 qua
3095 1188 3188 1258 qui
3239 1187 3568 1257 peccaverit,
3599 1189 3674 1244 vel
3691 1189 3735 1246 in
3753 1191 3828 1248 Ba-

2288 1273 2546 1346 bylonem
2558 1276 2864 1343 abducitur,
2880 1277 2965 1333 vel
2981 1277 3028 1333 si
3051 1284 3250 1347 Sponte
3270 1277 3603 1335 descendere
3623 1279 3828 1352 voluerit,

2287 1367 2340 1425 in
2359 1367 2580 1424 Jericho
2607 1384 2636 1423 a
2670 1369 2974 1426 latronibus
3002 1369 3340 1427 vulneratur.
3375 1370 3509 1440 Qua:
3531 1380 3612 1427 est
3629 1373 3754 1428 enim
3777 1375 3830 1430 ita

2291 1460 2518 1516 illustris
2543 1469 2604 1516 ut
2633 1463 2893 1530 Ecclesia,
2939 1479 3060 1534 quae
3089 1463 3143 1518 in
3174 1472 3290 1520 toto
3331 1463 3466 1520 orbe
3511 1462 3716 1521 fundata
3737 1476 3829 1524 est:

2290 1553 2454 1624 720
2483 1554 2554 1608 ira
2572 1552 2852 1625 redempta
2880 1554 3080 1611 Christi
3110 1557 3374 1628 sanguine
3395 1566 3451 1613 et
3479 1555 3714 1614 columba
3740 1575 3834 1628 pro-

2291 1656 2414 1718 pter
2440 1646 2670 1719 gratiam
2703 1647 2938 1719 Spiritus
2964 1649 3160 1716 sancti,
3193 1659 3252 1705 ut
3275 1649 3525 1705 Ecclesia
3540 1648 3606 1705 de
3629 1651 3832 1718 gentibus

2292 1743 2661 1815 congregata?
2704 1741 2758 1798 in
2786 1759 2892 1815 qua
2925 1743 3142 1815 plurimi
3171 1744 3260 1814 qui
3317 1759 3379 1800 se
3416 1742 3602 1799 dicunt
3647 1744 3694 1798 in
3715 1742 3862 1801 Chri-.

586 1838 787 1896 dicium
819 1857 1000 1910 suum,
1035 1852 1088 1899 et
1111 1859 1220 1898 non
1249 1844 1620 1901 abscondetur
1643 1844 1731 1900 vel
1760 1845 1896 1916 ipse,
1931 1845 2016 1900 vel
2039 1843 2188 1917 judi—
2215 1837 2264 1900 B
2291 1847 2433 1893 Slum
2453 1837 2701 1907 credere,
2736 1853 2837 1896 nec
2863 1839 3152 1896 audierunt
3195 1854 3388 1896 vocem
3416 1837 3535 1910 eius
3559 1855 3575 1906 ;
3603 1853 3693 1895 nec
3717 1854 3833 1897 rece-

593 1937 734 1989 cium
764 1935 904 2006 ejus.
938 1935 1007 1991 Et
1033 1952 1156 1992 cum
1204 1938 1434 2008 coeperit
1457 1953 1487 1992 a
1510 1937 1742 2009 singulis
1767 1939 1986 2010 exigere
2023 1953 2191 2010 pecu-

592 2027 739 2083 niam
790 2044 950 2100 quam
1001 2029 1081 2086 eis
1111 2031 1484 2102 commiserat,
1513 2047 1622 2087 non
1648 2033 1755 2089 erit
1799 2033 2052 2105 injustus,
2087 2049 2191 2091 nec

594 2123 755 2180 faciet
801 2124 852 2179 in
905 2133 1224 2196 perpetuum
1266 2126 1454 2182 valere
1483 2127 1843 2198 injustitiam;
1877 2127 1973 2186 sed
2000 2143 2190 2200 snper-

596 2221 696 2276 bos
724 2220 1025 2292 principes,
1056 2223 1254 2292 quibus
1283 2222 1494 2278 resistit
1522 2221 1687 2288 Deus,
1715 2221 1965 2278 detrahet
2007 2223 2074 2280 de
2094 2237 2189 2279 ca-

596 2311 810 2368 thedris
839 2312 974 2376 suis,
1002 2322 1059 2368 et
1087 2314 1156 2370 de
1181 2313 1423 2370 culmine
1452 2313 1596 2384 quod
1631 2313 1906 2382 tenebant,
1931 2323 1986 2370 et
2029 2314 2190 2371 dissi-

597 2407 872 2476 pabuntur
899 2407 1084 2478 anguli
1112 2422 1328 2474 eorum,
1362 2406 1415 2462 id
1455 2417 1539 2465 est
1564 2423 1746 2480 pravae
1775 2409 2102 2479 voluntates,
2135 2420 2190 2467 et

595 2514 624 2554 a
655 2509 805 2555 recto
860 2500 1053 2556 itinere
1108 2499 1489 2568 declinantes,
1551 2501 1603 2556 in
1653 2501 1847 2572 quibus
1891 2517 2109 2573 semper
2136 2513 2192 2560 et

596 2591 860 2648 Pharisaei
880 2607 1042 2650 orare
1070 2603 1490 2658 consueverant,
1521 2595 1765 2668 angulari
1795 2596 1960 2668 719
2013 2595 2191 2668 lapide

598 2695 933 2756 contempto.
963 2687 1099 2742 Puto
1125 2697 1303 2742 autem
1335 2687 1480 2759 quod
1530 2701 1586 2744 et
1613 2689 1864 2757 superbis
1895 2693 2065 2759 prosit
2089 2689 2191 2747 de-

650 2777 746 2833 ahi
783 2795 878 2834 eos
907 2779 973 2836 de
1003 2783 1311 2852 arrogantia
1350 2795 1470 2848 sua,
1505 2789 1560 2836 et
1587 2779 1840 2852 dissipari
1869 2782 2190 2852 angiportus

590 2883 648 2932 et
686 2874 912 2946 angulos
939 2890 1152 2943 eorum,
1170 2884 1226 2930 ut
1247 2886 1433 2944 postea
1462 2884 1614 2932 recto
1639 2875 1836 2930 itinere
1854 2875 2188 2946 gradiantur.

599 2967 842 3038 Denique
871 2970 1116 3038 sequitur
1147 2987 1162 3024 :
1196 2966 1264 3023 Et
1290 2969 1517 3024 desertas
1543 2968 1734 3039 faciant
1769 2969 1876 3022 vias
1906 2985 2104 3034 eorum,
2133 2985 2191 3024 eo

597 3064 735 3135 quod
757 3080 859 3117 non
883 3064 947 3118 sit
970 3064 1059 3136 qui
1089 3073 1413 3136 pertranseat
1444 3063 1781 3119 :secundum
1812 3063 1940 3118 illud
1962 3063 2103 3134 quod
2136 3063 2191 3118 in

599 3157 774 3227 primo
805 3157 1012 3226 psalmo
1043 3156 1302 3226 scriptum
1331 3167 1414 3212 est
1445 3174 1456 3210 :
1492 3155 1562 3211 Et
1585 3158 1980 3230 itcrintpiorum
2003 3156 2190 3231 peribit

2294 1940 2493 2002 perunt
2519 1931 2882 2002 disciplinam,
2906 1947 3008 1988 nec
3047 1932 3204 2003 juxta
3251 1947 3376 1988 eum
3435 1945 3557 1988 esse
3582 1932 3833 1989 voluerunt.

2291 2023 2447 2094 Quod
2470 2035 2648 2082 autem
2681 2025 2881 2082 dicitur
2911 2044 2926 2081 :
2951 2024 3230 2097 Principes
3262 2027 3380 2099 ejus
3406 2025 3461 2080 in
3484 2041 3544 2080 ea
3569 2025 3691 2080 sicut
3706 2026 3836 2082 leones

2291 2121 2576 2193 rugientes,
2605 2120 2719 2177 scio
2749 2120 3088 2178 ollensurum
3138 2135 3225 2176 me
3257 2135 3384 2177 esse
3430 2120 3706 2191 plurimos,
3728 2121 3834 2192 quod

2293 2229 2462 2284 super
2482 2215 2757 2286 episcopis
2783 2226 2838 2272 et
2867 2214 3210 2288 presbyteris
3242 2213 3363 2270 haec
3388 2216 3723 2283 interpreter,
3737 2231 3835 2284 cum

2291 2319 2346 2365 et
2373 2308 2678 2380 presbyteri
2710 2309 2858 2378 mali,
2891 2309 2982 2379 qui
3011 2307 3314 2365 Susannam
3343 2307 3560 2364 violare
3584 2308 3832 2377 cupierunt,

2291 2412 2522 2459 caeteros
2553 2403 2899 2478 presbyteros
2917 2404 3010 2476 qui
3040 2403 3178 2460 bene
3202 2403 3468 2471 vixerint,
3501 2417 3607 2459 non
3631 2402 3836 2460 condem-

2293 2506 2442 2552 nent.
2466 2495 2532 2552 Et
2550 2497 2674 2552 mali
2705 2497 2998 2568 principes,
3019 2512 3157 2566 quos
3175 2496 3440 2554 describit
3464 2511 3643 2553 sermo
3656 2497 3836 2568 prophe-

2296 2591 2455 2657 ticus,
2483 2607 2588 2646 non
2615 2593 2725 2646 sint
2753 2591 2912 2649 bonis
2935 2592 3271 2664 principibus
3293 2591 3641 2648 contumelia:
3663 2611 3676 2649 :
3702 2593 3835 2648 Stulto

2293 2687 2426 2742 enim
2439 2686 2598 2758 flagel
2603 2687 2728 2757 lato,
2743 2688 2998 2760 insipiens
3022 2688 3306 2761 sapientior
3317 2688 3418 2742 erit
3431 2686 3610 2760 (Prov.
3627 2702 3725 2753 nx,
3745 2686 3834 2755 l5):

2293 2782 2340 2837 si
2365 2791 2544 2836 autem
2561 2781 2822 2852 insipiens
2834 2783 3133 2854 sapientior
3155 2782 3238 2851 lit,
3270 2789 3482 2854 quanto
3497 2783 3660 2854 magis
3679 2781 3755 2838 ille
3771 2780 3836 2853 qui

2295 2875 2515 2946 sapiens
2546 2885 2630 2931 est
2651 2874 2674 2928 Ἰ
2701 2875 2807 2932 Sed
2843 2876 3060 2948 judices
3087 2876 3208 2948 ejus
3228 2891 3294 2933 ac
3315 2875 3598 2949 principes
3615 2877 3836 2956 capientes

2296 2985 2546 3036 munera,
2579 2970 3292 3042 vendentesquejustitiam,
3315 2985 3505 3026 nonne
3532 2980 3671 3026 recte
3696 2969 3838 3040 appel-

2297 3061 2479 3119 lantur
2504 3064 2614 3136 lupi
2637 3064 2862 3131 Arabiee,
2898 3065 2987 3122 vel
3024 3065 3318 3138 vespertini,
3346 3065 3495 3122 sicut
3539 3063 3838 3138 Symmachus

2300 3157 2620 3213 transtulit?
2659 3157 2776 3213 Non
2809 3158 2954 3213 enim
3000 3168 3282 3214 merentur
3308 3158 3426 3228 lupi
3457 3157 3563 3214 dici
3592 3157 3835 3228 Benjantin,

590 3248 713 3323 (Ps.
747 3265 786 3317 ι,
811 3251 890 3319 6).
921 3250 1143 3306 Necnon
1193 3260 1247 3306 et
1277 3251 1329 3304 in
1361 3250 1518 3316 Osee,
1555 3251 1641 3305 ubi
1681 3250 1748 3306 de
1777 3251 2082 3307 Jerusalem
2114 3249 2196 3306 di-
2221 3235 2268 3300 Ο
2298 3255 2390 3323 qui
2422 3267 2583 3308 mane
2613 3253 2852 3325 rapiunt,
2870 3263 2929 3311 et
2955 3253 3022 3308 ad
3054 3269 3339 3324 vesperam
3361 3252 3504 3309 dant
3531 3267 3698 3309 escam
3724 3251 3836 3324 (Gen.

597 3346 738 3400 citur
766 3345 1064 3399 loruicante
1099 3363 1109 3399 :
1142 3343 1281 3399 Ecce
1312 3359 1407 3415 ego
1456 3343 1698 3399 claudam
1723 3345 1828 3398 rias
1857 3347 1969 3416 ejus
1998 3344 2188 3415 spinis,

595 3447 644 3494 et
677 3438 937 3492 obstruunt
963 3439 1149 3492 itinera
1170 3439 1304 3508 ejus,
1328 3447 1375 3491 et
1395 3438 1630 3491 sent-itam
1653 3454 1800 3492 suam
1823 3454 1927 3492 non
1954 3438 2189 3508 inveniet,

598 3542 644 3588 et
671 3540 1000 3604 persequetur
1038 3541 1296 3586 amatores
1322 3547 1464 3593 suos,
1488 3540 1536 3585 et
1569 3545 1674 3584 non
1701 3530 2056 3603 apprehendat
2083 3546 2192 3599 eos,

596 3635 646 3680 et
673 3635 867 3696 qureret
897 3641 1010 3691 eos,
1036 3632 1083 3679 et
1132 3640 1236 3678 non
1285 3624 1544 3690 inveniet;
1573 3633 1622 3677 et
1672 3623 1808 3678 dicet
1839 3639 1858 3679 :
1897 3623 2120 3690 Vadam,
2149 3633 2196 3678 et

601 3729 827 3774 rcrertar
857 3720 924 3772 ad
964 3718 1130 3771 rirum
1159 3733 1327 3771 meum
1358 3717 1608 3786 priorem,
1649 3717 1894 3787 quoniam
1919 3717 2042 3772 bene
2069 3717 2197 3772 mihi

601 3822 708 3866 erat
741 3823 863 3866 tunc
891 3813 1052 3883 magis
1081 3828 1236 3883 quam
1262 3828 1397 3866 nunc
1431 3809 1610 3882 (Osee,
1641 3827 1701 3875 tt,
1731 3811 1786 3878 6,
1828 3809 1905 3884 7).
1940 3811 2198 3868 Animad-

600 3915 754 3960 verte
781 3905 925 3977 quod
976 3904 1084 3959 nisi
1115 3906 1312 3959 clausa:
1344 3904 1574 3960 fuissent
1604 3904 1726 3972 viae,
1751 3912 1806 3961 et
1853 3905 2079 3975 obsepta
2111 3905 2198 3960 iti-

605 4014 758 4066 nera,
790 4009 844 4053 et
874 3997 981 4052 nisi
1008 3997 1366 4052 destruxisset
1419 3997 1680 4052 Dominus
1712 3999 1826 4055 vias
1868 3999 2006 4068 ejus,
2038 4016 2198 4055 num-

603 4106 765 4162 quam
794 4091 980 4146 dicere
1023 4093 1288 4161 potuisset
1326 4091 1506 4144 anima
1539 4091 1818 4147 fornicans
1851 4109 1865 4146 :
1905 4091 2124 4164 Vadam,
2149 4104 2200 4148 et

601 4195 829 4239 revertar
859 4195 881 4224 ο
915 4185 984 4239 ad
1012 4187 1179 4240 virum
1228 4202 1394 4241 meum
1415 4188 1662 4260 priorent.
1702 4187 2044 4258 Dissipautur
2069 4203 2200 4258 ergo

599 4278 799 4334 itinera
850 4281 1217 4350 superborum
1267 4290 1322 4336 et
1352 4283 1536 4352 anguli
1566 4297 1776 4349 eorum,
1811 4298 1879 4339 ne
1921 4285 2201 4341 ambulent

603 4373 658 4428 in
691 4373 950 4442 superbia
998 4383 1052 4428 et
1097 4375 1150 4428 in
1188 4375 1471 4442 pravitate,
1524 4385 1579 4431 et
1625 4375 1786 4432 urbes
1835 4391 2026 4433 eorum
2079 4396 2203 4450 quae

608 4469 754 4524 male
803 4467 1085 4524 aediﬁcatae
1117 4469 1334 4524 fuerant
1360 4469 1414 4524 in
1465 4471 1776 4541 arrogantia
1808 4480 1863 4526 et
1918 4474 2198 4542 superbia,

611 4561 984 4630 destruuntur,
1019 4577 1086 4618 ne
1139 4562 1439 4618 subsistant
1486 4573 1542 4620 et
1577 4563 1817 4621 habeant
1865 4567 2198 4625 habitatores

2298 3345 2448 3417 xux)
2475 3361 2490 3411 ;
2523 3345 2616 3401 sed
2649 3345 2762 3415 lupi
2788 3346 3114 3416 vespertini,
3154 3345 3248 3418 qui
3301 3345 3559 3402 noctibus
3583 3344 3835 3410 comedunt,

2299 3452 2354 3498 et
2381 3441 2434 3496 in
2460 3457 2620 3497 mane
2647 3441 2780 3496 nihil
2812 3441 3151 3513 relinquunt.
3180 3441 3338 3508 Quod
3385 3449 3568 3496 autem
3608 3439 3836 3510 sequitur:

2301 3535 2582 3607 PrOphelee
2610 3537 2722 3606 ejus
2749 3536 3172 3612 msuparocpépot,
3205 3535 3261 3590 id
3287 3542 3395 3602 est,
3443 3542 3696 3606 portantes
3727 3533 3838 3605 spiri-

2299 3633 2533 3700 tum,viri
2554 3639 2948 3703 contemptores,
2970 3629 3176 3686 nullum
3202 3639 3423 3685 moveat
3449 3627 3592 3700 quod
3613 3642 3754 3698 super
3772 3625 3840 3680 do-

2299 3725 3015 3794 ctoribusinterpretantes,
3064 3721 3286 3779 eosdem
3313 3729 3372 3777 et
3421 3719 3701 3792 pr0phetas
3731 3717 3839 3772 dica-

2300 3835 2422 3874 mus
2453 3827 2510 3875 et
2539 3827 2965 3887 contemptores,
3005 3831 3127 3871 cum
3159 3823 3214 3872 et
3238 3813 3540 3885 Apostolus
3569 3810 3837 3884 praecipiat:

2305 3910 2484 3966 Nolite
2512 3911 2819 3966 contristare
2867 3909 3124 3980 Spiritum
3156 3918 3398 3963 sanctum
3431 3905 3554 3972 Dei,
3604 3909 3652 3961 in
3679 3921 3762 3978 quo
3793 3904 3842 3956 si-

2300 4007 2447 4079 gnati
2473 4006 2594 4062 estis
2623 4006 2676 4059 in
2704 4005 2790 4059 die
2814 4003 3175 4074 redemptionis
3206 4001 3429 4076 (Ephes.
3464 4019 3540 4073 tv,
3568 4003 3674 4067 30).
3700 4001 3750 4055 Et
3770 3999 3840 4053 Da-

2301 4099 2390 4154 vid
2420 4099 2672 4169 loquatur
2719 4099 2772 4152 in
2822 4099 3273 4169 quinquagesimo
3321 4098 3538 4167 psalmo
3577 4114 3590 4151 :
3642 4094 3840 4165 Spiritum

2301 4203 2539 4248 sanctum
2561 4202 2704 4246 tuum
2738 4208 2801 4246 ne
2847 4191 3059 4261 auferas
3089 4207 3120 4245 a
3146 4207 3222 4245 me
3242 4189 3364 4263 (Ps.
3397 4208 3454 4256 ι..
3483 4191 3593 4262 l5).
3614 4187 3714 4245 Nisi
3737 4185 3840 4243 enim

2303 4285 2544 4355 Spiritus
2588 4295 2808 4340 sanctus
2856 4285 3210 4341 contristatus
3262 4284 3457 4355 lugere
3529 4281 3842 4341 consuevisset

2304 4380 2456 4449 prius
2508 4379 2841 4450 hospitium,
2888 4387 2944 4434 et
2968 4377 3244 4434 dimittere
3299 4377 3667 4434 habitaculum
3709 4387 3837 4438 suum,

2306 4487 2601 4542 numquam
2633 4471 2901 4527 etPaulus
2925 4471 3282 4542 praecepisset
3308 4470 3459 4542 quod
3489 4485 3646 4542 supra
3673 4468 3764 4522 dixi
3783 4471 3842 4530 ;et

2307 4565 2475 4621 David
2507 4573 2630 4636 post
2655 4563 2987 4620 adulterium
3011 4563 3353 4632 formidaret,
3387 4579 3460 4621 ne
3481 4563 3715 4633 perderet
3738 4555 3841 4630 quod

605 4656 894 4726 pessimos.
938 4655 1018 4711 Ac
1071 4671 1140 4711 ne
1168 4656 1291 4726 quis
1349 4665 1498 4726 putet
1525 4672 1626 4713 nos
1681 4658 1790 4713 vim
1842 4659 2020 4717 facere
2051 4661 2200 4719 Scri-
2225 4631 2282 4694 D
2305 4631 2614 4728 acceperat,
2648 4657 2716 4713 de
2747 4673 2855 4728 quo
2881 4666 2934 4713 et
2957 4656 3025 4712 ad
3061 4631 3620 4712 llebrreos’scribitur
3649 4673 3662 4709 :
3690 4653 3842 4719 Quanto

607 4760 802 4818 pturae,
852 4748 1026 4804 discat
1073 4764 1140 4804 ex
1172 4751 1672 4820 consequentibus:
1706 4751 1835 4807 llmc
1879 4759 2085 4818 autem,
2118 4755 2201 4810 in-

605 4844 745 4915 quit,
781 4843 904 4910 feci,
931 4851 988 4898 ut
1015 4843 1254 4899 dicerem
1289 4843 1368 4899 eis
1401 4861 1414 4897 :
1465 4845 1606 4900 Ecce
1659 4845 1932 4903 destructa
1964 4860 2093 4904 sunt
2116 4850 2204 4905 iti-

602 4952 733 4991 nera
754 4936 992 5004 malitiae,
1019 4936 1087 4990 de
1113 4937 1525 4994 cmteroatimete
1548 4954 1656 5006 me,
1675 4949 1730 4994 et
1750 4939 1940 4996 discite
1963 4941 2204 5015 [At.sus-

609 5027 796 5102 cipite]
844 5029 1217 5100 disciplinam,
1266 5046 1335 5086 ne
1380 5040 1434 5085 ct
1478 5032 1760 5102 disciplina
1809 5050 1926 5090 mea
1984 5048 2201 5106 pereat,

609 5123 842 5180 fructum
882 5125 935 5180 in
987 5125 1140 5182 vobis
1181 5129 1558 5184 conversionis
1614 5146 1719 5186 non
1774 5131 2109 5201 inveniens;
2154 5144 2210 5191 ct

608 5221 790 5277 omnia
846 5221 994 5276 irrita
1038 5225 1170 5290 sint,
1217 5239 1312 5293 per
1354 5240 1474 5292 (tum
1505 5240 1603 5281 vos
1649 5226 1792 5281 volui
1822 5227 2121 5298 corripere,
2157 5238 2211 5285 et

615 5314 697 5370 lle
727 5313 880 5370 vobis
929 5329 1107 5370 sermo
1136 5317 1228 5388 qui
1269 5316 1325 5372 in
1364 5315 1603 5374 Jeremia
1635 5317 1870 5388 scriptus
1905 5330 2009 5388 est,
2043 5322 2214 5391 possit

683 5517 710 5546 ἰ
738 5507 960 5565 Confer.
988 5507 1084 5562 lib.
1129 5516 1323 5562 contra
1367 5506 1739 5564 Lucilerianos
1789 5523 1846 5562 n.
1877 5507 1912 5561 5
1962 5515 2016 5562 et
2047 5521 2204 5578 seqq.

613 5580 757 5637 Cave
805 5580 948 5637 enim
977 5578 1094 5634 haec
1146 5579 1220 5634 ita
1247 5579 1505 5647 accipias,
1539 5579 1692 5649 quasi
1725 5578 2085 5635 necessariam
2112 5595 2209 5648 pu-

610 5653 813 5708 taverit
849 5652 906 5709 S.
955 5651 1153 5706 Doctor
1182 5651 1236 5707 in
1277 5651 1662 5707 sacerdotibus
1691 5660 1893 5705 rectam
1930 5651 2116 5717 vitam,
2151 5659 2208 5704 ut

615 5725 790 5780 valide
846 5723 1535 5780 eucharistiamconliciant
1589 5742 1603 5779 :
1655 5739 1776 5780 cum
1818 5723 1871 5779 id
1911 5723 2001 5778 ille
2041 5738 2208 5778 unum

615 5807 845 5868 caveat,
898 5812 966 5851 ne
1003 5795 1132 5852 dum
1180 5797 1250 5852 de
1278 5797 1393 5852 sola
1438 5796 1541 5852 sibi
1583 5794 1902 5868 sacerdotes
1941 5804 2209 5868 potestate

620 5865 1028 5936 oblaudiuntur,
1077 5877 1281 5924 rectam
1310 5868 1533 5925 vivendi
1563 5867 1820 5926 deserant
1848 5865 2121 5939 normam,
2153 5875 2208 5923 et

2305 4751 2634 4806 arbitramini
2652 4750 2907 4805 deteriora
2934 4751 3120 4804 mereri
3141 4749 3399 4823 supplicia
3426 4767 3564 4813 eum,
3585 4748 3668 4821 qui
3693 4742 3844 4798 Filium

2307 4845 2407 4900 Dei
2428 4846 2836 4911 conculcaverit,
2868 4853 2914 4898 et
2940 4845 3251 4916 sanguinem
3271 4846 3560 4899 testamenti
3582 4838 3844 4896 immundum

2312 4939 2542 5002 duxerit,
2569 4939 2623 4992 in
2639 4954 2740 5005 quo
2769 4937 3127 5007 sanctiﬁcatus
3147 4945 3245 5001 est,
3269 4945 3316 4992 et
3340 4936 3548 5010 spiritui
3583 4933 3844 5008 gratiamn-

2313 5033 2579 5086 tumeliant
2608 5032 2785 5104 fecerit
2807 5029 2972 5102 (Heb.
2992 5047 3048 5100 x,
3066 5030 3198 5103 29)?
3218 5029 3326 5086 Sed
3349 5039 3405 5086 et
3427 5030 3480 5085 in
3507 5028 3659 5084 tertio
3678 5025 3843 5094 Regno-

2314 5143 2435 5183 rum
2465 5125 2595 5180 libro
2619 5123 2880 5196 scriptum
2900 5132 2986 5180 est
3009 5141 3022 5180 :
3054 5123 3338 5180 hominem
3365 5123 3484 5191 Dei,
3510 5120 3645 5178 haud
3672 5117 3845 5175 dubium

2313 5221 2448 5294 quin
2481 5222 2827 5292 prOphetam,
2851 5219 2942 5289 qui
2963 5217 3030 5273 ad
3053 5217 3226 5273 altare
3251 5215 3277 5254 d
3302 5217 3520 5273 dixerat
3547 5216 3596 5270 in
3617 5208 3843 5271 Samaria:

2315 5318 2520 5383 All-are,
2546 5314 2732 5380 altare,
2760 5314 2867 5368 hinc
2887 5311 3012 5366 dicit
3035 5307 3326 5365 Dominus:
3357 5307 3492 5364 Ecce
3509 5307 3644 5380 ﬁlius
3663 5311 3848 5360 nascetur

2311 5503 2478 5577 quod
2511 5507 2780 5577 po_test_ate
2820 5504 3167 5577 construunt,
3217 5493 3468 5577 euentplo
3524 5489 3794 5577 destruant.

2381 5575 2410 5614 ι)
2433 5564 2534 5630 Μεῖ
2564 5571 2805 5641 Reginae.
2829 5571 2882 5624 in
2899 5583 3224 5641 quacumque
3239 5570 3394 5641 fuerit
3414 5564 3632 5619 macula.

2389 5659 2409 5686 ο
2435 5629 2721 5702 interserit
2743 5629 2830 5697 hic
2849 5629 3040 5712 Régin.
3069 5629 3174 5696 ms.
3194 5629 3249 5694 in
3264 5640 3474 5694 domum
3495 5649 3672 5701 meam,
3701 5629 3848 5685 Grieco

2312 5730 2370 5778 ut
2401 5728 2456 5775 et
2481 5733 2643 5790 supra
2678 5725 2833 5790 textu
2866 5722 3150 5790 renuente.
3492 5789 3497 5790 ν
3687 5775 3716 5790 ν

2385 5791 2411 5828 ἀ
2440 5775 2579 5847 Olim
2594 5796 2732 5850 erat.
2748 5787 2817 5843 ad
2839 5788 3008 5858 altare
3030 5786 3370 5858 destructum,
3388 5789 3647 5858 postquam
3667 5775 3847 5858 dixerat.

2310 5874 2415 5924 etc.
2430 5909 2443 5936 ,
2461 5878 2560 5935 pro
2577 5878 2685 5934 quo
2705 5859 2933 5919 retinuit
2947 5857 3247 5927 Victorius,
3261 5857 3591 5926 exstructum,
3607 5857 3846 5922 postquam

3828 6111 3844 6176 ει

3791 6199 3941 6294 ll,
