4050 6342
247 270 385 330 1577

991 273 1643 337 COMMENTARIORUM
1682 272 1748 332 IN
1792 264 2187 330 SOPIIONIAM
2227 265 2456 327 LIBER.
2497 269 2651 329 CAP.
2692 269 2779 330 IlI.

3393 271 3533 332 I578

246 387 406 457 721
434 383 599 440 David
630 381 719 458 (llI
741 386 866 462 lleg.
888 403 1006 460 xm,
1025 382 1399 461 2),et‘c:etera
1419 410 1433 460 ;
1454 392 1576 463 quia
1597 400 1840 447 contem-
1866 391 1921 452 Α
1944 385 2014 438 ris
2039 388 2138 440 mei
2168 403 2186 445 :
2212 388 2334 457 quin
2358 388 2410 441 in
2436 389 2556 459 igne
2584 389 2681 442 zeli
2710 387 2810 441 mei
2834 395 3162 444 consumetur
3188 389 3351 443 omnis
3380 400 3542 459 terra,

246 480 416 550 psurit
434 480 597 536 verba
615 481 843 545 Domini,
861 493 913 537 et
928 483 1227 541 comederit
1244 486 1383 557 apud
1398 484 1836 557 pseudoprophe-

1937 479 2059 549 quia
2093 489 2213 534 tunc
2245 493 2539 535 convertam
2573 492 2594 520 ε
2628 498 2783 551 super
2806 484 3030 555 populos
3058 483 3290 555 linguam
3320 486 3369 538 in
3394 501 3551 558 gene-

247 581 358 628 tam
393 574 497 645 (sic
530 575 675 630 enim
716 576 894 632 locum
925 578 1093 633 istum
1141 594 1423 649 exponens
1450 579 1721 649 Josephus
1754 578 1837 633 in-
1936 574 2192 628 rationem
2235 578 2371 647 ejus,
2404 584 2459 628 ut
2499 576 2737 631 invocent
2769 593 2945 632 omnes
2989 594 3173 631 nomen
3211 576 3459 645 Domini,
3490 586 3548 633 ut

246 675 579 739 terpretatus
608 670 734 744 est),
759 672 1105 729 interfectum
1132 688 1254 731 esse
1281 690 1310 728 a
1342 675 1522 731 leone,
1554 675 1622 730 Et,
1648 689 1715 729 ne
1741 688 1842 744 ρυε-
1937 668 2162 722 serviant
2184 668 2231 722 ei
2255 668 2348 722 sub
2367 672 2501 740 jugo
2530 684 2652 723 uno.
2679 668 2803 724 Ila-c
2829 668 3004 725 Judtei
3034 670 3467 741 interpretantur
3488 669 3542 725 in

250 771 459 818 taretur
486 778 644 821 casus
673 772 729 821 et
757 782 865 822 non
906 765 1167 837 judicium
1212 768 1445 837 Domini,
1501 777 1554 824 et
1597 766 1838 838 pseudo-

1939 762 2177 819 adventu
2225 763 2454 830 Christi,
2495 779 2655 834 quem
2702 776 2926 834 sperant
2969 774 3261 820 venturum
3308 780 3454 834 esse,
3488 771 3545 821 et

250 858 513 929 propheta
543 860 634 931 qui
656 874 779 917 eum
806 861 1117 934 deceperat,
1148 861 1250 918 hoc
1275 863 1514 918 futurum
1546 878 1672 920 esse
1702 876 1842 933 prte-
1940 856 2129 912 dicunt
2152 858 2420 914 universis
2441 858 2695 929 gentibus
2719 859 3088 931 congregatis,
3112 870 3167 916 et
3191 859 3362 915 elIuso
3381 874 3547 931 super

252 952 415 1021 dixit,
445 963 503 1011 et
548 954 667 1026 ipse
715 956 800 1012 leo
848 966 1277 1028 contemptorem
1322 958 1581 1028 puniens,
1631 958 1842 1013 asinum

250 1047 575 1103 reservavit.
607 1047 724 1105 Non
768 1065 900 1121 ergo
933 1052 1132 1106 mirum
1164 1054 1210 1107 si
1243 1051 1494 1108 doctores
1532 1052 1625 1123 qui
1656 1060 1845 1107 sancto

250 1138 453 1211 Spiritu
476 1140 625 1212 pleni
648 1142 881 1211 fuerant,
906 1143 1115 1214 possint
1130 1144 1245 1200 ﬁeri
1263 1155 1695 1217 contemptores,
1720 1159 1843 1200 cum

251 1236 394 1304 apud
421 1236 759 1309 negligentes
788 1246 843 1294 et
865 1253 971 1294 non
1002 1240 1151 1295 omni
1180 1239 1427 1296 custodia
1456 1248 1847 1295 conservantes

249 1344 346 1387 cor
374 1346 553 1402 suum,
586 1332 699 1388 haec
722 1332 838 1403 ipsa
861 1348 1027 1389 causa
1049 1334 1362 1406 frequenter
1388 1334 1561 1391 soleat
1579 1334 1847 1405 superbiae

249 1424 304 1480 in
336 1424 623 1481 Dominum
652 1437 708 1484 et
736 1436 1081 1499 contemptus
1126 1429 1383 1496 existere,
1435 1430 1581 1501 quod
1614 1429 1850 1486 habeant

250 1520 533 1578 scientiam
583 1522 701 1589 Dei,
733 1530 789 1580 et
812 1524 1067 1580 noverint
1108 1524 1332 1579 multam
1361 1525 1660 1581 bonitatem
1705 1528 1847 1595 ejus,

250 1628 415 1684 quam
446 1614 734 1671 abscondit
763 1616 1079 1673 timentibus
1117 1633 1199 1685 se,
1228 1628 1284 1674 et
1324 1627 1682 1675 contemnant
1710 1619 1849 1673 divi-

254 1708 354 1763 tias
380 1709 642 1765 bonitatis
664 1710 783 1782 ejus
808 1712 1250 1769 thesaurizantes
1270 1713 1376 1770 sibi
1399 1715 1529 1769 iram
1554 1714 1612 1768 in
1637 1715 1725 1770 die
1757 1716 1850 1771 ira:

1943 963 2036 1005 eas
2066 950 2248 1006 lurore
2278 950 2519 1018 Domini,
2549 952 2599 1006 in
2620 951 2743 1021 igne
2767 952 2869 1007 zeli
2899 953 3019 1022 ejus
3045 963 3247 1008 terram
3276 954 3550 1009 devoran-

1943 1042 2094 1099 dam.
2129 1042 2397 1100 Etsicutd
2420 1055 2548 1101 ante
2573 1044 2990 1101 :editicationem
3022 1047 3187 1101 turris
3216 1046 3335 1112 fuit,
3373 1062 3547 1118 quan-

1945 1136 2016 1193 do
2040 1153 2145 1193 una
2187 1138 2371 1210 lingua
2412 1154 2601 1196 omnes
2642 1140 2827 1211 populi
2861 1140 3246 1210 loquebantur,
3292 1142 3363 1196 ita
3402 1156 3538 1198 con-

1946 1232 2119 1287 versis
2159 1233 2415 1287 omnibus
2455 1232 2521 1287 ad
2551 1233 2759 1288 cultum
2794 1234 2907 1289 veri
2958 1234 3076 1302 Dei,
3126 1235 3405 1291 locuturos
3441 1237 3547 1293 He-

1951 1326 2154 1393 braice,
2202 1336 2258 1383 et
2306 1337 2476 1384 totum
2523 1329 2717 1385 orbem
2765 1329 2995 1385 Domino
3034 1331 3385 1386 serviturum.
3432 1331 3543 1387 Nos

1952 1428 2134 1475 autem
2183 1421 2271 1490 qui
2329 1437 2435 1475 non
2471 1421 2751 1493 sequimur
2780 1422 3119 1479 occidentem
3153 1423 3415 1492 litteram,
3456 1423 3556 1480 sed

1952 1514 2206 1583 Spiritum
2235 1513 2621 1582 viviﬁcantem,
2653 1531 2755 1573 nec
2771 1516 3026 1573 Judaicas
3048 1518 3278 1585 fabulas,
3309 1518 3558 1577 audimus

1955 1621 1984 1661 a
2020 1607 2253 1663 Domino
2288 1626 2300 1662 :
2332 1607 2663 1682 Prwparare,
2697 1627 2953 1685 consurge
2984 1612 3221 1666 diluculo
3252 1630 3271 1668 :
3313 1613 3563 1685 dissipati

1953 1710 2259 1756 sunlomnes
2288 1705 2478 1756 racemi
2505 1720 2682 1757 eorum
2704 1720 2722 1769 ;
2746 1714 2799 1759 et
2831 1706 3120 1774 prazpurati
3144 1706 3380 1762 dicimus
3404 1726 3416 1763 :
3446 1707 3557 1762 Pa-

254 1812 309 1858 et
334 1804 706 1859 revelationis.
736 1804 1061 1864 Sacerdotes
1089 1822 1306 1879 quoque
1335 1809 1453 1880 (qui
1486 1808 1617 1863 dant
1646 1808 1847 1878 baptis-
1876 1790 1924 1852 Β
1954 1804 2124 1849 ratum
2153 1811 2242 1849 εον
2264 1811 2457 1865 meum,
2484 1794 2651 1863 ηεαδ,
2686 1806 2930 1866 Paratum
2961 1814 3051 1853 εον
3091 1816 3259 1853 meum
3297 1799 3413 1870 (Ρδο
3451 1816 3557 1871 LVI,

254 1911 400 1952 mum
430 1905 487 1953 et
506 1896 572 1953 ad
593 1896 1230 1956 EucharistiamDomini
1256 1902 1627 1972 imprecantur
1646 1901 1852 1958 adven-

256 1997 369 2045 tum
410 2006 426 2045 :
460 1989 666 2047 faciunt
694 1992 873 2048 oleum
915 1992 1265 2050 chrismatis:
1297 2009 1493 2051 manus
1528 1996 1846 2066 imponunt;

254 2084 675 2140 catechumenos
696 2083 953 2141 erudiunt
980 2102 993 2139 :
1018 2086 1243 2142 Levitas
1266 2095 1323 2143 et
1351 2086 1486 2143 alios
1515 2088 1852 2144 constituunt

256 2175 596 2249 sacerdotes)
638 2193 745 2233 non
777 2186 888 2233 tam
934 2178 1285 2250 indignentur
1325 2179 1486 2236 nobis
1528 2180 1647 2236 haec
1683 2196 1853 2251 expo-

257 2272 512 2329 nentihus
543 2281 600 2329 et
640 2272 922 2344 prophetis
962 2273 1405 2345 vaticinantibus,
1457 2290 1616 2346 quam
1663 2274 1854 2332 Domi-

258 2378 387 2419 num
420 2364 809 2436 deprecentur,
842 2375 898 2421 et
925 2366 1169 2422 studiose
1198 2376 1362 2438 agant
1397 2381 1464 2422 ne
1489 2366 1558 2422 de
1593 2367 1853 2423 sacerdo-

260 2458 406 2515 tibus
428 2458 518 2529 qui
537 2459 743 2515 violant
766 2467 955 2515 sancta
982 2459 1222 2527 Domini,
1239 2474 1361 2515 esse
1382 2468 1715 2521 mereantur.
1735 2458 1854 2516 Non

261 2555 408 2611 enim
439 2554 675 2626 dignitas
702 2563 757 2611 et
778 2555 994 2611 nomina
1022 2554 1367 2627 dignitatum,
1396 2554 1492 2611 sed
1521 2569 1658 2625 opus
1684 2554 1857 2626 digni-

262 2650 411 2716 tatis,
447 2655 502 2704 et
546 2648 845 2719 principes,
879 2656 936 2704 et
960 2647 1197 2717 judices,
1227 2656 1282 2703 et
1313 2647 1627 2718 prophetas,
1674 2655 1730 2702 et
1768 2660 1855 2702 sa-

260 2740 517 2796 cerdotes
546 2739 763 2796 salvare
792 2740 1109 2796 consuevit:
1136 2739 1238 2807 Qui
1255 2740 1631 2812 episcopatum,
1657 2739 1853 2810 inquit,

263 2834 549 2901 desiderat,
578 2834 768 2889 bonum
805 2849 935 2907 opus
971 2834 1233 2889 desiderat
1271 2833 1315 2904 (l
1351 2834 1483 2889 Tim.
1523 2833 1629 2905 ιιι).
1662 2833 1857 2891 Videte

244 2928 391 2999 quid
424 2927 625 2985 dixerit
656 2947 669 2984 :
704 2928 892 2984 bonum
914 2944 1042 3001 opus
1069 2927 1349 2987 desiderat.
1384 2937 1411 2966 α
1440 2928 1590 3000 Opus
1629 2945 1734 2983 non
1777 2928 1859 2985 di-

262 3019 553 3093 gnitatem.
584 3020 644 3079 Si
672 3030 878 3089 autem,
922 3020 1182 3091 despecto
1211 3037 1398 3094 opere,
1430 3022 1599 3077 solam
1632 3037 1859 3092 aspexe-

262 3114 334 3169 rit
365 3113 707 3183 dignitatem,
733 3115 842 3171 cito
866 3116 1074 3171 corruit
1103 3115 1270 3171 turris
1291 3115 1344 3170 in
1367 3114 1533 3182 Siloa,
1558 3124 1613 3171 et
1641 3115 1856 3171 excelsa

1952 1886 2031 1959 8).
2089 1886 2462 1960 Audimusque
2486 1890 2537 1945 in
2564 1889 2882 1946 Proverbiis
2913 1893 3235 1963 imperatum
3272 1892 3564 1964 :I’razpara

1952 1981 2007 2035 in
2037 1999 2247 2053 egressu
2286 2000 2444 2055 opera
2487 1994 2573 2038 tua
2606 1984 2791 2057 (Prov.
2828 2002 2978 2053 xxxv,
3010 1987 3129 2052 27).
3157 1988 3222 2044 Et
3261 1989 3391 2045 illud
3418 1989 3564 2062 quod

1953 2075 2008 2130 in
2046 2076 2289 2133 Levitico
2315 2077 2479 2151 (Cap.
2530 2080 2652 2149 xvi)
2683 2092 2898 2137 sacrate
2932 2082 3154 2150 dicitur,
3192 2084 3284 2139 ubi
3328 2087 3565 2156 septimo

1955 2183 2168 2237 mense,
2200 2170 2410 2226 decima
2440 2171 2531 2227 die
2571 2172 2778 2229 mensis
2808 2173 2973 2229 oﬂ‘ert
3002 2176 3184 2231 Aaron
3235 2191 3335 2246 pro
3368 2179 3566 2249 pepulo

1957 2261 2164 2318 hircum
2197 2263 2569 2332 emissarium,
2603 2272 2769 2337 atque
2794 2269 3096 2337 viventem,
3129 2277 3185 2325 et
3214 2285 3421 2340 ponens
3452 2287 3567 2328 ma-

1960 2373 2065 2414 nus
2096 2372 2259 2431 super
2298 2368 2462 2431 caput
2491 2362 2630 2430 ejus,
2667 2362 3000 2433 imprecatur
3031 2366 3079 2421 ei
3110 2373 3303 2421 cuncta
3341 2377 3566 2437 peccata

1956 2455 2141 2525 populi
2167 2455 2358 2523 Israel,
2385 2458 2659 2530 traditque
2679 2475 2806 2516 eum
2840 2462 2894 2515 in
2937 2478 3130 2518 manus
3161 2464 3395 2521 hominis
3426 2482 3567 2534 pra:-

1953 2548 2150 2619 parati,
2181 2560 2235 2605 et
2258 2551 2420 2607 mittit
2442 2553 2494 2607 in
2518 2568 2763 2609 eremum
2801 2554 3183 2627 (intelligimus
3211 2561 3265 2614 in
3299 2560 3479 2633 nobis)
3509 2570 3566 2619 et

1960 2652 2336 2712 purpurantes
2377 2660 2478 2701 nos
2518 2646 2632 2702 veri
2675 2646 2905 2719 imperio
2949 2652 3275 2720 sacerdotis,
3322 2654 3567 2712 tollimus

1959 2734 2165 2790 malum
2198 2735 2266 2792 de
2292 2737 2472 2793 medio
2501 2738 2785 2795 Ecclesia.
2817 2740 3065 2812 Cumque
3106 2744 3221 2800 hanc
3252 2745 3567 2817 fecerimus,

1959 2844 2069 2885 nox
2100 2833 2363 2901 praeterit,
2394 2834 2797 2905 appropinquat
2823 2835 2963 2903 dies,
2997 2846 3054 2893 et
3076 2840 3231 2910 quasi
3261 2839 3313 2896 in
3344 2842 3433 2898 die
3463 2842 3567 2899 ho-

1962 2932 2118 2981 neste
2155 2927 2521 2994 ambulantes,
2551 2929 2786 2986 dicimus
2813 2949 2827 2988 :
2858 2930 3025 3003 Deus,
3063 2934 3207 2991 Deus
3234 2954 3398 3007 meus,
3429 2940 3497 2994 ad
3522 2950 3570 2997 te

1962 3022 2026 3074 de
2056 3020 2172 3076 luce
2202 3023 2358 3095 vigilo
2384 3022 2563 3092 (Psal.
2597 3040 2727 3096 Lm,
2776 3026 2854 3097 1).
2890 3028 3197 3100 Statimque
3229 3031 3517 3091 inferimus
3546 3046 3565 3084 ε

1965 3111 2124 3167 Mane
2156 3116 2405 3169 erraudies
2448 3117 2736 3173 orationem
2781 3136 2969 3189 meam,
2999 3138 3153 3178 mane
3181 3125 3421 3181 assistam
3450 3126 3565 3195 tibi,

264 3205 414 3262 cedri
456 3206 685 3264 fulmine
716 3206 1006 3277 feriuntur,
1039 3216 1098 3265 et
1133 3218 1314 3265 erecta
1345 3208 1529 3265 cervix
1572 3207 1854 3279 frangitur,
1887 3194 1933 3260 C
1965 3214 2011 3262 et
2033 3207 2210 3261 videbo
2242 3206 2421 3280 (Psal.
2452 3224 2508 3277 v,
2537 3211 2593 3276 ll,
2622 3209 2700 3283 5).
2750 3210 2864 3268 Nisi
2906 3216 3050 3269 enim
3076 3219 3364 3288 prwparati
3395 3194 3568 3275 tueri?

267 3308 324 3356 et
351 3314 582 3373 cygnus,
619 3310 848 3358 extento
874 3302 1039 3369 collo,
1068 3314 1122 3359 et
1151 3304 1204 3359 in
1250 3302 1482 3357 sublime
1513 3316 1571 3357 se
1603 3301 1858 3369 tendens,

270 3394 414 3451 inter
456 3395 764 3452 immundas
802 3397 1053 3453 volucres
1092 3405 1456 3469 computatur.
1500 3396 1675 3452 Porro
1715 3396 1860 3468 quod

268 3491 619 3560 exposuimus
644 3490 796 3562 juxta
825 3491 1151 3547 Hebraicum
1187 3510 1200 3546 :
1241 3490 1597 3546 Verumtamen
1630 3490 1862 3546 diluculo

267 3595 530 3657 surgentes
550 3595 891 3657 corruperunt
912 3602 1088 3642 omnes
1109 3586 1444 3659 cogitationes
1464 3602 1607 3653 suas,
1633 3600 1732 3655 pro
1754 3600 1862 3656 quo

269 3678 324 3734 in
354 3679 708 3751 Septuaginta
751 3679 1007 3736 scribitur
1040 3697 1055 3735 :
1088 3695 1402 3751 praeparare,
1448 3694 1701 3750 consurge
1723 3678 1863 3733 dilu-

267 3774 408 3841 culo,
433 3775 685 3846 dissipata
704 3784 778 3831 est
810 3776 979 3830 omnis
1003 3774 1321 3846 frondositas
1340 3790 1541 3841 eorum,
1572 3774 1696 3844 quia
1725 3773 1865 3828 mul-

192 3926 201 3935 ,
270 3879 385 3925 tum
417 3870 486 3926 ab
518 3869 789 3927 Hebraico
824 3869 1122 3939 discrepat,
1162 3879 1218 3925 et
1251 3871 1422 3941 magis
1468 3868 1683 3925 videtur
1708 3868 1861 3939 juxta

266 3960 415 4019 LXX
445 3978 565 4019 cum
596 3963 996 4035 posterioribus
1024 3963 1387 4030 concordare,
1423 3963 1478 4019 in
1506 3962 1864 4035 sequentibus

269 4070 628 4126 exponemus.

266 4152 276 4212 ἑ
335 4148 521 4222 (Vers.
547 4150 600 4219 8,
632 4149 714 4223 9.)
749 4150 1087 4221 Quapropter
1114 4158 1355 4223 exspecta
1398 4168 1499 4221 me,
1528 4151 1655 4207 dicit
1682 4149 1866 4206 Domi-

269 4258 390 4309 nus,
420 4243 584 4315 722
604 4244 657 4297 in
679 4242 766 4299 die
792 4244 1187 4301 resurrectionis
1214 4261 1340 4300 mea:
1364 4244 1419 4299 in
1440 4244 1673 4315 futurum
1701 4260 1720 4301 :
1744 4245 1866 4317 quia

262 4335 530 4410 judicium
557 4351 725 4392 meum
754 4346 814 4392 ut
852 4353 1162 4409 congregem
1206 4346 1402 4409 gentes,
1434 4347 1482 4391 et
1511 4337 1755 4411 colligam
1787 4353 1866 4392 re-

272 4446 395 4501 gna,
429 4440 485 4485 ut
516 4429 699 4505 [Vulg.
734 4430 804 4503 et]
836 4432 1102 4501 effundam
1140 4448 1297 4503 super
1324 4447 1409 4487 eas
1438 4431 1617 4502 [Vulg.
1648 4429 1758 4503 eos]
1786 4432 1869 4485 in-

273 4526 634 4598 dignationem
662 4542 850 4595 meam,
884 4542 1086 4582 omnem
1109 4527 1249 4581 iram
1276 4527 1471 4597 furoris
1500 4526 1602 4581 mei
1632 4542 1649 4580 :
1673 4528 1725 4579 in
1751 4526 1868 4596 igne

1965 3315 2106 3369 mus,
2138 3301 2300 3373 723
2350 3317 2458 3358 non
2490 3303 2647 3359 nobis
2676 3304 2888 3361 orietur
2914 3307 2994 3361 sol
3021 3307 3270 3378 justitiac.
3302 3310 3435 3368 Orto
3466 3327 3568 3369 au-

1965 3404 2075 3452 tem
2100 3397 2238 3462 sole,
2272 3413 2462 3453 omnes
2502 3400 2701 3455 racemi
2732 3399 2801 3456 de
2827 3402 2988 3458 vinea
3016 3402 3378 3461 Sodomorum
3406 3406 3570 3463 dissi-

1970 3498 2171 3558 pantur
2198 3496 2255 3545 et
2283 3500 2537 3560 pereunt,
2570 3500 2628 3546 ut
2657 3507 2763 3548 non
2794 3494 2971 3549 solum
3001 3497 3242 3565 grandes
3273 3498 3439 3566 botri,
3473 3500 3572 3557 sed

1966 3582 2132 3638 etiam
2160 3583 2304 3653 quod
2340 3598 2566 3654 parvum
2596 3600 2722 3642 esse
2748 3586 3035 3643 videbatur
3068 3591 3119 3644 in
3153 3590 3332 3657 nobis,
3364 3591 3574 3650 Christi

1967 3678 2187 3734 lucerna
2212 3678 2485 3746 radiante,
2510 3679 2806 3751 dispereat.
2835 3681 2905 3739 Et
2926 3698 3023 3753 pro
3045 3682 3131 3741 his
3152 3687 3406 3744 omnibus
3428 3705 3575 3745 mer-

1965 3770 2158 3827 cedem
2190 3772 2345 3828 nobis
2374 3773 2643 3843 pollicens
2675 3772 2838 3841 Deus,
2872 3776 2947 3831 ait
2976 3795 2990 3832 :
3018 3776 3273 3849 Exspecta
3304 3796 3386 3835 me
3408 3782 3459 3835 in
3489 3782 3575 3839 die

1966 3868 2356 3923 resurrectionis
2398 3884 2523 3923 mea:
2562 3870 2616 3923 in
2646 3870 2999 3925 testimonium
3034 3888 3054 3927 :
3093 3883 3215 3944 post
3255 3874 3383 3930 vitia
3426 3877 3573 3935 enim

1966 3972 2129 4037 atque
2157 3976 2375 4035 peccata
2404 3966 2545 4020 Deus
2576 3975 2828 4036 resurget
2852 3967 2906 4022 in
2937 3967 3117 4023 nobis.
3146 3970 3213 4025 Et
3247 3969 3399 4040 juxta
3429 3971 3576 4043 quod

1968 4059 2022 4115 in
2044 4060 2154 4114 alio
2179 4059 2301 4115 loco
2327 4057 2579 4129 praecipit
2605 4075 2618 4112 :
2649 4056 2831 4115 Estote
2854 4059 2982 4115 mihi
3014 4070 3185 4129 testes,
3215 4073 3261 4117 et
3289 4079 3383 4136 ego
3408 4066 3573 4136 testis,

1968 4150 2095 4206 dicit
2124 4151 2382 4207 Dominus
2411 4149 2555 4207 Deus
2589 4167 2607 4205 :
2641 4161 2689 4207 et
2721 4169 2853 4225 puer
2880 4170 3032 4225 quem
3064 4156 3197 4229 elegi
3229 4153 3390 4222 (Isai.
3420 4172 3576 4227 mn,
3638 4144 3645 4151 “

1971 4243 2064 4316 10)
2100 4263 2113 4299 :
2154 4245 2309 4301 testis
2356 4255 2439 4301 est
2490 4245 2649 4302 nobis
2702 4245 2866 4302 Pater
2922 4263 3048 4303 cum
3101 4248 3241 4305 Filio
3282 4260 3337 4307 et
3368 4250 3579 4322 Spiritu

1970 4346 2183 4405 sancto,
2213 4349 2273 4392 ut
2313 4339 2367 4392 in
2395 4352 2491 4393 ore
2525 4335 2757 4393 duorum
2796 4338 2885 4395 vel
2943 4341 3107 4394 trium
3164 4340 3412 4411 testium,
3470 4349 3580 4400 stet

1972 4446 2137 4489 omne
2173 4432 2398 4489 verbum
2442 4431 2623 4505 (Deut.
2653 4432 2811 4505 xvn).
2851 4434 2915 4489 Et
2955 4434 3132 4506 magis
3177 4435 3308 4491 mihi
3365 4437 3582 4494 videtur

1974 4526 2055 4582 sic
2082 4534 2229 4581 stare
2256 4526 2547 4592 sententia,
2578 4534 2633 4581 et
2660 4526 2763 4582 sub
2796 4525 2881 4581 his
2913 4527 3094 4583 tribus
3124 4530 3351 4586 testibus
3376 4532 3583 4588 veritas

272 4622 411 4676 enim
432 4620 531 4677 zeli
558 4623 657 4676 mei
684 4620 1013 4677 deuorabitur
1039 4622 1206 4676 omnis
1235 4629 1426 4676 terra:
1449 4621 1573 4692 quia
1603 4630 1723 4675 tunc
1751 4619 1869 4673 red-
1892 4601 1949 4663 D
1975 4617 2313 4684 conﬁrmari,
2351 4632 2512 4688 quam
2544 4632 2645 4689 per
2674 4616 2785 4691 [ΑΙ.
2810 4620 3143 4693 secundum]
3168 4622 3428 4680 litteram.
3468 4626 3585 4681 Duo

275 4712 397 4767 dam
419 4714 624 4786 papulis
646 4714 843 4769 labium
871 4714 1109 4783 electum,
1138 4722 1193 4765 ut
1222 4713 1456 4768 invocent
1485 4728 1659 4767 omnes
1686 4728 1871 4767 nomen

277 4805 463 4880 (Vulg.
497 4808 553 4863 in
584 4806 810 4880 nomine]
843 4806 1077 4876 Domini,
1111 4814 1159 4859 et
1187 4808 1410 4863 serviant
1439 4806 1714 4863 eihumero
1743 4824 1871 4863 uno.

276 4900 424 4958 LXX
456 4918 470 4957 :
500 4900 529 4940 ι’
555 4900 841 4975 PrOpterea
862 4909 1101 4974 exspecta
1126 4917 1226 4969 me,
1255 4901 1380 4955 dicit
1405 4901 1686 4967 Dominus,
1706 4901 1761 4956 in
1790 4900 1876 4956 die

277 4996 672 5052 resurrectionis
717 5012 847 5053 meae
892 4997 949 5051 iu
998 4996 1350 5052 testimonium
1398 5013 1419 5051 :
1451 4997 1573 5067 quia
1616 4995 1876 5067 judicium

278 5104 451 5146 meum
478 5092 534 5146 in
560 5092 984 5165 congregationes
1022 5091 1276 5163 gentium,
1303 5100 1358 5145 ut
1394 5091 1675 5163 suscipiam
1706 5108 1871 5164 reges,

284 5194 339 5239 ut
368 5185 638 5255 e/fundam
664 5202 821 5260 super
847 5202 935 5243 eos
961 5186 1096 5241 iram
1124 5202 1290 5242 meam
1311 5201 1534 5255 omnem,
1562 5188 1699 5241 iram
1727 5187 1877 5257 {uro-

284 5324 409 5383 Mox
438 5343 657 5400 quoque
686 5344 784 5400 pro
809 5330 949 5399 ﬁlius
980 5338 1221 5386 nascetur
1252 5328 1445 5397 David,
1480 5330 1721 5399 reposuit
1740 5330 1882 5400 ﬁlius

286 5410 529 5454 nascetur
558 5402 737 5456 domui
762 5401 1024 5459 Jacob.ln
1047 5404 1248 5458 nostris
1273 5417 1405 5457 mss.
1427 5402 1741 5457 etMartiau.
1769 5403 1883 5458 edi-

291 5468 444 5528 tione
476 5472 611 5527 nihil
639 5473 815 5530 simile
845 5476 1091 5531 invenire
1118 5484 1222 5538 est,
1264 5474 1493 5544 dumque
1535 5474 1641 5529 illae
1673 5490 1836 5530 voces
1865 5515 1880 5542 ,

289 5551 611 5617 exstructum
655 5554 955 5616 postquam,
1016 5545 1294 5602 contextui
1335 5545 1700 5602 incommoda:
1742 5562 1884 5617 prte-

290 5620 439 5669 tcrea
470 5615 817 5672 videbantur.

362 5693 388 5721 λ
432 5686 655 5815 lVoqem,
707 5704 855 5761 opus,
892 5691 1345 5768 ἐμφατικωτέρως,
1378 5690 1487 5748 duo
1528 5689 1700 5746 nostri
1747 5704 1881 5747 mss.

321 5771 428 5815 IIDD
451 5774 517 5814 en
550 5804 563 5815 .

288 5772 563 5827 supplent.

361 5828 389 5869 ι’
417 5829 750 5906 Versiculos,
783 5834 1092 5908 Prteparare
1118 5846 1514 5910 consurge,etc,
1539 5851 1697 5909 quem
1716 5835 1768 5891 in
1794 5850 1886 5892 su-

1980 4714 2127 4770 enim
2152 4714 2369 4769 fuerunt
2395 4718 2567 4769 testes
2598 4720 2789 4769 contra
2822 4713 3130 4771 Susannam
3161 4716 3327 4787 (Dan.
3357 4717 3496 4790 run).
3531 4727 3588 4776 ct

1979 4818 2176 4865 contra
2204 4808 2379 4879 ipsum
2412 4807 2698 4864 Dominum
2730 4808 3073 4868 Salvatorem
3106 4812 3287 4885 (Matt.
3324 4812 3498 4885 xxvi),
3531 4824 3589 4872 et

1982 4910 2165 4960 tamen
2194 4918 2303 4958 non
2335 4903 2487 4960 stetit
2516 4902 2741 4959 verbum
2775 4903 2830 4959 in
2863 4920 2959 4962 ore
3002 4921 3215 4965 eorum.
3247 4909 3452 4964 Contra
3486 4909 3591 4964 Na-

1983 4999 2115 5055 both
2149 5014 2364 5071 quoque
2410 5014 2551 5070 pene
2597 5007 2714 5055 tota
2762 5000 2954 5056 civitas
3007 5002 3145 5059 dixit
3190 5003 3586 5073 testimonium,

1982 5107 2394 5165 consensusque
2433 5095 2655 5149 testium
2697 5094 3066 5164 pessimorum
3108 5110 3216 5151 non
3266 5094 3587 5155 firmitatem

1983 5186 2172 5242 habuit
2191 5186 2459 5256 veritatis,
2485 5185 2582 5243 sed
2604 5186 2834 5245 sceleris
2860 5190 3298 5259 conjurationem
3325 5188 3422 5261 (IIl
3453 5190 3587 5263 Reg.

1990 5328 2191 5407 periuri
2222 5329 2467 5407 sectione
2495 5329 2760 5407 diximus,
2788 5332 2839 5387 in
2866 5329 3061 5402 Regin.
3097 5348 3201 5387 ms.
3233 5346 3340 5389 non
3373 5334 3592 5407 haberi,

1992 5402 2077 5458 hic
2108 5402 2324 5457 demum
2359 5402 2463 5458 loci
2498 5403 2564 5458 ab
2593 5404 2785 5458 eodem
2818 5412 3161 5458 recensetur.

2066 5486 2088 5551 ιῖ
2115 5474 2259 5529 Idem
2290 5489 2419 5542 ms.,
2454 5482 2744 5551 convertam
2772 5475 2823 5527 in
2850 5475 3059 5551 papulis
3094 5476 3327 5550 linguam
3359 5479 3413 5532 in
3444 5497 3599 5551 gene-

1986 5547 2217 5620 rationes
2253 5589 2267 5614 ,
2323 5555 2433 5601 etc.
2468 5587 2483 5611 ,
2514 5547 2687 5620 juxta
2746 5547 3140 5620 nonnullorum
3173 5547 3594 5620 exemplarium

1987 5617 2238 5674 Grtecum
2254 5627 2487 5673 textum.
2513 5617 2635 5693 Mox
2659 5618 3042 5686 emendamus,
3068 5617 3373 5677 invocantes
3385 5639 3596 5693 nomen,

1986 5705 2088 5761 pro
2118 5705 2230 5759 quo
2260 5699 2399 5755 erat,
2434 5688 2660 5761 nomine.

1988 5759 2005 5890 ἓ
2059 5760 2086 5799 ἀ
2108 5762 2367 5845 .Rursum
2394 5759 2538 5816 idem
2567 5775 2699 5831 ms.,
2728 5761 2798 5818 Et
2828 5762 2961 5819 sicut
2985 5771 3139 5820 antea
3168 5764 3226 5821 in
3252 5766 3601 5838 adiﬁcatione

2011 5850 2168 5890 urrzs.
2191 5843 2297 5889 etc.

2011 5843 2168 5901 urris,
2191 5843 2297 5889 etc.
