4028 6342
499 224 639 285 1579

1771 219 1828 278 S.
1872 218 2141 281 EUSEBII
2180 218 2555 283 lllERONYMl

3665 223 3799 282 1380

496 341 639 412 XXI).
672 340 807 409 Quia
846 338 1136 410 judicium,
1171 337 1263 403 ait,
1302 351 1481 394 meum
1534 338 1587 393 in
1637 338 2095 409 congregationcs
2122 338 2174 401 Α
2200 340 2293 395 ctis
2321 337 2773 395 adinveutionibus
2799 337 3119 409 tuis,quibus
3143 337 3485 411 praeraricata
3511 355 3565 395 es
3594 340 3649 394 in
3685 358 3801 394 me:

491 438 759 508 gentium,
791 435 1162 505 ntsuscipiam
1188 448 1365 504 reges,
1389 433 1442 489 in
1466 434 1589 488 loco
1613 432 1865 489 videlicet
1889 432 2098 502 suppli—

491 532 707 586 ciorum
740 544 985 591 suorum,
1021 535 1081 582 ut
1109 526 1381 585 effundam
1412 541 1578 597 super
1606 541 1700 581 eos
1730 527 1863 581 iram
1894 540 2092 590 meam,

489 637 713 678 omnem
743 622 878 677 iram
906 621 1108 676 iuraris
1150 620 1275 677 tnei.
1310 619 1414 687 Qui
1447 619 1626 675 minor
1652 626 1754 683 cst,
1786 619 1895 673 cito
1924 630 2095 675 tuere.

488 724 577 772 tur
621 717 860 780 veniant.
904 723 961 770 et
993 712 1390 771 misericordia:
1419 711 1700 782 proximus
1738 718 1823 769 est
1857 725 1869 763 :
1906 706 2095 763 Poten-

487 818 561 863 tes
592 817 767 863 autent
797 818 1035 880 potenter
1062 816 1317 863 tormenta
1347 806 1613 873 patientur
1635 804 1877 876 (Sapicn.
1915 818 1990 870 Vl,
2012 800 2089 874 ϐ).

485 900 643 957 Unde
671 912 863 972 gentes
908 911 961 957 et
1005 900 1251 968 gentium
1302 896 1595 953 multitudo
1624 904 1988 967 congregatur
2027 893 2091 947 ad

479 997 779 1068 judicium;
807 1012 964 1068 reges
996 1007 1199 1064 autem,
1231 996 1287 1052 id
1322 1006 1428 1063 est,
1473 995 1745 1066 principes
1775 993 2090 1063 dogtnatunt

486 1105 876 1161 perversorum
906 1088 1252 1145 adducentur
1300 1089 1355 1145 itt
1397 1102 1634 1157 poenam,
1685 1094 1743 1143 ut
1782 1084 2093 1143 effundatur

481 1199 651 1254 super
680 1198 775 1240 eos
803 1186 983 1237 omnis
1013 1184 1089 1239 ira
1121 1182 1319 1237 furoris
1346 1181 1584 1237 Domini.
1617 1180 1681 1237 Et
1708 1178 1812 1235 hoc
1836 1195 1941 1233 non
1970 1193 2094 1233 cru-

483 1275 706 1332 delitate
734 1276 792 1330 tit
826 1275 1030 1345 aliqua,
1069 1285 1128 1330 ut
1165 1274 1505 1329 arbitrantur
1536 1271 1868 1341 sanguinarii
1893 1268 2087 1325 Judaei.

480 1367 577 1423 sed
612 1366 1011 1433 misericordia,
1060 1378 1115 1422 et
1162 1365 1399 1423 oonsilio
1448 1363 1796 1421 medicantis.
1831 1361 2091 1431 Sequitur

478 1462 626 1516 enim
662 1478 674 1512 :
712 1458 777 1512 In
811 1460 929 1533 igne
960 1460 1092 1515 enim
1124 1459 1221 1512 zeli
1245 1458 1340 1511 mei
1366 1464 1700 1511 eonsumetur
1729 1455 1896 1509 omnis
1926 1462 2089 1508 terra.

479 1553 751 1610 Gentibus
779 1555 979 1623 quippe
1010 1550 1357 1622 adjudicium
1389 1549 1756 1620 congregatis,
1790 1560 1843 1605 et
1870 1548 2089 1618 regibus

477 1646 546 1701 ad
565 1646 916 1716 supplicium,
947 1654 1003 1699 ut
1032 1643 1348 1700 effundatur
1377 1658 1543 1713 super
1567 1655 1663 1697 eos
1682 1641 1784 1708 ira,
1810 1650 1864 1695 et
1886 1656 1992 1697 non
2021 1655 2086 1694 ex

2199 434 2320 504 quia
2344 442 2465 489 tunc
2492 436 2731 502 auferam
2760 432 2824 489 de
2853 433 3021 489 medio
3060 433 3137 487 tui
3163 434 3525 505 magniloquos
3550 435 3803 505 superbia

2199 535 2323 595 tute,
2358 536 2406 579 et
2435 543 2537 580 non
2567 525 2783 594 adjicies
2812 524 3036 581 exaltari
3064 527 3290 597 amplius
3322 528 3375 585 in
3418 536 3593 582 monte
3623 538 3805 582 sancto

2198 635 2312 675 meo
2332 660 2346 686 ,
2379 628 2425 672 et
2457 619 2814 689 derelinquam
2845 618 2898 675 in
2934 619 3103 675 medio
3134 621 3211 674 tui
3240 620 3487 692 populum
3521 637 3807 691 pauperem

2198 722 2245 767 et
2274 730 2511 784 egenum,
2543 725 2593 768 et
2626 714 2910 786 sperabunt
2955 715 3012 770 in
3041 714 3247 771 nomine
3276 712 3510 778 Domini,
3543 714 3807 787 Reliquia:

2197 807 2372 863 Israel
2404 825 2505 862 non
2536 808 2732 879 facient
2763 808 3105 877 iniquitatem,
3140 825 3297 879 neque
3329 807 3605 877 loquentur
3652 825 3802 863 men-

2196 902 2427 965 dacium,
2457 912 2503 956 et
2528 918 2629 958 non
2649 903 2937 959 invenietur
2959 904 3011 957 in
3039 920 3127 959 ore
3153 920 3330 958 eorum
3356 904 3539 976 lingua
3590 904 3803 965 dolosa.

2195 996 2441 1067 quoniam
2480 996 2583 1061 ipsi
2615 1006 2892 1066 pascentur
2922 1006 2969 1049 et
2996 996 3341 1061 accubabant,
3374 1005 3420 1051 et
3450 1012 3555 1051 non
3582 996 3681 1051 erit
3715 995 3807 1065 qui

2194 1098 2471 1147 exterreat.
2503 1089 2648 1145 LXX
2676 1107 2689 1143 :
2714 1089 2794 1145 De
2824 1090 3016 1160 ﬁnibus
3042 1091 3325 1160 [luminum
3358 1089 3655 1165 xEthiOpia:
3681 1108 3803 1145 sus~

2194 1185 2391 1257 cipiam
2421 1185 2682 1254 dispersos
2706 1202 2847 1239 meos
2876 1201 2892 1238 :
2922 1184 3140 1253 afferent
3180 1184 3413 1239 victimas
3442 1183 3593 1241 milii.
3621 1182 3691 1238 In
3719 1184 3808 1239 die

2193 1281 2289 1337 illa
2316 1296 2417 1334 non
2446 1279 2786 1350 confunderis
2817 1295 2879 1335 ea:
2917 1278 3153 1335 omnibus
3183 1277 3642 1337 adinventionibus
3672 1279 3806 1341 tuis,

2194 1375 2357 1447 725
2385 1373 2568 1444 quibus
2599 1374 2755 1443 impie
2783 1374 2935 1443 egisti
2964 1373 3017 1428 in
3044 1388 3125 1427 me
3147 1414 3161 1440 ,
3190 1373 3312 1444 quia
3343 1380 3467 1425 tunc
3496 1374 3743 1441 auferam
3777 1388 3809 1424 a

2196 1480 2243 1523 te
2273 1470 2639 1523 detractionem
2671 1467 2996 1524 contumelia:
3031 1477 3131 1522 tua:
3150 1509 3163 1529 .
3195 1476 3245 1521 et
3274 1466 3411 1521 ultra
3440 1482 3547 1520 non
3576 1464 3806 1537 adjicies

2195 1574 2249 1618 ut
2278 1564 2621 1635 magniﬁeeris
2644 1578 2793 1634 super
2822 1570 3048 1618 montem
3070 1571 3305 1618 sanctum
3328 1576 3532 1615 meum:
3563 1571 3613 1615 et
3639 1560 3809 1614 retin-

2193 1674 2346 1728 quam
2376 1659 2425 1709 in
2460 1666 2506 1709 te
2537 1657 2783 1727 populum
2818 1663 3143 1709 mansuetum
3172 1663 3217 1708 et
3248 1652 3499 1708 humilem
3525 1693 3539 1717 ,
3572 1662 3620 1711 et
3651 1668 3805 1707 reve-

475 1750 657 1817 parte,
692 1739 790 1795 sed
822 1750 956 1805 tota,
988 1749 1042 1797 et
1073 1740 1147 1795 ira
1176 1754 1240 1793 ac
1262 1739 1450 1794 furore
1476 1736 1710 1803 sociato,
1729 1743 2073 1791 consutnattn

2190 1749 2434 1805 rebantur
2461 1767 2642 1803 nomen
2677 1748 2919 1815 Domini,
2953 1748 3043 1819 qui
3065 1747 3260 1818 fuerint
3287 1746 3474 1816 reliqui
3505 1749 3569 1801 de
3604 1744 3801 1809 Israel,

472 1836 531 1892 in
558 1846 672 1890 toto
692 1835 825 1890 orbe
850 1834 1111 1905 quidquid
1142 1843 1421 1889 terrenum
1446 1842 1553 1898 est,
1576 1828 1840 1901 quidquid
1862 1828 1929 1885 ad
1959 1842 2089 1898 ope-

472 1944 534 1985 ra
560 1937 744 1995 terra),
782 1929 831 1984 id
860 1940 968 1995 BSt,
1000 1931 1182 1983 carnis
1212 1927 1450 1997 pertinet
1484 1944 1497 1978 :
1523 1938 1712 1985 omnes
1742 1924 1861 1993 ejus
1890 1937 2087 1991 vepres

469 2033 523 2077 et
556 2021 778 2092 spinosa
821 2022 1019 2075 fruteta
1064 2031 1304 2082 vastans.
1364 2019 1465 2073 zeli
1509 2018 1614 2073 mei
1654 2014 1868 2073 vorabit
1900 2015 2088 2069 inccn-

472 2116 647 2170 diutn.
683 2115 751 2171 Et
780 2125 909 2170 tunc
942 2125 1266 2170 convertam
1299 2128 1468 2183 super
1500 2111 1733 2183 populos
1764 2110 2005 2181 linguam
2033 2111 2083 2164 in

468 2214 884 2281 generationem
919 2227 1097 2276 suam,
1132 2223 1189 2265 ut
1219 2212 1590 2280 unusquisque
1619 2223 1809 2265 errore
1833 2208 2085 2278 depasito

470 2306 536 2360 ad
566 2306 850 2374 antiquum
892 2303 1254 2360 confessionis
1289 2302 1504 2359 Domini
1534 2301 1815 2372 eloquium
1842 2310 2082 2355 reverta-

470 2406 559 2453 tur
587 2417 598 2452 :
627 2410 679 2453 et
702 2400 754 2452 in
775 2400 983 2453 nomine
1007 2396 1135 2452 Jesu
1158 2414 1305 2451 omne
1328 2412 1463 2468 genu
1487 2398 1749 2466 ﬂectatur,
1780 2394 2078 2458 c'azlestium.

468 2494 812 2562 terrestrium,
844 2502 889 2546 et
919 2494 1270 2563 infernarum,
1302 2500 1349 2545 et
1381 2490 1546 2545 omnis
1565 2488 1729 2562 724,
1755 2490 1934 2561 lingua
1963 2505 2083 2543 eon-

464 2588 680 2661 ﬁteatur
709 2586 1187 2642 DontiuumJesutn
1217 2586 1268 2639 in
1293 2585 1463 2656 gloria
1485 2584 1581 2639 Dei
1606 2582 1787 2638 Patris
1810 2582 2077 2656 (Philipp.

469 2697 533 2749 tt,
568 2680 679 2754 10).
709 2683 1061 2749 Abjccnsque
1087 2680 1372 2745 lateribus,
1398 2689 1453 2735 et
1482 2678 1745 2734 bitumine
1768 2693 1889 2748 qua:
1917 2676 2078 2732 liabe-

472 2776 672 2833 bamus
716 2791 812 2849 pro
858 2774 1128 2845 lapidibus
1160 2783 1214 2833 et
1260 2773 1397 2841 luto,
1430 2772 1628 2843 quibus
1664 2770 1866 2827 erroris
1907 2772 2078 2825 nostri

464 2868 784 2940 superbiam
823 2868 1248 2927 exstruebamus
1279 2873 1468 2921 contra
1494 2864 1808 2931 Dominum,
1844 2863 2077 2933 recipia—

468 2977 588 3017 mus
614 2962 851 3031 linguam
882 2970 1181 3031 quatnante
1204 2958 1559 3029 perdidimus,
1578 2966 1631 3012 et
1658 2956 1825 3013 simus
1840 2956 2073 3026 subjugo

466 3056 695 3126 Christi,
728 3056 961 3113 dicentis
1010 3075 1023 3113 :
1062 3054 1260 3127 Jugum
1301 3069 1472 3107 meum
1522 3068 1678 3107 suave
1718 3060 1815 3117 est,
1850 3062 1897 3104 et
1941 3066 2072 3104 onus

2192 1852 2236 1896 et
2267 1859 2369 1895 non
2403 1843 2593 1911 facient
2632 1840 2992 1911 iniquitatem,
3024 1850 3073 1897 et
3104 1854 3207 1895 non
3240 1838 3513 1909 loquentur
3550 1855 3683 1893 vana
3706 1879 3721 1904 ,
3752 1848 3805 1895 et

2191 1950 2294 1989 non
2336 1934 2620 1995 invenietur
2663 1935 2713 1987 in
2744 1948 2830 1989 ore
2857 1948 3033 1989 eorum
3082 1932 3265 2005 lingua
3303 1933 3516 1999 dolosa,
3542 1933 3803 2003 quoniam

2188 2027 2287 2097 ipsi
2323 2034 2598 2098 pascentur
2630 2035 2676 2082 et
2716 2024 3071 2092 accubabant,
3098 2034 3144 2079 et
3178 2026 3398 2079 nouerit
3429 2024 3520 2096 qui
3540 2033 3801 2079 exterreat

2186 2140 2296 2179 eos.
2337 2124 2474 2179 Cum
2530 2121 2827 2181 reddiderit
2856 2120 3131 2177 Dominus
3185 2118 3527 2177 credentium
3575 2118 3800 2190 pupulis

2188 2218 2388 2273 labium
2413 2215 2669 2284 electum,
2695 2226 2747 2271 et
2773 2216 3149 2273 invocaverint
3172 2229 3361 2273 omnes
3391 2230 3586 2273 nomen
3612 2213 3799 2271 Domi-

2189 2311 2269 2379 ni,
2294 2321 2345 2365 et
2372 2310 2710 2380 portaverint
2733 2310 2918 2379 jugum
2944 2308 3062 2378 ejus
3092 2318 3218 2363 tunc
3247 2309 3410 2363 etiam
3436 2305 3581 2361 ultra
3609 2306 3799 2362 ﬂumi-

2187 2420 2254 2459 na
2287 2403 2579 2474 ιλΕιΙιίοιιία)
2607 2404 2784 2475 (unde
2814 2404 2957 2459 venit
2986 2404 3165 2474 regina
3194 2402 3333 2459 Saba
3357 2402 3543 2459 audire
3573 2402 3798 2471 sapien-

2188 2499 2316 2553 tiam
2337 2496 2646 2553 Salomonis
2671 2496 2757 2568 (Ill
2780 2496 2966 2567 Reg.x)
2989 2496 3241 2552 deferent
3257 2496 3503 2553 victimas
3523 2494 3789 2553 Domino:

2184 2588 2253 2645 Et
2286 2590 2557 2660 .Etbiopia
2598 2591 2872 2661 pra’reniet
2909 2606 3092 2645 manus
3121 2593 3233 2661 ejus
3263 2589 3375 2643 Deo
3407 2586 3581 2660 (Psal.
3613 2603 3791 2650 vast,

2186 2682 2321 2753 5:2):
2371 2698 2607 2754 veroque
2650 2682 2874 2753 legifero
2904 2725 2918 2749 ,
2961 2683 3051 2753 qui
3093 2682 3282 2737 decem
3314 2681 3487 2754 plagis
3518 2682 3795 2750 percussit

2182 2775 2472 2848 Egyptum
2512 2775 2722 2843 (Exod.
2757 2774 2860 2846 tt),
2910 2776 3075 2833 nubet
3104 2774 3437 2845 :Etbiopissa
3461 2820 3474 2841 ,
3507 2774 3791 2831 invidente

2180 2883 2449 2939 synagoga
2485 2867 2860 2924 Hebraeorum.
2883 2867 3036 2934 Quod
3066 2883 3245 2927 autem
3276 2867 3522 2936 aitjuxta
3556 2867 3788 2923 Hebrai-

2179 2973 2336 3013 cutn:
2382 2958 2409 3012 1
2418 2960 2516 3013 nde
2545 2959 2802 3029 supplices
2834 2960 2932 3013 mei
2981 2960 3094 3028 ﬁlia
3129 2958 3483 3029 dispersorum
3514 2975 3784 3026 meorum,

2177 3052 2403 3123 dsiet-ent
2446 3069 2629 3107 manus
2673 3053 2801 3106 milii
2826 3092 2843 3121 ,
2892 3052 3267 3123 hujuscemodi
3299 3061 3414 3109 est:
3444 3054 3489 3113 0
3516 3053 3712 3121 Israel,
3750 3072 3787 3111 0

463 3166 633 3205 meum
664 3151 767 3205 leve
792 3160 865 3204 est
925 3148 1086 3223 (Mat.
1119 3164 1194 3217 xr,
1227 3148 1342 3218 50).
1377 3146 1682 3201 Notandum
1713 3153 1893 3199 autem
1927 3143 2069 3215 quod
2100 3140 2146 3205 C
2178 3160 2448 3218 synagoga
2481 3147 2750 3219 quondam
2782 3147 2913 3214 ﬁlia,
2945 3164 3106 3220 quam
3139 3148 3190 3204 in
3223 3157 3340 3204 toto
3371 3148 3504 3204 orbe
3524 3148 3780 3219 dispersi,

461 3240 516 3299 in
545 3258 610 3298 eo
631 3243 771 3312 loco,
801 3243 892 3299 ubi
917 3259 1013 3299 nos
1038 3242 1385 3312 interpretati
1410 3255 1597 3296 sumus
1624 3258 1635 3292 :
1663 3239 1876 3293 reddam
1906 3256 2072 3308 popu—

464 3335 529 3389 lis
557 3336 751 3390 fabium
782 3337 1017 3404 electum,
1056 3352 1151 3405 pro
1178 3335 1376 3399 electo,
1412 3332 1766 3403 Septuaginta
1794 3332 2067 3400 dixerunt,

462 3430 517 3485 in
541 3432 923 3501 generationem
956 3434 1092 3504 ejus,
1130 3439 1186 3484 ut
1216 3428 1594 3497 subaudiatur,
1646 3438 1811 3481 terrea.
1851 3427 1918 3480 Et
1947 3425 2075 3482 hinc

461 3524 621 3579 error
651 3534 874 3581 exortus
905 3532 990 3580 est
1012 3567 1025 3590 ,
1060 3522 1203 3594 quod
1236 3522 1459 3578 verbum
1504 3520 1829 3576 Hebraicum
1862 3535 2071 3575 BARURA

462 3616 525 3688 (ῃ
544 3619 723 3687 σἰ-πι),
750 3615 893 3687 quod
926 3616 1116 3685 Aquila
1141 3623 1195 3670 et
1214 3612 1524 3670 Tbeodotio
1552 3611 1789 3680 electum,
1823 3612 2073 3682 Symma-

459 3711 598 3769 chus
628 3711 878 3765 mundum
904 3712 1293 3781 interpretatus
1307 3721 1389 3765 est
1415 3727 1428 3766 :
1451 3709 1798 3779 Septuaginta
1827 3708 2072 3779 legerunt

458 3817 667 3861 BADL'RA
713 3802 969 3875 (rt-tm),
1006 3818 1105 3859 nes
1138 3803 1373 3858 litteram
1418 3816 1629 3857 DALETH
1674 3799 2069 3865 existimantes,

457 3907 689 3969 propter
718 3898 975 3953 elementi
1007 3898 1229 3953 nimiam
1261 3896 1696 3962 similitudinem,
1728 3896 1871 3965 quod
1905 3913 2070 3966 parvo

454 3992 611 4059 apice
643 3990 1017 4060 distinguitur.
1051 3991 1273 4046 Necnon
1308 3990 1397 4047 ubi
1434 4005 1531 4046 nos
1567 3996 1968 4064 transtulimus,
2005 3992 2069 4048 In

458 4087 541 4140 die
573 4086 963 4140 resurrectionis
996 4102 1119 4140 mea:
1147 4087 1200 4141 in
1227 4088 1481 4155 futurum,
1513 4096 1567 4142 et
1587 4103 1776 4147 omnes
1798 4089 2069 4157 interpre-

454 4180 552 4235 tati
586 4189 732 4245 sunt,
768 4180 820 4233 in
852 4180 1224 4233 testimonium.
1262 4179 1520 4237 Hebraeus
1549 4182 1639 4251 qui
1673 4197 1759 4235 me
1800 4184 1857 4236 in
1914 4182 2058 4237 Scri-

450 4276 624 4349 pturis
656 4274 1208 4342 instituit,assercbat
1238 4289 1374 4329 LAED
1399 4258 1546 4345 (wh)
1575 4275 1626 4329 in
1660 4275 1912 4345 praisenti
1945 4277 2066 4332 loco

450 4368 626 4436 magis
655 4370 725 4430 εἰς
748 4366 823 4425 ἔτι
844 4366 896 4422 id
921 4374 1024 4429 est,
1049 4367 1100 4420 in
1130 4366 1388 4437 futurum,
1408 4366 1609 4423 debere
1631 4368 1878 4439 intelligi,
1899 4384 2060 4439 quam

450 4460 507 4517 in
534 4464 907 4527 testimonium,
942 4477 1010 4515 eo
1038 4462 1207 4530 enim,
1244 4460 1387 4530 quod
1432 4462 1693 4519 scribitur
1725 4478 1819 4534 per
1848 4462 2061 4520 litteras

2180 3239 2305 3295 licet
2337 3240 2579 3295 invideas
2612 3239 2719 3312 [Αι.
2750 3238 2999 3311 invidia],
3039 3240 3166 3299 licet
3196 3241 3543 3299 :emulatione
3569 3242 3787 3297 crucie-

2177 3333 2274 3402 ris,
2309 3342 2486 3391 tamen
2517 3334 2585 3389 de
2613 3333 2893 3404 Ethiopian
2925 3333 3056 3389 mihi
3088 3335 3318 3390 victima:
3348 3334 3689 3400 deferentur,
3724 3336 3781 3391 id

2177 3434 2282 3493 est,
2313 3426 2380 3482 de
2408 3427 2693 3496 gentilium
2730 3426 2949 3496 pepulo.
2976 3426 3031 3481 lu
3065 3426 3155 3485 die
3184 3426 3274 3483 illa
3295 3469 3310 3495 ,
3345 3426 3397 3483 id
3426 3439 3532 3495 est,
3562 3428 3783 3499 quando

2175 3522 2414 3592 gentium
2455 3521 2747 3577 ctediderit
2783 3520 3073 3577 multitudo
3096 3562 3112 3589 ,
3144 3522 3308 3579 etiam
3337 3531 3394 3579 tu
3424 3536 3531 3585 non
3561 3523 3781 3593 penitus

2176 3612 2521 3669 confunderis
2567 3629 2732 3684 super
2784 3616 2997 3671 cunctis
3050 3614 3330 3671 erroribus
3388 3616 3528 3682 tuis,
3582 3616 3781 3686 quibus

2176 3708 2526 3776 praevaricata
2572 3722 2633 3762 es
2663 3706 2714 3760 in
2757 3721 2875 3774 tne,
2914 3705 3167 3777 eligendo
3213 3706 3554 3774 Barabbam,
3587 3717 3642 3763 et
3680 3708 3779 3765 Dci

2176 3798 2369 3854 Filium
2394 3799 2762 3865 cruciﬁgendo
2795 3798 2974 3873 (Joan.
2997 3800 3094 3870 v1).
3122 3799 3274 3856 Tunc
3300 3802 3543 3857 auferam
3571 3801 3641 3857 de
3663 3818 3779 3861 me-

2172 3892 2265 3946 dio
2299 3894 2371 3946 tui
2401 3894 2637 3958 Scribas,
2668 3904 2722 3949 et
2746 3894 3094 3959 Sacerdotes,
3115 3905 3167 3950 et
3199 3894 3534 3963 Pbarisaros,
3568 3895 3779 3969 magni-

2173 3987 2363 4058 loquos
2380 3989 2647 4058 superbiae
2667 3997 2792 4057 tuac,
2809 4000 2862 4044 et
2883 4005 3218 4060 nequaquam
3242 4000 3292 4045 te
3312 3991 3361 4044 in
3379 3999 3562 4047 monte
3584 4001 3775 4047 sancto

2172 4096 2293 4136 meo
2317 4082 2455 4137 ultra
2477 4081 2748 4153 jaclabis;
2784 4082 2877 4139 sed
2905 4081 3132 4138 habebis
3164 4083 3421 4155 pupulum
3455 4099 3765 4154 pauperem,

2170 4173 2418 4229 homines
2448 4174 2791 4243 illitteratos,
2817 4183 2871 4230 et
2901 4174 3196 4245 piscatores
3216 4219 3233 4245 ,
3265 4176 3354 4247 qui
3389 4178 3687 4245 sperabunt
3712 4176 3765 4232 in

2168 4268 2388 4323 nomine
2413 4266 2646 4323 Domini.
2672 4268 2938 4341 Reliquire
2967 4269 3161 4339 lsrael,
3196 4285 3301 4329 non
3336 4270 3624 4326 multitudo
3649 4286 3769 4343 quia

2167 4361 2455 4417 clamavit:
2506 4363 2763 4434 Cruciﬁge
2790 4410 2803 4433 ,
2838 4365 3085 4437 crucifige
3113 4381 3229 4419 eum
3259 4363 3452 4437 (Joan.
3489 4380 3578 4421 xix
3601 4405 3617 4430 ,
3665 4362 3764 4437 6):

2166 4472 2274 4515 non
2302 4458 2581 4526 pontifices
2606 4469 2659 4513 ct
2681 4459 3004 4532 optimates;
3030 4459 3126 4517 sed
3150 4458 3393 4531 reliquiae
3424 4475 3765 4531 nequaquam

449 4568 543 4610 ius
584 4562 637 4608 ct
675 4569 875 4620 DALET,
913 4550 1012 4620 ἔτι,
1054 4563 1110 4608 el
1141 4555 1441 4631 μαρτύριον,
1476 4553 1530 4609 id
1561 4562 1668 4623 est,
1709 4557 1968 4627 futurum,
2006 4568 2061 4614 et
2088 4537 2141 4599 D
2168 4551 2361 4607 facient
2410 4553 2749 4621 iniquitatem
2778 4595 2791 4619 ,
2838 4569 2939 4613 nec
2986 4555 3275 4627 loquentur
3322 4554 3665 4613 mendacium
3712 4555 3764 4610 in

449 4646 821 4711 testimonium,
867 4645 1116 4716 intelligi.
1167 4647 1463 4702 Possumus
1510 4646 1656 4704 hunc
1703 4648 1881 4705 locum
1907 4660 1961 4707 et
1992 4650 2059 4707 de

449 4738 632 4809 primo
653 4737 852 4792 Christi
877 4739 1117 4794 adventu
1146 4754 1445 4809 exponere,
1469 4740 1711 4810 quando,
1741 4743 1888 4799 omni
1906 4760 2059 4799 erro-

444 4843 510 4884 re
537 4829 776 4897 sublato,
801 4828 1248 4898 tltemonibuSque
1271 4830 1514 4897 calcatis,
1542 4843 1595 4886 et
1626 4835 1857 4891 terrenis
1878 4838 2056 4907 operi-

443 4921 549 4977 bus
574 4923 895 4989 destructis,
943 4922 1178 4993 apostoli
1208 4923 1479 4983 universis
1509 4924 1706 4997 linguis
1734 4928 1895 4985 locuti
1926 4940 2055 4986 sunt

444 5019 584 5088 (Art.
615 5023 700 5087 tt),
730 5028 784 5077 et
810 5018 986 5073 veteri
1015 5032 1204 5075 errore
1227 5019 1464 5087 Sublato,
1490 5035 1654 5075 unum
1688 5022 2050 5081 confessionis

442 5112 717 5169 redditum
749 5120 833 5167 est
866 5112 1094 5167 labium.
1124 5110 1228 5167 Sed
1260 5124 1314 5169 et
1354 5128 1509 5184 reges
1541 5113 1632 5182 qui
1660 5114 2047 5187 destruantur,

442 5214 498 5260 et
526 5205 711 5259 divino
743 5214 1141 5259 consumuntur
1164 5205 1382 5273 ardore,
1409 5221 1790 5279 perversorum
1824 5209 2038 5280 dogmav

443 5307 557 5355 tum
584 5300 859 5372 principes
882 5300 1154 5355 sentiendi
1184 5310 1330 5355 sunt.

517 5393 698 5462 (V’ers.
729 5392 794 5447 l0
817 5394 996 5463 seqq.)
1023 5391 1173 5447 Ultra
1197 5394 1417 5463 ﬂamina
1444 5393 1752 5466 .lftltiepiae,
1778 5395 1898 5449 inde
1920 5412 2045 5464 sup-

440 5492 600 5563 plices
622 5496 740 5557 mei,
770 5492 865 5561 ﬁlii
888 5490 997 5563 (Al.
1026 5490 1163 5564 ﬁlia]
1180 5491 1533 5561 dispersorum
1552 5492 2045 5563 meorum,deferent

444 5603 633 5641 manus
676 5586 822 5641 mihi.
858 5584 921 5639 In
954 5586 1036 5639 die
1066 5584 1159 5641 illo
1214 5602 1317 5639 non
1360 5585 1695 5658 confunderis
1726 5600 1882 5656 super
1911 5601 2043 5639 cun—

517 5736 541 5764 ιι
580 5726 678 5783 Ms.
710 5725 927 5797 Regin.,
957 5723 1316 5795 corporalibus
1356 5724 1505 5781 bonis
1534 5725 1877 5796 operibusque
1903 5740 2042 5781 com-

2164 4644 2382 4701 Citrile
2408 4687 2421 4712 ,
2456 4646 2669 4701 veritati
2710 4647 2997 4705 credentes
3031 4663 3045 4702 :
3097 4661 3199 4703 nec
3245 4646 3551 4705 invenietur
3586 4648 3638 4702 in
3671 4662 3767 4703 ore

2163 4753 2353 4793 eorum
2405 4739 2583 4811 lingua
2634 4738 2823 4795 dolosa
2848 4782 2864 4805 ,
2914 4740 3146 4797 scientes
3170 4739 3315 4811 quod
3346 4754 3509 4799 omne
3538 4740 3765 4797 menda-

2160 4832 2301 4888 ciutn
2338 4832 2407 4889 de
2447 4832 2665 4889 diabolo
2696 4844 2777 4890 est
2810 4833 2993 4907 (Joan.
3028 4834 3179 4907 vui);
3212 4835 3467 4907 quoniam
3500 4834 3603 4904 ipsi
3662 4850 3762 4911 pa-

2157 4934 2401 4991 scentur,
2426 4936 2479 4981 et
2512 4926 2721 4983 dicent:
2753 4924 3005 4983 Dominus
3048 4929 3213 5000 pascit
3247 4944 3353 4993 me,
3396 4937 3443 4985 et
3471 4928 3603 4983 nihil
3634 4928 3763 4983 mihi

2156 5020 2355 5075 deerit:
2386 5022 2436 5075 in
2466 5020 2579 5075 loco
2608 5038 2814 5091 pascua:
2842 5022 2911 5077 ibi
2940 5039 3021 5079 me
3050 5021 3339 5079 collocarit.
3365 5021 3540 5093 Super
3568 5038 3759 5093 aquam

2152 5113 2449 5183 refectionis
2473 5112 2706 5169 educavit
2728 5130 2827 5183 me,
2854 5116 3079 5169 animum
3106 5130 3273 5169 meam
3304 5115 3549 5171 convertit
3580 5112 3754 5185 (Psal.

2153 5220 2285 5271 xxn,
2326 5206 2411 5275 l):
2434 5215 2488 5260 et
2520 5221 2625 5260 non
2655 5208 2757 5261 erit
2782 5206 2873 5277 qui
2902 5216 3193 5274 exterreat,
3224 5208 3473 5263 vincente
3503 5207 3608 5263 ﬁde
3637 5224 3759 5263 cre-

2151 5296 2395 5352 dentium
2452 5308 2868 5369 persecuturum
2910 5300 3244 5370 superbiam.
3295 5300 3408 5357 Hoc
3454 5300 3526 5357 de
3574 5300 3757 5373 primo

2151 5394 2318 5466 726
2360 5394 2593 5448 adventu
2624 5391 2825 5448 Christi
2871 5393 3201 5449 intellectum
3252 5394 3360 5464 sit,
3407 5390 3755 5475 quod

2152 5486 2253 5543 sibi
2279 5485 2332 5540 in
2364 5486 2469 5542 fine
2500 5488 2842 5556 promittunt,
2875 5495 2932 5544 et
2959 5498 3181 5558 sperant
3209 5502 3272 5544 se
3321 5485 3767 5558 hath

2152 5581 2477 5645 Jerusalem,
2508 5590 2561 5637 et
2595 5582 2649 5636 in
2677 5596 2885 5636 morem
2917 5595 3172 5652 pecorum
3197 5581 3551 5652 corpori“

3368 5594 3945 5805 Ἤ

3944 5730 3959 5747 γε

3948 5752 3959 5775 I‘

2148 5722 2384 5796 plendos.
2418 5722 2590 5779 Paulo
2629 5734 2751 5794 post
2788 5739 2854 5781 ex
2894 5721 3085 5780 eodem
3125 5736 3179 5780 et
3222 5724 3281 5781 γε
