4028 6342
274 285 406 339 1581

1024 283 1680 342 COMMENTARIORUM
1718 283 1785 341 IN
1824 281 2222 343 εοΡιιοΝιΑΜ
2251 281 2482 344 LIBER.
2521 287 2678 342 CAP.
2717 286 2804 343 III.

3421 287 3460 344 ΓΙ
3472 288 3574 345 58:2

273 400 354 452 Itis
383 396 541 453 ludat
567 397 868 469 opibusque
895 400 1252 469 complendos
1273 411 1328 457 et
1353 402 1656 473 pascendos
1688 403 1872 458 herbis
1898 407 1954 466 Α
1978 405 2179 459 vanitas
2207 404 2378 476 (Eccl.
2408 422 2446 472 ι,
2473 408 2555 476 2).
2593 407 2651 461 Et
2683 425 2693 460 :
2733 406 2980 460 Uuirersa
3007 408 3210 460 sanitas
3233 408 3398 461 omnis
3429 409 3580 460 homo

269 491 558 556 viridibus.
591 493 858 550 etdeletis
879 495 1093 550 cunctis
1124 496 1396 567 gentibus,
1434 498 1648 568 sibique
1685 497 1872 567 subje-

269 588 395 652 ctis,
412 589 618 644 nullum
633 604 797 659 posse
817 591 1059 648 residere
1080 593 1172 662 qui
1201 608 1296 649 eos
1321 601 1614 649 exterreat.
1645 592 1755 649 Nos
1781 610 1876 648 au-

270 691 379 739 tem
414 685 742 755 accipientes
781 703 843 742 es
878 686 978 742 hac
1015 688 1192 742 fabula
1238 689 1583 744 occasionem
1625 703 1766 744 vera:
1794 688 1877 743 hi-

269 777 458 832 storiae
482 819 498 844 ,
529 777 759 835 dicimus
805 779 913 853 [AL
949 780 1251 852 dicemus],
1282 797 1498 838 omnem
1533 781 1871 852 nigredinem

269 871 469 926 anitum
492 911 506 936 ,
539 883 593 927 et
627 883 822 928 tetrum
863 874 1102 931 colorem
1129 917 1144 940 ,
1189 891 1253 931 ac
1288 876 1543 931 draconis
1581 891 1870 943 venenum,

265 980 378 1035 quo
425 968 578 1022 tiocti
619 955 899 1026 fueramus
939 969 1084 1026 vitiis
1132 981 1296 1041 alque
1341 971 1614 1042 peccatis,
1659 972 1873 1028 reddito

265 1059 428 1114 nobis
457 1059 600 1116 labio
625 1061 826 1127 electo,
852 1062 965 1118 sive
998 1063 1219 1128 mundo,
1251 1072 1307 1120 et
1332 1063 1566 1120 candido
1591 1063 1675 1136 (ut
1707 1065 1872 1120 inter-

265 1160 518 1221 pretatus
548 1163 630 1208 est
652 1153 1038 1226 Symmachus)
1071 1156 1452 1226 derelinquere
1479 1172 1577 1213 nos
1611 1159 1663 1212 in
1689 1157 1869 1212 ﬂumi-

266 1248 432 1304 nibus
463 1247 755 1318 IEtltiopiae
785 1265 1161 1320 perversurum
1205 1252 1518 1322 dogmatum
1555 1253 1868 1323 magistros,

263 1341 465 1411 quibus
489 1351 614 1396 ante
637 1342 1090 1412 irrigabamur,et
1109 1358 1232 1398 cum
1258 1343 1509 1414 disperso
1534 1343 1642 1416 [Αι.
1660 1344 1869 1414 disper-

264 1431 370 1501 sis]
391 1433 663 1504 quondam
691 1433 858 1489 Israel
879 1432 1098 1490 Christo
1123 1450 1348 1491 munera
1374 1435 1672 1492 delaturos.
1701 1436 1756 1491 In
1781 1436 1869 1491 die

262 1526 381 1593 illa,
407 1542 512 1597 qua
542 1528 697 1584 nobis
722 1527 926 1584 Christi
955 1529 1140 1584 lumen
1169 1529 1330 1584 fuerit
1357 1539 1630 1593 exortum,
1657 1529 1870 1586 dicetur

263 1618 333 1674 ad
367 1619 609 1689 singulos
641 1631 887 1676 nostrum
920 1639 933 1676 :
985 1638 1092 1678 non
1125 1623 1475 1678 contunderis
1518 1640 1583 1679 ex
1615 1624 1869 1680 omnibus

267 1711 376 1768 tuis
407 1713 924 1779 adinventionibus,
958 1716 1377 1786 cogitationibus
1403 1716 1654 1775 videlicet
1696 1719 1868 1786 pessi-

1976 499 2148 553 vivens
2175 498 2348 567 (Psal.
2383 499 2497 571 58).
2529 498 2640 555 Nec
2676 515 2772 554 ore
2805 511 2992 556 nostro
3030 501 3365 556 mendacium
3396 501 3577 568 prote-

1982 606 2200 658 ramus;
2234 593 2326 647 sed
2351 605 2572 662 accepta
2599 603 2872 664 potestate
2898 593 3146 650 calcandi
3170 609 3332 663 super
3353 607 3582 661 serpen-

1978 693 2060 740 tes
2082 694 2137 740 et
2179 686 2501 756 scorpiones
2523 725 2540 754 ,
2571 695 2624 742 et
2650 701 2814 756 super
2843 702 3059 740 omnem
3087 688 3339 742 virtutem
3369 685 3575 740 inimici

1977 775 2132 848 (Luc.
2153 778 2230 849 ι),
2249 780 2454 834 nullam
2481 781 2768 834 timeamus
2788 781 3151 846 formidinem,
3177 797 3273 834 nec
3293 781 3570 849 luporum,

1972 871 2187 926 Christo
2221 872 2451 928 custode
2475 914 2489 936 ,
2524 888 2813 927 vereamur
2851 873 3115 928 insidias:
3164 874 3262 930 sed
3291 875 3570 947 dicamus,

1973 962 2234 1019 Dominus
2257 963 2574 1020 illuminatio
2603 983 2715 1020 mea
2736 1011 2749 1035 ,
2784 976 2832 1020 et
2860 967 3087 1021 salvator
3123 983 3299 1034 meus;
3327 985 3477 1040 quem
3509 972 3575 1024 ti—

1973 1056 2118 1111 mebo
2159 1055 2331 1128 (Psal.
2370 1073 2530 1125 sxw,
2566 1059 2666 1127 ην
2712 1070 2764 1115 et
2805 1069 3002 1115 caetera
3031 1102 3045 1122 ,
3075 1077 3198 1130 qua:
3231 1061 3284 1116 itt
3315 1064 3576 1118 vicesimo

1974 1161 2131 1208 sexto
2160 1153 2369 1222 psalmo
2397 1155 2770 1209 continentur.

2047 1245 2229 1316 (Vera.
2254 1246 2322 1305 Μ
2342 1247 2520 1320 seqq.)
2554 1249 2735 1304 Lauda
2761 1248 2876 1319 ﬁlia
2899 1249 3053 1311 Sion,
3078 1250 3251 1321 jubila
3282 1249 3576 1322 [Vtilg.ju-

1969 1339 2184 1413 bilute],
2219 1338 2387 1395 Israel
2413 1383 2424 1405 ,
2467 1342 2645 1400 lentare
2680 1354 2731 1397 et
2760 1343 2964 1396 exsulta
2997 1345 3048 1396 in
3081 1344 3220 1396 omni
3249 1344 3433 1408 corde,
3465 1345 3577 1411 lilia

1969 1429 2283 1487 Jerusalem.
2329 1433 2553 1488 Abstulit
2584 1433 2835 1488 Dominus
2867 1434 3133 1508 judicium
3171 1444 3353 1500 tuum,
3393 1439 3577 1491 auertit

1968 1525 2205 1579 inimicos
2246 1533 2363 1580 tuos
2385 1541 2404 1580 :
2435 1543 2524 1580 rex
2561 1525 2732 1581 Israel
2762 1525 3016 1580 Dominus
3044 1528 3099 1581 in
3131 1529 3299 1581 medio
3329 1531 3439 1594 tui,
3473 1546 3574 1583 non

1970 1615 2170 1671 timebis
2196 1619 2390 1671 malum
2426 1621 2581 1672 ultra.
2613 1618 2680 1673 In
2717 1620 2800 1674 die
2845 1621 2962 1686 illa,
3000 1622 3220 1687 dicetur,
3253 1621 3569 1686 Jerusalem,

1970 1711 2077 1764 noli
2099 1713 2276 1766 timere
2291 1727 2310 1765 :
2330 1711 2484 1781 Sion,
2515 1729 2616 1766 non
2647 1713 3000 1768 dissolvantur
3019 1730 3207 1769 manus
3226 1725 3328 1770 tute
3348 1732 3368 1769 :
3397 1715 3573 1772 Denti-

264 1805 372 1860 niis
393 1846 407 1868 ,
458 1804 648 1876 quibus
693 1806 861 1877 impie
889 1808 1183 1878 agebamus
1221 1821 1410 1866 contra
1445 1809 1734 1866 Dominum
1761 1853 1778 1876 ,
1811 1823 1866 1868 et

1978 1820 2068 1857 nus
2095 1801 2240 1858 Deus
2269 1814 2390 1858 tuus
2411 1806 2463 1858 in
2495 1807 2666 1858 medio
2694 1807 2772 1862 tui
2803 1808 2952 1876 fortis
2975 1809 3083 1877 ipse
3112 1807 3354 1874 sulvubit,
3383 1809 3570 1878 gaude-

267 1899 492 1955 tollt:tur
519 1901 770 1958 universa
821 1904 1073 1972 superbia
1103 1915 1157 1959 et
1203 1906 1532 1961 contumelia
1566 1922 1659 1975 per
1699 1925 1861 1975 quam

264 1993 617 2062 erigebantur
669 2003 856 2050 contra
901 1996 1189 2052 Dotninum
1220 2039 1236 2063 ,
1291 2010 1346 2053 et
1391 2007 1580 2055 contra
1627 2011 1864 2056 montem

262 2098 515 2142 sanctum
558 2088 676 2157 ejus
719 2088 1009 2145 Dominum
1041 2101 1287 2148 nostrum
1317 2101 1375 2148 et
1402 2092 1740 2149 Salvatorem
1769 2136 1781 2156 ,
1813 2103 1868 2149 et

265 2197 364 2250 pro
393 2181 644 2252 superbis
673 2184 932 2254 vanisque
961 2186 1276 2243 nominibus
1323 2188 1658 2256 relinquetur
1687 2189 1739 2244 in
1769 2205 1867 2244 no—

261 2273 349 2330 bis
384 2276 613 2346 populus
639 2287 957 2334 mansuetus
974 2289 1028 2334 et
1060 2278 1302 2345 humilis,
1330 2288 1389 2336 ut
1415 2280 1555 2338 nihil
1578 2297 1863 2352 arrogans,

262 2368 402 2422 nihil
438 2379 652 2424 tumens
677 2411 692 2438 ,
720 2368 850 2424 nihil
879 2372 1023 2441 quod
1059 2373 1168 2428 Deo
1198 2373 1507 2442 displiceat,
1540 2375 1862 2446 cogitemus.

261 2458 546 2530 Simulque
575 2461 861 2517 considera
894 2463 1038 2533 quod
1072 2470 1123 2518 ln
1162 2465 1252 2520 die
1292 2465 1512 2534 jndieii,
1547 2475 1604 2523 et
1642 2467 1694 2522 in
1734 2483 1865 2524 con-

261 2557 628 2612 summatione
651 2560 838 2614 tnundi
870 2560 1126 2616 tollantur
1149 2561 1405 2616 universa
1436 2564 1654 2620 notnina
1688 2564 1866 2634 digiti-

264 2657 434 2704 tatum
458 2691 474 2716 ,
501 2660 555 2706 et
581 2666 720 2704 unus
753 2651 982 2720 populus
1016 2664 1326 2718 remaneat,
1359 2663 1414 2710 et
1439 2670 1572 2724 grex
1615 2658 1720 2712 sub
1767 2673 1865 2726 pa-

259 2749 414 2798 store
445 2741 611 2810 bono,
626 2746 715 2814 qui
743 2745 814 2800 sit
846 2757 1164 2802 mansuetus
1191 2755 1248 2802 et
1272 2749 1509 2804 humilis.
1527 2749 1680 2806 Tunc
1699 2751 1865 2806 etiam

264 2838 500 2907 populus
557 2837 773 2907 Israel,
837 2840 1172 2908 plenitudine
1224 2843 1466 2913 gentium
1526 2847 1867 2902 suliintrante

260 2929 429 3001 (Quia
461 2930 715 2985 conclusit
754 2931 896 2988 Deus
925 2950 1104 2990 omnes
1141 2935 1234 2990 sub
1269 2944 1509 3003 peccato,
1543 2949 1596 2991 ut
1633 2940 1866 2994 omnibus

262 3023 573 3077 misereatur
597 3023 773 3094 (Rom.
813 3042 900 3091 Il,
931 3026 1061 3099 52))
1097 3029 1369 3086 timebunt
1398 3047 1596 3088 nomen
1627 3032 1863 3089 Domini.

263 3115 334 3171 Et
359 3116 608 3186 reliquiae
640 3119 804 3176 Israel
835 3137 939 3176 non
974 3121 1172 3178 facient
1201 3123 1340 3180 ultra
1373 3126 1738 3197 iniquitatem,
1773 3145 1868 3198 per

1973 1894 2044 1950 bit
2072 1913 2230 1967 super
2257 1905 2305 1952 te
2340 1898 2395 1951 in
2433 1896 2650 1962 latitia,
2685 1898 2854 1954 silebit
2886 1901 2938 1952 in
2967 1900 3243 1954 dilectione
3271 1910 3359 1954 tua
3391 1900 3571 1972 [Vtt|g.

1969 1988 2126 2062 sua]:
2161 1990 2440 2045 exsultabit
2470 2008 2632 2061 super
2671 2003 2717 2044 te
2746 1993 2796 2044 in
2831 1992 3008 2045 laude.
3035 1991 3220 2063 Nugas
3251 2009 3367 2063 qua:
3393 1993 3573 2065 μιῆς.

1969 2081 2082 2154 qui]
2111 2100 2143 2138 α
2161 2085 2272 2156 lege
2292 2095 2646 2148 recesserunt,
2671 2085 2995 2156 congregabo
3013 2126 3025 2147 ,
3066 2089 3186 2154 quia
3224 2103 3289 2140 ea:
3313 2099 3360 2141 te
3391 2099 3574 2141 erant:

1970 2187 2026 2230 ut
2049 2194 2152 2231 non
2177 2175 2320 2231 ultra
2340 2176 2530 2232 habeas
2553 2195 2709 2249 super
2729 2182 2802 2234 eis
2832 2182 3188 2250 opprobrium.
3215 2181 3360 2236 LXX
3383 2201 3394 2236 :
3427 2181 3574 2236 Gau-

1970 2268 2070 2336 de,
2115 2271 2226 2338 [ilia
2265 2271 2438 2336 Sion;
2469 2271 2698 2339 praedico
2722 2311 2738 2338 ,
2782 2273 2896 2341 ﬁlia
2933 2271 3256 2339 Jerusalem,
3293 2276 3497 2330 exsulat
3529 2286 3574 2328 et

1971 2361 2230 2416 delectare
2255 2365 2320 2417 de
2351 2373 2456 2419 toto
2496 2365 2651 2418 corde
2702 2374 2790 2418 tuo
2809 2408 2822 2434 ,
2865 2365 2978 2435 ﬁlia
3007 2365 3323 2422 Jerusalem.
3354 2367 3579 2422 Abstulit

1971 2453 2224 2512 Dominus
2253 2456 2549 2526 iniquitates
2577 2465 2710 2520 tuas.
2741 2457 2958 2512 redemit
2983 2469 3030 2514 te
3055 2460 3120 2511 de
3150 2477 3304 2514 manu
3333 2461 3574 2516 inimicor

1969 2563 2085 2602 rum
2127 2557 2336 2604 tuorum
2362 2592 2376 2617 ,
2424 2566 2516 2604 rea:
2563 2549 2727 2606 Israel
2761 2548 3014 2606 Dominus
3047 2553 3096 2606 in
3131 2552 3299 2606 medio
3331 2554 3444 2607 tui:
3475 2571 3575 2608 non

1969 2645 2164 2700 videbis
2200 2647 2341 2701 mala
2367 2646 2529 2702 ultra.
2552 2646 2619 2700 In
2653 2658 2878 2718 tempore
2915 2647 3031 2713 illo,
3055 2649 3179 2702 dicit
3213 2647 3462 2702 Dominus
3488 2646 3582 2703 Je—

1969 2740 2235 2805 rusalem,
2278 2739 2507 2807 con/ide,
2537 2739 2690 2804 Sion,
2723 2758 2823 2794 non
2851 2741 3202 2796 dissolvantur
3228 2757 3412 2796 manus
3437 2750 3579 2796 tum:

1971 2830 2226 2890 Dominus
2248 2833 2390 2888 Deus
2413 2844 2532 2888 tuas
2559 2835 2612 2888 in
2641 2845 2689 2889 te
2709 2835 2859 2903 [ortis
2880 2823 3096 2890 salvebit
3129 2847 3215 2889 te:
3246 2835 3465 2892 adducet
3487 2854 3578 2890 su-

1973 2939 2067 2994 per
2089 2933 2138 2978 te
2159 2924 2416 2992 latinam,
2442 2935 2488 2979 et
2511 2927 2772 2982 innovabit
2798 2936 2847 2980 te
2875 2928 2926 2980 in
2953 2927 3206 2982 charitate
3227 2945 3344 2989 sua,
3373 2940 3417 2981 et
3434 2927 3581 2983 ltela-

1972 3017 2110 3074 bitttr
2131 3019 2184 3074 in
2205 3028 2254 3074 te
2293 3019 2460 3090 728
2495 3020 2549 3073 in
2577 3019 2935 3086 delectatione,
2960 3021 3110 3090 quasi
3136 3021 3190 3073 in
3221 3021 3305 3074 die
3331 3023 3579 3076 solemni:

1971 3110 2292 3182 congregabo
2333 3116 2636 3183 confractus
2687 3123 2820 3168 tuos.
2856 3123 2882 3150 ιι
2919 3112 3008 3167 ναξ
3049 3114 3138 3183 qui
3183 3116 3384 3184 accepit
3426 3132 3583 3186 super

263 3222 428 3277 quam
467 3209 755 3268 Dominum
801 3227 1178 3285 negaverunt,
1221 3234 1320 3272 nec
1361 3222 1649 3290 loquentur
1687 3235 1862 3276 vana:

1978 3219 2086 3258 eam
2113 3205 2471 3274 approbrium.
2499 3204 2616 3262 Non
2647 3207 2900 3261 videatur
2933 3208 3155 3272 mirum,
3187 3219 3242 3260 ut
3267 3224 3417 3278 saepe
3441 3211 3585 3263 dixi-

265 3298 482 3370 ineptas
509 3303 612 3356 sibi
642 3303 860 3360 fabulas
889 3313 1307 3376 promittentes:
1344 3326 1444 3367 nec
1473 3313 1787 3368 invenietur
1815 3317 1867 3369 in

265 3405 364 3449 ore
406 3409 596 3449 eorum
647 3397 828 3467 lingua
869 3401 1176 3470 mendacii,
1220 3401 1440 3460 CIII‘ISIO
1487 3421 1586 3475 per
1617 3423 1735 3474 eos,
1779 3409 1868 3478 qui

265 3486 472 3542 veritas
498 3497 618 3553 est,
655 3490 928 3561 loquente.
965 3493 1115 3550 Tunc
1145 3496 1292 3550 enim
1331 3509 1650 3566 pascentur.
1681 3511 1738 3556 et
1769 3503 1870 3571 ipsi

267 3579 325 3634 in
358 3595 463 3634 uno
489 3597 674 3652 grege,
706 3596 760 3638 et
789 3585 1134 3644 accubabant
1161 3589 1213 3644 in
1243 3590 1518 3657 Ecclesia,
1547 3602 1604 3648 et
1626 3597 1734 3650 veri
1768 3595 1875 3650 Na-

267 3673 698 3732 buchodonosor
735 3680 968 3748 impetus
1003 3699 1112 3737 non
1147 3683 1433 3740 timebunt.
1469 3686 1595 3742 lltec
1626 3689 1872 3746 videntes

270 3776 328 3823 et
361 3768 608 3838 legentes
643 3780 786 3826 tanta
819 3775 1406 3843 mysteria,clamentus
1434 3793 1554 3834 cum
1585 3781 1868 3850 Apostolo,

267 3869 434 3930 atque
464 3862 745 3918 dicamus:
779 3863 822 3917 0
859 3867 1175 3935 profundum
1205 3867 1505 3924 divitiarum
1533 3872 1802 3942 sapientia:
1827 3883 1875 3928 et

269 3953 502 4006 scientia:
525 3952 641 4020 Dei,
666 3971 818 4023 quam
839 3957 998 4029 727
1017 3959 1370 4014 inscrutabilia
1395 3971 1514 4016 sunt
1529 3963 1736 4034 judicia
1756 3976 1871 4032 tua,

270 4053 318 4101 et
350 4046 728 4117 investigabiles
751 4050 844 4104 rite
871 4061 972 4104 tua:
995 4051 1172 4122 (Rom.
1207 4070 1284 4121 XI,
1315 4056 1430 4125 55).
1464 4057 1615 4123 Quod
1655 4059 1872 4126 quidem

271 4148 328 4194 et
349 4139 612 4209 propheta
640 4143 903 4210 sentiens,
935 4153 991 4199 et
1019 4161 1202 4201 secum
1239 4147 1481 4215 volvens,
1514 4150 1582 4205 de
1613 4150 1705 4206 Dei
1734 4151 1877 4220 judi-

273 4233 372 4286 ciis
403 4233 728 4304 suspicatur.
762 4233 828 4289 In
854 4247 1000 4292 nocte
1027 4255 1140 4292 cum
1169 4239 1326 4294 cordc
1369 4258 1480 4297 meo
1507 4241 1798 4310 exercebar,
1829 4255 1876 4300 et

271 4328 546 4394 scopebam
591 4329 833 4399 spiritum
873 4348 1073 4398 meum,
1115 4341 1171 4390 et
1203 4335 1484 4392 dicebam:
1523 4337 1794 4408 Numquid
1823 4339 1877 4393 in

273 4419 642 4487 sempiternum
671 4421 876 4493 objiciet
915 4422 1082 4492 Deus,
1115 4435 1202 4480 aut
1228 4443 1330 4481 non
1361 4428 1515 4483 addet
1547 4439 1602 4484 ut
1635 4431 1878 4486 miserea-

275 4519 360 4564 tur
391 4510 564 4565 ultra:
594 4522 682 4567 aut
708 4515 983 4568 continebit
1001 4517 1060 4584 in
1091 4515 1168 4571 ira
1197 4535 1292 4574 sua
1315 4520 1698 4577 misericordias
1719 4527 1880 4580 suas?

275 4613 322 4658 et
371 4604 482 4658 dixi
513 4620 532 4659 .'
605 4604 763 4660 Nunc
827 4609 1002 4678 coepi:
1050 4607 1162 4664 licet:
1207 4619 1283 4666 est
1326 4611 1614 4666 immutatio
1657 4613 1882 4670 dextera:

275 4698 466 4752 excelsi
515 4697 696 4770 (Psal.
727 4716 918 4767 Lxxvt,
963 4702 1015 4771 7,
1046 4703 1234 4775 seqq).
1281 4704 1349 4758 Et
1373 4717 1456 4762 est
1501 4721 1730 4762 Sensus:
1763 4708 1880 4764 Hoc

277 4791 420 4862 quod
447 4793 698 4862 putabam
733 4795 1014 4851 Dominum
1043 4797 1095 4852 in
1123 4809 1388 4854 aeternum
1407 4800 1722 4872 relinquere
1749 4819 1881 4874 pec-

277 4895 498 4940 catores
523 4927 538 4953 ,
571 4897 624 4941 et
663 4887 1068 4945 misericordias
1110 4907 1237 4946 suas
1265 4893 1342 4947 ira
1374 4895 1701 4952 succedente
1730 4898 1880 4953 cohi-

280 4976 431 5041 bere,
469 4979 714 5035 intellexi
758 4981 964 5038 idcirco
1003 4983 1220 5050 factum,
1255 4995 1314 5040 ut
1344 4987 1722 5044 immutatione
1749 4988 1882 5044 dex-

280 5079 414 5124 terae
443 5087 576 5139 sum,
605 5088 724 5142 «tua:
746 5075 947 5130 excelsi
973 5087 1054 5132 est
1081 5083 1322 5144 dextera,
1348 5082 1598 5137 universa
1623 5092 1876 5154 mutaret,

280 5172 338 5218 et
365 5165 715 5221 misereretur
739 5168 820 5222 his
845 5185 979 5240 quos
1002 5180 1128 5226 ante
1157 5171 1272 5243 pro]
1297 5184 1486 5229 ~ceraL.
1507 5175 1571 5229 Et
1597 5191 1693 5230 nos
1722 5179 1885 5247 igitur

279 5268 334 5313 et
386 5259 631 5330 reliquis:
679 5260 843 5316 Israel
871 5303 886 5327 ,
939 5265 1177 5318 scientes
1221 5266 1363 5334 quod
1397 5265 1662 5322 reddituri
1695 5283 1884 5324 smnus

281 5351 554 5405 rationem
589 5369 687 5422 pro
715 5354 862 5408 omni
886 5355 1061 5410 otioso
1093 5357 1260 5411 verbo
1297 5356 1480 5426 (Matt.
1509 5360 1631 5430 κη),
1656 5370 1710 5415 et
1736 5361 1883 5434 quod

283 5443 564 5513 disperdet
595 5445 853 5502 Dominus
875 5448 1126 5502 Universa
1161 5449 1297 5503 labia
1332 5450 1636 5519 mendacia,
1661 5469 1766 5508 non
1798 5453 1882 5511 lo-

285 5552 518 5609 quamur
541 5540 850 5596 vanitatem.
871 5539 1084 5597 Vanitas
1106 5543 1297 5613 quippe
1315 5547 1618 5614 sanitatum,
1641 5559 1688 5602 et
1709 5550 1884 5602 omnia

285 5674 534 5739 residere,
566 5690 662 5744 pro
691 5692 797 5745 quo
829 5689 942 5730 erat
975 5677 1232 5733 resistere.

367 5754 393 5782 α
416 5745 641 5827 Comma
669 5746 829 5815 istud,
855 5747 946 5803 Va:
965 5750 1052 5819 qui
1071 5752 1434 5821 accepit,etc.,
1457 5753 1511 5810 iu
1537 5751 1755 5827 Regim,
1781 5771 1884 5814 ms.

295 5827 406 5872 non
436 5815 684 5876 habetur.

1907 4579 1960 4641 Β

1971 3316 2116 3364 tuus,
2149 3301 2309 3357 aliter
2343 3302 2610 3358 Hebraica
2645 3304 2902 3373 capitula,
2939 3315 2992 3358 et
3019 3305 3181 3360 aliter
3215 3305 3359 3359 LXX
3392 3306 3581 3363 Grtecn

1977 3395 2229 3452 videlicet
2257 3396 2556 3467 Latiasque
2587 3399 2750 3452 (iniri.
2779 3398 2881 3454 Ubi
2913 3399 3056 3453 enim
3088 3398 3141 3453 in
3169 3414 3333 3456 sensu
3363 3400 3577 3455 diversa

1973 3489 2259 3544 translatio
2287 3502 2393 3555 est,
2426 3490 2500 3546 ibi
2529 3506 2755 3547 necesse
2779 3501 2864 3547 est
2904 3492 3122 3547 diversa
3159 3508 3285 3548 esse
3311 3496 3392 3548 vel
3427 3496 3580 3564 prin-

1971 3585 2117 3653 cipia
2139 3583 2228 3640 vel
2253 3585 2407 3638 lines.
2433 3584 2604 3640 Judaei
2629 3600 2753 3640 cum
2781 3585 3020 3650 Christo,
3049 3601 3208 3653 quem
3233 3597 3422 3656 putant
3455 3602 3577 3643 esse

1975 3685 2266 3732 venturum
2291 3722 2306 3746 ,
2351 3675 2469 3732 hanc
2499 3677 2601 3732 sibi
2647 3678 2830 3732 omnia
2859 3679 3289 3747 repromittunt,
3319 3696 3437 3749 qum
3480 3695 3580 3736 nos

1974 3769 2069 3839 qui
2099 3766 2380 3824 Christum
2411 3769 2754 3838 suscepimus
2776 3813 2789 3837 ,
2818 3769 2929 3840 jam
2961 3786 3082 3825 cum
3113 3771 3232 3842 ipso
3254 3786 3442 3826 sumus
3463 3787 3583 3828 om-

1977 3861 2067 3916 nia
2089 3860 2390 3917 consecuti.
2411 3861 2469 3916 Si
2498 3863 2617 3932 quis
2639 3878 2770 3932 ergo
2786 3859 3246 3927 Christianorum,
3266 3873 3320 3918 et
3341 3865 3582 3921 snsxin'ic

1975 3969 2242 4011 novorum
2292 3954 2687 4026 prudentium,
2736 3970 2971 4026 quorum
3020 3957 3238 4010 nomina
3285 3967 3470 4024 taceo,
3511 3975 3580 4013 ne

1973 4064 2308 4121 quemquam
2337 4050 2537 4106 laedere
2557 4050 2766 4117 videar,
2789 4051 3066 4106 existimat
3089 4053 3323 4109 necdum
3350 4052 3582 4124 prophe-

1976 4145 2107 4202 tiam
2133 4161 2259 4202 esse
2287 4147 2615 4218 conipletam
2643 4191 2656 4215 ,
2699 4146 2836 4201 sciat
2859 4146 2998 4201 lalso
3023 4144 3235 4202 Christi
3268 4158 3488 4218 portare
3519 4161 3580 4202 se

1977 4257 2176 4297 nomen
2199 4282 2216 4307 ,
2248 4243 2305 4296 es
2333 4240 2617 4297 Judaieam
2645 4240 2884 4296 animam
2907 4281 2920 4306 ,
2954 4241 3426 4297 circumcisionem
3465 4250 3587 4296 tan-

1977 4347 2092 4390 tum
2119 4335 2368 4406 corporis
2396 4350 2502 4390 non
2533 4333 2759 4390 habere.
2791 4333 2846 4389 Si
2875 4335 3024 4389 enim
3049 4333 3164 4388 haec
3186 4335 3416 4389 necdum
3447 4334 3585 4389 Iacta

1978 4438 2135 4493 sunt,
2178 4427 2274 4482 sed
2303 4427 2482 4482 futura
2502 4467 2518 4493 ,
2559 4427 2760 4482 frustra
2787 4427 3123 4480 credidimus
3151 4425 3454 4482 Salvatoris
3482 4425 3582 4482 ad-

1984 4529 2240 4576 ventum:
2263 4519 2467 4576 frustra
2490 4528 2676 4574 autem
2705 4533 2814 4572 non
2835 4518 3120 4573 credentes
3154 4519 3504 4588 intelligimus
3529 4520 3583 4574 in

1981 4612 2143 4669 nobis
2175 4627 2298 4668 esse
2329 4613 2658 4682 completam
2687 4613 3033 4683 mysterium,
3069 4612 3212 4683 quod
3248 4614 3585 4684 temporibus

1983 4708 2207 4763 aeternis
2257 4708 2482 4762 tacitum
2513 4715 2634 4774 est,
2665 4715 2724 4762 et
2755 4723 2899 4764 nunc
2939 4709 3344 4765 manifestatum
3375 4719 3462 4766 est
3490 4726 3590 4781 per

1984 4800 2296 4869 Scripturas
2341 4799 2686 4870 propheticus
2733 4810 2788 4855 et
2817 4799 3114 4856 adventum
3155 4801 3377 4857 Domini
3411 4803 3584 4858 nostri

1983 4894 2110 4950 Jcsu
2137 4894 2341 4949 Christi
2375 4892 2597 4966 (Coloss.
2628 4898 2688 4964 ι).
2723 4895 2965 4967 Denique
2995 4897 3410 4951 consideremus
3440 4897 3586 4953 ordi-

1984 5004 2107 5043 nem
2150 4987 2403 5042 lectionis
2431 5029 2446 5056 ,
2497 4998 2552 5043 et
2603 4989 2911 5044 videbimus
2932 5034 2945 5060 ,
2981 4991 3123 5061 quod
3152 4990 3352 5046 dicitur
3381 5006 3487 5046 non
3518 4992 3585 5047 ad

1987 5082 2206 5140 Judaeos
2230 5126 2246 5149 ,
2278 5081 2374 5139 sed
2403 5081 2607 5139 Christi
2649 5085 2946 5142 Ecclesiam
2981 5088 3279 5155 pertinere.
3313 5087 3445 5144 Post
3483 5086 3590 5142 hoc

1987 5176 2132 5233 enim
2155 5176 2299 5247 quod
2325 5186 2683 5246 praecesserat
2713 5177 3003 5249 (Just-icium
3037 5196 3208 5232 meum
3230 5181 3282 5232 in
3306 5197 3595 5254 congrega-

1986 5268 2151 5322 tiones
2182 5270 2448 5341 gentium,
2481 5279 2539 5323 ut
2583 5271 2862 5340 suscipiam
2913 5287 3087 5340 reges,
3144 5287 3313 5340 usque
3357 5276 3422 5327 ad
3463 5290 3588 5330 cum

1986 5363 2189 5429 locum,
2216 5363 2303 5418 ubi
2340 5363 2415 5417 ait
2445 5381 2455 5416 :
2493 5362 2560 5418 Ut
2593 5365 2826 5418 invocent
2859 5380 3030 5418 omnes
3061 5382 3245 5418 nomen
3277 5365 3506 5432 Domini,
3543 5377 3590 5420 et

1985 5456 2210 5512 serviant
2237 5457 2283 5510 ei
2310 5455 2404 5510 sub
2426 5458 2558 5530 jugo
2586 5472 2689 5509 uno
2713 5473 2729 5510 :
2759 5456 2843 5520 Ει,
2883 5455 3021 5510 ultra
3051 5457 3270 5525 ﬂamina
3298 5457 3590 5527 .tlftltiOpitL’

1959 5551 2264 5622 suscipiant
2293 5548 2320 5588 ὶν
2352 5549 2405 5602 in
2450 5550 2696 5620 dispersis
2740 5551 2862 5602 meis
2901 5551 2988 5620 qui
3037 5551 3250 5616 afferent
3289 5553 3417 5606 milii
3447 5553 3591 5607 victis

2067 5684 2095 5724 δ
2117 5685 2261 5760 Idem
2291 5701 2420 5760 tam,
2442 5688 2873 5760 suscipi-antinde
2893 5691 3155 5756 dispersos
3185 5709 3344 5760 meos,
3383 5695 3468 5749 cui
3515 5695 3590 5752 Ic—

1996 5756 2162 5816 ctioni
2193 5767 2250 5816 et
2273 5757 2453 5815 .Grtnci
2477 5756 2701 5836 quidam
2733 5759 2856 5818 Iibri
2885 5760 3268 5834 sum-agantur.
