4050 6342
286 297 425 358 1585

1030 304 1224 363 ΟΟΜΜ
1246 304 1697 365 ENTARIORUM
1735 306 1804 362 IN
1841 304 2234 366 SOPHONIAM
2272 310 2495 368 LIBER.
2538 312 2691 370 CAP.
2735 313 2821 369 III.

3443 316 3582 372 i336

278 425 505 488 tempore
527 414 643 482 illo,
673 424 721 472 et
746 414 955 475 salvabo
985 436 1300 494 expressam,
1331 433 1377 476 et
1404 423 1668 495 repulsam
1704 425 1869 475 susci—
1897 425 1947 481 A
1976 420 2078 476 hac
2108 422 2305 493 injuria
2337 424 2485 479 urbis
2509 439 2624 479 sure
2654 425 2798 478 ultor
2822 430 2906 480 est
2931 423 3219 491 Dominus,
3252 432 3311 480 et
3340 423 3488 481 dicet
3510 426 3580 481 ad

277 511 449 581 piam,
483 519 530 564 et
560 528 751 580 ponam
772 530 858 568 eos
884 515 936 566 in
958 517 1218 588 gloriam,
1243 526 1294 570 et
1324 516 1618 570 nominatos
1654 517 1708 569 in
1737 516 1879 569 omni

278 609 435 657 terra.
469 601 541 656 Et
584 605 966 676 confundentur
1009 608 1064 662 in
1096 616 1324 679 tempore
1354 610 1477 674 illo,
1508 609 1717 678 quando
1754 609 1879 661 bene

275 695 418 751 vobis
465 697 632 767 fecero
664 714 683 752 :
710 708 758 752 et
802 700 854 753 in
885 709 1113 771 tempore
1154 717 1271 755 cum
1296 718 1573 773 suscepero
1600 717 1717 768 vos,
1753 702 1875 770 quia

273 789 410 845 dabo
437 806 522 845 vos
564 794 856 849 nominatos
883 835 897 860 ,
922 804 971 849 et
1012 797 1067 850 in
1095 796 1318 867 gloriam
1347 797 1402 850 in
1444 796 1640 850 cunctis
1671 794 1878 867 populis

275 890 458 950 terra;
484 887 694 957 quando
720 898 1017 943 convertero
1054 890 1409 960 captivitatem
1437 900 1658 945 vestram
1701 906 1879 944 corum

278 978 440 1046 vobis,
464 979 587 1035 dicit
613 979 897 1038 Dominus.
925 983 995 1038 Et
1018 984 1122 1039 hoc
1146 1000 1421 1057 synagoga
1443 1000 1565 1056 quae
1591 999 1701 1039 non
1727 982 1881 1039 clau-

276 1072 445 1145 dicat,
475 1075 571 1131 sed
602 1086 836 1148 utroque
860 1087 1115 1134 truncata
1144 1087 1228 1135 est
1260 1079 1427 1149 pede,
1463 1077 1755 1146 pollicetur
1777 1075 1880 1133 sibi

276 1166 333 1222 in
365 1168 601 1224 adventu
624 1170 827 1226 Christi
856 1171 963 1239 sui,
996 1188 1160 1243 quem
1188 1182 1375 1242 sperat
1398 1187 1519 1228 esse
1541 1182 1835 1227 venturum
1866 1186 1879 1223 :

275 1270 333 1318 et
364 1272 549 1332 putat,
599 1279 790 1320 omnes
837 1273 1029 1336 gentes
1062 1265 1477 1321 interﬁciendas
1518 1280 1548 1318 a
1600 1264 1831 1318 Domino
1860 1304 1875 1330 ,

277 1373 403 1429 quin
432 1358 749 1416 afﬂixerunt
774 1360 961 1430 Israel,
991 1369 1047 1416 et
1073 1360 1391 1416 salvandam
1416 1374 1780 1430 synagogam,
1825 1365 1881 1412 et

278 1466 399 1508 eam
423 1467 545 1523 quas
570 1462 860 1524 acceperat
886 1452 1125 1509 libellum
1154 1452 1368 1524 repudii
1396 1450 1761 1522 colligendam
1782 1490 1797 1516 ,
1826 1458 1881 1505 et

279 1545 565 1617 ponendos
595 1560 692 1601 eos
713 1544 770 1602 in
795 1546 1035 1615 laudem,
1062 1554 1118 1602 et
1149 1547 1201 1600 in
1236 1560 1436 1601 nomen
1465 1545 1519 1599 in
1553 1543 1705 1600 omni
1732 1551 1878 1599 terra

278 1638 608 1710 captivitatis
636 1654 774 1705 suae,
805 1638 859 1694 in
889 1655 994 1710 qua
1021 1638 1240 1695 fuerant
1259 1648 1385 1695 ante
1412 1638 1646 1693 confusi.
1678 1635 1747 1691 Et
1774 1635 1877 1690 hoc

278 1730 400 1787 ﬁeri
429 1740 675 1803 tempore
697 1773 712 1800 ,
742 1733 960 1804 quando
990 1733 1284 1804 captivitas
1322 1732 1545 1789 reducta
1591 1730 1757 1786 fuerit
1782 1730 1873 1785 Je-

1982 512 2113 569 Sion
2151 533 2161 568 :
2196 514 2329 570 Ecce
2354 532 2448 587 ego
2474 517 2668 586 faciam
2689 519 2744 571 in
2771 529 2817 570 te
2838 526 3052 589 prapter
3075 526 3142 581 te,
3176 518 3229 572 id
3252 530 3354 583 est,
3388 518 3581 575 faciam

1984 607 2250 665 ultionem
2273 621 2440 677 tuam,
2470 619 2517 663 et
2540 610 2747 665 salvabo
2769 611 3047 681 afflictam,
3071 610 3187 666 sive
3211 620 3265 665 ut
3305 611 3361 665 iu
3386 612 3581 667 Crazco

1984 700 2204 771 dicitur,
2233 719 2529 775 expressam
2552 722 2572 772 ;
2602 714 2659 758 ut
2689 705 2760 759 sit
2790 718 2985 761 sensus
3014 721 3028 758 :
3056 705 3171 777 Ego
3194 705 3415 761 salvabo
3437 722 3586 773 eam,

1985 811 2104 867 quae
2134 797 2186 850 in
2218 798 2635 867 praesentiarum
2659 799 2812 869 quasi
2840 797 2867 836 ι’
2900 815 3003 854 uva
3026 807 3083 855 et
3112 800 3279 869 oliva,
3314 802 3386 855 ita
3411 809 3585 856 tenta-

1986 888 2229 945 tionibus
2258 898 2422 961 atque
2462 891 2772 962 pressuris,
2808 900 2865 946 ut
2897 893 3066 962 pra:lo
3108 903 3161 948 et
3193 894 3346 949 trabe
3396 908 3583 963 pressa

1984 991 2067 1038 est
2096 982 2395 1050 etamicta,
2429 991 2488 1039 ut
2514 984 2699 1039 vinum
2725 983 2932 1041 faceret
2955 995 3011 1041 et
3034 986 3213 1041 oleum
3237 1027 3252 1053 ,
3284 996 3339 1042 et
3369 988 3437 1042 de
3458 988 3585 1042 vino

1984 1074 2198 1132 biberet
2225 1076 2386 1132 Jesus
2416 1078 2467 1131 in
2492 1094 2662 1149 regno
2690 1079 2868 1134 Patris
2899 1080 2979 1134 sui
3007 1096 3021 1147 ;
3046 1080 3113 1135 de
3135 1080 3260 1136 oleo
3286 1090 3464 1137 autem
3486 1098 3588 1137 un-

1984 1178 2205 1241 geretur
2235 1186 2351 1242 pra:
2380 1172 2739 1242 participibus
2772 1174 2906 1229 suis.
2936 1173 3051 1245 Ego
3080 1184 3209 1243 puto
3234 1186 3459 1245 propter
3487 1192 3586 1231 ex-

1984 1266 2326 1335 pressionem
2355 1266 2479 1322 talis
2508 1266 2621 1321 vini
2650 1276 2705 1323 et
2735 1267 2863 1331 olei,
2897 1267 2999 1323 Job
3021 1268 3191 1322 multa
3220 1284 3536 1339 perpessum
3568 1288 3586 1329 :

1986 1367 2271 1429 postquam
2300 1370 2483 1415 autem
2515 1362 2723 1426 vinum,
2755 1371 2809 1417 et
2834 1361 3014 1416 oleum
3044 1364 3274 1425 iecerat,
3298 1361 3518 1417 audisse
3558 1376 3588 1415 a

1986 1450 2219 1507 Domino
2252 1469 2266 1512 ;
2298 1450 2470 1507 Putas
2492 1452 2751 1517 mealiter
2781 1453 2873 1508 tibi
2893 1453 3249 1519 respondisse,
3277 1455 3375 1507 nisi
3409 1464 3461 1507 ut
3493 1469 3589 1522 ap-

1985 1561 2193 1613 pareres
2213 1548 2439 1616 justus?
2469 1545 2629 1617 (Job.
2658 1563 2748 1616 XL,
2771 1564 2872 1601 sec.
2908 1546 3098 1618 LXX).
3126 1546 3297 1615 Quasi
3328 1548 3395 1601 ad
3424 1562 3586 1601 uvam

1983 1645 2040 1693 et
2069 1637 2271 1693 olivam
2316 1639 2633 1710 loqueretur
2674 1657 2688 1698 :
2726 1638 3026 1695 Existimas
3066 1654 3153 1695 me
3179 1640 3337 1695 aliter
3361 1650 3412 1695 te
3442 1653 3595 1708 pres-

1982 1731 2121 1787 sisse
2150 1732 2489 1788 etafﬁixisse
2520 1741 2684 1803 atque
2713 1734 3063 1801 contrivisse,
3100 1732 3205 1788 nisi
3228 1741 3288 1789 ut
3304 1735 3488 1789 vinum
3522 1734 3591 1789 de

284 1824 523 1881 rusalem
547 1867 562 1891 ,
586 1834 641 1881 et
661 1835 1000 1882 exstructum
1036 1827 1321 1898 templum,
1350 1836 1405 1883 et
1434 1827 1679 1897 reliquus
1706 1839 1879 1881 caere-
1914 1816 1961 1878 B
1993 1832 2044 1880 te
2067 1835 2120 1881 et
2148 1827 2327 1881 oleum
2358 1828 2764 1898 exprimerem?
2792 1826 3057 1898 Sequitur
3090 1845 3101 1882 :
3135 1827 3205 1882 Et
3229 1845 3341 1883 eam
3370 1846 3485 1899 qua:
3506 1844 3590 1883 re-

278 1918 583 1975 moniarum
613 1919 752 1975 ordo
791 1930 1063 1976 servatus.
1097 1920 1226 1976 Haec
1255 1920 1359 1975 sibi
1405 1919 1740 1991 repromittit
1767 1961 1781 1985 ,
1826 1928 1880 1974 et

278 2023 568 2086 propterea
599 2028 706 2069 non
744 2014 854 2085 agit
886 2014 1266 2085 paenitentiam
1286 2056 1302 2082 ,
1332 2022 1389 2070 et
1418 2013 1548 2070 dum
1581 2022 1766 2084 sperat
1798 2012 1881 2067 in-

279 2117 430 2165 certa
452 2151 467 2175 ,
496 2108 676 2179 perdit
695 2118 905 2165 certam
928 2110 1185 2165 salutem.
1214 2108 1323 2164 Nec
1352 2108 1521 2165 miror
1546 2121 1877 2179 synagogam

281 2201 400 2259 base
429 2202 639 2271 dicere,
674 2218 797 2273 qua:
826 2204 953 2274 quia
987 2218 1095 2257 non
1124 2196 1320 2273 recipit
1340 2201 1644 2271 Christum,
1690 2200 1880 2256 oculos

280 2294 468 2365 dolet,
502 2306 556 2353 et
586 2312 710 2353 cum
740 2295 835 2353 Lia
862 2299 1131 2369 lippescit,
1157 2308 1211 2354 et
1239 2314 1347 2353 non
1376 2306 1589 2353 amatur
1617 2312 1646 2352 a
1677 2295 1844 2352 Jacob
1864 2338 1879 2363 ,

282 2399 339 2448 et
366 2392 569 2448 Rachel
593 2392 950 2460 succedente,
983 2394 1283 2466 negligitur
1305 2393 1462 2466 (Gen.
1488 2393 1665 2464 xxix).
1698 2390 1881 2447 Chris-

284 2487 464 2543 tianos
489 2488 684 2556 miror,
722 2488 887 2545 immo
916 2487 1309 2544 semi-Judaaos
1330 2530 1346 2555 ,
1381 2488 1473 2559 qui
1496 2487 1600 2542 sibi
1627 2485 1883 2541 videntur

284 2597 408 2639 esse
439 2582 506 2638 de
553 2582 793 2639 Ecclesia
813 2625 830 2652 ,
856 2583 929 2638 ita
971 2583 1159 2639 dicere
1187 2592 1246 2639 et
1273 2596 1337 2637 ea
1364 2580 1638 2652 proﬁteri,
1672 2594 1794 2650 quae
1836 2577 1885 2632 si

286 2692 411 2733 vera
443 2686 603 2744 sunt,
637 2678 841 2733 frustra
869 2677 1143 2733 credimus
1184 2676 1239 2732 in
1268 2676 1550 2732 Christum
1574 2716 1589 2742 ,
1624 2684 1678 2730 et
1718 2685 1883 2729 omne

285 2781 535 2827 nostrum
560 2772 768 2827 tollitur
791 2780 1217 2839 sacramentum,
1253 2780 1310 2826 et
1340 2768 1773 2824 miserabiliores
1794 2784 1887 2823 su-

287 2879 409 2920 mus
438 2863 692 2920 omnibus
720 2863 1056 2931 hominibus,
1085 2862 1376 2919 credentes
1397 2878 1522 2918 eum
1544 2862 1763 2917 venisse
1792 2859 1886 2931 qui

288 2972 397 3014 non
430 2960 597 3014 venit.
630 2958 768 3027 Quia
798 2966 980 3015 autem
1012 2972 1137 3029 spes
1163 2970 1352 3013 neatra
1381 2965 1531 3013 certa
1557 2965 1645 3011 est
1666 2999 1680 3025 ,
1710 2965 1764 3011 et
1792 2956 1886 3011 Ju-

289 3048 533 3107 dmorum
558 3065 711 3105 cassa
735 3059 864 3106 sunt
890 3058 1043 3117 vota,
1073 3048 1372 3105 secundum
1402 3048 1644 3119 priorem
1677 3046 1886 3103 intelli-

288 3144 525 3215 gentiam
546 3142 656 3214 jam
688 3151 939 3199 texamus
960 3157 1203 3214 praesens
1232 3150 1650 3211 extremumque
1679 3140 1887 3211 capitu-

1983 1922 2136 1993 pulsa
2157 1923 2351 1993 fuerat,
2382 1924 2684 1994 suscipiam.
2717 1924 2948 1981 Videtur
2977 1940 3077 1980 nos
3121 1925 3264 1981 Deus
3321 1926 3592 1995 repellere

1982 2016 2199 2086 quando
2218 2016 2481 2087 relinquit
2509 2018 2817 2073 tentationi.
2854 2016 3009 2074 Unde
3032 2027 3086 2073 et
3128 2018 3233 2073 Joh
3261 2060 3276 2086 ,
3308 2017 3552 2073 Visitatio
3572 2060 3588 2087 ,

1984 2108 2190 2181 inquit,
2237 2108 2452 2164 Domini
2486 2112 2714 2176 respexit
2749 2109 2873 2182 [AL
2914 2108 3180 2183 despexit]
3210 2128 3289 2164 me
3318 2109 3474 2181 (Job.
3520 2127 3552 2165 x
3574 2150 3591 2176 ,

1986 2203 2054 2257 12
2087 2199 2129 2273 ).
2187 2201 2254 2256 Ει
2302 2218 2412 2256 non
2462 2202 2637 2257 solum
2690 2202 2823 2272 justi
2881 2204 3219 2273 loquuntur,
3273 2213 3329 2257 et
3379 2203 3592 2267 dicunt,

1985 2293 2143 2349 Nunc
2181 2305 2354 2349 autem
2404 2296 2642 2365 repulisti
2706 2304 2753 2349 et
2812 2296 3095 2364 confudisti
3153 2296 3480 2361 nos,‘sicut
3534 2296 3592 2350 in

1983 2386 2407 2458 quadragesimo
2439 2387 2601 2443 tertio
2632 2387 2847 2457 psalmo
2878 2387 3146 2456 scriptum
3173 2396 3286 2452 est;
3328 2387 3422 2441 sed
3475 2389 3591 2456 ipse

1986 2477 2251 2535 Dominus
2308 2490 2473 2550 atque
2541 2478 2845 2544 Salvator,
2918 2494 2985 2534 ex
3050 2492 3283 2548 persona
3357 2478 3596 2533 hominis

1986 2586 2148 2642 quem
2201 2580 2577 2641 assumpserat
2609 2613 2624 2637 ,
2694 2570 2776 2624 Tu
2832 2580 3036 2637 autem,
3084 2571 3195 2638 ait,
3254 2570 3495 2639 repulisti
3543 2580 3593 2624 et

1988 2664 2265 2734 despexisti
2289 2681 2307 2724 :
2331 2664 2585 2718 distulisti
2607 2662 2870 2719 Christum
2894 2671 3041 2718 tuum
3072 2681 3086 2723 ;
3116 2663 3409 2717 subvenisti
3433 2673 3591 2717 testa-

1988 2765 2214 2811 mentum
2242 2756 2547 2828 7333ervi
2578 2757 2676 2810 tui.
2706 2755 2861 2823 Quod
2893 2764 3075 2811 autem
3098 2742 3367 2824 justOrum
3403 2771 3594 2826 perso-

1988 2864 2057 2906 na
2093 2851 2163 2904 sit
2194 2850 2245 2905 in
2302 2848 2725 2920 quadragesimo
2770 2850 2932 2903 tertio
2987 2848 3196 2917 psalmo
3245 2848 3591 2905 dicentium:

1990 2943 2151 2999 Nunc
2181 2952 2353 2998 autem
2380 2943 2618 3014 repulisti
2638 2951 2687 2998 et
2713 2942 2999 3014 confudisti
3043 2959 3159 3008 nos,
3192 2958 3259 2997 ex
3313 2944 3591 3013 sequenti-

1988 3036 2091 3092 bus
2120 3036 2452 3106 approbatur
2480 3034 2643 3091 :Ha:c
2667 3035 2841 3089 omnia
2872 3044 3119 3089 venerunt
3160 3050 3316 3103 super
3342 3052 3435 3089 nos
3455 3078 3469 3101 ,
3498 3053 3590 3091 nec

1990 3129 2137 3184 obliti
2156 3146 2339 3183 sumus
2359 3139 2431 3195 te,
2452 3144 2613 3200 neque
2635 3128 2809 3199 inique
2838 3128 3035 3198 egimus
3058 3124 3113 3181 in
3142 3136 3444 3183 testamento
3462 3138 3551 3183 tuo
3573 3146 3595 3185 .'

289 3210 425 3303 ium,
468 3245 523 3293 ει
548 3210 618 3292 ac
660 3238 792 3293 ,ιεευ
840 3210 1184 3293 min—Sirae}.
1226 3210 1599 3291 testimonium
1641 3210 1883 3303 prorem-
1907 3210 1956 3276 C
1988 3240 2080 3278 nec
2107 3223 2321 3276 recessit
2342 3230 2480 3278 retro
2502 3238 2590 3275 cor
2616 3232 2869 3275 nostrum.
2906 3220 3036 3274 Eam
3067 3220 3230 3289 igitur
3252 3236 3371 3286 qua:
3397 3222 3447 3275 in
3470 3230 3591 3276 ten-

292 3344 416 3385 mus
449 3347 462 3383 :
510 3331 609 3396 Qui
630 3331 791 3384 mittit
831 3329 1062 3403 lapidem
1099 3330 1155 3384 in
1204 3328 1501 3395 excelsum,
1533 3343 1689 3394 super
1731 3336 1885 3397 caput

296 3441 449 3479 suum
489 3424 643 3478 mittit
670 3422 846 3495 (Eccl.
870 3421 1049 3497 χχιιι).
1079 3423 1217 3493 Quia
1246 3423 1394 3479 enim
1422 3422 1553 3479 Sion
1586 3430 1640 3478 et
1666 3420 1880 3476 Jerusa-

294 3518 403 3573 lem
446 3517 499 3573 in
540 3504 768 3574 excelso
814 3518 1005 3588 positae
1046 3527 1208 3588 sunt,
1255 3516 1584 3585 quicumque
1630 3513 1761 3569 Sion
1792 3511 1885 3568 de-
1920 3560 1925 3561 κ

295 3612 463 3667 trahit
484 3623 539 3666 et
566 3610 891 3681 Jerusalem,
922 3620 977 3666 et
1005 3610 1172 3665 mittit
1194 3610 1249 3665 in
1279 3624 1399 3665 eam
1427 3607 1884 3664 contumeliarum

293 3704 519 3776 lapides,
545 3705 599 3761 in
628 3720 786 3761 suum
818 3720 914 3761 eos
930 3713 1094 3775 caput
1108 3704 1262 3775 jacit,
1287 3712 1341 3758 et
1360 3709 1889 3770 reverteturoppro-

294 3796 470 3853 brium
501 3798 619 3867 ejus
647 3799 700 3853 iu
725 3808 889 3868 caput
912 3812 1067 3851 suum
1102 3813 1115 3849 :
1153 3795 1218 3849 Et
1247 3795 1399 3850 dolor
1425 3795 1536 3862 eius
1566 3803 1613 3848 et
1635 3792 1888 3861 iniquitas

296 3902 323 3931 α
360 3910 519 3960 super
536 3893 778 3946 verticem
807 3896 920 3966 ejus
946 3890 1222 3945 descendet
1247 3889 1382 3961 (Ps.
1413 3905 1506 3955 vn,
1541 3890 1656 3959 I7).
1690 3887 1887 3956 Quanti

296 3984 461 4040 hodie
496 3986 836 4055 exprobrant
877 3986 1102 4052 animm,
1133 3985 1293 4057 732
1341 3985 1434 4038 Dei
1466 3982 1723 4055 mysteria
1751 3996 1886 4038 cono

295 4078 563 4146 sectanti,
595 4078 905 4150 valentique
933 4079 1120 4133 videre
1162 4094 1349 4147 pacem
1372 4078 1525 4147 ejus,
1557 4086 1612 4132 et
1651 4076 1840 4131 dicunt
1873 4094 1886 4131 :

294 4169 525 4225 Insanus
555 4179 674 4239 est,
701 4182 756 4226 et
778 4172 965 4227 ebrius
985 4213 999 4239 ,
1030 4178 1084 4226 et
1108 4182 1289 4226 musto
1326 4170 1523 4241 plenus
1559 4187 1572 4223 :
1608 4168 1888 4224 hominum

297 4272 471 4319 castas
515 4262 652 4334 fugit
691 4280 707 4318 :
745 4264 971 4320 delicias
1002 4274 1330 4335 aspernatur
1358 4281 1371 4316 :
1402 4278 1598 4317 aurum
1645 4278 1743 4332 pro
1776 4260 1890 4316 luto

297 4368 579 4428 computat
604 4378 615 4414 :
646 4359 822 4415 solam
847 4359 1023 4431 diligit
1045 4366 1443 4430 paupertatem.
1466 4356 1570 4425 Qui
1597 4364 1781 4411 autem
1810 4355 1891 4410 in-

298 4451 493 4508 ﬁdeles
515 4462 662 4522 sunt,
685 4451 851 4508 etiam
876 4469 1098 4510 crucem
1132 4452 1333 4508 Christi
1360 4452 1694 4523 exprobrant
1722 4450 1807 4515 ei,
1837 4456 1893 4505 et

1992 3316 2290 3372 tationibus
2314 3315 2601 3371 videbatur
2627 3315 2862 3384 abjecta,
2880 3314 3143 3385 suscipiet
3172 3314 3431 3369 Dominus
3460 3315 3512 3369 in
3532 3317 3590 3369 li-

1991 3426 2060 3468 ne
2086 3429 2098 3464 :
2124 3420 2177 3467 et
2209 3420 2371 3481 ponet
2402 3425 2498 3466 eos
2523 3411 2577 3465 in
2603 3410 2832 3480 gloriam
2866 3419 2921 3464 et
2946 3411 3259 3465 nominatos
3284 3410 3337 3465 in
3370 3410 3595 3467 univerz

1990 3522 2048 3562 sa
2079 3516 2243 3575 terra,
2273 3506 2416 3560 ﬁlios
2446 3503 2699 3560 videlicet
2728 3518 3007 3573 expressae
3033 3512 3091 3558 et
3116 3505 3375 3573 repulsae,
3402 3503 3454 3558 id
3485 3516 3589 3575 est,

1991 3599 2274 3655 Ecclesiae.
2295 3598 2442 3666 Quos
2461 3604 2640 3653 autem
2656 3596 2791 3652 alios
2810 3611 3095 3666 possumus
3128 3596 3431 3667 intelligere
3450 3597 3589 3653 ﬁlios

1991 3694 2258 3752 Ecclesiae
2287 3694 2619 3760 nominatos,
2652 3693 2756 3747 nisi
2788 3694 3109 3763 apostolos?
3143 3692 3278 3748 Vide
3313 3693 3444 3750 mihi
3488 3696 3590 3751 Pe~

1992 3798 2132 3846 trum
2177 3800 2231 3846 et
2260 3789 2487 3844 Paulum
2517 3800 2573 3843 et
2601 3787 2911 3843 Mattliaeum
2942 3796 2998 3843 et
3023 3789 3325 3854 Joannem;
3372 3800 3429 3844 et
3460 3805 3591 3845 con~

1993 3883 2171 3938 sidera
2202 3881 2305 3937 hoc
2331 3880 2476 3953 quod
2524 3880 2588 3934 ad
2612 3880 2887 3935 Abraham
2913 3880 3306 3949 repromissum
3342 3892 3426 3935 est
3444 3899 3457 3935 :
3475 3882 3598 3938 Ma-

1992 3976 2245 4048 gniﬁcabo
2263 3991 2447 4029 nomen
2468 3984 2633 4039 tuum,
2654 3973 2706 4027 in
2736 3972 2841 4028 illis
2862 3989 3028 4044 opere
3042 3985 3431 4043 perpetratum.
3449 3977 3595 4045 Quo-

1994 4070 2124 4125 tidie
2153 4069 2466 4124 nominatur
2496 4068 2549 4121 in
2593 4066 2864 4132 Ecclesia,
2915 4067 3157 4136 quotidie
3210 4070 3590 4137 magniﬁcatur

1993 4180 2192 4221 nomen
2225 4180 2413 4218 eorum
2440 4182 2450 4216 :
2475 4177 2581 4217 non
2611 4162 2754 4232 quod
2787 4160 2918 4231 ipsis
2945 4162 3117 4231 prosit
3143 4177 3171 4215 a
3210 4162 3369 4217 nobis
3406 4164 3455 4217 iu
3493 4165 3593 4219 Ec-

1994 4260 2161 4316 clesia
2184 4257 2455 4313 nominari
2484 4274 2497 4309 :
2522 4254 2620 4311 sed
2642 4254 2787 4323 quod
2818 4269 2919 4309 nos
2949 4255 3363 4324 magniﬁcantes
3390 4273 3587 4313 nomen

1994 4370 2208 4422 eorum,
2239 4361 2293 4408 et
2313 4368 2432 4423 quae
2463 4349 3149 4420 scripseruntlectitantes,
3186 4365 3589 4421 consequamur

1993 4448 2244 4505 salutem.
2277 4446 2335 4499 In
2384 4451 2652 4513 tempore,
2701 4441 2898 4510 inquit,
2942 4441 3055 4505 illo,
3089 4442 3308 4510 quando
3366 4460 3589 4514 expres-

301 4543 349 4598 si
370 4544 588 4612 quando
612 4560 736 4600 eum
758 4545 816 4600 in
847 4546 1102 4614 angustia
1130 4545 1371 4601 viderint
1394 4545 1526 4601 etin
1559 4542 1887 4611 teutatione,
1919 4579 1974 4640 D
1998 4556 2055 4597 sa
2096 4548 2152 4596 et
2205 4537 2421 4609 repulsa
2471 4542 2722 4605 suscepta
2781 4532 2971 4640 fuerit,
3010 4541 3066 4588 et
3119 4532 3218 4587 ﬁlii
3278 4536 3394 4605 ejus
3451 4542 3595 4605 posi-

300 4634 489 4692 dicunt
516 4658 527 4691 :
553 4637 652 4694 Ubi
682 4648 812 4694 sunt
840 4638 1233 4694 misericordiae
1265 4647 1392 4703 tuae,
1425 4646 1480 4693 et
1505 4637 1731 4705 justitia:
1760 4648 1894 4706 quas

303 4741 559 4803 operatus
608 4734 705 4789 es?
734 4732 871 4801 Quid
904 4734 1097 4804 loquar
1138 4734 1205 4788 de
1237 4731 1589 4799 inﬁdelibus,
1634 4746 1758 4786 cum
1791 4729 1895 4785 Ec-

302 4825 594 4882 clesiarum
617 4826 861 4881 nonnulli
883 4827 1160 4897 principes
1184 4824 1562 4896 hujuscemodi
1587 4823 1897 4880 hominibus

303 4918 664 4987 exprobrent,
692 4929 749 4975 et
770 4918 930 4973 vitam
961 4919 1203 4988 ipsorum
1223 4919 1555 4974 arbitrentur
1571 4916 1891 4983 amentiam,

305 5019 360 5066 et
392 5026 496 5065 non
533 5019 853 5081 praesentem
883 5010 1103 5066 laudent
1145 5009 1648 5076 conversationem,
1683 5008 1779 5064 sed
1806 5024 1897 5062 ve-

306 5108 420 5156 tera
464 5113 684 5171 peccata
726 5102 1088 5172 exprobrent?
1115 5118 1214 5158 nec
1246 5102 1472 5158 audiunt
1497 5117 1623 5158 esse
1658 5115 1904 5171 praecep-

307 5203 421 5249 tum
454 5211 469 5248 :
501 5192 633 5248 Noli
661 5196 1013 5267 improperare
1037 5193 1237 5249 homini
1263 5196 1350 5266 qui
1380 5196 1695 5249 convertitur
1726 5210 1757 5245 a
1788 5209 1905 5263 pec-

306 5290 435 5343 catis
455 5288 565 5343 suis
592 5287 781 5361 (Eccl.
816 5292 968 5359 vin).
1002 5288 1093 5345 Va:
1124 5290 1289 5361 igitur
1319 5290 1403 5357 ei,
1429 5289 1519 5361 qui
1554 5288 1678 5344 tulit
1705 5302 1905 5360 oppro-

306 5382 490 5439 brium
512 5396 674 5452 atque
695 5384 954 5454 suscepit,
983 5393 1040 5439 et
1059 5384 1444 5455 hujuscemodi
1466 5400 1527 5441 se
1548 5383 1731 5439 ofﬁcio
1752 5397 1906 5437 man-

309 5477 532 5548 cipavit,
563 5487 622 5535 ut
650 5479 966 5536 detraheret
992 5479 1149 5550 Sion,
1173 5486 1230 5536 et
1249 5479 1456 5536 civitati
1486 5479 1583 5535 Dei
1614 5496 1628 5534 :
1654 5479 1780 5550 quia
1806 5492 1906 5549 pro

313 5624 367 5679 in
397 5638 499 5699 nis.
524 5623 694 5693 Regio
721 5627 993 5695 superiori
1015 5626 1254 5699 capitulo
1279 5642 1385 5681 non
1414 5623 1667 5695 adjungi,
1700 5621 1829 5678 huic
1852 5621 1904 5677 in

310 5694 504 5751 eodem
534 5710 635 5750 ms.
673 5694 1038 5765 praemittitur.

388 5775 414 5801 τι
456 5768 554 5843 Ms.
587 5766 805 5843 Ιὶιιείιι.ἐ
837 5770 1079 5835 iniquitas
1124 5775 1235 5843 ejus
1261 5786 1417 5843 super
1452 5768 1687 5843 verticem
1715 5765 1857 5820 illius
1884 5780 1901 5819 :

316 5845 372 5894 et
402 5839 564 5910 paulo
593 5851 735 5909 post,
766 5839 865 5897 Dei
895 5839 1533 5914 mysteria'contre'ctanti,
1585 5855 1682 5912 pro
1723 5854 1902 5895 conse-

730 5934 1006 5997 ΡΑΤιιοι..
1059 5935 1268 5998 XXV.

2000 4634 2041 4689 ti
2086 4634 2139 4687 in
2196 4631 2423 4702 gloriam
2474 4626 2773 4699 (gloriatur
2833 4623 2967 4695 [AL
3009 4624 3379 4699 gloriabitur]
3432 4630 3596 4705 735

2001 4725 2199 4795 quippe
2244 4721 2505 4778 Dominus
2560 4720 2614 4773 in
2664 4716 2885 4773 athletis
2934 4718 3067 4784 suis,
3128 4733 3251 4774 cum
3310 4737 3405 4777 eos
3449 4727 3598 4781 vide-

2000 4819 2073 4874 rit
2124 4815 2397 4881 coronari,
2432 4812 2571 4868 sicut
2609 4810 2871 4881 gloriatus
2902 4820 2987 4865 est
3023 4811 3285 4867 adversus
3319 4816 3595 4875 diabolum

2002 4911 2070 4967 de
2100 4908 2204 4965 Job
2227 4926 2239 4961 :
2264 4906 2405 4962 unde
2435 4915 2491 4961 et
2512 4904 2805 4975 Apostolus
2839 4902 2891 4956 in
2927 4902 3173 4972 profectu
3204 4906 3597 4976 discipulorum

1998 5018 2221 5059 suorum
2246 4998 2556 5064 exsultans,
2589 4999 2703 5051 ait:
2748 4994 2926 5049 Etiam
2949 5013 3038 5066 per
3076 5007 3291 5051 vestram
3344 5002 3598 5077 gloriam)

2007 5093 2409 5152 confundentur
2438 5089 2528 5160 qui
2557 5089 2857 5143 adversarii
2886 5088 3052 5143 vestri
3084 5088 3325 5159 fuerant,
3382 5107 3435 5149 et
3461 5098 3601 5155 tulc-

2008 5197 2127 5243 rant
2175 5193 2362 5240 contra
2393 5196 2489 5236 vos
2518 5179 2987 5249 approbriumzet
3030 5184 3158 5233 tunc
3189 5181 3450 5241 videbunt
3507 5205 3603 5247 eos

2007 5296 2147 5352 quos
2174 5278 2407 5334 miseros
2453 5280 2794 5346 putaverant,
2826 5287 2949 5327 esse
2976 5271 3185 5343 felices,
3211 5285 3265 5331 et
3301 5294 3439 5348 quos
3465 5298 3602 5353 pau-

2010 5391 2170 5449 peres
2212 5370 2603 5430 existimabant
2644 5376 2806 5439 atque
2862 5365 3135 5437 dejectos,
3180 5380 3428 5439 potentes
3486 5376 3605 5435 ﬁeri

2011 5480 2175 5543 atque
2202 5467 2493 5540 gloriosos.
2538 5463 2692 5519 Tunc
2736 5468 2967 5516 cernent
2995 5463 3365 5531 captivitatem
3416 5483 3607 5529 eorum

2017 5617 2202 5672 ctanti.
2227 5614 2474 5679 Denique
2518 5609 2771 5673 inferius,
2803 5606 2930 5675 quid
2955 5608 3138 5673 loquar
3174 5610 3238 5665 de
3262 5610 3313 5664 in
3324 5613 3566 5680 ﬁdelibus
3590 5624 3616 5677 2

2012 5690 2123 5745 lure
2158 5705 2273 5742 cum
2300 5684 2683 5744 Ecclesiarum,
2712 5690 2817 5734 etc.

2084 5762 2109 5799 δ
2154 5761 2299 5814 Idem
2322 5771 2425 5810 ms.
2456 5755 2606 5824 quasi
2635 5755 2677 5805 si
2702 5752 2769 5805 ad
2796 5769 2945 5805 uvam
2973 5762 3018 5807 et
3050 5752 3281 5821 olivam;
3314 5766 3366 5813 et
3390 5776 3534 5833 mox,
3566 5783 3622 5832 ιιι

2011 5833 2175 5906 prtelo
2196 5841 2244 5887 et
2275 5839 2441 5902 tapeta
2463 5842 2641 5899 pressa
2660 5868 2674 5894 ,
2709 5835 2814 5883 etc.

3017 5919 3095 5981 ῑιρῐι
