4050 6342
268 267 408 326 1580

1085 263 1738 328 COMMENTARIORUM
1772 264 1844 324 IN
1881 263 2196 324 AGGEUI!
2232 263 2453 324 LIBER.
2495 264 2645 323 CAP.
2689 266 2729 322 l.

3431 270 3566 329 1590

266 398 374 452 quo
400 387 456 436 et
481 379 674 437 Daniel
703 381 934 453 mystico
954 383 1008 437 in
1035 395 1138 437 suo
1160 383 1442 438 volumine
1462 381 1648 437 rel’ert.
1680 379 1872 434 Darius
1899 382 1953 442 Α
1977 378 2210 434 mundus
2236 378 2446 434 habens
2474 393 2667 432 manus
2695 393 2927 433 carneus
2957 379 3128 436 lsrael
3153 421 3168 450 ,
3201 381 3447 439 extendit
3475 400 3566 439 eas

267 487 446 530 autem
480 475 534 530 in
596 475 776 546 lingua
825 485 1010 531 nostra
1057 485 1236 543 sonat,
1269 477 1625 550 generationes
1677 475 1866 544 facile,

267 567 412 633 sive,
441 584 562 639 quae
591 569 800 638 {uerunt
835 585 853 623 :
885 569 1030 639 quod
1062 567 1251 625 Greece
1311 568 1513 624 dicitur
1541 570 1708 641 γενεαὶ
1736 576 1760 604 ⁸·
1788 589 1874 640 γι·-

267 658 502 730 vcinam:
533 673 634 716 nec
684 659 995 716 merebatur
1041 659 1246 730 absque
1279 661 1482 730 templo
1542 659 1774 731 populus
1820 668 1874 714 et

269 749 524 806 deorsum
566 750 818 807 habitans
839 751 1004 808 alium
1037 750 1243 808 habere
1279 767 1498 822 regem,
1530 753 1632 808 nisi
1662 751 1752 822 qui
1782 767 1874 821 ge-

271 843 648 900 nerationibus
672 845 968 910 serviebat,
995 845 1280 904 etamabat
1298 859 1546 911 carnem,
1569 853 1625 902 et
1652 845 1874 915 primum

271 939 598 994 sententiam
632 938 892 994 ineruditi
922 939 1104 994 adhuc
1125 939 1385 1007 hominis,
1417 947 1476 995 et
1501 939 1661 1010 ejecti
1693 937 1764 994 de
1792 953 1878 1007 pa-

280 1032 468 1088 radiso
488 1033 830 1089 custodiebat
863 1053 876 1088 :
907 1032 1132 1090 Crescite
1152 1043 1198 1088 et
1233 1032 1677 1105 multiplicamini,
1705 1041 1753 1087 et
1780 1031 1877 1085 ἰηι-

273 1127 404 1199 plete
429 1127 847 1200 terrum((}enes.
880 1144 922 1194 1,
950 1128 1045 1195 ‘28,
1075 1137 1122 1184 et
1148 1144 1229 1195 1x,
1257 1126 1332 1198 ιι).
1366 1129 1506 1198 Ergo
1528 1128 1651 1198 quia
1689 1127 1879 1182 Darius

268 1231 485 1280 amator
505 1232 626 1276 erat
648 1222 852 1290 coitus,
880 1232 932 1278 et
967 1223 1150 1278 socius
1181 1223 1440 1278 draconis
1461 1259 1478 1288 ο
1508 1223 1668 1292 cujus
1701 1222 1880 1276 omnis

276 1317 448 1372 virtus
477 1313 530 1371 in
563 1316 750 1372 lumbo
788 1324 872 1372 est
919 1315 1066 1388 (Job.
1119 1317 1212 1386 ill.)
1240 1335 1255 1372 :
1286 1316 1495 1372 idcirco
1537 1317 1590 1371 in
1637 1314 1880 1372 secundo

275 1424 424 1464 anno
451 1410 593 1466 visio
635 1409 841 1480 populo
875 1410 1122 1466 cernitur
1143 1450 1158 1474 ,
1191 1410 1246 1464 in
1290 1408 1576 1464 immundo
1618 1422 1877 1472 numero,

277 1512 334 1560 et
365 1511 486 1572 post
513 1504 770 1558 unionem
816 1502 1144 1572 virginitatis
1170 1511 1224 1558 et
1255 1501 1492 1574 paradisi
1529 1501 1828 1556 nuditatem
1863 1541 1878 1567 ,

277 1595 492 1654 tunicas
521 1595 866 1666 signiﬁcante
889 1593 1164 1665 peliiceas.
1190 1593 1435 1664 Denique
1456 1594 1511 1649 in
1534 1593 1734 1650 Genesi
1761 1608 1883 1648 cum

280 1689 336 1744 in
360 1687 536 1757 primo
583 1688 674 1744 die
698 1688 904 1743 dictum
929 1688 1002 1742 sit
1025 1727 1042 1750 ,
1069 1695 1126 1742 et
1150 1687 1204 1741 in
1233 1687 1394 1743 tertio
1418 1725 1433 1752 ,
1463 1695 1518 1742 et
1551 1686 1608 1740 in
1637 1695 1836 1755 quarto
1869 1727 1884 1751 ,

1971 472 2043 527 ad
2075 473 2397 537 Dominum;
2427 470 2524 527 sed
2555 472 2685 542 quia
2705 473 2968 543 sanguine
2999 473 3172 543 plena!
3201 485 3327 530 sunt
3352 519 3365 544 ,
3395 478 3567 547 loqui-

1975 575 2064 624 tur
2093 566 2160 623 ad
2191 582 2291 623 eos
2322 567 2586 622 Dominus
2618 581 2713 636 per
2743 567 3064 638 prophetam
3089 585 3105 622 :
3138 570 3200 624 Si
3235 573 3568 627 extenderitis

1973 676 2160 714 manus
2187 669 2379 714 uestras
2397 699 2410 726 ,
2439 668 2667 714 avertam
2697 659 2877 716 oculos
2906 675 3046 716 meos
3084 675 3116 716 α
3145 663 3284 718 vobis
3322 680 3340 717 :
3387 682 3572 720 manus

1975 753 2110 807 enim
2137 763 2317 807 vestrae
2342 753 2596 823 sanguine
2623 752 2791 821 plena:
2819 762 2938 807 sunt
2965 753 3122 826 (Isai.
3156 773 3198 826 1,
3228 756 3344 827 xv).
3369 758 3488 814 Non
3517 761 3578 814 lit

1977 844 2030 898 in
2066 844 2315 899 manibus
2344 858 2538 900 eorum
2571 843 2794 900 verbum
2828 846 3075 914 Domini,
3109 849 3236 919 quia
3277 849 3574 907 immunda:

1977 949 2104 992 sunt
2131 953 2146 1002 ;
2179 953 2288 991 non
2317 937 2464 992 venit
2492 936 2558 992 ad
2588 952 2686 992 eos
2715 951 2898 994 sermo
2929 941 3056 1010 Dei,
3099 942 3224 1012 quia
3255 945 3310 1000 in
3337 960 3394 1000 se
3434 946 3573 1002 occi-

1976 1027 2112 1086 dere
2157 1044 2470 1086 sermonem
2512 1029 2626 1085 Dei.
2659 1028 2774 1086 Nec
2802 1033 3103 1102 putandum
3152 1036 3204 1090 in
3254 1051 3416 1094 manu
3453 1049 3575 1094 tan-

1983 1131 2096 1178 tum
2109 1122 2295 1194 Δεξιεεί
2315 1123 2592 1194 prophetae
2617 1123 2823 1179 factum
2848 1139 2972 1182 esse
2993 1142 3301 1186 sermonem
3323 1132 3540 1189 Domini
3563 1155 3576 1188 :

1980 1215 2080 1272 sed
2101 1216 2228 1285 quia
2260 1215 2484 1289 Aggteus
2538 1217 2931 1287 interpretatur
2960 1218 2984 1256 ἀ
3018 1221 3252 1291 festivas,
3281 1226 3461 1282 omnis
3489 1229 3580 1296 qui

1983 1317 2163 1379 potest
2192 1307 2328 1363 festa
2359 1309 2668 1376 celebrare,
2700 1327 2804 1365 non
2825 1311 2878 1364 in
2908 1315 3160 1382 fermento
3187 1318 3346 1371 ueteri
3371 1319 3584 1374 malitia:

1985 1409 2032 1455 ct
2053 1401 2318 1469 nequitur,
2335 1401 2426 1455 sed
2439 1402 2492 1455 in
2519 1401 2718 1474 azymis
2747 1403 3056 1459 sinceritatis
3078 1415 3125 1459 et
3149 1408 3380 1463 veritatis
3408 1409 3449 1479 (l
3462 1408 3582 1464 Cor.

1987 1508 2042 1560 v,
2061 1492 2144 1564 8),
2164 1502 2344 1564 potest
2364 1494 2458 1550 Dei
2483 1498 2732 1566 recipere
2751 1498 3400 1557 sermonem.Habeamus
3419 1510 3475 1558 et
3493 1517 3590 1558 nos

1989 1585 2222 1642 mundas
2252 1603 2465 1654 manus,
2492 1598 2542 1641 et
2566 1603 2825 1645 vocemur
2847 1591 3196 1666 ἑορτάζοντες,
3232 1593 3287 1648 id
3315 1604 3430 1661 est,
3455 1597 3587 1666 festa

1986 1678 2333 1746 celebrantes,
2384 1689 2438 1733 et
2482 1679 2550 1735 ad
2585 1695 2686 1735 nos
2711 1681 2804 1737 fiet
2833 1696 3016 1738 sermo
3046 1683 3166 1739 Dei.
3210 1685 3589 1756 Proponamus

279 1781 448 1854 738
470 1789 525 1836 et
563 1780 616 1835 iu
665 1781 858 1848 quinto
878 1825 894 1848 ,
944 1790 998 1834 et
1047 1781 1102 1836 in
1143 1788 1300 1834 sexto
1321 1821 1336 1845 ,
1387 1788 1511 1845 post
1545 1791 1889 1834 consumma-
1917 1766 1968 1829 Β
1992 1780 2122 1828 ante
2136 1771 2323 1826 oculos
2342 1775 2714 1844 uostros,quia
2737 1775 2826 1831 lex
2846 1775 3592 1846 spiritualisest,spirituales

283 1875 490 1928 tionem
522 1888 749 1942 operum
782 1872 1166 1941 singulorum:
1210 1871 1278 1925 Et
1306 1871 1432 1925 vidit
1454 1871 1595 1926 Deus
1634 1871 1756 1941 quia
1798 1870 1888 1924 bo-

283 1983 408 2020 num
436 1975 550 2022 est:
579 1966 631 2020 in
657 1965 924 2028 secundo,
957 1965 1104 2032 juxta
1131 1964 1462 2018 llebraicum
1484 2005 1498 2028 ,
1527 1972 1582 2018 et
1612 1961 1882 2031 Aquilam,

283 2069 340 2116 et
374 2059 783 2132 Symmachum,
813 2068 870 2112 et
892 2057 1327 2112 Thcodotionem
1361 2073 1468 2110 non
1498 2055 1748 2112 habetur.
1778 2054 1886 2110 Ne-

282 2168 388 2223 que
419 2153 564 2208 enim
597 2160 810 2222 poterat
833 2150 1107 2206 secundus
1129 2150 1286 2216 dies,
1320 2150 1410 2219 qni
1447 2163 1731 2204 numerum
1766 2147 1891 2201 Γιςοὶι

283 2247 380 2316 qui
402 2246 472 2300 ab
500 2246 702 2300 unione
731 2243 965 2308 dividit,
1000 2243 1143 2312 quod
1177 2243 1352 2297 bonus
1380 2251 1527 2297 esset
1554 2284 1568 2307 ,
1636 2240 1732 2294 Dei
1761 2255 1887 2296 sen-

285 2339 454 2395 tentiu
485 2337 851 2407 comprobari.
885 2336 1087 2392 Mensis
1117 2351 1336 2406 quoque
1359 2343 1550 2390 Sextus
1577 2333 1886 2396 ascribitur,

286 2432 374 2501 qui
406 2445 514 2484 non
547 2430 712 2484 habet
739 2428 1114 2484 solemnitates
1145 2427 1264 2492 Dei,
1291 2427 1430 2482 sicut
1477 2425 1681 2481 mensis
1726 2425 1890 2494 septi-

279 2539 441 2588 mus;
466 2522 564 2577 sed
594 2521 804 2576 \iciuus
820 2521 1132 2576 estdierum
1162 2535 1282 2584 sex,
1312 2521 1364 2574 in
1389 2519 1585 2588 quibus
1608 2517 1788 2573 factus
1807 2527 1892 2572 est

283 2616 521 2673 mundus
549 2611 841 2689 (Ibid.).ln
879 2630 990 2682 quo
1014 2613 1314 2678 laboratur,
1341 2621 1396 2668 et
1426 2613 1476 2665 in
1501 2610 1700 2664 sudore
1733 2608 1888 2664 iariei

285 2708 595 2765 comeditur
629 2708 785 2778 panis
817 2723 832 2760 :
859 2715 1082 2762 etterra
1114 2714 1345 2774 generat
1368 2703 1522 2759 nobis
1565 2701 1796 2757 tribulos
1839 2709 1894 2757 et

285 2805 495 2876 Spiuas,
533 2813 738 2861 etcum
763 2810 1066 2857 sementem
1087 2801 1360 2867 acceperit
1391 2797 1576 2862 tritici,
1619 2796 1748 2851 lolio
1779 2811 1890 2848 ma-

286 2900 372 2970 gis
403 2897 704 2968 avenisque
728 2894 958 2952 fecunda
981 2904 1086 2950 est.
1115 2894 1221 2948 Sed
1248 2892 1370 2963 quia
1390 2889 1500 2960 jam
1525 2890 1698 2944 altare
1721 2886 1893 2943 indili-

285 3001 469 3046 catum
501 2989 697 3057 fuerat,
731 2998 786 3043 et
815 2985 1110 3042 adversum
1137 2993 1506 3054 repugnantes
1541 2983 1726 3037 hostes
1759 2993 1894 3035 tem-

286 3087 436 3159 plqu
468 3084 494 3123 ι)
544 3084 833 3140 voluerant
878 3091 1169 3136 exstruere
1194 3119 1209 3144 ,
1264 3093 1364 3133 nec
1393 3085 1813 3132 exstruxerant:
1841 3075 1893 3126 iu

1989 1865 2386 1932 solemnitates,
2415 1867 2484 1922 de
2507 1867 2703 1935 quibus
2737 1869 3000 1940 scriptum
3027 1881 3110 1926 est
3135 1889 3148 1925 :
3181 1871 3366 1927 Tribus
3396 1884 3592 1943 tempo-

1991 1959 2136 2014 ribus
2160 1959 2289 2013 mihi
2311 1959 2444 2029 festa
2473 1961 2798 2016 celebrabitis
2813 1963 2868 2016 in
2891 1963 3456 2022 anno-.Solemnitatem
3471 1983 3594 2038 azy-

1991 2066 2196 2104 morum
2227 2050 2532 2106 custodietis
2560 2068 2576 2104 :
2619 2061 2817 2121 septem
2845 2053 3026 2110 diebus
3048 2057 3328 2112 comedetis
3360 2075 3540 2130 azyma
3575 2074 3592 2111 :

1989 2145 2124 2198 sicut
2151 2145 2374 2216 prmcepi
2410 2146 2499 2198 tibi
2526 2146 2578 2198 in
2610 2154 2840 2218 tempore
2863 2149 3052 2203 mensis
3081 2165 3372 2206 nouorum:
3401 2153 3452 2205 in
3481 2154 3596 2223 ipso

1993 2235 2131 2289 enim
2160 2250 2211 2289 es
2239 2251 2474 2307 egressus
2505 2251 2570 2290 ex
2609 2235 2866 2309 Aigypto.
2901 2237 3024 2292 Non
3081 2242 3359 2311 apparebis
3387 2243 3440 2296 in
3467 2260 3596 2298 con-

1995 2337 2172 2399 specta
2198 2344 2313 2381 meo
2345 2345 2538 2382 vacuus
2566 2345 2584 2393 ;
2614 2337 2660 2381 et
2690 2328 3070 2386 solemnitatem
3096 2335 3275 2388 utessis
3307 2336 3598 2404 primitiua-

1994 2437 2114 2475 rum
2141 2423 2204 2474 de
2226 2423 2472 2490 operibus
2497 2424 2597 2476 tuis
2627 2437 2962 2494 quacumque
2981 2425 3316 2480 seminecem
3345 2429 3398 2481 in
3425 2445 3550 2498 agro
3582 2446 3600 2484 :

1997 2521 2046 2566 et
2071 2513 2453 2566 solemnitatem
2481 2514 2946 2568 consummationis
2975 2517 3027 2569 in
3057 2517 3199 2570 exitu
3228 2519 3356 2572 anni
3395 2519 3448 2572 in
3477 2536 3600 2573 con-

1994 2607 2294 2678 gregatione
2323 2623 2538 2675 operum
2589 2617 2799 2662 tuorum
2836 2609 2901 2662 de
2927 2625 3055 2681 agro
3082 2609 3290 2681 (Exod.
3320 2628 3472 2676 xxnl,
3511 2615 3596 2679 14,

1994 2708 2221 2767 seqq.,et
2237 2698 2390 2753 Deut.
2413 2698 2547 2770 xv1).
2571 2699 2626 2757 Si
2647 2700 2984 2756 voluerimus
3006 2701 3058 2756 in
3075 2687 3240 2758 nobis
3255 2704 3372 2760 ﬁeri
3395 2722 3604 2760 sermo-

1997 2805 2123 2846 nem
2154 2791 2280 2857 Dei,
2315 2789 2488 2847 simus
2513 2792 2714 2862 Aggmi,
2749 2791 2801 2846 id
2834 2802 2918 2848 est
2945 2833 2960 2857 ,
2994 2793 3128 2850 festa
3161 2795 3530 2857 celebrantes.
3551 2808 3607 2852 et

1999 2899 2104 2936 non
2129 2898 2488 2952 appareamus
2517 2885 2570 2937 in
2604 2896 2896 2953 conspecut
2929 2886 3020 2940 Dei
3051 2887 3202 2942 vacui
3236 2887 3304 2959 (ll
3327 2888 3448 2944 Cor.
3479 2889 3556 2961 1x)
3588 2905 3598 2943 ξ

1995 2976 2441 3054 setuinantesque
2473 2977 2522 3028 in
2555 2975 2786 3044 spiritu,
2815 2976 2882 3031 de
2903 2977 3097 3046 spiritu
3140 2989 3409 3034 metamus
3448 2993 3610 3036 teter-

1998 3083 2124 3124 nam
2141 3070 2338 3135 vitam;
2365 3079 2418 3124 ut
2446 3068 2790 3126 celebremus
2806 3081 2828 3107 ο
2843 3072 3244 3128 solemnitatem
3265 3089 3609 3130 consumma-

289 3145 397 3236 imo
419 3180 508 3236 die
536 3179 742 3234 mensis
785 3173 930 3232 sexti
958 3173 1160 3229 factum
1205 3180 1290 3226 est
1316 3171 1541 3225 verbum
1581 3167 1793 3222 Domini
1845 3167 1898 3220 in
1926 3145 1972 3209 (ἶ
2008 3163 2173 3217 tionis
2205 3163 2257 3218 in
2289 3164 2443 3219 exitu
2475 3164 2626 3230 anni,
2653 3164 2703 3218 id
2733 3175 2837 3231 est,
2867 3168 3340 3237 congregationem
3381 3185 3606 3241 operum

290 3291 455 3334 manu
489 3271 670 3344 Aggaai
699 3270 1005 3342 prOphetac,
1046 3276 1105 3322 ut
1133 3266 1391 3322 deserens
1424 3262 1657 3334 populus
1699 3278 1896 3316 secun-

291 3369 420 3426 dum
443 3382 646 3424 annum
673 3365 816 3420 Darii
846 3365 1014 3434 regis,
1039 3363 1130 3433 qui
1154 3359 1222 3415 ab
1240 3356 1750 3417 unioncdividit;ct
1775 3370 1903 3410 sex-

294 3471 408 3518 tum
436 3475 681 3517 mensem
709 3457 799 3528 qui
827 3455 1200 3527 praeterierat,
1234 3462 1288 3507 et
1317 3453 1410 3522 qui
1435 3464 1700 3506 numerus
1729 3449 1902 3506 labori

294 3557 608 3627 deputatur,
626 3554 692 3609 ad
716 3553 976 3609 unionem
1007 3557 1375 3604 reverteretur
1410 3546 1526 3611 Dei,
1559 3555 1612 3600 et
1640 3545 1902 3614 imparem

295 3666 587 3710 numerum
631 3649 921 3718 solumque
988 3653 1365 3716 sequeretur:
1419 3656 1582 3713 quem
1644 3638 1903 3695 mundum

295 3759 420 3801 esse
474 3743 698 3815 gentilis
761 3755 976 3812 quoque
1039 3750 1198 3809 poeta
1252 3737 1413 3792 novit
1444 3733 1634 3791 dicens
1697 3730 1902 3802 (Virg.

298 3841 488 3912 Eclog.
532 3837 662 3904 vut)
697 3855 710 3892 :

701 3958 918 4010 Numero
940 3958 1078 4008 Deus
1098 3959 1286 4019 impare
1305 3954 1515 4018 gaudet.

301 4093 389 4154 Fit
419 4104 600 4152 autem
628 4093 854 4151 verbum
886 4091 1096 4148 Domini
1115 4136 1127 4155 ,
1148 4106 1400 4163 quaerens
1444 4088 1512 4145 ad
1533 4103 1695 4161 quem
1724 4085 1912 4142 veniat

301 4198 357 4244 et
379 4201 536 4258 quem
567 4183 759 4242 doceat
787 4228 801 4251 ,
827 4185 880 4240 in
905 4201 1068 4240 manu
1099 4184 1280 4255 Aggtni
1309 4183 1608 4253 pr0phetm,
1649 4181 1738 4248 qui
1771 4179 1910 4234 bona

304 4275 538 4337 habebat
561 4275 726 4351 739
750 4293 941 4348 opera,
975 4285 1030 4332 et
1062 4276 1113 4331 in
1148 4271 1304 4346 cujus
1335 4273 1494 4330 lactis
1547 4283 1766 4345 poterat
1815 4269 1911 4330 Dei

263 4362 486 4431 sermo
541 4377 908 4444 requiescere.
974 4369 1147 4428 Porro
1178 4369 1270 4426 ubi
1329 4385 1523 4426 manus
1559 4380 1580 4408 ο
1649 4370 1915 4441 sanguine

306 4468 480 4540 plenae
515 4477 663 4532 sunt,
706 4475 760 4520 et
791 4466 1122 4520 interﬁcitur
1153 4463 1314 4520 Iesus
1340 4505 1355 4530 ,
1387 4473 1443 4520 et
1472 4463 1637 4519 audet
1685 4466 1918 4534 pepulus

2009 3263 2322 3310 nostrorum
2352 3256 2420 3311 de
2451 3271 2621 3326 agro,
2647 3257 3048 3312 solemnitatem
3097 3259 3498 3329 primitivorutu
3541 3263 3611 3318 dc

2007 3345 2268 3419 operibus
2326 3349 2574 3413 nostris,
2630 3365 2987 3420 quaecumque
3043 3353 3495 3409 seminaverimus
3557 3357 3608 3411 in

2009 3454 2140 3511 agro
2167 3441 2253 3496 cui
2288 3438 2567 3496 benedixit
2600 3441 2883 3496 Dominus.
2915 3441 3098 3498 Simus
3125 3460 3346 3516 quoque
3383 3446 3564 3516 Λίξεωί
3595 3493 3607 3516 ,

2008 3541 2059 3586 et
2093 3548 2186 3602 per
2215 3548 2431 3589 omnem
2467 3535 2632 3588 vitam
2681 3542 2921 3589 nostram
2958 3550 3131 3607 usque
3170 3538 3236 3592 ad
3259 3552 3606 3593 consumma-

2009 3626 2216 3682 tionem
2244 3626 2369 3681 anni
2402 3667 2416 3692 ,
2453 3626 2503 3680 id
2525 3636 2637 3695 est,
2669 3643 2839 3697 usque
2865 3628 2932 3684 ad
2970 3631 3172 3684 exitum
3197 3629 3362 3702 ἰω
3405 3633 3473 3688 de
3505 3649 3609 3689 sae-

2010 3717 2135 3772 culo
2165 3718 2270 3772 isto
2299 3758 2313 3782 ,
2371 3717 2713 3774 celebremus
2765 3719 2900 3776 festa
2960 3721 3016 3777 in
3057 3724 3318 3793 operibus
3366 3728 3610 3793 nostris,

2009 3825 2131 3881 qua:
2165 3810 2319 3864 nobis
2347 3820 2464 3865 orta
2491 3820 2622 3866 sunt
2648 3810 2703 3867 in
2733 3826 2864 3883 agro
2892 3823 3100 3869 nostro.
3152 3815 3314 3871 Multa
3370 3826 3527 3885 sunt,
3561 3829 3616 3875 et

2013 3917 2120 3959 non
2152 3901 2314 3972 hujus
2348 3903 2612 3973 temporis
2641 3947 2654 3971 ,
2686 3920 2807 3975 qute
2846 3904 2914 3961 de
2936 3906 3287 3963 solemnitate
3326 3907 3612 3979 dicantur,

2011 3995 2208 4065 quibus
2237 4004 2412 4065 potest
2432 3995 2500 4050 de
2527 3997 2674 4050 omni
2698 3996 2981 4064 Scriptura
3003 3998 3180 4055 lector
3201 3998 3434 4072 diligens
3455 4018 3617 4073 coap-

2015 4095 2131 4142 tare
2159 4085 2573 4159 intelligentiam
2606 4089 2968 4158 spiritualem.

2088 4180 2168 4236 Ad
2195 4180 2481 4236 Zorobabel
2511 4223 2525 4248 ,
2560 4183 2732 4252 ﬁlium
2752 4181 3013 4239 Salatltiel
3037 4229 3050 4254 ,
3075 4184 3260 4240 ducem
3280 4186 3454 4243 Juda:
3476 4198 3522 4243 et
3545 4189 3614 4244 ad

2015 4273 2197 4330 Jesmn
2227 4276 2396 4345 ﬁlium
2422 4274 2644 4330 Josedec
2667 4318 2684 4344 ,
2716 4278 3039 4332 sacerdotem
3088 4295 3336 4350 magnum
3367 4321 3382 4345 ,
3412 4281 3612 4338 dicens.

2022 4369 2042 4410 τ
2077 4371 2332 4442 Legimus
2367 4372 2418 4425 in
2453 4371 2943 4440 Paralipomenon,
2977 4374 3218 4428 Jeconiaz
3243 4377 3332 4444 qui
3359 4377 3412 4430 in
3441 4376 3619 4450 Baby-

2020 4465 2205 4522 lonem
2239 4466 2436 4521 ductus
2483 4474 2569 4520 est
2601 4507 2615 4530 ,
2662 4466 2833 4520 liiiqu
2877 4467 3042 4520 fuisse
3072 4466 3329 4524 Salatbiei
3364 4511 3380 4535 ,
3415 4469 3484 4526 de
3512 4487 3620 4542 qtto

311 4559 490 4615 dicere
523 4577 534 4612 :
572 4556 801 4628 Sanguis
829 4559 941 4629 ejus
966 4573 1120 4628 super
1149 4573 1264 4620 nos,
1298 4567 1344 4609 et
1367 4573 1519 4628 super
1545 4551 1685 4626 filios
1709 4567 1912 4613 nostros
1938 4541 1994 4602 Ῑ)
2018 4569 2178 4614 natus
2206 4567 2285 4613 est
2319 4557 2623 4613 Zorobabel
2643 4556 2684 4627 (Ι
2720 4556 2852 4611 Ραν.
2884 4558 3052 4628 111,6).
3098 4559 3254 4628 Quod
3298 4541 3622 4632 quidemet

311 4651 492 4725 (Matt.
520 4652 712 4722 xxvu),
741 4647 811 4706 ibi
846 4665 952 4704 non
986 4647 1043 4703 iit
1072 4663 1252 4704 sermo
1280 4645 1391 4704 Dei.
1417 4643 1601 4720 Usque
1622 4647 1782 4726 hodie
1810 4653 1912 4706 im-

391 4777 415 4804 ⁸
445 4767 628 4833 Quare
662 4778 759 4835 pro
785 4766 954 4835 γενεαί
977 4763 1264 4835 ’γιγνομέναι
1288 4767 1501 4815 veteres
1531 4761 1801 4835 editiooes
1831 4779 1919 4817 re-

317 4831 529 4896 tineant
557 4835 660 4891 alia
673 4831 861 4891 Graica
881 4831 1049 4909 verba
1071 4831 1294 4909 γένέσξις
1315 4835 1567 4909 7:7ovo_iatt
1581 4833 1662 4886 vel
1685 4843 1920 4909 γεγονῆαι

318 4911 463 4966 scire
502 4921 608 4962 non
644 4917 885 4976 possum.
925 4902 1406 4959 Msn'r'.--—Conira
1462 4902 1920 4976 Graecaz'linguu:

320 4983 598 5052 ingenium
654 4977 846 5035 scribit
889 4976 1232 5052 Martianafus
1283 4978 1592 5052 7t’ﬂops'vat.
1650 4977 1919 5052 caeterum

321 5047 453 5109 mss.
488 5051 661 5121 magis
687 5052 754 5103 ad
780 5057 1018 5103 veterem
1045 5047 1572 5121 lectionemﬁrasmi
1611 5062 1674 5121 ac
1698 5048 1922 5121 Victorii

321 5115 606 5200 Ἱεγονᾳῖαιξ
628 5121 712 5177 vel
738 5127 974 5196 γεγονῆαι
1000 5119 1286 5174 accedunt.
1310 5115 1482 5173 Unius
1506 5118 1729 5187 Regina:
1762 5117 1928 5174 habet

367 5199 607 5251 ενονῖται.

393 5217 411 5232 λ
453 5211 503 5249 ντ
533 5211 607 5249 αι.

324 5211 746 5320 νείοὲἔηῑΐθΐίο
777 5277 942 5318 sensu
986 5275 1124 5316 unus
1149 5259 1343 5329 Regin.
1381 5275 1484 5316 ms.
1521 5259 1818 5316 noluerant.

403 5347 426 5378 ε
458 5331 653 5406 Regia.
691 5347 794 5390 ms.
827 5333 913 5389 ubi
937 5345 1122 5406 manus
1140 5333 1434 5406 sanguinea:
1460 5343 1599 5406 sunt.

399 5402 567 5463 dIPro'
590 5407 823 5476 festivus.
859 5402 1086 5475 praefert
1110 5402 1253 5476 idem
1284 5415 1385 5458 ms.
1419 5403 1742 5476 solemnitas.

405 5491 428 5520 ο
461 5473 738 5534 Recursus
769 5473 1011 5548 ejusdem
1043 5474 1192 5548 verbi
1219 5515 1232 5539 ,
1264 5473 1661 5548 solemnitatem,
1692 5475 1930 5546 antiquis

331 5551 756 5609 amanuensibus
801 5546 974 5603 fraudi
1021 5546 1156 5616 fuit,
1196 5551 1253 5600 ut
1292 5559 1411 5616 qua:
1459 5547 1600 5601 inter
1639 5558 1931 5615 utrumque

333 5621 660 5680 intermedia
687 5629 803 5686 est,
841 5621 998 5673 triutn
1033 5615 1205 5672 ferme
1230 5615 1484 5689 versuum
1519 5620 1816 5689 pericopcn
1843 5617 1936 5674 de-

335 5694 625 5764 scripsisse
652 5693 774 5759 rasi,
795 5698 1126 5764 properante
1148 5687 1309 5745 oculo
1339 5687 1934 5764 prieterirentCExinde

336 5768 425 5835 qui
451 5755 720 5820 itm-tenus
748 5755 1073 5834 prodierunt
1103 5761 1353 5832 impressi
1373 5761 1493 5817 libri
1518 5755 1604 5816 his
1629 5771 1815 5818 carent
1845 5773 1937 5816 ne-

2021 4653 2304 4708 Μηιιιιωυς
2332 4649 2740 4721 generationem
2787 4651 3091 4708 Salvatoris
3119 4669 3470 4727 enumerans,
3497 4659 3574 4713 ait
3604 4675 3617 4712 :

2021 4762 2276 4837 cessariis
2301 4762 2758 4837 _liier_onymiano_
2789 4767 3084 4837 contextui
3122 4769 3350 4837 verbis,
3381 4789 3619 4827 consum-

2024 4835 2267 4889 mationis
2294 4835 2346 4887 in
2367 4835 2518 4912 exitu
2542 4835 2669 4888 anni
2685 4877 2713 4912 _,
2743 4835 2797 4888 id
2820 4847 2891 4912 est
2930 4835 3383 4910 congregationem
3408 4860 3619 4912 operum

2024 4915 2322 4982 nostrorum
2345 4904 2408 4982 de
2439 4921 2586 4975 agro,
2618 4904 3011 4982 solemnitatem,
3031 4904 3168 4982 'quin
3211 4929 3352 4967 nunc
3385 4904 3618 4982 primum

2026 4976 2232 5052 codicis
2274 4976 2496 5052 Regina:
2528 4992 2632 5042 ope
2661 4977 2991 5045 suliecimus,
3028 4976 3160 5035 nihil
3183 4982 3250 5037 de
3290 4976 3475 5039 eorum
3506 5002 3627 5052 ger-

2028 5051 2292 5104 manitate
2321 5049 2664 5114 dubitantes,
2696 5062 2928 5119 quamet
2958 5052 3078 5120 ejus
3102 5054 3308 5107 codicis
3325 5049 3625 5113 auctoritas

2028 5121 2272 5194 evincit,
2305 5129 2359 5194 et
2387 5128 2602 5194 notatus
2631 5122 2684 5175 in
2719 5123 2995 5194 veteribus
3022 5123 3174 5178 libris
3205 5127 3402 5194 passim
3437 5127 3626 5185 obvius

2033 5191 2218 5258 lapsus
2249 5189 2452 5245 indicio
2483 5205 2581 5245 suo
2611 5192 2829 5260 probat.

2115 5261 2132 5298 τ
2166 5262 2374 5315 Pudeat
2404 5278 2546 5318 nunc
2573 5263 2882 5332 imperitum
2915 5265 3184 5320 Joannem
3225 5267 3484 5325 clericum
3531 5273 3628 5325 oli-

2029 5331 2236 5408 jecisse
2261 5333 2389 5408 mihi
2423 5333 2742 5408 et__stuititi:n
2770 5333 3169 5408 vertissequod
3201 5334 3464 5408 scriptum.
3490 5343 3542 5396 in
3572 5344 3637 5397 ti-

2032 5401 2149 5484 tulo
2174 5403 2295 5484 libri
2329 5401 2813 5484 Paralipomenon,
2861 5401 3059 5484 incipit
3093 5401 3355 5484 prta/alia
3379 5407 3632 5484 Hierony-

2033 5477 2104 5529 mi
2132 5477 2186 5529 in
2218 5473 2679 5545 Paralipomenon.
2711 5473 2874 5544 Quasi
2909 5473 3067 5533 licent
3094 5473 3175 5533 illi
3205 5473 3261 5534 in
3283 5483 3490 5538 crimen
3521 5473 3626 5540 iui-

2035 5545 2246 5621 peritia:
2304 5547 2435 5621 mihi
2488 5560 2704 5621 vertere
2754 5545 2897 5617 quod
2950 5549 3135 5615 gloria:
3195 5567 3317 5608 esse
3365 5554 3628 5621 deberet,

2037 5615 2237 5691 imitari
2267 5615 2888 5691 scilicctllieronymum
2921 5663 2930 5678 ,
2960 5630 3125 5690 atque
3159 5625 3210 5677 in
3238 5623 3473 5682 lectione
3496 5615 3626 5683 nisti;

2039 5687 2286 5746 codicmu
2313 5689 2604 5745 ostendere
2631 5687 2792 5745 fidem
2823 5709 2885 5747 ac
2915 5687 3274 5764 diligentiam.
3307 5695 3481 5753 Μ-Αιτ.
