4028 6342
492 307 624 364 logi

1742 290 1801 347 S.
1844 283 2119 347 EUSEBII
2158 281 2541 341 HIERONYMI

3656 273 3794 331 1392

486 426 614 480 Post
647 420 1150 495 transmigrationem
1179 426 1354 474 autem
1382 415 1686 488 Babylonis,
1719 411 1961 467 Jeconias
1998 426 2088 481 ge-
2116 420 2168 478 Α
2194 404 2599 476 promissionis,
2639 400 2708 456 de
2731 411 2835 470 qua
2877 395 3074 468 captivi
3104 392 3322 451 abducti
3351 393 3591 459 fuerant,
3625 402 3680 448 et
3712 394 3794 448 his

485 519 600 573 nnit
629 514 892 571 Salathiel
909 531 928 569 :
952 512 1211 571 Salathiel
1239 521 1409 566 autem
1435 509 1610 581 genuit
1633 504 1917 561 Zorobabel
1941 519 1956 556 :
1984 502 2089 557 Zo-

488 609 696 665 robabel
719 618 890 663 autent
918 607 1095 679 genuit
1124 605 1293 659 Abiud
1322 603 1482 677 (Mat.
1514 619 1553 668 t,
1585 602 1673 668 12,
1712 599 1820 669 15).
1854 598 1952 651 llic
1982 595 2085 650 Zo-

487 702 713 759 robabel
768 702 836 755 de
890 699 1036 755 tribu
1091 698 1264 763 Juda,
1321 697 1426 753 hoc
1457 705 1543 751 est
1589 694 1659 750 de
1715 691 1885 747 David
1914 690 2089 759 stirpe

483 793 823 850 descendens
852 835 866 860 ,
892 802 1052 865 typus
1079 804 1159 846 est
1190 789 1492 848 Salvatoris
1516 804 1533 842 :
1557 788 1649 859 qui
1697 801 1825 841 vere
1871 784 2087 839 destru-

487 898 636 943 ctum
670 887 959 942 aediﬁcavit
989 887 1275 956 templum,
1310 884 1363 939 id
1394 893 1511 949 est,
1544 881 1845 937 Ecclesium
1872 895 1887 945 ;
1920 889 1972 933 et
2000 891 2089 931 re-

485 983 644 1037 duxit
703 981 962 1052 populum
1005 980 1073 1036 de
1099 979 1434 1049 captivitate.
1508 976 1574 1031 Et
1604 985 1713 1030 tam
1766 972 1838 1028 de
1887 969 2088 1026 veteris

490 1076 676 1144 templi
702 1075 976 1145 lapidibus
1000 1120 1014 1143 ,
1066 1089 1227 1145 quam
1265 1071 1335 1127 de
1361 1071 1514 1126 novis
1536 1111 1550 1136 ,
1584 1069 1674 1139 qui
1701 1067 1849 1138 prius
1874 1065 2089 1120 fuerant

481 1171 752 1242 impoliti,
783 1170 1071 1225 aediﬁcavit
1103 1166 1429 1232 Ecelesiam,
1464 1164 1641 1227 idest,
1673 1172 1728 1218 et
1753 1162 1821 1216 de
1844 1158 2087 1227 reliquiis

483 1265 667 1336 populi
694 1264 905 1319 Jttdaici
937 1304 951 1329 ,
993 1271 1050 1319 et
1121 1261 1190 1318 de
1237 1261 1480 1331 gentium
1531 1254 1880 1312 multitudine
1908 1294 1923 1319 ,
1975 1252 2087 1307 Deo

484 1361 632 1416 Patri
678 1359 946 1416 exstruxit
998 1357 1427 1412 tabernaculum.
1463 1351 1856 1419 interpretatur
1904 1354 2084 1401 autem

481 1453 779 1509 secundum
812 1450 1146 1520 multiplices
1182 1446 1435 1504 llebraici
1478 1442 1749 1500 sermonis
1779 1447 2035 1495 accentus
2069 1478 2082 1503 ,

486 1549 568 1603 vel
599 1548 775 1623 ῥεῦσις
798 1546 1141 1624 παρακειμένη
1162 1584 1177 1607 ,
1207 1540 1261 1595 id
1308 1548 1393 1596 est
1416 1581 1430 1605 ,
1464 1541 1640 1608 [luxus
1669 1535 1913 1606 adjacens
1945 1573 1961 1597 ,
1998 1546 2086 1585 ea:-

483 1642 680 1710 positus
702 1686 715 1705 ,
768 1644 851 1695 vel
884 1649 1024 1692 ortus
1045 1637 1099 1690 in
1128 1632 1395 1707 Babylone
1414 1674 1428 1698 ,
1453 1630 1539 1685 vel
1564 1631 1805 1701 princeps
1828 1627 1892 1681 de
1913 1624 2086 1695 Baby-

483 1734 618 1787 lone.
648 1732 843 1786 Prima:
874 1726 1317 1799 interpretationi
1336 1725 1427 1780 ille
1444 1723 1623 1778 ﬂuxus
1642 1720 1955 1777 contrarius
1977 1727 2081 1784 est,

2188 500 2280 570 qui
2312 506 2470 553 erant
2514 498 2566 550 in
2601 494 2827 550 vinculis
2866 492 3121 547 diceret:
3164 490 3339 545 Exite.
3393 490 3461 544 Et
3504 488 3597 558 qui
3640 486 3798 542 sede—

2192 593 2323 647 bant
2364 592 2417 644 in
2471 588 2749 644 tenebris:
2782 582 3171 641 Illuminamini
3202 580 3361 652 (Isai.
3392 580 3563 650 xux).
3602 580 3796 636 Sermo

2192 699 2322 739 vero
2354 681 2594 746 Domini,
2624 679 2717 751 qui
2738 679 2912 734 iactus
2934 684 3019 733 est
3044 676 3095 731 in
3127 690 3290 730 manu
3316 673 3524 745 Agga-i,
3555 688 3667 728 non
3710 686 3799 727 so-

2189 777 2300 831 lum
2335 776 2402 830 ad
2445 773 2748 829 Zorobabel
2778 771 3028 841 dirigitur
3054 768 3223 823 ﬁlium
3255 765 3553 831 Salathiel,
3589 766 3659 820 de
3690 779 3799 834 quo

2184 874 2296 944 jam
2325 871 2598 934 diximus;
2630 867 2727 923 sed
2753 876 2808 921 et
2836 866 2904 919 ad
2933 866 3121 919 Jesum
3150 862 3323 916 ﬁlium
3359 860 3592 916 Josedec
3624 873 3802 913 sacer-

2188 968 2371 1023 dotem
2401 980 2678 1035 magnum.
2708 963 2983 1031 Quantum
3014 960 3082 1014 ad
3113 959 3396 1014 historiam
3426 957 3689 1028 pertinet,
3725 955 3800 1010 al-

2189 1073 2273 1119 ter
2304 1071 2391 1117 est
2427 1057 2730 1115 Zorobabel
2759 1058 2826 1112 de
2866 1058 3011 1111 tribu
3049 1054 3198 1125 regia
3219 1095 3234 1121 ,
3282 1061 3339 1109 et
3366 1053 3510 1108 alter
3540 1051 3701 1107 Jesus
3729 1049 3803 1106 de

2191 1156 2334 1210 tribu
2376 1153 2731 1210 sacerdotali.
2787 1152 3060 1218 Quantum
3104 1163 3235 1204 vero
3259 1148 3327 1203 ad
3379 1146 3800 1217 intelligentiam

2188 1250 2534 1323 Spiritualem
2566 1264 2707 1304 unus
2733 1256 2895 1316 atque
2923 1246 3065 1301 idem
3093 1253 3179 1300 est
3207 1243 3474 1299 Dominus
3507 1252 3701 1298 noster
3725 1253 3801 1297 at~

2188 1362 2292 1417 que
2317 1346 2592 1407 Salvator,
2616 1359 2721 1399 rex
2760 1354 2813 1398 et
2846 1354 3073 1411 magnus
3101 1337 3358 1393 sacerdos
3380 1378 3396 1403 ,
3430 1334 3587 1406 cujus
3613 1345 3801 1407 typum

2187 1440 2489 1498 secundum
2523 1438 2577 1493 id
2620 1437 2764 1508 quod
2812 1452 2906 1491 rex
2948 1445 3088 1497 erat,
3146 1432 3401 1504 portabat
3443 1431 3749 1487 Zorobabel
3783 1446 3799 1484 :

2188 1534 2488 1590 secundum
2532 1532 2585 1586 id
2632 1539 2815 1585 autem
2849 1538 2874 1567 α
2904 1528 3049 1599 quod
3084 1525 3338 1581 Pontifex
3364 1534 3503 1590 erat,
3540 1523 3801 1593 portabat

2187 1627 2553 1698 homonymus
2574 1625 2692 1693 ejus
2713 1622 2895 1690 Jesus,
2924 1620 3016 1689 qui
3032 1618 3546 1689 interpretaturJAo
3566 1616 3729 1678 salus,
3747 1614 3801 1669 id

2189 1731 2295 1787 est,
2317 1720 2525 1774 Domini
2551 1717 2693 1773 salus
2721 1712 2962 1789 (πωπω),
3006 1725 3059 1770 et
3091 1722 3175 1769 est
3199 1713 3341 1768 ﬁlius
3375 1710 3635 1777 Josedec,
3655 1708 3803 1780 quod

481 1828 572 1896 qui
605 1824 942 1893 signiﬁcatur
974 1822 1030 1875 in
1058 1818 1327 1874 vocabulo
1355 1815 1566 1871 Iezabel
1593 1857 1607 1880 ,
1660 1814 1712 1869 id
1753 1820 1855 1877 est,
1909 1814 2082 1881 [luxus

2191 1825 2248 1873 et
2276 1818 2453 1887 ipsum
2510 1816 2563 1871 itt
2612 1814 2853 1883 linguam
2887 1820 3128 1864 nostram
3147 1808 3376 1863 vertitur
3393 1804 3495 1862 Jso
3515 1808 3719 1878 justus,
3744 1802 3798 1859 id

479 1932 661 1976 vanus.
691 1916 777 1969 vel
804 1916 982 1984 ﬂuxus
1007 1920 1341 1967 menstruatte
1363 1950 1378 1974 ,
1411 1909 1506 1979 qui
1562 1906 1750 1976 utique
1800 1902 2089 1958 manifeste

483 2008 883 2065 immunditiam
913 2018 1093 2063 sonat.
1125 2004 1234 2062 Sed
1261 2013 1317 2060 et
1358 2001 1600 2057 Zabulon
1630 2045 1643 2071 ,
1693 2002 1871 2070 ﬂuxus
1923 1997 2087 2051 noctis

479 2102 821 2173 exprimitur.
856 2099 1252 2170 Relinquenles
1285 2112 1417 2167 ergo
1452 2095 1611 2166 hujus
1653 2091 1841 2148 mundi
1886 2104 2087 2147 vanum

480 2208 536 2253 et
563 2196 845 2251 sordidum
902 2194 1108 2250 ﬂuxum
1140 2203 1306 2263 atque
1358 2190 1710 2246 tenebrosum
1740 2229 1753 2254 ,
1798 2200 2090 2257 sequamur

481 2288 686 2344 ﬂuxum
708 2288 837 2343 Jesu
870 2330 885 2355 ,
929 2287 1020 2357 qui
1051 2286 1212 2341 nobis
1235 2284 1517 2355 expositus
1548 2291 1632 2338 est
1657 2280 1723 2335 ad
1763 2278 2081 2345 bibendum,

475 2392 530 2439 et
551 2382 859 2452 largissimo
884 2379 1031 2436 fonte
1054 2395 1113 2434 se
1146 2378 1352 2448 praebet
1385 2422 1399 2445 ,
1427 2376 1581 2446 juxta
1613 2373 1746 2429 illud
1774 2371 1918 2443 quod
1948 2371 2088 2426 dici-

481 2476 641 2532 turiu
680 2473 972 2545 Evangelia
999 2489 1013 2527 :
1038 2469 1386 2527 StabatJesus
1409 2469 1463 2522 in
1492 2468 1704 2539 templo,
1736 2475 1782 2519 et
1808 2465 2087 2531 clamabat,

480 2571 655 2624 dicens
672 2584 689 2623 :
706 2568 767 2624 Si
784 2567 899 2640 quis
913 2567 1043 2632 sitit,
1060 2566 1230 2619 veniat
1250 2564 1320 2617 ad
1334 2579 1433 2628 me,
1448 2571 1497 2618 et
1510 2561 1650 2617 bibat
1669 2558 1955 2633 (Joan.vtt,
1972 2560 2086 2628 '57).

476 2661 545 2716 Et
567 2661 671 2716 huc
694 2660 870 2729 ipsum
898 2668 1027 2712 tunc
1049 2657 1349 2728 poterimus
1376 2655 1584 2719 bibere,
1610 2668 1733 2707 cum
1766 2652 2091 2722 petierimus

480 2769 509 2808 a
540 2754 653 2808 Deo
676 2753 838 2809 Patre
865 2793 879 2818 ,
905 2752 1056 2822 juxta
1087 2750 1230 2822 quod
1263 2750 1490 2819 legimus
1524 2766 1539 2803 :
1588 2746 1775 2814 Petite,
1802 2756 1849 2800 et
1881 2745 2091 2799 dabitur

480 2846 861 2917 vobis(MattIt.
885 2860 980 2912 vn,
1016 2846 1095 2913 6).
1122 2842 1385 2898 Salatbiel
1409 2841 1611 2911 quippe
1642 2841 2043 2909 interpretatur
2073 2879 2088 2905 ,

484 2942 663 3011 petitio
681 2939 792 2995 Dei.
812 2941 877 2995 Et
892 2954 1055 2995 nemo
1070 2938 1224 2993 venit
1241 2938 1303 2990 ad
1318 2938 1527 3000 Jesum,
1544 2935 1646 2990 nisi
1663 2950 1787 2989 eum
1804 2932 2094 2988 adduxerit

480 3034 644 3090 Pater
665 3033 846 3103 (Joan.
881 3050 955 3100 vt,
986 3032 1101 3097 .55).
1127 3031 1396 3087 Nascetur
1418 3045 1548 3102 ergo
1569 3029 1729 3085 nobis
1746 3028 1948 3097 ﬂuxus,
1991 3042 2089 3083 ex-

480 3128 687 3198 positus
712 3125 871 3199 74],
907 3140 1002 3194 per
1027 3123 1462 3180 obsecrationem
1496 3123 1610 3188 Dei,
1638 3133 1690 3177 et
1714 3122 1818 3177 erit
1846 3120 1916 3176 de
1940 3120 2087 3175 tribu

483 3220 639 3288 Juda,
674 3198 819 3290 regia
844 3218 1070 3283 scilicet,
1090 3226 1144 3272 et
1169 3215 1465 3271 conﬁtente
1492 3216 1573 3271 vel
1594 3214 1854 3269 laudante
1882 3213 2074 3280 Deum,
2106 3198 2151 3262 C

482 3314 609 3384 quia
637 3312 804 3369 Judas
829 3321 1116 3381 utrumque
1143 3320 1321 3365 sonat.
1349 3309 1518 3365 Porro
1542 3319 1687 3363 ortus
1716 3310 1771 3362 in
1788 3306 2077 3378 Babylone,

484 3408 781 3462 secundum
814 3403 1099 3458 historiam
1125 3402 1342 3473 quidem
1369 3416 1496 3456 vere
1526 3400 1591 3455 de
1619 3400 1923 3455 Zorobabel
1947 3399 2080 3454 dici-

486 3506 592 3558 tur.
625 3500 749 3569 quia
780 3496 853 3551 ibi
886 3505 1048 3551 natus
1068 3507 1172 3550 est.
1204 3494 1311 3550 Sed
1336 3505 1387 3549 et
1413 3495 1570 3563 juxta
1592 3493 1840 3548 altiorem
1871 3491 2080 3547 intelli-

483 3591 723 3663 gentiam
757 3588 1042 3644 Dominum
1084 3598 1329 3642 nostrum
1358 3586 1544 3642 Jesum
1578 3595 1735 3641 sonat
1763 3602 1775 3638 :
1806 3585 1930 3655 quia
1965 3585 2081 3654 ipse

483 3700 698 3755 quoque
721 3692 882 3737 natus
913 3682 985 3736 sit
1011 3682 1066 3735 in
1099 3680 1419 3735 confusione
1451 3678 1613 3747 hujus
1638 3679 1844 3744 saeculi,
1877 3687 1931 3732 et
1960 3680 2078 3733 fue-

483 3777 551 3833 rit
603 3790 771 3847 prope
820 3772 1209 3845 gravissimum
1259 3770 1459 3826 ﬁumen
1500 3769 1739 3835 Chobar,
1795 3780 1848 3825 et
1887 3769 2083 3825 viderit

483 3883 733 3940 magnam
767 3869 1031 3922 visionem
1056 3866 1204 3921 illam
1225 3879 1385 3935 quam
1409 3866 1510 3917 sub
1532 3871 1661 3934 typo
1685 3864 1799 3932 ejus
1825 3860 2082 3917 Ezechiel

488 3962 642 4034 (Cap.
674 3959 714 4031 ι)
738 3960 792 4015 in
816 3958 1115 4014 voluminis
1140 3958 1224 4013 sui
1251 3955 1426 4012 cernit
1453 3955 1701 4010 exordio.
1721 3955 1876 4023 Quod
1900 3962 2083 4011 autem

483 4056 596 4113 dixi
621 4050 967 4123 interpretari
995 4049 1326 4115 Zorobabel,
1368 4048 1658 4121 principem
1692 4049 1755 4103 de
1792 4048 2077 4119 Babylone,

492 4165 599 4205 non
631 4146 773 4219 quod
806 4160 935 4201 vere
965 4144 1223 4215 princeps
1254 4144 1669 4213 interpretetur,
1703 4146 1807 4197 hoc
1834 4142 1981 4196 dixi:
2011 4142 2085 4196 si-

484 4243 704 4315 quidem
732 4240 873 4313 apnd
902 4240 1160 4295 Hebraeos
1189 4254 1255 4295 ex
1279 4239 1453 4294 tribus
1475 4239 1708 4308 integris
1734 4252 1932 4293 nomen
1966 4236 2083 4307 ejus

480 4336 713 4392 traditur
741 4350 866 4391 esse
890 4332 1254 4402 compositum
1284 4346 1377 4386 :zo
1398 4331 1542 4387 enim
1568 4330 1790 4396 dicitur,
1817 4329 1937 4403 istej;
1957 4345 2080 4398 non,

486 4432 761 4504 magister,
803 4429 917 4485 sive
957 4428 1127 4500 major
1173 4446 1186 4483 :
1240 4442 1406 4482 BABBL
1462 4427 1687 4504 proprie,
1740 4424 2085 4496 Babylonium

484 4502 663 4592 sonat,
705 4537 760 4581 et
811 4522 1048 4581 efﬁcitur
1078 4537 1277 4578 nomen
1310 4518 1613 4576 Zorobabel
1658 4502 1935 4591 (53.11“),
1986 4520 2086 4576 iste

2192 1920 2276 1965 est
2297 1951 2311 1973 ,
2355 1907 2567 1963 Domini
2594 1909 2767 1978 justus
2798 1900 3065 1993 (putant).
3098 1900 3283 1956 Justus
3315 1900 3462 1955 enim
3493 1907 3551 1954 et
3578 1908 3798 1953 sanetus

2190 2004 2334 2059 Deus
2367 2002 2549 2069 Pater,
2576 2011 2629 2056 et
2652 1999 2796 2054 Deus
2825 1989 3016 2059 Filius,
3050 2003 3230 2049 etnon
3255 2000 3339 2049 est
3365 1992 3418 2046 in
3447 1991 3570 2061 ipso
3596 1989 3796 2059 iniqui-

2192 2106 2296 2151 tas.
2324 2092 2486 2167 742
2511 2092 2784 2146 Adversus
2804 2088 3134 2143 Marcionem
3153 2095 3208 2142 et
3229 2095 3466 2140 caeteros
3481 2082 3794 2151 haereticos,

2191 2187 2283 2258 qui
2312 2187 2540 2242 alterius
2568 2184 2736 2250 boni,
2775 2182 2959 2238 nescio
2989 2181 3145 2251 cujus
3187 2178 3285 2234 Dei
3341 2175 3535 2241 ﬁlium,
3588 2185 3645 2231 et
3693 2190 3796 2231 non

2191 2280 2493 2347 Creatoris,
2527 2293 2688 2350 quem
2718 2276 2924 2347 justum
2949 2282 3167 2341 vocant,
3207 2279 3460 2326 asserunt
3506 2269 3797 2324 Dominum

2190 2376 2552 2433 Salvatorem.
2580 2372 2648 2428 Et
2670 2387 2799 2428 vere
2821 2379 2905 2426 est
2928 2372 3090 2425 Jesus
3123 2381 3353 2438 magnus
3378 2362 3679 2429 Sacerdos,
3711 2362 3794 2417 cui

2193 2483 2388 2525 omnes
2407 2467 2502 2523 Dei
2529 2466 2800 2521 antistites
2823 2463 3145 2533 comparati,
3176 2458 3333 2531 parvi
3375 2467 3502 2513 sunt
3540 2466 3597 2512 et
3637 2455 3793 2511 nihil.

2194 2561 2250 2616 Si
2276 2560 2422 2613 enim
2448 2560 2549 2613 iste
2579 2571 2807 2627 magnus
2830 2555 3029 2610 dicitur
3055 2553 3348 2618 Sacerdos,
3377 2550 3565 2621 utique
3595 2549 3663 2604 ad
3688 2549 3794 2604 dis~

2192 2652 2514 2707 tinctionem
2536 2665 2728 2705 eorum
2746 2646 2971 2711 dicitur,
2997 2647 3088 2716 qui
3113 2645 3354 2699 minores
3375 2652 3527 2698 sunt.
3561 2643 3792 2697 Minores

2192 2756 2373 2800 autem
2403 2753 2531 2798 sunt
2558 2755 2749 2797 omnes
2779 2741 2869 2811 qui
2898 2748 3049 2794 extra
3074 2753 3196 2794 eum
3220 2747 3276 2794 et
3319 2745 3442 2808 post
3472 2750 3604 2791 eum
3648 2745 3788 2803 sunt,

2194 2850 2251 2894 ut
2294 2836 2571 2909 quomodo
2607 2834 3005 2907 primogenitus
3047 2841 3133 2888 est
3182 2832 3363 2887 omnis
3409 2840 3708 2898 creaturse,
3741 2836 3792 2885 et

2196 2938 2595 3010 primogenitus
2650 2953 2716 2993 ex
2763 2936 3032 2991 mortuis:
3074 2935 3154 2991 sic
3195 2936 3453 3007 princeps
3486 2943 3543 2991 et
3571 2946 3790 3006 magnus

2194 3032 2266 3085 sit
2291 3031 2342 3085 in
2374 3030 2640 3085 universis
2668 3028 3068 3085 sacerdotibus.

2266 3123 2539 3194 (νει-52.)
2575 3121 2703 3177 [hec
2732 3124 2806 3177 ait
2820 3120 3078 3177 Dominus
3099 3122 3637 3189 exercituum,dicens
3655 3120 3790 3177 :Po«

2185 3215 2342 3287 palus
2369 3216 2624 3277 istedicit,
2654 3216 2885 3269 nondum
2920 3216 3055 3269 venit
3105 3224 3304 3287 tempus
3354 3216 3540 3269 domus
3584 3213 3790 3268 Domini

2183 3308 2525 3376 tediﬁcaridaz.
2547 3307 2843 3378 Diligenter
2854 3307 3073 3363 attende
3086 3325 3116 3377 q
3127 3312 3230 3364 uod
3245 3324 3350 3363 non
3371 3307 3684 3363 Zorobabel
3709 3305 3789 3362 vel

2183 3402 2341 3458 Jesus
2357 3404 2538 3459 dicant
2555 3421 2567 3457 :
2584 3403 2811 3456 nandum
2828 3403 2967 3457 venit
2994 3411 3194 3471 tempus
3223 3403 3409 3456 domus
3427 3401 3643 3454 Domini
3666 3400 3789 3455 tedi-

2186 3495 2445 3560 ﬁcandte;
2486 3494 2582 3549 sed
2618 3494 2853 3565 populus
2876 3496 2967 3565 qui
2989 3495 3167 3549 adhuc
3197 3496 3299 3550 sub
3314 3494 3477 3550 Dario
3505 3509 3641 3563 rege
3668 3507 3792 3549 con.

2186 3589 2431 3652 stitutus,
2456 3588 2686 3641 necdum
2712 3586 2899 3657 jugum
2930 3586 3211 3642 servitutis
3234 3594 3579 3643 excusserat.
3631 3585 3787 3641 Sem-

2184 3696 2390 3753 perque
2414 3684 2505 3753 qui
2536 3683 2859 3752 captivitate
2889 3684 3217 3747 retinentur,
3245 3692 3301 3737 et
3331 3682 3540 3753 egressi
3567 3692 3699 3735 sunt
3725 3680 3789 3736 de

2185 3775 2508 3844 Jerusalem,
2544 3775 2799 3830 dtﬂerunt
2830 3784 2887 3831 et
2916 3787 3195 3831 morantur
3221 3775 3496 3831 aedificare
3526 3776 3790 3847 templum

2187 3871 2303 3935 Dei,
2335 3870 2599 3924 etdicunt
2630 3888 2642 3922 :
2669 3870 2901 3924 nondum
2949 3872 3087 3925 venit
3112 3880 3312 3942 tempus
3334 3871 3522 3925 domus
3576 3869 3787 3925 Domini

2186 3962 2531 4032 wdiﬁcandw.
2569 3964 2634 4017 Et
2661 3971 2719 4018 tu
2751 3962 2969 4033 quando
3009 3963 3211 4018 videris
3239 3963 3477 4033 aliquem
3506 3978 3785 4035 egressum

2186 4053 2255 4109 de
2301 4053 2562 4122 Ecclesia,
2594 4055 2686 4123 qui
2718 4054 2947 4110 traditus
2977 4053 3155 4109 fuerat
3183 4054 3398 4109 Satanae
3429 4054 3485 4108 in
3504 4055 3785 4111 interitqu

2187 4147 2389 4214 carnis,
2422 4157 2481 4202 ut
2517 4148 2741 4218 spiritus
2782 4148 2968 4203 salvus
3010 4148 3164 4203 ﬁeret
3198 4146 3244 4220 (ι
3269 4145 3393 4201 Cor.
3426 4146 3504 4218 v),
3550 4149 3781 4219 cogitare

2187 4250 2347 4311 atque
2376 4240 2684 4311 disponere,
2712 4251 2767 4295 ut
2790 4241 3022 4296 aediﬁcet
3052 4240 3312 4311 templum
3326 4256 3423 4311 per
3446 4241 3777 4312 pudicitiam,

2189 4333 2333 4403 quod
2355 4348 2449 4403 per
2476 4333 2758 4389 libidinem
2784 4344 2910 4389 ante
2939 4335 3309 4402 destruxerat,
3338 4343 3396 4389 et
3424 4343 3613 4391 tamen
3640 4337 3781 4391 diem

2189 4426 2257 4482 de
2282 4427 2369 4482 die
2392 4427 2630 4494 trahere,
2654 4427 2741 4483 die
2762 4427 2832 4483 ad
2861 4443 2984 4484 eum
3012 4445 3025 4482 :
3060 4428 3198 4483 Vere
3226 4436 3280 4483 et
3310 4439 3362 4483 tu
3390 4427 3461 4483 de
3493 4430 3696 4499 papulo
3723 4444 3781 4485 es

2190 4521 2547 4590 captivorum,
2573 4531 2628 4576 et
2653 4532 2706 4576 tu
2728 4521 2864 4577 dicis
2898 4540 2911 4574 :
2940 4521 3173 4575 nondum
3200 4520 3335 4575 venit
3368 4530 3572 4590 tempus
3601 4523 3779 4576 domus

488 4620 729 4693 magister
752 4618 811 4672 de
831 4616 1116 4688 Babylone.
1140 4615 1248 4671 Sed
1278 4614 1344 4670 ad
1367 4612 1751 4684 compendium
1776 4613 2079 4684 intelligen—
2105 4596 2159 4656 D
2186 4612 2395 4667 Domini
2422 4613 2771 4682 wdiﬁcandw.
2814 4616 2915 4682 Qui
2967 4614 3138 4670 semel
3178 4614 3423 4670 decrevit
3472 4615 3778 4671 instaurare

488 4717 576 4770 tia:
606 4729 706 4784 pro
736 4704 1068 4781 supradictis
1100 4711 1344 4777 minutis,
1391 4709 1677 4782 principem
1716 4708 1859 4762 volui
1912 4706 2086 4763 inter-

483 4806 687 4879 pretari
724 4805 789 4860 de
817 4802 1112 4875 Babylone,
1146 4804 1263 4858 sive
1295 4805 1349 4856 in
1374 4801 1661 4873 Babylone.
1708 4800 1779 4857 Ut
1807 4801 2080 4871 quomodo

478 4902 640 4958 Jesus
670 4899 814 4955 ﬁlius
836 4896 1010 4963 Nave,
1037 4896 1126 4965 qui
1157 4906 1212 4951 et
1240 4898 1357 4964 ipse
1390 4896 1441 4950 in
1473 4904 1603 4969 typo
1626 4896 1926 4951 Salvatoris
1957 4895 2077 4962 fuit,

478 4996 547 5051 de
574 4993 869 5049 solitudine
900 4988 1154 5060 populum
1184 4989 1237 5043 in
1270 4999 1411 5044 terra
1444 4991 1893 5060 repromissionis
1915 4989 2074 5045 indu-

473 5089 555 5145 xit
584 5106 596 5141 :
644 5085 723 5141 sic
759 5094 813 5140 et
843 5088 948 5140 iste
978 5090 1275 5153 propterea
1297 5092 1449 5139 ortus
1479 5084 1529 5138 in
1572 5084 1854 5155 Babylone
1895 5087 1985 5152 sit,
2017 5092 2076 5140 ιιι

469 5196 566 5240 eos
587 5178 680 5251 qui
708 5186 867 5235 erant
898 5178 952 5232 in
984 5176 1279 5248 Babylone,
1325 5175 1611 5233 reduceret
1642 5178 1695 5231 in
1740 5187 1939 5234 terram
1978 5194 2069 5235 re-

551 5330 577 5359 a
601 5320 741 5389 Quot
763 5319 875 5374 sint
903 5317 1277 5373 restitutiones
1307 5325 1513 5389 nostrae
1537 5315 1593 5370 in
1622 5317 1725 5373 hOc
1756 5318 1897 5384 loco,
1959 5336 2065 5375 non

477 5387 697 5451 aliunde
719 5392 861 5446 scire
893 5403 1360 5457 possumusquam
1390 5403 1458 5443 ex
1485 5387 1943 5457 depravatissimo
1975 5407 2070 5447 ve-

475 5476 653 5523 terum
676 5462 974 5518 editionum
1008 5459 1318 5531 hujttsmodi
1348 5468 1403 5514 et
1456 5459 1591 5513 falso
1640 5469 1895 5515 Cttntextu
1924 5480 1936 5515 :
1965 5464 2065 5517 Se-

475 5539 702 5592 cundum
726 5544 894 5588 autem
920 5533 1059 5602 quod
1090 5532 1453 5603 pontifemerat
1484 5532 1720 5600 portabat
1750 5533 2064 5603 cognominis

474 5613 589 5681 ejus
610 5606 786 5673 Jesus,
812 5606 912 5681 qui
921 5599 1298 5681 interpretatur
1325 5599 1421 5655 Dei
1451 5599 1618 5681 salus,
1642 5603 1698 5656 id
1728 5599 1828 5667 est,
1843 5604 2066 5681 “Domini

471 5673 612 5733 salns
637 5696 655 5733 :
678 5689 726 5731 et
756 5673 833 5730 est
846 5675 996 5749 ﬁlius
1021 5673 1273 5749 Iosedech
1289 5675 1465 5749 :‘guod
1492 5684 1541 5727 et
1566 5674 1735 5749 ipsum
1756 5692 1808 5728 tn
1834 5676 2065 5749 linguam

464 5761 697 5833 nostram
726 5744 942 5833 uertitur
970 5752 1067 5833 ml,
1094 5746 1149 5800 id
1172 5744 1453 5833 est,‘Deus,
1476 5754 1589 5833 Ρη
1612 5790 1641 5833 2,
1660 5746 1714 5833 id
1745 5757 1841 5814 est,
1870 5744 2063 5833 justus.

461 5817 648 5876 Justus
674 5820 834 5887 enim,
868 5828 979 5874 etc.
1029 5818 1193 5875 Certe
1237 5826 1295 5875 et
1337 5817 1847 5877 nunc'conlidenter
1885 5821 2063 5877 dicam

2187 4709 2448 4778 templum
2479 4708 2600 4772 Dei,
2629 4710 2753 4765 huic
2783 4724 2945 4765 omne
2977 4719 3191 4779 tempus
3221 4718 3407 4777 aptum
3437 4717 3523 4764 est
3555 4708 3625 4765 ad
3653 4710 3779 4765 tedi-

2186 4802 2454 4858 ﬁcandum
2485 4820 2499 4855 :
2532 4817 2633 4859 nec
2672 4817 2765 4858 rex
2816 4802 3069 4857 diabolus
3120 4810 3301 4872 potest
3344 4802 3641 4873 impedire,
3681 4817 3775 4859 nec

2184 4897 2370 4953 hostes
2398 4913 2493 4967 per
2518 4896 2827 4963 circuitum,
2852 4912 2954 4952 nec
2979 4896 3155 4966 pietas
3181 4896 3437 4952 simulata
3467 4911 3770 4967 parentum,

2179 4994 2446 5059 afﬁnium,
2470 4993 2816 5048 liberorum:
2853 4993 3037 5047 statim
3076 5001 3136 5048 ut
3164 5007 3466 5049 conversus
3512 4994 3774 5049 inclama-

2178 5088 2324 5142 veris
2376 5103 2572 5142 nomen
2621 5087 2859 5153 Domini,
2894 5088 3038 5142 dicet
3070 5085 3241 5141 :Ecce
3268 5089 3478 5144 adsunt.

2249 5178 2430 5251 (Vers.
2447 5180 2524 5251 5.)
2553 5178 2621 5234 Ει
2641 5181 2835 5251 factum
2859 5192 2930 5237 est
2956 5181 3159 5236 verbum
3181 5180 3396 5237 Domini
3416 5184 3471 5237 in
3492 5200 3650 5238 manu
3672 5184 3770 5256 Ag-

2178 5321 2309 5375 nihil
2334 5336 2472 5391 pene
2501 5322 2983 5394 HierOnymiauum
3007 5337 3151 5388 esse,
3180 5324 3277 5379 sed
3302 5333 3472 5379 totum
3508 5324 3768 5380 Erasmim

2178 5409 2305 5447 num
2335 5407 2387 5448 et
2411 5394 2741 5449 Marianeutn
2766 5396 2818 5448 in
2852 5394 3113 5462 praesenti
3145 5394 3580 5453 Commentario.
3616 5397 3761 5464 Quod

2175 5466 2220 5519 si
2249 5468 2321 5519 ita
2350 5467 2551 5523 est.ubi
2574 5476 2700 5520 ante
2730 5476 2973 5519 nostram
2999 5466 3139 5521 hanc
3165 5478 3382 5523 aetatem
3413 5469 3627 5525 exstitit
3670 5486 3759 5525 ve-

2175 5546 2348 5611 rus_et
2380 5540 2646 5611 genuinus
2682 5537 3075 5611 Hieronymus,
3093 5554 3222 5596 vere
3254 5541 3395 5611 pius,
3417 5555 3545 5595 vere
3574 5544 3756 5597 doctus

2173 5622 2237 5663 ac
2260 5608 2395 5660 ﬁdus
2426 5607 2737 5681 Interpresl
2766 5607 2940 5664 Mani.
2964 5609 3186 5681 —‘0lim
3210 5607 3403 5667 eodem
3434 5626 3596 5667 sensu
3624 5622 3752 5677 erat,

2171 5681 2488 5754 cognominis
2520 5696 2533 5733 :
2567 5679 2912 5735 Martianaaus
2942 5679 3149 5751 absque
3176 5683 3510 5754 aspiratione
3552 5701 3752 5754 omony-

2172 5767 2287 5827 mus
2325 5752 2536 5827 scribit,
2571 5764 2897 5827 veteresque
2948 5752 3251 5827 editiones,
3299 5755 3448 5827 quod
3494 5752 3747 5814 llebraica

2172 5823 2522 5881 obtruderint
2548 5826 2735 5895 verba,
2765 5825 2888 5895 plus
2913 5826 3047 5883 satis
3077 5823 3327 5898 castigat.
