4050 6342
303 312 327 364 i
340 310 443 367 595

1128 301 1781 362 COMMENTARIORUM
1822 300 1890 358 ΙΝ
1926 297 2250 358 ΑϐϐΛΕυΜ
2286 301 2516 359 LIBER.
2559 300 2715 360 CAP.
2756 300 2803 357 1.

3464 298 3603 358 1594

298 430 398 499 gazi
419 427 703 500 prophetat,
730 426 901 480 dicens
927 424 1234 496 :Numquid
1258 433 1454 496 tempus
1467 424 1604 479 vobis
1626 432 1701 479 est
1730 432 1785 477 ut
1809 424 1901 476 ha—
1927 418 1982 482 Α
2005 420 2423 492 secutam,quod
2449 421 2501 475 in
2530 420 2838 477 exercenda
2856 426 3001 474 terra
3027 417 3265 489 agricola
3286 417 3606 473 cessaverit.

298 519 535 574 bitetisin
563 518 800 574 domibus
829 519 1078 584 laqueatis
1095 516 1373 572 :‘et’domus
1392 518 1493 571 ista
1521 514 1897 573 deserta‘?Sive

298 612 515 668 utLXX
543 612 882 683 interpretati
906 621 1054 674 sunt.
1074 613 1479 683 κοιλοστάθμοις,
1514 611 1563 665 id
1588 621 1691 673 est,
1717 626 1897 665 conca-

298 710 395 763 vis.
421 706 479 763 In
507 707 695 763 eadem
725 706 812 763 die
839 722 941 777 qua
967 722 1127 777 supra
1148 747 1161 770 ,
1186 720 1404 761 rursum
1429 704 1645 760 videtur
1673 704 1790 759 h:rc
1815 703 1897 758 vi-

297 802 402 856 sio.
429 801 495 855 Et
524 800 937 870 proficientibus
970 800 1251 870 prophetae
1279 798 1559 869 Operibus,
1593 797 1895 867 prophetiae

297 910 513 966 quoque
540 894 679 949 dona
710 902 1087 958 succrescunt,
1121 901 1175 947 et
1205 891 1390 947 habito
1420 892 1699 962 paulisper
1724 890 1894 946 silen-

298 986 400 1051 tio,
442 986 507 1040 ad
552 985 790 1055 id’quod
847 985 1063 1041 dixerat
1114 984 1640 1055 populus:noudum
1697 994 1897 1056 tempus

296 1082 479 1134 domus
522 1079 732 1133 Domini
769 1078 929 1151 743
978 1079 1325 1149 wdiﬁcandw,
1369 1077 1638 1147 profertur
1688 1076 1892 1130 Domini

294 1175 451 1247 quasi
483 1174 717 1245 cogitata
747 1174 1054 1244 responsio,
1082 1180 1138 1229 et
1164 1173 1364 1229 dicitur
1390 1172 1457 1227 ad
1498 1187 1591 1227 eos
1615 1190 1627 1223 :
1650 1171 1795 1240 Ergo
1827 1187 1894 1225 ne

295 1279 512 1337 tempus
532 1274 701 1331 est,ut
726 1280 825 1320 vos
848 1264 1103 1321 habitetis
1128 1265 1180 1319 in
1204 1264 1456 1320 domibus
1480 1263 1733 1318 deorsum
1752 1262 1889 1332 sitis,

295 1371 349 1417 et
380 1361 435 1417 in
467 1360 718 1417 convalle
741 1361 935 1431 positis
971 1380 983 1414 :
1011 1371 1065 1415 et
1093 1375 1211 1416 mea
1245 1358 1443 1415 domus
1465 1374 1586 1428 quae
1626 1358 1678 1413 in
1708 1367 1895 1413 monte

293 1467 400 1522 est,
445 1456 664 1511 deserta
713 1455 859 1511 erit?
890 1454 1007 1509 sive
1041 1462 1118 1509 ~ut
1160 1453 1390 1511 habetur
1435 1454 1488 1507 in
1540 1451 1770 1507 Hebraeo
1796 1470 1807 1504 :
1838 1460 1893 1505 ut

293 1549 533 1604 habitetis
564 1550 617 1602 in
650 1546 889 1603 domibus
928 1547 1181 1618 laqueatis
1220 1546 1295 1618 (id
1327 1555 1429 1611 est,
1471 1547 1680 1599 ornatis
1731 1554 1894 1615 atque

293 1640 638 1709 compositis,
671 1651 724 1695 et
746 1655 865 1710 quas
891 1655 997 1695 non
1030 1648 1139 1694 tam
1167 1638 1236 1693 ad
1276 1652 1429 1693 usum
1458 1646 1767 1707 suntquam
1826 1636 1891 1691 ad

293 1734 558 1805 delicias),
582 1742 636 1789 et
659 1733 1022 1789 habitaculum
1050 1748 1231 1789 meum
1254 1732 1307 1787 in
1330 1746 1438 1803 quo
1461 1730 1679 1786 fuerunt
1705 1738 1890 1785 sancta

2002 513 2329 570 Comedistis
2356 531 2574 586 quoque
2607 517 2698 589 (ne
2752 514 2985 571 forsitan
3035 528 3067 570 e
3113 512 3272 569 vobis
3321 512 3597 584 quispiam

1999 608 2207 664 diceret
2236 610 2607 665 voluntarium
2650 610 2821 665 fuisse
2848 607 3188 679 jejunium),
3242 617 3297 663 et
3330 621 3437 662 non
3466 606 3603 661 estis

2001 704 2249 768 saturati,
2296 703 2421 773 quia
2472 718 2674 773 parvos
2736 702 2946 758 fructus
3006 700 3491 772 congregaveratis
3546 702 3601 755 in

2002 795 2216 851 horrea.
2248 795 2447 852 Vinum
2477 796 2693 852 bibistis
2716 812 2748 852 e
2778 796 2977 863 vineis,
3034 794 3131 851 sed
3161 808 3271 850 non
3299 801 3509 848 tantum
3542 800 3604 848 ut

1999 893 2273 947 laetaretur
2297 909 2392 948 cor
2414 900 2673 957 vestrum,
2712 900 2768 947 et
2789 893 3067 947 diceretur
3096 889 3165 946 de
3192 890 3348 946 vobis
3383 906 3396 943 :
3427 888 3494 941 Et
3516 888 3596 941 vi-

2001 1000 2121 1037 num
2148 984 2406 1039 exbilurat
2431 1001 2518 1039 cor
2542 984 2765 1038 hominis
2805 982 2924 1054 (Ps.
2962 999 3076 1050 cm,
3134 982 3251 1054 15).
3313 980 3596 1037 Habuislis

1998 1080 2243 1150 pallium,
2270 1079 2365 1134 sed
2387 1079 2530 1149 quod
2544 1078 2714 1149 frigus
2736 1093 2843 1133 non
2871 1077 3190 1147 repelleret,
3220 1089 3322 1131 nec
3350 1081 3604 1131 servaret

1997 1170 2259 1225 calorem.
2277 1169 2616 1241 Quicumque
2633 1169 2796 1224 etiam
2819 1176 3057 1223 vestrum
3074 1167 3189 1222 sive
3210 1165 3600 1236 negotiatione,

1998 1263 2113 1318 sive
2144 1265 2483 1319 mercenaria
2517 1278 2678 1318 manu
2720 1261 3004 1318 mercedes
3050 1259 3430 1331 congregavit,
3488 1260 3601 1315 fru-

1997 1367 2109 1411 stra
2142 1357 2295 1413 labor
2324 1358 2443 1412 sine
2483 1358 2658 1427 pretio
2691 1355 2897 1411 laboris
2925 1355 3206 1425 impensus
3247 1363 3353 1408 est.
3383 1349 3599 1409 Omnes

1998 1450 2142 1507 enim
2176 1452 2330 1507 velut
2369 1452 2414 1506 si
2446 1454 2570 1521 quis
2626 1451 2679 1505 in
2724 1459 3007 1520 pertusum
3058 1447 3337 1503 sacculum
3396 1446 3597 1511 mittat,

1996 1545 2243 1614 pecuniae
2271 1544 2635 1600 defluxerunt.
2691 1542 2800 1599 Sed
2856 1552 2912 1597 et
2960 1543 3113 1612 juxta
3173 1540 3599 1611 intelligentiam

1996 1637 2333 1706 spiritualem
2369 1638 2423 1692 hi
2453 1636 2547 1707 qui
2585 1635 2653 1692 de
2720 1635 3003 1706 Babylone
3061 1635 3269 1690 reversi
3330 1643 3484 1695 sunt,
3544 1640 3603 1685 et

1997 1727 2228 1784 necdum
2253 1728 2657 1783 tediﬁcaverunt
2688 1728 2951 1797 templum
2978 1726 3077 1781 Dei
3108 1768 3122 1792 ,
3157 1726 3251 1781 sed
3282 1723 3599 1779 aediﬁcatio-

291 1804 626 1897 sanctorum,
669 1840 722 1884 et
770 1828 1052 1883 cherubim
1075 1873 1088 1895 ,
1150 1835 1202 1882 et
1234 1841 1420 1882 mensa
1477 1824 1892 1896 propositionis,
1922 1816 1973 1880 B
2002 1839 2127 1880 nem
2158 1823 2276 1893 ejus
2321 1824 2565 1895 quotidie
2612 1804 2957 1885 differentes,
3000 1820 3262 1875 dixerunt
3296 1836 3311 1875 :
3344 1817 3597 1873 Nondum

290 1922 487 1993 pluviis
509 1922 792 1994 rigabitur,
817 1922 1088 1993 squalebit
1109 1921 1424 1987 solitudine,
1444 1920 1557 1976 sole
1573 1920 1893 1975 torrebitur?

289 2015 461 2071 Porro
490 2016 789 2071 secundum
817 2031 1095 2087 anagogen
1132 2034 1144 2069 :
1178 2014 1353 2070 Omne
1406 2023 1617 2085 tempus
1649 2029 1757 2085 quo
1797 2012 1891 2068 ha-

290 2108 481 2164 bitatio
504 2109 659 2164 vallis
689 2109 925 2180 eligitur,
974 2109 1057 2164 vel
1085 2110 1356 2164 servimus
1406 2107 1643 2171 deliciis,
1687 2108 1891 2176 impor-

290 2210 479 2257 tunum
508 2210 615 2256 est.
656 2200 814 2257 Unde
852 2209 907 2256 et
954 2200 1122 2256 Stoici
1165 2198 1361 2271 quibus
1411 2213 1558 2253 curae
1599 2206 1682 2253 est
1718 2198 1889 2252 verba

287 2294 500 2364 singula
534 2293 784 2359 definire,
815 2302 1027 2364 tempus
1069 2293 1329 2347 dixerunt
1367 2305 1488 2347 esse
1526 2290 1889 2346 correctionis

287 2388 409 2443 sive
461 2388 772 2443 efficientia:
805 2403 818 2441 :
853 2386 995 2458 quod
1032 2385 1433 2457 significantius
1463 2385 1653 2441 Graece
1690 2382 1889 2439 dicitur

288 2483 475 2559 χρόνον
502 2477 629 2538 εἶναι
656 2485 1037 2559 κατορθώσεως.
1072 2479 1247 2535 Omne
1270 2480 1416 2534 enim
1449 2488 1662 2548 tempus
1696 2479 1747 2533 in
1780 2493 1889 2548 quo

286 2591 394 2630 non
426 2574 745 2641 virtutibus,
779 2574 877 2631 sed
896 2574 1040 2629 vitiis
1067 2574 1429 2640 deservimus,
1458 2573 1615 2642 perit,
1648 2582 1702 2626 et
1731 2571 1888 2642 quasi

285 2684 394 2723 non
434 2669 617 2734 fuerit,
650 2676 935 2739 reputatur
974 2667 1024 2721 in
1066 2667 1319 2722 nihilum.
1365 2665 1420 2723 Si
1466 2666 1589 2733 quis
1632 2677 1761 2732 ergo
1817 2661 1886 2718 de

285 2761 469 2827 nobis,
505 2760 591 2815 vel
623 2760 675 2815 in
706 2761 955 2816 convalle
985 2759 1215 2828 habitat,
1253 2759 1339 2815 vel
1389 2758 1445 2813 in
1494 2757 1773 2827 voluptate
1830 2763 1887 2811 et

286 2852 503 2908 luxuria
531 2853 781 2909 saeculari
811 2868 966 2908 suam
998 2854 1275 2926 contignat
1304 2852 1549 2917 domum,
1592 2851 1695 2906 iste
1745 2859 1882 2906 tem-

284 2946 430 3016 plum
464 2946 575 3001 Deo
603 2960 712 3001 non
732 2946 991 3013 aediﬁcat,
1022 2962 1121 3002 nec
1149 2946 1311 3001 habet
1335 2945 1595 2999 Dominus
1620 2945 1673 2999 in
1697 2958 1763 2999 co
1792 2943 1883 2998 ubi

287 3053 347 3091 ea
358 3047 449 3109 put
463 3054 619 3094 suum
638 3040 863 3096 reclinet
880 3060 890 3095 :
908 3050 962 3095 et
976 3055 1102 3096 cum
1115 3040 1368 3111 vulpibus
1387 3039 1618 3095 aedificet
1633 3038 1853 3093 domum
1867 3079 1881 3103 ,

286 3130 656 3188 habitaculum
684 3133 955 3202 quondam
993 3134 1084 3189 Dei
1126 3134 1328 3203 patitur
1357 3148 1481 3189 e5se
1503 3132 1807 3188 desertum.

1996 1918 2129 1970 venit
2149 1926 2345 1987 tempus
2367 1917 2550 1969 domus
2582 1912 2795 1968 Domini
2845 1911 3175 1982 aediﬁcanda:
3209 1926 3227 1965 :
3257 1925 3360 1965 nec
3389 1910 3593 1979 captivi

1996 2021 2142 2083 sunt,
2171 2026 2269 2065 nec
2290 2010 2469 2065 adhuc
2496 2010 2657 2079 plena
2684 2008 2935 2063 libertate
2964 2006 3149 2062 donati
3178 2025 3189 2060 :
3224 2020 3413 2061 verum
3437 2002 3592 2072 quasi

1996 2108 2048 2161 in
2082 2106 2387 2161 meditullio
2416 2104 2653 2175 quodam
2685 2102 2872 2173 positi,
2906 2101 3325 2157 seminaverunt
3362 2098 3595 2154 multant

1993 2201 2364 2257 etintulerunt
2394 2214 2616 2270 parum:
2639 2196 2998 2252 comederunt
3020 2206 3071 2251 et
3094 2209 3202 2250 non
3233 2204 3361 2249 sunt
3380 2192 3597 2249 satiati:

1993 2295 2275 2362 biberunt,
2308 2304 2363 2348 et
2394 2309 2500 2348 non
2540 2300 2670 2348 sunt
2700 2290 2955 2346 inebriati
2992 2308 3005 2344 :
3037 2296 3375 2359 operuerunt
3404 2301 3485 2351 se,
3541 2294 3597 2340 et

1993 2404 2100 2444 non
2141 2396 2268 2443 sunt
2316 2388 2566 2443 calefacti
2599 2405 2612 2441 :
2645 2392 3119 2457 congregaverant
3171 2382 3478 2447 mercedes,
3536 2388 3595 2436 et

1991 2480 2145 2551 quasi
2179 2480 2232 2533 in
2266 2488 2549 2548 pertusum
2582 2476 2923 2547 marsupium
2981 2474 3289 2541 mitterent,
3348 2471 3599 2543 perdide-

1991 2582 2139 2630 runt.
2162 2573 2217 2630 Si
2241 2574 2458 2644 quando
2473 2573 2675 2628 videris
2699 2573 2842 2626 inter
2855 2568 3025 2624 multa
3050 2584 3215 2639 opera
3241 2578 3592 2639 peccatorum

1989 2666 2170 2723 facere
2196 2668 2506 2737 quempiam
2542 2664 2801 2721 nonnulla
2826 2679 2946 2734 quae
2972 2662 3119 2732 justa
3156 2669 3307 2739 sunt,
3346 2674 3452 2713 non
3504 2665 3591 2714 est

1992 2772 2097 2817 tam
2133 2762 2369 2830 injustas
2393 2760 2556 2825 Deus,
2582 2768 2642 2815 ut
2672 2768 2895 2830 propter
2919 2757 3085 2813 multa
3103 2756 3267 2820 mala,
3292 2769 3593 2827 paucorum

1989 2854 2348 2910 obliviscatur
2380 2854 2686 2920 bonorum;
2720 2852 2817 2907 sed
2877 2852 3042 2908 faciet
3069 2867 3194 2908 eum
3228 2851 3321 2908 illa
3377 2860 3591 2907 tantum

1989 2958 2216 3015 metere,
2241 2964 2361 3020 quae
2385 2950 2437 3003 in
2462 2949 2661 3004 bonam
2686 2957 2890 3004 terram
2921 2945 3295 3013 seminaverit,
3325 2954 3380 3000 et
3416 2947 3468 2999 in
3494 2958 3591 2999 sua

1988 3041 2188 3097 horrea
2220 3057 2578 3113 congregare.
2638 3041 2741 3109 Qui
2774 3052 2958 3098 autem
3012 3043 3228 3112 penitus
3283 3044 3590 3105 ἀποστάτης

1988 3144 2096 3201 est,
2133 3134 2235 3188 iste
2274 3136 2496 3190 omnino
2528 3150 2638 3189 non
2689 3136 2975 3200 comedet,
3028 3135 3124 3192 sed
3169 3134 3313 3191 fame
3367 3134 3586 3205 peribit.

347 3225 529 3295 (Vers.
559 3224 641 3299 4.)
666 3225 737 3281 Et
768 3244 905 3281 nunc
934 3230 1044 3282 hcet:
1075 3227 1196 3280 dicit
1242 3226 1496 3281 Dominus
1522 3226 1883 3280 exercituum:
1913 3209 1959 3273 C
1991 3226 2166 3282 Porro
2195 3227 2283 3296 qui
2314 3228 2547 3283 seminat
2570 3227 2764 3295 multa,
2798 3236 2857 3283 et,
2894 3227 3059 3283 infert
3102 3242 3299 3298 pauca,
3349 3227 3591 3282 comedit

284 3318 453 3391 ponite
476 3319 633 3373 corda
662 3330 827 3373 vestra
855 3337 1009 3392 super
1046 3320 1153 3374 vias
1178 3328 1394 3374 vestras.
1443 3318 1561 3373 Non
1616 3319 1685 3372 sit
1730 3315 1878 3371 aliud

284 3410 554 3480 loquentis
593 3423 832 3482 tempus,
865 3423 919 3468 et
944 3412 1089 3467 aliud
1131 3411 1416 3467 facientis:
1446 3418 1719 3482 praecepta
1759 3423 1880 3464 mea

284 3509 465 3563 statim
498 3510 550 3564 in
582 3523 722 3578 opus
748 3508 945 3562 vertite
977 3526 989 3561 :
1027 3508 1286 3561 Dominus
1324 3515 1405 3561 est
1432 3506 1576 3560 enim
1627 3505 1879 3569 omnipo-

284 3608 406 3656 tens
432 3602 521 3673 qui
553 3601 825 3671 praecipit,
861 3611 914 3655 et
945 3601 1131 3671 utique
1160 3616 1268 3655 non
1295 3600 1417 3655 leve
1452 3606 1547 3653 est
1573 3598 1670 3653 Dei
1705 3596 1882 3653 omni-

282 3698 521 3769 potentis
549 3698 865 3770 imperium.
896 3698 1173 3753 Habuistis
1205 3697 1481 3767 hucusque
1506 3696 1669 3750 corda
1698 3703 1881 3749 vestra

282 3792 429 3846 vitiis
460 3792 772 3857 servientis,
804 3792 922 3847 sine
952 3791 1169 3856 ordine,
1202 3791 1321 3844 sine
1351 3796 1712 3860 praeceptore,
1744 3802 1882 3857 quo-

281 3901 516 3957 cumque
540 3885 1138 3953 ttahebantdesideria,
1176 3892 1482 3956 pergentes.
1524 3883 1673 3939 Nunc
1697 3892 1879 3938 autem

283 3978 549 4033 Dominus
575 3978 729 4032 vobis
750 3978 999 4048 praecipit
1036 3988 1094 4031 ut
1134 3976 1403 4032 ordinetis
1442 3977 1494 4030 in
1537 3990 1597 4031 se
1638 3975 1878 4030 charita-

281 4078 414 4135 tem,
445 4080 494 4124 et
523 4070 737 4140 ponatis
764 4069 927 4125 corda
951 4081 1133 4125 vestra
1174 4084 1340 4137 super
1379 4070 1491 4123 vias
1538 4076 1771 4134 vestras,
1821 4075 1881 4121 ut

280 4161 414 4216 nihil
439 4162 645 4232 absque
674 4162 884 4231 judicio
918 4171 971 4217 et
1020 4161 1459 4217 consideratione
1499 4161 1741 4226 faciatis;
1780 4161 1875 4217 sed

281 4273 499 4325 semper
526 4265 653 4312 ante
680 4257 849 4326 pedes
873 4266 1091 4311 vestros
1114 4257 1301 4328 legalis
1329 4257 1553 4311 lucerna
1576 4256 1878 4327 praecedat,

280 4350 546 4406 ctdieatis
578 4349 849 4406 :Lucerua
872 4352 1087 4420 pedibus
1118 4352 1240 4404 meis
1270 4351 1354 4405 lex
1382 4361 1471 4405 tua
1498 4363 1541 4405 et
1572 4352 1664 4405 tua:
1683 4352 1878 4405 semitis

279 4448 401 4498 meis
433 4444 548 4514 (Ps.
584 4442 923 4514 cxvnIJOS).
950 4442 1047 4498 Vel
1075 4444 1349 4499 certeita:
1380 4444 1517 4510 Quia
1546 4443 1747 4507 dicitis,
1769 4460 1877 4500 non

280 4549 363 4593 est
388 4548 600 4607 tempus
628 4536 958 4591 mdiﬁcanda)
990 4535 1183 4589 domus
1211 4535 1449 4600 Domini,
1492 4545 1545 4590 et
1576 4536 1675 4603 ipsi
1713 4536 1871 4591 habi-

281 4632 406 4686 tatis
436 4631 489 4685 in
516 4629 838 4686 habitaculis
864 4644 986 4698 quae
1004 4638 1127 4682 sunt
1153 4628 1209 4681 in
1234 4629 1339 4682 ima
1368 4627 1647 4693 demersa,
1672 4629 1871 4683 domus

278 4735 459 4779 autem
520 4739 639 4778 mea
680 4723 897 4777 deserta
937 4731 1017 4775 est
1049 4737 1062 4774 :
1089 4720 1457 4788 considerate,
1504 4720 1731 4791 jubente
1788 4736 1876 4776 me

279 4815 605 4879 Domino,et
629 4830 727 4869 vos
754 4815 806 4867 in
837 4813 1158 4868 memoriam
1188 4812 1420 4882 redigite
1442 4827 1563 4882 quae
1602 4812 1864 4879 feceritis,

277 4916 331 4963 et
360 4924 479 4977 qua:
512 4908 656 4977 passi
687 4906 826 4961 sitis.

349 5001 533 5070 (Vers.
564 5000 618 5069 5,
650 4998 728 5069 6.)
749 4997 1306 5061 Seminastismultum,
1324 5008 1369 5052 et
1388 4999 1637 5053 intulistis
1652 5016 1873 5069 parum:

278 5092 593 5152 comedistis,
634 5100 681 5144 et
708 5106 809 5144 non
843 5091 962 5143 estis
994 5090 1166 5144 satiati
1194 5106 1211 5143 :
1243 5089 1458 5154 bibistis,
1500 5088 1665 5161 744
1694 5100 1743 5143 ει
1771 5106 1875 5144 ηοη

276 5183 648 5239 estisinebriati
664 5200 682 5239 :
696 5183 972 5254 aperuistis
990 5193 1154 5249 vos,et
1170 5199 1271 5235 non
1294 5182 1415 5236 estis
1427 5183 1686 5253 calefacti.
1711 5181 1779 5236 Et
1790 5184 1877 5253 qui

279 5282 533 5335 mercedes
560 5280 912 5352 congregavit,
942 5278 1079 5331 misit
1105 5294 1189 5330 eas
1217 5278 1269 5330 in
1295 5277 1558 5331 sacculum
1581 5288 1868 5347 perlustrat.

277 5373 468 5429 Omnis
494 5374 647 5428 labor
678 5384 861 5429 vester
882 5371 975 5439 qui
1002 5370 1316 5425 :edificastis
1344 5370 1541 5426 domus
1573 5381 1792 5427 vestras
1823 5381 1879 5427 et

277 5467 599 5537 neglexistis
629 5467 850 5521 domum
878 5465 996 5534 Dei,
1033 5480 1141 5518 non
1175 5463 1364 5520 habuit
1394 5473 1671 5521 eventum.
1700 5467 1871 5522 Semi-

278 5559 450 5615 uastis
473 5560 617 5615 enim
652 5560 829 5630 plura,
860 5568 911 5617 et
946 5558 1121 5612 multo
1155 5557 1329 5612 minus
1357 5573 1517 5628 quam
1550 5569 1727 5614 satum
1760 5559 1874 5615 fue-

278 5665 385 5726 rat,
414 5656 788 5727 congregastis
816 5672 830 5709 :
860 5670 961 5711 nec
1002 5656 1231 5725 potestis
1269 5654 1454 5710 dicere.
1498 5654 1621 5710 ideo
1675 5657 1871 5711 famem

1986 3338 2201 3394 parum,
2230 3330 2286 3379 et
2314 3338 2419 3377 non
2454 3327 2506 3377 in
2562 3324 2893 3390 satietatem,
2938 3322 3090 3392 juxta
3142 3321 3277 3377 illud
3330 3320 3474 3391 quod
3531 3321 3588 3375 in

1985 3418 2294 3474 maledictis
2331 3417 2559 3474 Levitici
2596 3419 2861 3473 Dominus
2887 3418 3254 3474 comminatur
3279 3435 3292 3471 :
3317 3416 3388 3472 Et
3418 3433 3588 3472 come-

1986 3512 2118 3565 detis
2145 3520 2317 3564 etnon
2345 3510 2709 3565 saturabimini
2745 3509 2937 3583 (Leuit.
2971 3526 3117 3577 xxvr,
3150 3510 3269 3572 26).
3325 3508 3427 3577 Qui
3452 3523 3587 3565 vero

1983 3615 2205 3661 sanctus
2228 3615 2333 3668 est.
2366 3620 2539 3675 usque
2569 3604 2635 3660 ad
2676 3605 2984 3660 satietatem
3014 3603 3285 3672 comedet,
3313 3615 3370 3658 et
3394 3602 3584 3672 exple-

1983 3699 2130 3756 bitur
2170 3701 2221 3754 in
2268 3700 2361 3754 illo
2410 3700 2556 3769 quod
2614 3701 2878 3769 scriptum
2927 3707 3051 3753 est:
3083 3696 3268 3751 Justus
3315 3697 3585 3750 comedens

1983 3794 2146 3865 replet
2211 3794 2442 3847 animam
2509 3809 2655 3847 suam
2711 3790 2911 3861 (Prov.
2968 3805 3086 3858 xm,
3129 3788 3201 3844 25
3221 3789 3263 3861 ).
3326 3789 3588 3845 Similiter

1982 3887 2074 3954 qui
2149 3886 2369 3955 penitus
2442 3900 2550 3940 non
2650 3885 2812 3951 bibit,
2898 3884 2989 3938 siti
3088 3882 3286 3954 peribit
3362 3900 3376 3937 :
3444 3884 3586 3939 sicut

1982 3981 2145 4053 745
2182 3991 2237 4036 ει
2284 3984 2334 4035 in
2376 3980 2563 4036 Judith
2610 3981 2693 4052 (si
2732 3979 2850 4050 quis
2894 3986 3075 4033 tamen
3118 3978 3234 4032 vult
3269 3977 3467 4032 librum
3501 3991 3588 4033 re-

1982 4077 2166 4144 cipere
2206 4076 2477 4145 mulieris)
2507 4092 2519 4129 :
2552 4075 2621 4129 Et
2652 4073 2863 4146 parvuli
2912 4073 3000 4127 siti
3035 4072 3314 4142 perierunt
3338 4070 3581 4144 (Iudith.

1980 4169 2131 4238 vm).
2165 4168 2265 4237 Qui
2298 4178 2476 4223 autem
2524 4182 2712 4238 parum
2735 4167 2893 4231 bibit,
2917 4166 3052 4220 bibit
3079 4165 3324 4237 quidem.
3356 4165 3450 4221 sed
3475 4181 3585 4220 non

1981 4276 2157 4331 usque
2183 4261 2249 4317 ad
2274 4262 2617 4317 ebrietatem.
2655 4261 2827 4315 Porro
2853 4262 2947 4331 qui
2975 4268 3158 4331 potest
3180 4260 3365 4315 dicere
3394 4259 3459 4313 ad
3486 4259 3584 4313 Do-

1981 4353 2185 4409 minum
2230 4372 2243 4407 :
2281 4353 2435 4409 Catia:
2490 4364 2608 4408 tuus
2662 4353 2922 4407 inebrians
2980 4369 3135 4424 quam
3178 4353 3464 4422 prwclarus
3509 4362 3585 4406 est

1982 4446 2155 4519 (Psal.
2178 4464 2311 4513 χιιι,
2346 4451 2377 4501 6
2400 4447 2441 4518 )!
2478 4460 2531 4504 et
2573 4448 2872 4502 inebriatur
2893 4462 3015 4501 cum
3047 4446 3162 4501 Noe
3193 4444 3418 4517 (Cenes.
3447 4446 3533 4516 tx)
3559 4464 3572 4500 :

1980 4552 2035 4596 et
2077 4543 2200 4597 licet
2238 4542 2290 4594 in
2324 4541 2561 4614 Egypto
2602 4543 2957 4604 constitutus,
3001 4550 3184 4596 tamen
3226 4541 3278 4596 in
3321 4542 3581 4598 convivio

1980 4632 2185 4702 Joseph
2232 4648 2355 4686 cum
2413 4633 2740 4703 patriarchis
2791 4641 2845 4686 et
2897 4632 3155 4689 fratribus
3211 4632 3342 4690 vino
3396 4636 3582 4691 madet

1982 4722 2183 4796 (Ibid,
2212 4726 2376 4796 xutt)
2402 4743 2414 4780 :
2446 4726 2546 4781 iste
2574 4741 2684 4795 prae
2707 4725 3082 4796 magnitudine
3111 4726 3317 4782 ltetitire
3354 4738 3410 4783 et
3438 4743 3578 4800 quo-

1980 4816 2187 4871 tidiano
2214 4817 2413 4887 gaudio
2444 4833 2566 4873 cum
2599 4819 2865 4888 aposmlis
2887 4834 3080 4875 versus
3109 4821 3163 4875 in
3186 4821 3447 4887 ecstasin,
3479 4838 3580 4892 ap-

1980 4909 2274 4981 pellabitur
2302 4920 2481 4965 musto
2522 4911 2715 4982 plenus
2758 4912 2909 4985 (Act.
2943 4929 2980 4968 ιι
3002 4915 3043 4984 ).
3074 4913 3362 4982 Quomodo
3390 4924 3576 4972 autem

1981 5020 2091 5059 non
2137 5005 2207 5059 sit
2235 5003 2359 5060 huic
2401 5006 2728 5074 expositioni
2760 5008 3093 5063 contrarium
3126 5008 3259 5063 illud
3289 5008 3434 5079 quod
3474 5008 3576 5063 filii

1981 5097 2226 5153 Ionadab
2250 5098 2342 5153 ﬁlii
2369 5098 2592 5155 Rechab
2620 5101 2808 5154 vinum
2838 5116 2947 5155 non
2978 5100 3238 5167 biberint,
3266 5111 3321 5157 et
3343 5100 3575 5156 lauden-

1985 5201 2072 5246 tur
2117 5206 2145 5245 a
2182 5191 2432 5259 Domino,
2465 5192 2522 5248 in
2553 5192 2788 5249 Jeremia
2820 5192 2990 5267 (Cap.
3036 5193 3228 5266 xxxv)
3258 5204 3577 5265 competen-

1978 5285 2087 5338 tius
2117 5294 2141 5320 ει
2173 5284 2493 5341 disseretur.
2522 5284 2653 5340 Post
2684 5285 2802 5341 hac
2825 5285 3027 5341 dicitur
3057 5285 3123 5340 ad
3151 5299 3247 5341 eos
3286 5286 3376 5356 qui
3404 5285 3582 5357 negli.

1975 5375 2179 5447 gebant
2211 5376 2482 5433 aedificare
2504 5378 2767 5449 templum
2800 5377 3354 5449 Domini:0peruistis
3384 5396 3492 5445 vos,
3527 5390 3580 5435 et

1978 5486 2084 5524 non
2111 5470 2232 5525 estis
2270 5471 2529 5544 calefacti.
2578 5470 2732 5540 Quod
2768 5471 3128 5541 intelligimus
3158 5471 3228 5528 de
3271 5473 3579 5529 centesimo

1984 5564 2144 5620 tertio
2192 5565 2429 5635 psalmo,
2482 5566 2535 5619 in
2569 5580 2676 5636 quo
2706 5564 2771 5619 de
2823 5563 2938 5618 Deo
2986 5563 3478 5635 diciturzAbyssus
3522 5574 3583 5618 ut

1978 5660 2337 5715 vestimentum
2359 5660 2578 5715 amictus
2600 5659 2729 5731 ejus.
2752 5656 3095 5730 Quamquam
3118 5657 3262 5715 enim
3281 5656 3583 5715 secundum

354 5854 380 5883 Α
419 5844 588 5900 Morte
618 5850 798 5901 autem
830 5841 1225 5915 intercedente,
1254 5845 1321 5903 ad
1350 5844 1481 5904 illud
1509 5864 1681 5921 usque
1707 5848 2002 5922 capitulum
2030 5866 2139 5906 non
2174 5850 2433 5919 devenit,
2468 5849 2566 5907 sed
2600 5850 2876 5922 trigesimo
2906 5849 3147 5907 secundo
3173 5864 3312 5920 opus
3341 5848 3557 5922 abrupit
3569 5890 3589 5928 δ
3616 5894 3623 5899 .
