4050 6342
508 268 648 326 1393

1765 268 1824 330 Β,
1867 267 2140 334 ΕυῧΕΒΙΙ
2175 270 2480 334 ΙΙΙεῆθηῖ
2489 272 2560 332 ιιι

3662 275 3683 332 Ι
3693 275 3782 336 596

507 383 830 448 llebraicam
867 388 1150 450 veritatem
1179 384 1456 446 referatur
1486 383 1552 440 ad
1585 392 1781 452 terras,
1809 398 1934 456 qua:
1962 381 1985 455 ί
2005 383 2096 442 Al.
2125 385 2179 456 Δ,
2204 394 2466 453 montem,
2498 385 2588 444 ubi
2625 399 2735 442 non
2763 394 2893 440 sunt
2930 385 3072 458 tigna
3104 401 3227 456 quae
3256 386 3675 458 comburantur,
3702 390 3786 454 sed

507 475 684 549 quod]
723 478 1030 542 ambiantur
1077 478 1316 542 Oceatm.
1371 484 1549 534 tamen
1599 475 1899 534 secundum
1953 474 2100 536 LXX

511 569 868 630 translatores
885 570 976 640 qui
1019 569 1275 632 dixerunt
1303 586 1318 626 :
1350 569 1410 626 τὸ
1439 567 1762 646 περιϐόλαιον
1791 569 1973 634 αὐτοῦ,
1999 584 2098 637 εθν

509 675 640 718 nere
687 661 1017 733 masculino,
1063 674 1258 722 etnon
1304 663 1485 726 αὐτῆς.
1533 660 1814 728 feminino,
1863 659 1936 716 de
1990 660 2100 718 Deo

507 751 650 824 quod
694 752 902 816 dictum
945 762 1033 812 est
1077 753 1286 814 sentire
1308 754 1712 826 compellimur,
1745 767 1812 810 eo
1840 751 1986 822 quod
2018 752 2105 812 in-

509 846 849 917 vestigabilis
876 848 948 910 sit
979 848 1098 918 ejus
1125 847 1416 922 sapientia,
1443 855 1498 904 et
1529 855 1696 918 ponat
1725 845 1988 903 Dominus
2023 853 2103 902 te-

510 943 709 1006 nebras
741 943 1027 1008 latibulum
1079 960 1238 1000 suum
1269 941 1456 1016 (Paul.
1494 940 1658 1014 xvtt),
1699 951 1753 1000 et
1793 957 1901 1000 non
1958 939 2105 1002 indi-

505 1035 627 1105 gnis
649 1035 956 1108 quibusque
981 1037 1102 1108 ejus
1143 1046 1482 1098 sacramenta
1515 1036 1834 1104 prodantur.
1868 1031 2019 1092 Unda
2050 1043 2099 1090 et

499 1130 682 1199 .iHSllls
724 1132 962 1197 laetatur.
994 1141 1050 1194 et
1078 1131 1210 1192 dicit
1241 1150 1252 1186 :
1280 1130 1346 1188 lu
1371 1131 1529 1188 corde
1555 1144 1670 1190 meo
1709 1127 1959 1183 abscondi
1987 1127 2101 1182 elo-

506 1224 629 1292 quia
661 1234 771 1288 tua,
797 1234 851 1280 ut
881 1241 986 1278 non
1011 1239 1219 1296 peccem
1246 1224 1338 1280 tibi
1369 1221 1558 1293 (Ρεαι.
1585 1236 1814 1290 ειιίγιιι,
1838 1219 1897 1280 il
1918 1219 1960 1288 ).
1994 1218 2106 1278 lloc

507 1315 732 1384 pallium
760 1315 829 1374 de
854 1316 1175 1386 multiplicis
1203 1316 1487 1388 sapientiae
1519 1314 1772 1376 sensibus
1803 1312 2102 1386 verbisque

511 1415 853 1476 cutitcxtum,
906 1423 1016 1470 non
1043 1407 1177 1465 sinit
1225 1406 1500 1466 ferventes
1546 1405 1740 1478 Spiritu
1772 1400 2104 1480 refrigerari,

512 1516 612 1556 nec
661 1501 974 1564 dilectionis
1009 1500 1272 1565 calorem,
1321 1500 1495 1556 Borea
1535 1499 1731 1564 ﬂante.
1765 1497 2056 1565 frigescere
2091 1511 2104 1548 :

511 1595 614 1660 Qui
647 1610 776 1656 vero
804 1594 1020 1654 medius
1057 1604 1162 1662 est,
1195 1604 1250 1652 et
1290 1593 1451 1652 habet
1479 1591 1695 1664 quidem
1729 1592 1977 1662 pallium,
2011 1585 2106 1650 sed

512 1704 619 1756 quo
647 1703 752 1742 nOu
788 1697 931 1748 totus
962 1690 1240 1758 operiatur
1264 1705 1276 1748 ;
1303 1687 1581 1757 quomodo
1612 1701 1800 1756 parum
1835 1687 1885 1744 in
1909 1684 2107 1744 horrea

2203 492 2321 545 quae
2352 476 2418 533 ad
2447 492 2611 549 opera
2639 476 2836 538 domus
2875 492 3010 534 mea:
3038 477 3326 546 proficiant
3358 498 3370 533 :
3401 488 3462 536 et
3493 487 3552 536 ut
3592 478 3693 538 hoc
3715 480 3785 538 la-

2204 570 2361 628 ciatis
2409 569 2696 634 attentius,
2727 571 2862 630 mihi
2908 572 3104 632 scitule
3135 571 3464 642 placiturum
3497 587 3621 636 esse
3662 575 3792 646 quod

2205 663 2402 724 facitis.
2445 663 2610 724 Aiuot
2650 663 2864 722 Hebraei
2889 664 3004 722 sola
3039 672 3249 722 tantum
3277 666 3344 728 ad
3377 668 3793 738 contiguaudum

2205 755 2351 826 ligna
2377 755 2545 812 fuisse
2587 757 2923 828 necessaria,
2967 758 3242 816 stantibus
3271 760 3448 818 muris
3473 761 3661 834 templi
3687 773 3796 831 post

2206 850 2541 910 incendium.
2593 850 2709 908 Hoc
2742 850 2842 914 illi,
2887 850 3058 908 Nobis
3103 861 3285 914 autem
3325 852 3668 924 praecipitur,
3699 869 3795 914 non

2207 951 2361 1005 extra
2391 943 2508 998 vias
2539 952 2755 1002 nostras
2803 959 3005 1014 ponere
3055 946 3224 1002 corda
3275 955 3505 1011 nostra;
3553 947 3647 1004 sed
3691 965 3797 1016 qua

2208 1036 2356 1105 prius
2388 1049 2771 1106 posueramus,
2815 1051 3032 1094 rursum
3081 1051 3293 1106 ponere
3339 1037 3401 1092 in
3436 1036 3542 1096 viis
3587 1040 3794 1111 nostris,

2208 1137 2263 1184 et
2311 1139 2597 1201 postquam
2629 1129 2731 1186 hoc
2764 1128 3075 1196 fecerimus,
3127 1129 3434 1190 ascendere
3464 1129 3536 1188 de
3563 1129 3798 1192 domibus

2208 1223 2465 1284 concavis
2495 1223 2548 1282 in
2577 1232 2840 1292 montem,
2872 1231 2934 1278 ut
2961 1237 3088 1284 cum
3122 1222 3548 1294 pervenerimus
3568 1222 3636 1282 ad
3661 1239 3800 1280 mon-

2211 1315 2278 1372 tis
2301 1314 2426 1388 (At.
2459 1313 2768 1387 sermonis]
2799 1314 3165 1384 altitudinem,
3191 1317 3245 1376 in
3271 1330 3383 1390 quo
3411 1316 3726 1378 necessaria
3743 1319 3800 1376 ad

2209 1409 2628 1468 aediﬁcationem
2663 1409 2848 1482 templi
2879 1409 2975 1464 Dei
3011 1408 3159 1479 ligna
3189 1416 3340 1480 sunt,
3383 1407 3459 1468 de
3491 1409 3642 1468 omni
3667 1407 3800 1465 Scri-

2210 1509 2384 1572 ptura:
2429 1510 2635 1560 sancta:
2669 1510 2876 1572 monte,
2911 1499 2965 1556 in
2998 1516 3104 1572 quo
3135 1502 3285 1560 varia
3332 1501 3607 1560 virtutum
3645 1510 3698 1556 et
3725 1517 3803 1572 pa-

2212 1595 2374 1650 radisi
2408 1595 2552 1665 ligna
2600 1595 2840 1666 plantata
2866 1605 3012 1660 sunt,
3043 1595 3411 1668 praecidamus
3439 1610 3531 1665 ea,
3566 1605 3622 1652 et
3648 1594 3801 1652 aedili-

2211 1701 2399 1746 cemus
2448 1679 2709 1758 templum
2774 1686 2986 1748 Domini
3035 1686 3196 1764 74⁵1
3244 1687 3512 1762 operibus
3570 1687 3718 1746 bouis
3758 1698 3804 1744 et

511 1781 896 1849 comportavit,
937 1790 990 1836 et
1020 1779 1284 1848 comedit,
1327 1788 1382 1838 et
1419 1795 1529 1842 nun
1570 1779 1625 1840 in
1669 1778 2005 1848 satietatem,
2051 1785 2109 1841 et
2139 1781 2184 1853 ﬁ
2213 1779 2556 1852 dogmatibus
2587 1781 2833 1836 veritatis
2875 1799 2886 1836 :
2917 1781 3058 1852 quod
3091 1796 3218 1836 cum
3263 1783 3430 1840 fuerit
3461 1791 3802 1850 exstructum,

510 1872 670 1936 bibit,
719 1882 774 1926 et
807 1887 914 1938 non
947 1873 999 1927 in
1045 1872 1371 1932 ebrietatem
1411 1891 1424 1930 :
1453 1873 1533 1932 sic
1564 1872 1844 1942 aperietur
1885 1870 2107 1945 quidem

513 1980 774 2026 sensuum
797 1980 1136 2038 operumque
1163 1980 1386 2022 suorum
1415 1965 1600 2038 pallio,
1626 1963 1719 2020 sed
1745 1980 1850 2022 non
1871 1962 2105 2024 calefiet.

514 2055 613 2126 Qui
648 2066 830 2118 autem
861 2065 1093 2128 propter
1115 2057 1336 2118 nimiam
1367 2057 1565 2118 animm
1599 2063 1972 2128 paupertatem
2001 2069 2108 2116 non

514 2148 681 2204 habet
711 2149 936 2218 pallium
965 2166 978 2204 :
1009 2149 1132 2210 ideo
1163 2163 1274 2210 non
1323 2149 1506 2211 habet,
1563 2146 1713 2220 quia.
1756 2147 2110 2218 multiplicata

512 2241 837 2310 iniquitate,
887 2241 1132 2300 Charitas
1184 2241 1399 2302 refrixit
1443 2241 1494 2296 in
1535 2255 1602 2295 eo
1641 2239 1871 2312 (Matth.
1923 2239 2109 2310 xxiv).

515 2333 670 2394 Unde
701 2345 754 2392 et
784 2333 852 2398 de
881 2335 1192 2396 istiusmodi
1243 2334 1485 2401 homine,
1537 2335 1693 2408 cuius
1725 2334 1794 2392 ab
1845 2334 1952 2394 alio
1998 2333 2115 2405 pul—

516 2432 647 2490 lium
681 2431 1012 2502 possidetur,
1045 2431 1097 2492 in
1130 2430 1250 2501 1038
1273 2429 1586 2502 pramipilttt‘
1611 2448 1623 2486 :
1649 2429 1853 2492 Reddas
1882 2430 1929 2490 ei
1960 2429 2114 2486 νοθεί-

520 2531 744 2582 mentum
785 2533 1065 2598 antequam
1095 2527 1172 2580 sol
1213 2523 1726 2594 occidat:quoniam
1770 2538 1968 2596 pauper
2014 2530 2112 2588 est,

519 2626 564 2670 et
601 2618 652 2676 in
685 2621 798 2690 ipso
829 2618 979 2680 habet
1019 2635 1164 2686 spem
1193 2619 1386 2692 (Deut.
1437 2634 1581 2682 XXIV,
1635 2615 1758 2690 15).
1791 2617 1898 2674 Sed
1929 2625 1984 2678 et
2011 2615 2117 2678 hoc

519 2711 599 2770 eis
620 2712 823 2774 accidit
849 2713 938 2782 qui
971 2711 1289 2772 habitabant
1313 2710 1333 2784 [
1353 2712 1434 2770 Al.
1464 2708 1741 2782 habitant]
1773 2709 1826 2768 in
1858 2709 2118 2771 convalli-

520 2804 642 2872 bus,
688 2805 800 2860 sive
828 2805 883 2864 in
917 2805 1180 2876 laqueatis
1226 2803 1502 2878 domibus,
1533 2802 1698 2882 746
1737 2812 1790 2860 et
1818 2803 2115 2862 dicebant:

523 2896 774 2954 Nondum
802 2898 937 2960 venit
991 2909 1188 2972 tempus
1217 2898 1401 2960 domata
1449 2896 1660 2956 Domini
1687 2897 2035 2966 aediﬁcandae,
2062 2901 2122 2954 ιιι

520 2993 876 3057 mercedesin
904 3004 1182 3064 pertusum
1211 2993 1484 3056 sacculum
1515 2999 1918 3066 congregarent
1946 2988 2010 3062 (I
2021 2989 2119 3054 sai,

523 3103 612 3154 ιιι,
645 3087 736 3154 10,
763 3098 808 3142 et
846 3103 976 3153 uti,
1016 3086 1132 3157 tl).
1165 3086 1220 3144 Si
1252 3086 1380 3156 quis
1418 3102 1447 3140 e
1481 3085 1636 3144 nobis
1667 3084 1808 3142 bona
1839 3093 2117 3153 operatur,

2216 1874 2423 1942 placeat
2447 1875 2698 1941 Domino,
2729 1884 2784 1930 et
2813 1873 2935 1948 (At.
2963 1872 3058 1948 ut]
3085 1875 3427 1946 glorificatur
3449 1874 3508 1934 in
3539 1889 3627 1932 eo.
3659 1875 3804 1948 Igitur

2212 1968 2334 2036 quia
2370 1967 2487 2024 haec
2519 1967 2771 2026 mandata
2801 1977 2926 2028 sunt
2957 1953 3114 2028 nobis
3143 1979 3198 2024 ut
3222 1985 3496 2042 ponamus
3527 1968 3690 2028 corda
3721 1986 3804 2026 no-

2215 2069 2324 2120 stra
2357 2059 2406 2118 in
2440 2060 2543 2118 viis
2574 2059 2799 2126 nostris,
2831 2059 3190 2116 ascendamus
3225 2061 3278 2118 in
3311 2069 3557 2120 montem
3591 2062 3806 2116 rationa-

2215 2152 2398 2220 bilem,
2446 2162 2504 2214 et
2543 2153 2608 2210 ad
2639 2153 2853 2223 singula
2900 2155 3258 2224 problemata.
3286 2169 3533 2224 congrua
3569 2154 3635 2212 de
3677 2155 3808 2212 testi-

2217 2243 2418 2304 moniis
2463 2241 2868 2312 Scripturarum
2901 2246 3044 2318 ligna
3099 2255 3431 2318 quarrentes,
3469 2245 3806 2314 praecidantus

2218 2352 2301 2404 ea,
2333 2346 2388 2398 et
2417 2337 2748 2400 tedilicemus
2793 2337 3012 2400 domum
3053 2338 3333 2412 sapientia:
3364 2339 3421 2396 in
3453 2337 3616 2394 nobis
3641 2355 3655 2392 :
3682 2347 3810 2406 post-

2218 2446 2381 2502 quam
2425 2432 2572 2494 enim
2605 2433 2720 2492 haec
2761 2431 2925 2492 fuerit
2968 2442 3266 2500 exstructa,
3301 2434 3422 2496 linis
3452 2431 3809 2494 aedificatione

2219 2526 2337 2598 ejus
2365 2527 2494 2590 erit,
2527 2537 2584 2584 ut
2615 2526 2875 2588 Dominus
2911 2526 3253 2598 glorificatur
3278 2526 3329 2583 in
3360 2525 3548 2580 nobis.

2295 2621 2483 2693 (Vera.
2513 2619 2608 2691 9.)
2650 2620 2976 2688 Respexistis
3017 2621 3086 2674 ad
3124 2619 3371 2694 amplius,
3411 2629 3462 2676 et
3494 2634 3609 2672 ecce
3634 2617 3804 2688 factum

2221 2724 2295 2770 est
2331 2715 2500 2774 minus
2528 2726 2618 2778 :et
2646 2715 2895 2774 intulistis
2926 2715 2979 2777 in
3005 2714 3236 2780 domum,
3259 2723 3310 2768 ct
3339 2711 3625 2782 exsufﬂaui
3654 2709 3808 2766 illud:

2224 2806 2369 2868 LXX
2399 2825 2411 2860 :
2443 2807 2761 2879 Respexistis
2807 2807 2858 2866 in
2905 2807 3093 2870 multa,
3147 2815 3190 2860 ct
3223 2809 3367 2878 facta
3403 2813 3528 2860 sunt
3555 2818 3712 2876 pauca
3734 2817 3750 2855 :
3771 2809 3809 2862 et

2225 2901 2472 2958 intulistis
2493 2901 2545 2958 in
2569 2900 2799 2966 dontum,
2815 2909 2865 2958 et
2887 2899 3165 2970 extat/lavi
3187 2898 3302 2952 illa.
3331 2896 3399 2956 Ut
3422 2896 3634 2966 abici-ta
3659 2909 3806 2964 mura,

2227 3003 2281 3050 et
2307 2995 2452 3054 omni
2499 2994 2852 3068 ambiguitate
2891 2992 3162 3062 deposita,
3213 2990 3513 3052 studiosius
3559 2987 3809 3048 aediﬁcetis

2227 3087 2446 3151 domum
2479 3102 2680 3154 meam,
2726 3085 2850 3146 dico
2879 3096 2932 3140 et
2963 3085 3108 3146 aliud
3158 3084 3301 3156 quod
3354 3084 3513 3142 vobis
3557 3080 3808 3156 acciderit,

521 3187 578 3232 et
623 3179 784 3248 digna
817 3179 1072 3242 mercede
1106 3180 1298 3256 (quam
1351 3177 1510 3240 nobis
1555 3176 1874 3238 redditurus
1907 3183 1988 3230 est
2017 3174 2124 3238 Dav
2152 3172 2200 3249 C
2227 3181 2321 3250 qui
2342 3180 2625 3244 distulisris
2652 3178 2926 3242 mdificnre
2950 3177 3168 3242 domum
3197 3193 3396 3252 meam,
3429 3192 3543 3240 non
3568 3187 3624 3232 ut
3647 3190 3812 3250 supra:

525 3273 723 3342 minus,
755 3278 822 3330 de
847 3287 956 3344 quo
985 3271 1186 3334 dicitur
1215 3288 1228 3326 :
1261 3269 1394 3333 Ecce
1419 3270 1693 3333 Dominus,
1725 3281 1769 3324 et
1795 3285 1984 3326 merces
2011 3271 2126 3344 ejus

525 3365 578 3418 in
611 3365 848 3426 munibus
892 3366 1058 3436 illius,
1103 3364 1321 3426 reddere
1350 3365 1625 3433 unicuique
1655 3363 1937 3424 secundum
1970 3378 2128 3436 opera

525 3473 620 3514 sua
653 3457 882 3528 (Matth,
937 3473 1049 3526 ut,
1087 3457 1220 3528 27),
1265 3455 1335 3518 Et
1366 3455 1511 3518 aliud,
1543 3456 1792 3532 Apostoli
1821 3472 1834 3516 ;
1868 3455 1928 3510 Si
1977 3458 2129 3527 cujus

527 3566 655 3621 opus
678 3551 942 3623 manserit,
973 3549 1114 3630 quod
1133 3549 1582 3622 supcrwdiﬁcuvit,
1609 3550 1890 3602 mercedem
1911 3548 2128 3622 accipiet

527 3643 576 3720 (I
606 3642 724 3702 Cor.
759 3658 836 3709 lli,
884 3641 1006 3720 15),
1037 3641 1122 3700 hic
1149 3652 1442 3718 congregat
1472 3640 1874 3702 conservandus
1904 3655 2130 3694 mansu~

531 3755 725 3816 rusque
769 3740 1077 3806 mercedes,
1105 3746 1162 3794 et
1188 3738 1478 3800 virtutibus
1509 3738 1738 3798 virtutes
1769 3751 1988 3814 semper
2035 3736 2131 3800 ad-

530 3831 786 3904 jungens,
818 3838 1107 3894 coacervat
1131 3829 1390 3904 pecunias
1417 3829 1472 3888 in
1505 3828 1781 3886 sacculum
1816 3842 1922 3888 non
1948 3838 2133 3898 perlu-

531 3940 672 3978 sum.
709 3923 814 3992 Qui
846 3932 1030 3982 autem
1059 3930 1184 3998 post
1226 3923 1366 3980 bona
1409 3935 1572 3999 opera
1606 3937 1716 3975 non
1746 3922 1912 3974 semel
1942 3927 1997 3978 et
2025 3918 2132 3992 bis,

534 4016 626 4078 sed
659 4015 970 4084 frequenter
1001 4022 1212 4088 peccat,
1247 4022 1302 4068 et
1334 4012 1662 4088 praeteritam
1691 4011 2016 4072 charitalem
2047 4025 2129 4066 se-

509 4108 825 4180 quentibus
854 4105 998 4166 vitiis
1027 4104 1284 4161 obscurat
1313 4116 1366 4158 et
1413 4103 1679 4172 sordidut,
1713 4104 1816 4158 iste
1863 4103 1915 4160 in
1947 4110 2138 4174 pertu-

539 4215 660 4254 sum
693 4199 971 4254 sacculum
995 4197 1280 4275 pecuniam
1315 4205 1626 4274 congregat.
1663 4196 1787 4252 Ilmc
1815 4207 1996 4254 autem
2021 4212 2134 4249 Olll-

536 4294 624 4350 nia
644 4303 944 4356 evenerunt
967 4293 1047 4347 eis
1059 4293 1151 4372 qui
1175 4290 1430 4350 dixerunt
1451 4310 1461 4345 :
1479 4291 1727 4346 Nondum
1755 4291 1904 4346 venit
1928 4302 2138 4366 tempus

538 4389 732 4448 domus
765 4387 980 4446 Domini
1011 4383 1364 4456 adificandm,
1393 4393 1592 4440 etcum
1621 4384 1720 4453 ipsi
1753 4383 2062 4444 habitarent
2082 4384 2136 4444 in

537 4479 896 4548 convallibus,
921 4480 1189 4534 desertam
1215 4492 1336 4540 esse
1365 4476 1584 4530 domum
1618 4475 1827 4538 Domini
1856 4475 2141 4554 patieban-

542 4585 648 4628 llll‘.

611 4663 802 4736 (Vers.
839 4663 928 4726 l7,
977 4660 1100 4734 18.)
1137 4660 1267 4718 Hcce
1306 4661 1431 4715 dicit
1468 4658 1721 4714 Dominus
1766 4660 2138 4726 exercituum;

545 4756 728 4811 Ponite
774 4756 934 4809 corda
973 4764 1139 4808 vestra
1183 4771 1340 4825 super
1386 4754 1492 4806 vias
1529 4762 1744 4822 vestras,
1793 4753 2053 4806 ascendite
2082 4753 2137 4806 in

539 4863 784 4920 montem,
831 4848 1008 4920 a[fcrte
1043 4848 1237 4920 [Vu|g.
1281 4845 1512 4920 porta'e]
1542 4847 1762 4918 tignum,
1798 4856 1844 4899 et
1880 4845 2136 4918 redi/irate

543 4950 753 5000 deruunt
779 4961 796 4998 :
822 4952 870 5000 et
896 4943 1226 5015 acceptabilis
1253 4941 1379 4994 mihi
1403 4941 1522 5006 erit,
1552 4951 1598 4994 et
1623 4939 1974 5017 glori/imber,
2008 4939 2136 4993 dicit

546 5039 817 5100 Dominus.
872 5035 1012 5091 LXX
1057 5054 1069 5091 :
1115 5033 1238 5090 Hcce
1285 5034 1412 5088 dicit
1463 5033 1717 5096 Dominus
1769 5035 2134 5112 (mltipotens;
2179 5031 2188 5038 ’

546 5131 732 5186 Ponite
771 5131 931 5184 corda
976 5139 1142 5184 vestra
1188 5129 1240 5182 in
1271 5127 1378 5186 vias
1411 5136 1624 5199 vestras,
1675 5127 1936 5180 ascendite
1978 5141 2134 5196 super

542 5235 788 5298 montem,
819 5234 865 5278 et
905 5222 1173 5297 prwcidite
1217 5221 1356 5294 ligna
1389 5220 1622 5300 (caetera
1655 5217 1961 5292 similiter).
1995 5219 2136 5272 Rur-

537 5338 660 5386 sum
685 5320 841 5376 vobis
871 5334 971 5394 ego
999 5316 1260 5378 Dominus
1292 5315 1571 5394 praecipio,
1598 5312 1690 5384 qui
1712 5323 1763 5368 et
1785 5315 1936 5390 prius
1959 5312 2139 5388 jusse-

543 5433 681 5484 ικιῐη,
714 5425 772 5470 ut
801 5412 1011 5494 ponatis
1041 5410 1202 5468 corda
1245 5417 1424 5464 vcslra
1465 5422 1630 5486 super
1659 5407 1774 5466 vias
1814 5416 2047 5478 vestras,
2082 5414 2138 5461 et

540 5505 907 5564 consideratis
932 5511 1128 5564 cuncta
1155 5517 1276 5580 quae
1304 5501 1510 5574 geritis,
1539 5511 1592 5554 et
1625 5499 1999 5576 relinquentes
2024 5508 2138 5551 stu-

540 5601 686 5656 dium
718 5599 1001 5652 domnrum
1030 5605 1334 5656 vestrarum
1385 5593 1693 5664 humilium,
1728 5591 2038 5648 ascendatis
2080 5591 2135 5646 in

2230 3273 2539 3334 Semiuastis
2563 3270 2809 3338 multum,
2839 3281 2893 3324 et
2913 3272 3040 3341 quia
3067 3279 3374 3330 sementem
3407 3278 3552 3328 terra
3579 3284 3680 3326 non
3704 3265 3811 3324 red-

2230 3363 2391 3432 didit,
2425 3362 2675 3424 intulistis
2705 3378 2932 3436 parum;
2979 3363 3077 3424 sed
3115 3378 3238 3424 cum
3281 3363 3394 3431 jam
3446 3361 3813 3423 candescerenl

2229 3465 2463 3528 segetes,
2510 3467 2562 3509 et
2597 3457 2853 3518 messium
2889 3464 3104 3530 tempus
3158 3453 3410 3518 instaret,
3464 3463 3524 3514 et
3573 3452 3810 3512 frumenta

2231 3564 2327 3610 vos
2359 3558 2546 3612 tenere
2580 3548 2633 3608 in
2664 3547 2916 3606 manilms
2949 3547 3240 3616 putaretis,
3283 3545 3597 3608 messuistis
3640 3557 3812 3602 vacuos

2232 3641 2463 3712 culmos,
2494 3649 2549 3696 ct
2587 3641 2778 3697 inanes
2823 3640 3056 3710 Stipulas
3099 3644 3220 3702 sine
3270 3638 3548 3710 spicarum
3592 3634 3812 3708 frugibus

2236 3734 2633 3812 congregaStis.
2672 3734 2851 3796 Plena:
2883 3742 3041 3790 erant
3073 3748 3216 3788 arcae
3249 3749 3260 3782 :
3293 3746 3421 3802 spes
3450 3732 3504 3785 in
3534 3729 3718 3792 oculis,
3746 3726 3810 3780 lu-

2234 3839 2356 3888 ctus
2395 3827 2447 3890 in
2481 3827 2752 3884 trionibus.
2796 3826 2906 3890 Sed
2941 3825 3046 3880 hoc
3093 3839 3310 3902 quoque
3342 3824 3527 3894 ipsum
3578 3818 3711 3894 quod
3739 3818 3809 3870 vix

2235 3918 2304 3978 de
2331 3921 2497 3978 multa
2538 3927 2723 3990 segete
2765 3928 2819 3974 et
2847 3917 3079 3974 infinitis
3107 3918 3319 3974 acervis
3357 3914 3540 3978 fuerat
3567 3915 3799 3977 electum,

2237 4013 2497 4070 intulistis
2542 4013 2595 4074 in
2640 4013 2882 4076 domum,
2931 4021 2986 4068 et
3019 4029 3137 4068 mea
3163 4013 3362 4068 virtute
3391 4012 3696 4082 diSpersum
3721 4013 3806 4068 cst,

2239 4103 2534 4164 Εκευίῖιεινί
2576 4104 2720 4160 enim
2770 4105 2927 4174 illud,
2959 4115 3015 4161 et
3042 4104 3230 4181 redegi
3276 4105 3342 4160 ad
3393 4104 3656 4166 nihilum;
3695 4095 3799 4169 quia

2239 4198 2567 4262 frumentum
2614 4207 2926 4260 emortuum
2964 4206 3019 4252 et
3051 4198 3208 4254 vacui
3241 4197 3491 4262 folliculi,
3539 4208 3655 4266 qua)
3683 4186 3805 4244 utilia

2238 4296 2354 4358 ββυί
2391 4295 2589 4364 llsunt,
2632 4294 2861 4356 farinam
2904 4303 2963 4352 et
2993 4291 3228 4350 similam
3262 4306 3368 4344 non
3400 4289 3686 4344 habebant.
3725 4281 3809 4344 Ρο-

2243 4396 2348 4450 test
2390 4395 2570 4450 autem
2614 4387 2718 4440 hoc
2747 4384 2889 4456 quod
2923 4384 3061 4442 dixit
3093 4401 3104 4437 :
3139 4381 3390 4438 intulistis
3418 4381 3472 4434 in
3519 4381 3735 4442 domum,
3770 4379 3807 4424 et

2243 4480 2519 4552 exsufﬂan
2547 4479 2702 4546 illud,
2736 4487 2791 4534 et
2815 4477 2883 4538 de
2913 4473 3156 4530 donariis
3186 4474 3355 4542 accipi
3386 4487 3508 4543 qua:
3537 4467 3808 4525 oliui-ebant

2162 4557 2217 4628 Β
2243 4573 2295 4632 in
2338 4572 2515 4638 altari,
2573 4580 2620 4624 rt
2656 4570 2794 4622 ἴδριες
2829 4568 3202 4623 tudila-terit
3233 4584 3319 4620 ea.
3371 4563 3476 4621 Sed
3511 4562 3633 4634 quia
3674 4555 3804 4621 dixit.

2242 4665 2503 4724 intulistis
2534 4666 2586 4728 in
2619 4663 2866 4732 domum,
2903 4662 2946 4715 si
2978 4675 3041 4716 ea
3087 4675 3205 4734 quae
3227 4658 3376 4712 illata
3410 4667 3561 4724 sunt,
3614 4647 3806 4707 donaria

2244 4761 2615 4834 intelligimus,
2665 4759 2851 4828 utique
2901 4757 2951 4820 in
2989 4754 3193 4830 templo
3247 4753 3429 4808 oblata
3463 4751 3706 4806 dicimus.
3751 4739 3806 4834 Et

2245 4869 2351 4907 non
2396 4833 2553 4906 nobis
2603 4857 2886 4920 congruet,
2929 4847 3056 4920 quia
3097 4861 3164 4903 eo
3203 4853 3449 4920 tempore
3499 4843 3688 4898 domus
3727 4833 3802 4890 Dei

2241 4947 2420 5012 adhuc
2451 4947 2712 5006 mdilicala
2743 4960 2849 5004 non
2877 4943 3055 5006 fuerat
3083 4940 3260 5018 :quod
3291 4939 3510 5012 quidem
3543 4930 3805 5008 usquelto-

2237 5042 2326 5104 die
2372 5043 2648 5118 plerisque
2695 5037 2990 5108 contingit,
3035 5038 3124 5114 qui
3181 5036 3428 5092 habitant
3481 5034 3535 5088 in
3591 5023 3804 5088 :rdiliciis

2239 5137 2561 5202 humilibus,
2598 5145 2654 5196 et
2684 5142 2945 5206 quantum
2981 5134 3034 5194 in
3066 5145 3127 5190 se
3149 5138 3252 5196 est,
3286 5127 3596 5200 destriciunt
3619 5119 3805 5178 desola-

2239 5236 2346 5288 tam
2375 5227 2597 5288 dotnum
2646 5225 2766 5290 Dei,
2805 5232 3012 5282 etcum
3045 5221 3254 5298 possint
3277 5220 3572 5285 mdiftcare,
3597 5222 3801 5278 contem-

2239 5330 2374 5380 nunt
2403 5330 2495 5382 :et
2544 5320 2698 5390 quasi
2723 5319 2832 5396 jam
2863 5318 3118 5380 videntes
3159 5323 3403 5370 maturas
3441 5321 3670 5385 segetes,
3710 5305 3802 5358 frur

2243 5425 2364 5472 ctus
2403 5413 2506 5472 sibi
2534 5427 2756 5470 suorum
2783 5425 3013 5482 operum
3061 5407 3474 5478 repromittunt,
3524 5413 3578 5460 et
3617 5400 3802 5456 fallente

2244 5519 2358 5575 spe,
2395 5519 2492 5574 pro
2539 5502 2747 5574 magnis
2789 5501 2875 5556 vix
2907 5515 3074 5572 parva
3123 5498 3427 5568 reperiunt.
3478 5496 3582 5554 Sed
3622 5502 3672 5550 et
3711 5488 3802 5544 hac

2245 5612 2351 5670 quo
2371 5575 2457 5674 (ue
2507 5611 2694 5668 parva,
2741 5609 2862 5667 qua:
2904 5592 3070 5668 ⁵148
3101 5593 3154 5648 ἱη
3205 5592 3426 5648 domum
3473 5607 3524 5648 et
3577 5591 3800 5645 horreum

609 5793 635 5820 α
674 5781 867 5852 Regin.
897 5793 1002 5836 ms.
1032 5793 1148 5852 qua:
1176 5777 1323 5832 utilia
1351 5778 1461 5831 esui
1491 5793 1591 5838 non
1627 5788 1745 5833 sunt
1775 5777 1988 5852 (suppl.
2021 5775 2314 5850 trahebant)
2338 5787 2384 5834 et
2406 5777 2633 5850 farinam
2655 5785 2701 5834 et
2719 5777 2944 5834 similam
2966 5791 3069 5833 non
3091 5775 3371 5838 habebant.
3437 5814 3448 5844 θ
