4050 6342
340 256 475 311 ίὸθτ

1159 253 1803 315 COMMENTARIORUII
1842 253 1913 314 ll
1949 253 2265 316 AGGEUM
2307 254 2530 317 UBER.
2566 253 2721 314 CAP.
2762 256 2803 317 l.

3489 257 3630 321 i598

336 369 532 421 mentis
578 368 979 435 condiderant,
1028 368 1395 424 exsufflantur
1422 385 1453 424 a
1493 384 1748 427 sermone
1796 369 1921 433 Dei,
1951 372 2003 433 Α
2033 368 2256 429 tulimus
2283 370 2565 429 siccitatem
2596 416 2611 439 ,
2662 371 2789 433 licet
2832 374 3029 437 melius
3058 376 3115 439 in
3148 385 3377 435 urentem
3418 386 3626 435 uentum

334 459 487 529 quasi
528 458 748 528 indigna
794 460 913 530 ejus
954 460 1198 521 custodia
1250 470 1410 531 atque
1458 461 1647 517 tutela.
1694 459 1924 527 Quoties

335 551 442 605 vidi
489 566 588 622 ego
617 561 726 607 tam
756 553 809 608 iu
849 553 1097 611 doctrina
1126 568 1286 621 quam
1328 553 1382 611 in
1411 551 1828 609 conversatione
1854 550 1926 611 de

333 644 659 714 quibus‘am
707 654 922 712 sperata
968 646 1198 715 plurima
1236 655 1330 702 :et
1371 657 1654 715 postquam
1700 654 1922 703 ventum

332 743 418 789 est
446 744 500 787 ut
529 734 793 790 haberent
827 744 1040 806 tempus
1066 732 1346 803 messium,
1378 738 1427 791 id
1451 745 1555 801 est,
1583 745 1796 805 tempus
1823 734 1924 791 do-

332 830 517 897 cendi,
547 832 828 901 vitamque
866 845 1023 889 suam
1053 830 1106 885 in
1137 830 1443 900 exemplum
1487 829 1730 899 przebere
1754 843 1925 899 popu—

332 922 529 988 lorum,
562 923 632 980 de
652 924 876 980 excelso
910 924 1302 994 prmcipitalos,
1335 934 1391 979 et
1421 924 1601 980 minus
1643 924 1924 979 inventum

332 1014 387 1071 in
418 1017 517 1081 eis,
542 1033 704 1087 quam
737 1016 924 1088 opinio
955 1017 1057 1071 sibi
1089 1018 1329 1073 omnium
1363 1018 1733 1088 promittebat.
1773 1017 1925 1077 Unde

331 1109 529 1165 accidit
560 1120 617 1164 ut
640 1110 921 1179 paulatim,
956 1110 1283 1179 negligentia
1313 1110 1667 1179 subrepente,
1700 1125 1922 1178 parvum

329 1219 541 1275 quoque
568 1205 747 1273 ipsum
774 1204 918 1274 quod
949 1204 1277 1263 videbantur
1324 1205 1549 1271 habere,
1603 1204 1921 1274 perderent.

332 1298 445 1354 Hoc
473 1308 650 1355 autem
676 1298 878 1355 idcirco
900 1298 1145 1369 perpessi
1172 1307 1317 1366 sunt,
1343 1300 1468 1367 quia
1498 1299 1675 1354 securi
1704 1297 1926 1357 fuerunt

326 1394 378 1447 in
416 1393 659 1463 pristinis
689 1393 943 1449 domibus
974 1394 1110 1458 suis.
1154 1408 1256 1449 nec
1282 1393 1648 1451 ascenderunt
1676 1391 1924 1461 Scriptu-

328 1501 513 1541 rarum
552 1494 816 1553 montem,
850 1484 1224 1545 tediiicatiouis
1253 1483 1322 1541 de
1360 1500 1426 1541 eo
1448 1483 1736 1541 dominica:
1779 1483 1919 1553 ligna

330 1577 625 1643 cmdcutes,
658 1593 759 1632 nec
803 1586 1199 1632 exstruxerunt
1238 1576 1290 1632 in
1322 1592 1380 1632 se
1406 1576 1652 1647 quotidie
1696 1576 1919 1635 domum

329 1671 570 1733 Domini;
601 1668 695 1725 sed
739 1668 1103 1738 despicientes
1146 1669 1265 1738 ejus
1291 1670 1715 1737 desolationem,
1748 1669 1911 1727 etiam

2034 460 2313 519 transferri
2344 461 2535 531 possit.
2568 462 2638 521 Et
2668 480 2867 525 revera
2897 470 3153 536 quoniam
3176 468 3452 531 sermode
3476 478 3625 531 terra

2031 564 2144 618 est,
2178 564 2234 614 et
2262 555 2330 612 de
2369 570 2624 625 agrorum
2653 556 2958 619 sterilitate
2982 601 2996 626 ,
3030 561 3201 632 magis
3241 559 3375 621 mihi
3408 559 3625 621 videtur

2029 655 2205 706 ventus
2232 664 2388 707 urens
2418 649 2471 705 in
2503 650 2755 717 prazsenti
2788 651 2909 709 loco
2942 653 3169 725 intelligi
3202 654 3424 725 debere,
3458 669 3618 726 quam

2028 739 2236 808 gladius
2266 757 2287 795 :
2316 740 2445 796 licet
2468 741 2649 801 omnis
2674 743 2833 814 plaga
2857 760 2979 815 qua:
3016 757 3239 817 propter
3272 756 3492 817 peccata
3516 746 3623 807 hov

2029 830 2267 885 minibus
2290 831 2579 901 inferatur,
2597 836 2770 904 possit
2794 846 2849 895 et
2877 850 2977 906 pro
3002 837 3183 909 gladio
3210 836 3618 911 accipiXocata

2028 930 2112 977 est
2138 932 2322 981 autem
2353 924 2593 995 siccitas,
2628 925 2749 983 sive
2772 928 2987 998 gladius
3013 946 3179 1001 super
3196 941 3426 1000 terram,
3455 941 3619 991 etsuv

2029 1029 2126 1084 per
2152 1024 2397 1087 montes,
2428 1026 2485 1071 ut
2510 1034 2619 1079 non
2651 1019 2934 1089 proferant
2967 1023 3232 1095 triticum,
3266 1032 3321 1083 et
3360 1025 3541 1083 vinum
3570 1033 3627 1085 et

2028 1107 2236 1175 oleum,
2255 1118 2311 1165 et
2332 1124 2687 1182 qua-cumque
2710 1123 2906 1182 sponte
2922 1122 3151 1183 generat
3173 1116 3387 1175 humus.
3412 1117 3625 1175 Praece-

2028 1201 2192 1256 dente
2223 1212 2401 1257 autem
2436 1204 2576 1259 fame
2596 1247 2611 1272 ,
2637 1217 3043 1276 consequenter
3071 1224 3238 1277 super
3268 1209 3545 1285 homines,
3570 1220 3628 1273 et

2027 1307 2194 1363 super
2226 1294 2471 1365 iumenta
2519 1311 2669 1355 mors
2714 1298 2885 1361 venit.
2920 1310 2940 1336 ε
2970 1298 3042 1359 Ει
3088 1300 3230 1361 idem
3275 1300 3488 1373 gladius
3538 1304 3627 1363 vel

2029 1397 2221 1444 ventus
2252 1403 2412 1447 urens
2438 1429 2454 1455 ,
2485 1390 2665 1447 omnia
2704 1406 2829 1466 qua:
2862 1406 3055 1453 manus
3091 1393 3368 1453 hominum
3415 1394 3631 1451 laborav

2028 1494 2182 1547 vere,
2210 1483 2505 1539 consumit.
2542 1481 2785 1543 Vocatur
2819 1484 3002 1563 itaque
3024 1485 3107 1539 vel
3139 1485 3418 1545 inducitur
3440 1487 3628 1553 vivens

2025 1587 2208 1629 sermo
2239 1574 2358 1643 Dei,
2386 1583 2441 1630 et
2483 1575 2676 1633 efﬁcax
2699 1619 2715 1646 ,
2740 1585 2796 1635 et
2830 1587 3027 1637 acutus
3058 1594 3225 1650 super
3257 1594 3474 1639 omnem
3506 1581 3628 1655 glae-

2023 1664 2171 1720 dium
2206 1665 2480 1738 bicipitem
2512 1666 2671 1737 (ch.
2704 1670 2806 1743 iv),
2841 1679 2901 1726 ut
2932 1672 3117 1731 anima
3148 1672 3436 1749 negligens
3463 1676 3482 1751 (
3508 1690 3627 1749 quae

326 1763 379 1818 id
410 1764 720 1833 perdidere,
748 1764 893 1833 quod
924 1779 982 1817 se
1010 1764 1212 1823 habere
1241 1764 1559 1823 credebant.
1608 1762 1918 1834 Supradicti
1950 1761 1997 1828 Β
2030 1767 2166 1812 terra
2201 1759 2597 1830 interpretatur
2623 1777 2811 1835 arens,
2853 1774 2910 1818 et
2950 1765 3122 1839 magis
3159 1766 3211 1820 in
3242 1766 3504 1827 concavis
3532 1766 3630 1825 ha-

325 1856 470 1910 enim
502 1855 628 1917 ntali
664 1855 781 1911 haec
812 1869 972 1911 causa
1008 1856 1274 1911 redditur.

395 1949 587 2021 (Veis.
622 1950 735 2021 10.)
763 1950 1129 2017 Quamobrem,
1154 1949 1277 2005 dicit
1300 1948 1557 2007 Dominus
1578 1950 1917 2019 exercituum,

326 2044 445 2112 quia
475 2044 657 2099 domus
685 2059 795 2107 mea
824 2043 1024 2097 deserta
1049 2053 1144 2107 est,
1165 2052 1214 2097 cl
1242 2058 1328 2101 vos
1360 2044 1616 2116 festinatis
1651 2043 1921 2115 unusquis-

325 2154 423 2208 que
450 2138 507 2191 in
531 2136 745 2195 domum
774 2152 944 2201 suam,
992 2148 1201 2208 prOptcr
1241 2136 1337 2193 Itoc
1370 2152 1530 2209 super
1558 2152 1643 2191 vos
1674 2136 1922 2207 prohibiti

326 2238 449 2283 sunt
482 2230 599 2284 ειειὶ
638 2246 699 2285 ne
734 2230 916 2283 darent
962 2246 1153 2298 rorem,
1185 2240 1229 2285 et
1262 2239 1397 2287 terra
1435 2230 1687 2287 continuit
1714 2229 1737 2307 [
1763 2229 1917 2305 Vulg.

326 2321 585 2393 prohibita
614 2331 687 2379 est
714 2340 774 2379 ne
803 2324 980 2389 daret]
1013 2339 1221 2393 germen
1248 2339 1419 2377 suum.
1451 2322 1569 2383 Non
1600 2323 1802 2389 solum,
1838 2324 1921 2381 in-

326 2415 463 2483 quit,
499 2414 619 2475 coeli
666 2414 905 2484 pluviam
953 2429 1060 2471 non
1117 2413 1403 2482 dederunt,
1458 2415 1652 2485 quibus
1696 2414 1920 2484 irrigata

329 2507 524 2569 humus
567 2506 756 2578 fruges
800 2506 957 2575 facit;
992 2505 1086 2561 sed
1120 2522 1188 2561 ne
1236 2521 1414 2562 rorem
1456 2506 1673 2577 quidem
1704 2507 1922 2563 matuti-

325 2616 477 2667 num,
512 2609 677 2670 atque
702 2610 1051 2665 nocturnum,
1090 2606 1147 2652 ut
1171 2608 1389 2657 arentes
1419 2598 1553 2669 agri,
1588 2600 1781 2655 saltem
1824 2600 1921 2651 lu:-

328 2708 481 2748 more
504 2693 720 2751 modico
751 2700 1207 2761 temperarentur.
1242 2690 1412 2749 Terra
1440 2707 1656 2761 quoque
1683 2690 1917 2746 devora-

326 2788 422 2854 vit,
465 2798 520 2843 et
567 2786 820 2857 agricolis
864 2804 969 2843 non
1020 2786 1297 2845 redditura
1345 2792 1667 2851 sementem,
1703 2792 1757 2841 et
1797 2800 1919 2860 qua:

326 2892 521 2952 sponte
566 2883 708 2939 solet
748 2882 992 2953 gignere.
1026 2896 1191 2935 avaro
1234 2881 1358 2939 sinu
1394 2882 1590 2937 tenuit.
1623 2879 1739 2950 Ego
1772 2878 1917 2934 hunc

326 2976 561 3031 arbitror
590 2990 712 3031 esse
745 2990 944 3045 rorem,
978 2974 1047 3029 de
1079 2989 1189 3043 quo
1219 2972 1273 3027 in
1305 2972 1694 3029 benedictione
1716 2972 1921 3027 dicitur

326 3066 393 3122 ad
424 3066 592 3124 Jacob
621 3084 631 3119 :
661 3065 759 3120 Det
788 3066 878 3120 tibi
912 3063 1048 3121 Deus
1080 3066 1143 3119 de
1165 3081 1281 3118 rore
1302 3065 1416 3120 caeli
1436 3063 1594 3136 (Gen.
1621 3064 1915 3137 xxv11,28),

2027 1850 2220 1918 hilare,
2245 1868 2409 1922 quam
2448 1852 2671 1913 domum
2702 1855 2794 1917 Dei
2846 1865 3137 1917 exstruere
3178 1857 3479 1930 dCSiderat)
3509 1860 3632 1935 ejus

2026 1958 2288 2003 mucrone
2316 1943 2564 2013 feriatur,
2590 1955 2646 2003 et
2670 1948 2934 2019 quidquid
2968 1947 3245 2011 fructuum
3272 1966 3330 2011 se
3357 1959 3512 2029 putat
3532 1951 3630 2011 ha-

2026 2036 2176 2102 bere,
2213 2037 2509 2107 disperdat.
2538 2038 2771 2099 infertur
2797 2041 2961 2097 etiam
2983 2042 3195 2111 gladius
3220 2058 3391 2121 super
3416 2055 3628 2105 montes

2022 2130 2299 2191 elevantes
2313 2146 2372 2186 se
2388 2132 2660 2190 adversus
2683 2134 2972 2195 scientiam
2988 2134 3103 2203 Dei,
3124 2144 3177 2192 et
3197 2151 3364 2208 super
3387 2136 3629 2201 frumen-

2025 2230 2161 2288 tum,
2187 2223 2462 2295 etvinum,
2480 2234 2535 2285 et
2564 2224 2771 2293 oleum,
2791 2226 2990 2303 quibus
3017 2227 3171 2298 quasi
3190 2228 3331 2283 cibis
3346 2239 3399 2284 et
3418 2238 3551 2307 potu
3572 2240 3629 2293 et

2024 2314 2344 2383 refectione,
2363 2316 2746 2377 hmreticorum
2773 2318 3134 2375 conciliabula
3154 2319 3397 2391 deceptis
3411 2310 3628 2399 populis

2023 2409 2376 2467 blandiuntur
2395 2429 2407 2465 :
2425 2410 2677 2480 Congrue
2690 2412 2808 2485 quis
2822 2412 3019 2471 dixerit
3034 2428 3226 2489 panem
3244 2412 3462 2468 illorum
3496 2428 3625 2471 esse

2023 2518 2217 2575 panem
2236 2505 2489 2573 luetus,ct
2502 2504 2741 2561 furorem
2757 2504 3055 2561 draconum
3072 2521 3193 2562 esse
3210 2506 3395 2565 viuum
3410 2522 3623 2581 eorum,

2024 2607 2077 2654 et
2098 2597 2339 2657 furorem
2364 2598 2611 2669 aspidum
2632 2599 2997 2663 insanabilem
3030 2618 3043 2654 :
3063 2598 3255 2661 Oleum
3278 2615 3513 2675 quoque,
3540 2616 3628 2657 re-

2026 2694 2445 2764 promissiouem
2475 2694 2542 2752 de
2561 2695 3022 2769 cmlestibus,quo
3044 2698 3195 2767 quasi
3230 2703 3441 2771 ungunt
3462 2694 3628 2749 disci-

2026 2786 2204 2854 pulos,
2230 2797 2284 2840 et
2312 2786 2557 2840 laborum
2587 2787 2812 2855 prmmia
2840 2788 3192 2857 pollicentur,
3224 2803 3349 2856 qua)
3385 2786 3626 2845 detesta-

2023 2881 2107 2933 tur
2152 2874 2414 2949 propheta
2440 2916 2456 2947 ,
2486 2874 2675 2933 dicens
2709 2892 2722 2929 :
2762 2875 2945 2933 Oleum
2994 2887 3170 2935 autem
3210 2877 3495 2947 peccatoris
3520 2894 3627 2931 non

2022 2968 2306 3037 impingite!
2333 2978 2485 3037 caput
2516 2984 2682 3021 meum
2706 2968 2721 3039 (
2749 2966 2899 3021 Psal.
2924 2966 3087 3040 CXL),
3120 2968 3229 3027 Sed
3268 2978 3327 3031 et
3352 2970 3466 3031 alia
3506 2984 3627 3041 quae

2023 3060 2228 3130 absque
2254 3060 2584 3117 auctoritate
2606 3069 2658 3115 et
2684 3061 3013 3117 testimoniis
3039 3060 3449 3139 Scripturarum
3469 3062 3626 3131 quasi

326 3170 379 3215 et
407 3175 588 3219 rorem
620 3160 858 3215 llermou
889 3159 982 3231 qui
1012 3157 1291 3219 descendit
1314 3174 1480 3229 super
1510 3167 1752 3215 montem
1783 3158 1915 3215 Sion
1942 3152 1988 3216 C
2026 3152 2319 3209 tradilione
2362 3153 2667 3223 apostolica
2710 3163 2911 3227 spente
2955 3154 3241 3229 reperiunt
3283 3161 3444 3229 atque
3490 3167 3627 3207 con-

327 3250 511 3322 (Psal.
544 3250 781 3323 cxxxu),
830 3234 1231 3317 etdescendit,
1285 3266 1390 3307 non
1438 3252 1505 3309 de
1537 3267 1665 3308 aere
1710 3253 1761 3309 in
1809 3268 1918 3324 quo

326 3346 611 3416 multiplex
647 3346 836 3405 volitat
863 3346 1163 3423 aquilarum
1193 3356 1246 3400 et
1288 3346 1608 3417 aetipitrum
1655 3357 1707 3400 et
1734 3346 1919 3403 vultu-

327 3456 444 3495 rum
472 3455 764 3509 numerus;
796 3440 889 3499 sed
916 3440 983 3497 de
1015 3440 1180 3505 ccelo,
1218 3448 1273 3493 ut
1303 3438 1348 3495 si
1371 3439 1525 3510 cujus
1556 3440 1734 3495 anima
1764 3439 1919 3497 ardet

327 3533 848 3601 perturbationibus,
899 3543 951 3591 et
994 3534 1173 3605 jaculo
1220 3533 1425 3590 diaboli
1476 3535 1761 3591 vulnerata
1808 3544 1912 3603 est,

325 3625 676 3695 refrigeretur
703 3626 807 3680 hoc
836 3643 979 3695 rore,
1012 3635 1068 3681 ct
1096 3638 1263 3685 tesms
1293 3640 1422 3683 suos
1463 3635 1747 3696 temperet.
1796 3629 1916 3695 Quo

328 3727 558 3783 retento,
590 3730 738 3781 terra
761 3735 975 3793 quoque
1001 3735 1105 3775 non
1150 3719 1306 3777 affert
1335 3736 1558 3791 germen
1590 3737 1769 3783 suum.
1812 3722 1917 3778 Ne-

325 3826 429 3879 que
460 3813 603 3866 enim
628 3812 745 3869 sine
779 3826 900 3869 rore
926 3811 1128 3871 Christi
1158 3820 1337 3889 potest
1368 3812 1472 3871 ulla
1504 3814 1684 3871 anima
1713 3813 1913 3879 alierre

324 3902 616 3958 frumenta.

393 3997 580 4068 (Vers.
621 3997 742 4068 11.)
788 3995 855 4057 Et
902 4000 1075 4055 vocavi
1113 4001 1393 4059 siccitatem
1433 4017 1588 4072 super
1619 4010 1830 4070 terram,
1865 4012 1914 4060 et

316 4109 473 4160 super
504 4100 720 4158 montes,
771 4103 818 4147 et
862 4110 1017 4163 super
1056 4096 1305 4161 triticum,
1348 4105 1395 4149 et
1422 4112 1574 4168 super
1615 4099 1809 4169 viuum,
1865 4110 1911 4153 ct

317 4202 470 4253 super
514 4188 707 4253 oleum,
745 4198 793 4243 et
829 4204 1163 4261 quotcumque
1202 4189 1400 4258 profert
1436 4192 1653 4257 titinius,
1685 4201 1730 4245 rt
1761 4209 1913 4264 super

315 4276 578 4341 homines,
619 4290 666 4334 et
706 4296 864 4353 super
903 4284 1175 4351 jumcnla,
1222 4294 1271 4335 rt
1308 4299 1464 4361 super
1511 4301 1713 4343 onlnem
1762 4287 1908 4341 fabor

316 4386 419 4423 rem
470 4386 739 4427 manuum.
790 4371 896 4426 Pro
942 4374 1172 4429 siccitate
1224 4374 1249 4401 ³
1306 4374 1656 4448 Septuaginta
1704 4381 1911 4454 μαχαί-

313 4481 428 4529 ραν,
473 4459 637 4537 749
690 4461 742 4521 id
802 4473 889 4519 est
914 4504 929 4529 ,
960 4464 1196 4535 gladium
1238 4468 1638 4525 transtulerunt
1675 4488 1687 4523 :
1721 4473 1819 4526 sed
1855 4484 1908 4529 et

2025 3246 2254 3318 fingunt,
2286 3246 2526 3317 percutit
2552 3245 2771 3321 gladius
2804 3246 2898 3300 Dei
2931 3262 2944 3309 ;
2981 3246 3228 3300 homines
3255 3253 3437 3300 autem
3466 3243 3629 3316 etju-

2023 3350 2225 3409 menta,
2242 3340 2325 3401 vel
2348 3341 2977 3415 λογισμοὺςειαίσθήσεις,
2994 3339 3047 3394 id
3073 3347 3179 3405 est,
3207 3340 3546 3413 cogitationes
3570 3347 3628 3397 et

2019 3453 2197 3491 sensus
2225 3450 2414 3489 eorum
2461 3435 2812 3505 accipiamus.
2848 3434 2949 3490 Vel
2998 3443 3149 3495 certe
3178 3435 3536 3491 rationabiles
3571 3437 3625 3500 in

2020 3534 2100 3589 eis
2128 3575 2141 3595 ,
2180 3540 2235 3587 et
2286 3529 2739 3596 irrationabiles,
2774 3527 2828 3583 id
2881 3538 2996 3601 est,
3032 3529 3225 3585 doctos
3269 3538 3322 3585 et
3374 3529 3627 3586 indoctos

2018 3627 2181 3701 750
2216 3628 2425 3697 pariter
2452 3666 2465 3695 ,
2496 3634 2549 3678 et
2577 3638 2795 3678 omnem
2826 3622 3072 3678 laborem
3124 3638 3384 3677 manuum
3410 3666 3425 3693 ,
3456 3632 3512 3677 ει
3532 3623 3623 3699 je-

2010 3722 2164 3792 junia
2191 3736 2401 3786 eorum,
2421 3729 2474 3775 et
2494 3717 2909 3777 observationes
2938 3718 3145 3789 varias,
3162 3728 3218 3774 et
3236 3716 3620 3791 chameuniae,

2018 3814 2125 3870 did
2172 3824 2288 3883 est,
2318 3813 2466 3875 humi
2508 3812 2894 3873 dormitiones.
2939 3810 3039 3883 Qui
3092 3811 3269 3871 tribus
3315 3810 3625 3889 quadrage-

2017 3908 2171 3963 simis
2188 3922 2283 3976 per
2298 3904 2843 3977 annumjejunantes,
2860 3913 2911 3961 et
2924 3905 3253 3985 ξηροφαγίαις
3268 3903 3621 3958 humiliantes

2016 4000 2249 4059 animum
2274 4015 2455 4066 suam,
2484 4009 2537 4055 et
2558 3998 2639 4053 vel
2670 3996 2905 4052 maxime
2922 3997 2992 4053 de
3018 3996 3232 4050 Tatiani
3262 3995 3445 4050 radice
3465 4009 3617 4049 cres-

2015 4102 2223 4161 centes,
2246 4107 2410 4162 super
2436 4088 2819 4160 hujuscemodi
2844 4088 3126 4144 laboribus
3154 4088 3380 4142 audiunt
3409 4106 3419 4141 :
3446 4085 3618 4145 Tanta

2016 4189 2156 4257 passi
2181 4188 2304 4249 estis
2324 4186 2440 4239 sine
2466 4199 2644 4245 causa.
2672 4183 2798 4237 llaec
2824 4189 3010 4236 autem
3043 4182 3299 4235 universa
3326 4196 3447 4251 quae
3472 4178 3616 4257 dixi,

2016 4291 2243 4353 possunt
2269 4282 2337 4338 de
2368 4279 2627 4343 Ecclesia:
2667 4277 2973 4339 rectoribus
3015 4274 3291 4347 intelligi,
3324 4274 3418 4349 qui
3450 4272 3612 4328 aedifi-

2015 4389 2200 4439 cantes
2231 4375 2503 4437 carnalem
2544 4374 2792 4441 domum,
2826 4371 3121 4440 liberisque
3170 4369 3284 4424 suis
3315 4376 3369 4423 et
3398 4382 3621 4440 posses-

2014 4472 2263 4527 siouibus
2292 4468 2683 4545 providentes,
2718 4480 2824 4523 non
2858 4472 3077 4534 curant,
3107 4463 3191 4523 vel
3222 4464 3273 4518 in
3305 4462 3499 4539 seipsis
3523 4480 3617 4523 ex-

319 4551 369 4603 in
403 4535 675 4609 llebraiCo
709 4553 885 4608 tribus
910 4551 938 4591 1)
969 4555 1167 4610 litteris
1196 4556 1460 4627 scriptum
1496 4562 1676 4631 reperi
1710 4562 1905 4637 (rm),
1938 4535 1989 4595 D
2014 4576 2226 4621 struere
2258 4535 2517 4633 templum
2567 4560 2699 4629 Dei,
2728 4560 2813 4621 vel
2856 4558 3161 4615 Ecclesium
3205 4535 3421 4619 Domitii
3448 4601 3465 4629 ,
3493 4574 3613 4635 qua)

312 4658 485 4711 nam,
512 4660 641 4713 uss,
673 4661 843 4714 nam,
874 4646 1019 4716 quod
1050 4648 1097 4707 si
1128 4664 1307 4707 nausa
1362 4650 1590 4721 legimus
1618 4696 1631 4723 ,
1674 4655 1911 4726 gladium

310 4750 470 4793 sonat
497 4757 510 4797 :
538 4740 581 4793 si
598 4755 757 4815 casn,
783 4742 1043 4817 καύσωμα
1064 4742 1174 4813 (Al.
1191 4746 1414 4817 καῦμα),
1439 4747 1585 4817 quod
1609 4762 1707 4805 nos
1732 4758 1910 4806 trans-

386 4926 410 4953 ει
454 4915 732 4995 Nihilth
777 4919 832 4972 in
878 4918 1009 4995 loco
1048 4919 1524 4994 llieronymianum
1558 4925 1698 4995 apud
1738 4926 1896 4982 liras-

315 5005 460 5069 mu_m
495 4997 549 5042 et
573 4989 1451 5069 Marianum,qui-etpoppaiavmt
1488 4989 1683 5068 καῦμα,
1706 4996 1895 5053 61·έοΟᾶ

310 5061 470 5136 verba
504 5070 828 5136 posuerunt,
858 5077 977 5136 quas
1016 5063 1066 5136 in
1104 5061 1251 5136 nulla
1296 5066 1483 5120 «inlice
1531 5061 1897 5136 mamiscripto

309 5133 564 5201 leguntur
594 5150 606 5185 :
631 5132 825 5193 deinde
867 5133 1129 5191 Hebraica
1169 5134 1418 5192 similiter
1458 5139 1758 5197 obtrudunt
1795 5132 1894 5201 suo

309 5219 479 5263 more,
513 5219 740 5273 quorum
768 5204 930 5258 lectio
957 5213 1009 5257 et
1034 5208 1345 5272 ponctuatio
1368 5212 1635 5269 contraria
1661 5219 1745 5264 est
1770 5213 1894 5266 llic-

310 5290 570 5352 ronymo;
598 5291 719 5330 nam
749 5275 821 5352 illi
848 5276 1036 5352 legunt
1063 5277 1269 5339 lihereb,
1296 5280 1386 5352 ubi
1420 5280 1477 5337 S.
1514 5280 1711 5336 Doctor
1740 5283 1892 5352 lege-

309 5344 396 5399 bal
431 5362 625 5419 unus,
659 5358 709 5401 et
734 5344 964 5419 gladium
992 5346 1449 5417 interpretaba'ur
1480 5369 1490 5403 :
1524 5353 1610 5405 ubi
1637 5370 1768 5408 vero
1797 5344 1892 5409 ille

310 5418 519 5493 legebat
554 5417 746 5493 Ιζενεὺ,
780 5420 859 5473 vel
890 5418 1042 5493 Orci),
1069 5421 1218 5488 juxta
1244 5421 1489 5493 quurdum
1538 5426 1893 5493 exemplaria,

310 5489 358 5541 id
406 5501 510 5556 εει,
562 5490 866 5551 siccitatem,
923 5490 995 5544 illi
1030 5502 1329 5559 posuerunt
1380 5492 1594 5553 ΙιΙιονιὺ.
1640 5489 1728 5551 ιε’,
1752 5507 1897 5551 ostra

308 5560 487 5628 itaque
505 5562 775 5639 prasenti
811 5561 1047 5617 editione
1080 5562 1233 5639 locus
1263 5563 1741 5639 Sotihonitesupra
1772 5584 1894 5639 cap.

310 5646 361 5707 ξιι
394 5630 749 5707 explicandus
793 5642 983 5707 cst,_et
1013 5636 1311 5707 castigandi
1353 5636 1525 5691 critici
1565 5630 1896 5707 Scriptores,

314 5703 608 5776 Dochartus
632 5702 858 5765 scilicet,
887 5703 1177 5768 Sitnonius,
1203 5719 1255 5759 et
1278 5707 1453 5776 aliqua
1488 5719 1636 5776 parte
1663 5702 1899 5768 Joannes

317 5774 562 5842 Drusius,
595 5788 823 5845 quorum
852 5776 1074 5832 memini
1105 5784 1235 5833 tom.
1270 5777 1333 5833 ll.
1371 5774 1557 5834 nm.

2020 4670 2041 4694 ο
2071 4660 2269 4713 intecta
2296 4667 2347 4711 et
2379 4657 2557 4713 diruta
2585 4662 2689 4721 est,
2723 4654 3033 4714 instaurare
3060 4665 3326 4729 ;quorum
3344 4653 3615 4727 Stepcvila

2015 4762 2063 4804 et
2098 4762 2275 4806 sermo
2323 4748 2653 4821 incongruus
2708 4744 3051 4803 scandalizat
3108 4743 3403 4817 plurimos,
3436 4753 3492 4799 et
3540 4742 3610 4807 de

2077 4928 2099 4965 δ
2130 4928 2327 4983 hercle
2355 4942 2474 4997 quae
2502 4924 2749 4995 superius
2776 4924 2841 4977 ad
2867 4923 3163 4997 Sephonire
3181 4938 3303 4994 cap.
3335 4939 3395 4992 li,
3420 4923 3489 4997 de
3514 4938 3608 4997 va-

2003 5001 2077 5055 ria
2112 5000 2337 5064 huiusce
2364 4994 2614 5051 vocabuli
2652 4996 3100 5066 pronuntiatione
3132 5036 3144 5060 ,
3178 5003 3339 5066 atque
3366 4995 3503 5050 adeo
3531 4994 3606 5051 si-

2001 5071 2260 5141 gnificatu
2293 5071 2671 5125 observamus.

2079 5156 2097 5179 ε
2133 5142 2189 5199 In
2223 5142 2415 5211 Regio.
2449 5155 2551 5199 ms.
2584 5156 2723 5199 mors
2747 5140 2977 5209 venit,id
3006 5147 3101 5211 est,
3122 5136 3353 5211 gladius,
3373 5138 3453 5192 vel
3482 5154 3603 5193 vcn-

2002 5223 2080 5266 tus
2112 5230 2285 5279 urens,
2309 5208 2415 5267 etc.
2439 5212 2607 5266 Paulo
2633 5226 2848 5282 quoque
2871 5222 3012 5281 post,
3038 5208 3271 5281 gladium
3299 5211 3599 5280 ancipitem,

2002 5301 2097 5357 pro
2126 5285 2385 5357 bicipitem
2402 5325 2417 5347 ,
2452 5285 2666 5357 legitur,

2071 5354 2095 5392 '1
2129 5352 2405 5410 Glossema
2440 5352 2617 5415 istud,
2647 5354 2706 5406 id
2738 5362 2832 5417 est,
2867 5354 3009 5406 humi
3038 5355 3398 5417 dormitiones,
3433 5352 3598 5421 Regi-

2000 5444 2086 5483 nae
2134 5443 2235 5483 ms.
2268 5428 2391 5482 Mox
2440 5430 2764 5502 ξηροφαγίαις
2816 5425 3162 5495 reposuimus
3214 5440 3282 5481 ex
3333 5439 3466 5485 mss.
3502 5438 3599 5494 pro

2000 5502 2341 5576 ξηροφαγίοις.

2077 5582 2100 5609 υ
2136 5572 2502 5627 lluscribimus
2530 5570 2717 5623 inlecta
2744 5583 2812 5625 ex
2852 5568 3048 5637 ilegiu.
3084 5582 3184 5625 ms.
3220 5582 3320 5639 pro
3347 5566 3602 5639 qnovulp

2002 5646 2106 5708 gati
2140 5643 2261 5697 libri
2295 5645 2484 5711 infecta
2532 5640 2923 5709 praeferebant.
2955 5641 3074 5697 Mox
3118 5638 3262 5699 idem
3306 5654 3410 5695 ms.
3454 5638 3600 5711 bono

2002 5730 2157 5839 :(uqne
2186 5710 2388 5781 sensu,
2417 5728 2636 5783 quorum
2664 5721 2710 5767 et
2754 5712 2867 5769 vitas
2896 5728 3062 5770 sermo
3093 5728 3350 5784 congruas
3377 5710 3601 5771 scandav

2028 5794 2148 5839 tzal.
2173 5795 2281 5839 etc.

2028 5794 2148 5853 καί,
2173 5795 2281 5841 ctc.
