4028 6342
476 285 620 343 1599
1725 274 1783 333 S.
1827 270 2102 332 EUSEBII
2138 270 2525 331 BIERONYMI
3638 274 3773 333 i400

478 399 723 454 Ecclesia
778 396 929 468 ejicit
952 437 970 463 ,
1000 403 1055 451 et
1082 394 1149 450 ad
1192 390 1546 450 solitudinem
1578 389 1827 461 perducit
1854 389 2075 444 domum
2104 391 2160 452 Α
2183 386 2419 456 Domini,
2453 389 2516 444 de
2544 388 2740 444 nuntiis
2771 390 2986 444 Domini
3011 430 3026 456 ,
3054 389 3164 445 tale
3205 397 3289 446 est
3314 389 3471 461 quasi
3519 389 3769 457 dixisset,

478 493 599 548 Dei.
632 491 742 547 Nec
774 491 893 545 hwc
920 489 1154 544 dicimus
1176 501 1286 557 quo
1314 486 1606 541 universos
1634 483 1962 556 generaliter
1984 498 2075 539 ac-

474 598 753 651 cusemus,
783 581 880 637 sed
910 580 1058 652 quod
1088 580 1141 634 in
1174 579 1321 633 omni
1347 576 1531 632 officio
1558 584 1614 632 et
1641 575 1815 647 gradu
1845 576 1954 630 sint
1982 575 2073 629 alii

475 678 565 748 qui
598 676 891 744 aedificent,
916 683 971 730 et
996 673 1087 729 alii
1120 672 1214 744 qui
1246 673 1535 727 destruant
1569 670 1834 740 templum
1864 668 1993 734 Dei,
2020 676 2076 724 et

470 783 695 841 propter
724 785 915 826 eorum
947 770 1140 823 vitium
1169 784 1270 823 nec
1296 768 1424 822 coeli
1456 781 1662 833 rorem,
1689 780 1788 821 nec
1815 776 1958 821 terra
1980 764 2074 820 det

470 880 721 935 germen,
754 865 995 920 siccetur
1022 863 1223 918 humus
1246 904 1259 927 ,
1290 870 1507 916 montes
1535 870 1726 915 areant
1753 904 1768 927 ,
1802 860 2071 927 triticum,

469 966 526 1014 et
554 958 763 1025 oleum,
796 964 851 1012 et
879 955 1062 1011 omnia
1095 971 1215 1025 qua:
1246 963 1390 1009 terra
1425 953 1630 1023 gignit,
1658 952 1907 1007 homines
1936 966 2073 1022 quo-

469 1066 575 1121 que
603 1052 705 1120 ipsi
732 1061 784 1105 et
811 1050 1081 1121 jumenta,
1104 1057 1159 1103 et
1184 1048 1473 1103 universus
1492 1048 1649 1102 labor
1675 1061 1954 1116 manuum,
1986 1060 2073 1101 se-

470 1155 631 1201 cante
674 1143 890 1215 gladio,
925 1153 981 1198 et
1011 1143 1259 1199 siccitate
1280 1183 1295 1210 ,
1321 1143 1407 1197 vel
1435 1150 1601 1197 vento
1634 1151 1829 1196 urente
1857 1140 2070 1211 disper-

476 1247 625 1295 eant.

541 1333 724 1405 (Vers.
754 1333 868 1403 15.)
896 1332 963 1386 Et
991 1332 1190 1387 audivit
1219 1328 1508 1384 Zorobabel
1530 1330 1675 1399 filius
1707 1328 1991 1394 Salatltiel,
2022 1338 2069 1382 et

468 1428 625 1481 Jesus
645 1427 785 1495 ﬁlius
805 1425 1028 1481 Josedec
1052 1426 1294 1479 sacerdos
1317 1440 1555 1495 magnus,
1572 1433 1621 1479 et
1644 1439 1817 1477 omnes
1839 1423 2072 1493 reliquia:

474 1528 654 1599 papuli
682 1541 857 1579 vocem
900 1522 996 1576 Dei
1023 1522 1219 1593 (Vulg.
1254 1519 1410 1575 addit
1441 1519 1676 1587 Domini)
1706 1518 1811 1585 sui,
1842 1526 1887 1571 et
1918 1516 2070 1569 verba

466 1618 645 1688 Agga’i
668 1616 954 1687 prophetw,
974 1616 1108 1669 sicut
1129 1614 1269 1667 ntisit
1298 1630 1415 1666 eum
1438 1611 1694 1665 Dominus
1716 1609 1864 1664 Deus
1892 1626 2069 1664 eorum

464 1711 535 1763 ad
564 1727 647 1764 eos
668 1752 684 1777 ,
718 1719 765 1763 et
797 1709 966 1763 timuit
1016 1708 1241 1779 populus
1264 1723 1296 1759 a
1326 1706 1461 1775 facie
1496 1702 1727 1758 Domini.
1764 1703 2067 1773 Diligenter

2174 483 2446 556 propheta
2474 485 2545 542 de
2576 484 2874 556 prophetis.
2903 484 3058 554 Quod
3083 485 3180 555 ait,
3208 487 3420 541 nuntius
3437 484 3656 541 Domini
3680 503 3772 558 po-

2175 581 2300 652 pulo
2326 581 2500 635 dicens
2531 597 2550 635 :
2581 578 2695 653 Ego
2726 581 2987 636 vobiscum
3012 598 3157 650 sum,
3185 583 3312 636 dicit
3338 580 3595 636 Dominus
3619 628 3633 651 ,
3668 597 3773 638 non

2177 675 2416 747 loquitur
2440 676 2506 731 ad
2553 676 2859 732 Zorobabel
2889 686 2944 731 et
2975 676 3160 731 Jesum
3188 718 3204 745 ,
3237 693 3359 731 cum
3388 676 3594 747 quibus
3622 686 3678 731 et
3721 677 3771 731 in

2175 769 2372 839 quibus
2402 785 2621 839 semper
2646 779 2767 826 erat
2794 770 3060 825 Dominus
3089 771 3285 841 (semel
3315 773 3463 827 enim
3496 785 3590 825 eos
3630 768 3769 824 dixi-

2175 877 2297 917 mus
2322 864 2617 919 secundum
2642 864 2885 919 diversas
2909 862 3298 932 intelligentias
3321 863 3374 917 in
3400 877 3635 932 persona
3656 859 3773 917 Sal-

2174 958 2378 1011 vatoris
2403 957 2627 1027 accipi),
2657 957 2753 1012 sed
2787 957 2856 1012 ad
2891 956 3149 1027 populum
3179 956 3272 1028 qui
3293 957 3550 1012 timuerat
3582 971 3614 1009 a
3638 956 3773 1012 facie

2176 1049 2409 1105 Domini.
2444 1049 2581 1118 Quia
2608 1050 2845 1119 populus
2867 1058 2988 1106 erat
3008 1090 3024 1118 ,
3057 1049 3290 1106 necdum
3320 1050 3387 1105 ad
3423 1050 3518 1105 Dei
3550 1058 3773 1105 venerat

2174 1142 2497 1198 charitatem
2530 1184 2545 1209 ,
2578 1159 2701 1214 quae
2757 1143 2909 1198 foras
2991 1144 3159 1199 mittit
3231 1144 3509 1200 timorem.
3564 1144 3771 1215 Accipit

2174 1248 2306 1305 ergo
2325 1235 2558 1304 populus
2588 1250 2688 1305 pro
2715 1234 2811 1290 Dei
2841 1236 3039 1291 timore
3066 1236 3398 1301 mercedem,
3431 1246 3491 1291 ut
3512 1236 3769 1293 Dominus

2174 1342 2294 1382 cum
2327 1327 2431 1381 illis
2461 1328 2549 1395 sit,
2584 1338 2639 1383 et
2666 1338 2752 1383 est
2778 1343 3013 1385 sensus:
3050 1329 3162 1400 Ego
3186 1344 3284 1386 ero
3318 1340 3503 1385 vester
3531 1330 3768 1399 adjutor,

2172 1422 2438 1478 aedificate
2463 1423 2686 1478 domum
2716 1438 2918 1501 meam,
2938 1438 3060 1495 quae
3087 1426 3140 1479 in
3166 1424 3323 1479 vobis
3348 1423 3634 1479 destructa
3655 1432 3764 1478 est:

2173 1532 2261 1572 me
2289 1518 2340 1572 in
2380 1516 2561 1573 medio
2587 1518 2755 1574 vestri
2788 1518 3090 1574 constituto
3113 1561 3127 1586 ,
3162 1533 3323 1574 nemo
3348 1518 3768 1574 aedificationem

2171 1623 2410 1667 vestram
2435 1613 2731 1682 prohibere
2756 1615 2979 1684 poterit.

2246 1706 2439 1778 (Vers.
2474 1709 2562 1763 M.
2588 1708 2608 1780 )
2638 1707 2708 1761 Et
2735 1707 2999 1763 suscitauit
3040 1704 3299 1760 Dominus
3328 1706 3576 1777 spiritum
3607 1705 3769 1761 loro.
3866 1770 3871 1779 Α

461 1802 714 1867 attende,
747 1812 979 1872 propter
1021 1800 1157 1854 duas
1203 1798 1597 1868 itttelligemias
1653 1796 1956 1853 Salvatoris
2008 1794 2063 1849 in
2094 1786 2143 1847 Β
2172 1802 2341 1867 babet,
2369 1803 2468 1873 filii
2490 1801 2772 1870 Satathiet,
2799 1802 2947 1856 ducis
2973 1800 3115 1856 Juda
3137 1846 3151 1870 ,
3175 1813 3224 1855 et
3246 1803 3491 1873 spiritum
3522 1800 3652 1855 Iesu
3674 1800 3768 1870 ﬁlii

464 1893 773 1951 Zorobabel
805 1893 947 1949 duce
977 1902 1031 1947 ct
1054 1893 1184 1947 Jesu
1217 1890 1503 1946 sacerdote
1532 1888 1685 1960 (ipse
1715 1889 1863 1944 enim
1890 1898 1943 1944 et
1972 1903 2067 1945 rex

466 2001 551 2045 est
576 1998 631 2045 et
662 1985 970 2058 sacerdos),
1003 1987 1148 2058 quod
1183 2000 1291 2041 non
1318 1985 1537 2050 dixerit,
1564 1984 1866 2040 Zorobabel
1894 1995 1947 2039 et
1974 1984 2066 2040 Je-

464 2098 560 2138 sus
588 2085 932 2151 timuerunt,
969 2080 1096 2147 sed,
1131 2078 1480 2133 audientibus
1508 2077 1814 2133 Zorobabel
1842 2088 1895 2133 et
1936 2077 2067 2133 Jesu

466 2184 523 2230 et
558 2176 758 2246 populo
796 2174 967 2229 verba
999 2172 1187 2244 Aggtei
1234 2172 1516 2242 praphetm
1543 2216 1558 2240 ,
1584 2186 1706 2242 quae
1748 2171 1913 2227 verba
1943 2180 2071 2226 sunt

461 2271 704 2337 Domini,
731 2270 883 2324 solus
910 2268 1151 2343 populus
1176 2266 1359 2322 timuit
1380 2282 1409 2319 a
1439 2265 1579 2320 facie
1611 2265 1846 2333 Domini,
1877 2263 1931 2319 id
1961 2273 2063 2331 est,

463 2364 580 2421 sola
613 2362 942 2427 multitudo,
974 2377 1095 2432 quae
1125 2360 1362 2415 necdum
1392 2359 1446 2413 in
1476 2373 1641 2414 unum
1677 2367 1731 2412 et
1763 2357 2064 2428 perfectum

465 2458 643 2511 virum
675 2465 949 2523 venerat,
1009 2469 1116 2510 nec
1166 2453 1387 2524 spiritui
1442 2452 1732 2521 copulatus
1788 2452 1841 2505 id
1890 2460 2069 2506 “esse

466 2554 669 2609 meruit
699 2550 844 2621 quod
869 2550 1120 2620 spiritus.
1154 2548 1356 2604 Timuit
1386 2556 1567 2603 autem
1599 2547 1832 2617 populus
1872 2562 1902 2602 a
1927 2546 2067 2603 facie

464 2646 682 2700 Domini
713 2686 728 2712 ,
763 2644 945 2700 sciens
975 2642 1116 2715 quod
1162 2643 1335 2698 facies
1366 2643 1580 2697 Domini
1611 2658 1775 2713 super
1804 2641 2065 2698 facientes

464 2741 627 2806 mala,
658 2750 716 2795 ut
745 2740 939 2811 perdat
976 2737 1045 2794 de
1094 2747 1239 2793 terra
1270 2736 1590 2792 memoriam
1642 2751 1831 2792 eorum
1866 2734 2060 2809 (Psal.

466 2848 686 2887 XXXIII).

542 2848 637 2886 xm
672 2872 686 2885 .

537 2833 724 2993 (Veis.
754 2924 868 2995 15.)
900 2922 968 2978 Et
992 2924 1129 2979 dixit
1181 2923 1403 2994 Aggazus
1445 2923 1659 2977 nuntius
1710 2921 1923 2976 Domini
1956 2963 1969 2987 ,
2001 2923 2066 2977 de

467 3021 664 3075 nuntiis
696 3020 855 3092 751
885 3018 1139 3086 Domini,
1165 3018 1357 3089 papqu
1392 3017 1567 3072 dicens
1598 3033 1617 3071 :
1648 3016 1762 3089 Ego
1799 3016 2065 3071 vobiscum

462 3133 602 3181 sum,
635 3117 761 3170 dicit
803 3112 1077 3169 Dominus.
1106 3112 1135 3152 ιι
1183 3112 1414 3180 Quidam
1459 3121 1651 3183 putant
1699 3120 1755 3168 et
1795 3112 2059 3167 Joannem

2169 1893 2389 1950 Josedec
2417 1896 2707 1950 sacerdotis
2752 1896 2957 1966 magni,
2992 1894 3153 1967 752
3181 1904 3231 1949 et
3259 1896 3502 1966 spiritum
3545 1895 3769 1964 reliquo-

2170 2008 2285 2045 rum
2318 1991 2380 2044 de
2418 1991 2558 2045 omni
2604 1990 2799 2060 populo
2839 2005 2855 2043 :
2891 1999 2937 2043 et
2980 1990 3195 2060 ingressi
3234 1998 3392 2055 sunt,
3418 1997 3463 2042 et
3511 1988 3766 2059 faciebant

2172 2102 2302 2155 Opus
2328 2085 2382 2138 in
2405 2084 2579 2151 domo,
2604 2083 2817 2138 Domini
2844 2083 3162 2139 exercituum
3187 2081 3287 2136 Dei
3311 2082 3391 2135 sui
3416 2098 3435 2136 :
3457 2082 3512 2135 in
3533 2082 3618 2134 die
3643 2082 3767 2136 uice-

2170 2181 2301 2237 sima
2331 2190 2519 2251 quarta
2549 2179 2758 2245 mensis,
2781 2179 2837 2233 in
2866 2186 3010 2232 sexto
3038 2193 3234 2242 mense,
3265 2177 3320 2231 in
3360 2192 3500 2231 anno
3545 2175 3764 2229 secundo

2172 2274 2321 2329 Darii
2366 2276 2521 2345 regis.
2557 2274 2662 2329 Pro
2693 2273 2831 2329 duce
2861 2271 3000 2329 Juda
3032 2312 3046 2337 ,
3074 2270 3426 2342 Septuaginta
3481 2267 3767 2324 transtule-

2172 2379 2318 2437 runt,
2352 2369 2416 2422 de
2443 2367 2579 2421 tribu
2616 2365 2762 2421 Juda
2787 2408 2802 2434 ,
2836 2374 2890 2421 et
2937 2381 3035 2436 pro
3082 2380 3247 2436 opere
3269 2406 3284 2429 ,
3306 2373 3468 2434 Opera
3512 2378 3530 2415 :
3571 2370 3765 2417 uetera

2170 2461 2445 2519 similiter.
2479 2460 2821 2531 Ubicumque
2846 2468 3028 2514 autem
3056 2472 3159 2513 nos
3183 2456 3457 2529 ponimus,
3486 2452 3764 2508 Dominum

2170 2556 2510 2621 exercituum,
2544 2554 2623 2609 illi
2655 2554 2873 2609 diverse
2902 2563 2994 2607 aut
3024 2551 3308 2606 Dominum
3336 2549 3759 2620 omnipotentem,

2168 2661 2261 2705 aut
2292 2648 2577 2703 Dominum
2602 2649 2842 2715 sabaoth,
2876 2657 2968 2702 aut
2998 2645 3279 2701 Dominum
3323 2645 3573 2699 virtutum
3601 2644 3762 2697 inter-

2170 2751 2470 2814 pretantur.
2500 2740 2805 2798 Suscitatur
2836 2756 2966 2811 ergo
2997 2739 3218 2811 spiritus
3248 2737 3552 2794 Zorobabel
3578 2747 3635 2792 et
3658 2736 3763 2807 spi-

2168 2838 2303 2893 ritus
2332 2837 2502 2905 Jesu‘,
2535 2837 2753 2893 interim
2785 2834 3082 2891 secundum
3115 2835 3351 2890 litteram
3379 2880 3394 2902 ,
3428 2844 3489 2888 ut
3537 2848 3759 2902 regnum

2168 2942 2221 2988 et
2249 2931 2616 2987 sacerdotium
2668 2929 2939 2985 aedificent
2980 2927 3242 2999 templum
3296 2928 3411 2983 Dei.
3441 2925 3762 2998 ,Suscitatur

2168 3025 2333 3080 etiam
2362 3024 2586 3094 spiritus
2617 3022 2820 3094 populi,
2856 3021 2946 3092 qui
2972 3021 3023 3076 in
3052 3022 3131 3076 cis
3153 3030 3281 3075 ante
3305 3019 3760 3085 dormiebat,non

2167 3132 2366 3189 corpus
2390 3160 2405 3186 ,
2440 3133 2545 3173 non
2578 3117 2759 3172 anima
2785 3132 2801 3183 ;
2836 3115 2930 3170 sed
2973 3124 3033 3170 ut
3071 3114 3305 3169 diximus
3328 3155 3345 3181 ,
3376 3115 3605 3185 Spiritus
3630 3155 3645 3179 ,
3676 3113 3761 3182 qui

462 3209 788 3278 Baptislam,
823 3220 879 3263 et
908 3207 1227 3262 Malacltiam
1246 3247 1262 3274 ,
1290 3206 1383 3276 qui
1416 3205 1807 3276 interpretatur
1833 3206 2063 3279 Angcius
2092 3185 2138 3249 Ο
2170 3185 2342 3281 magis
2374 3185 2651 3266 {ediﬁcare
2692 3212 2795 3265 scit
2824 3208 3081 3277 templum
3117 3208 3233 3263 Dei.
3263 3206 3332 3261 Et
3361 3208 3604 3279 ingressi,
3630 3207 3763 3262 furis

466 3301 700 3369 Domini,
727 3309 781 3355 et
808 3304 1062 3372 Aggzeum
1076 3315 1238 3370 quem
1264 3314 1407 3354 nunc
1428 3298 1699 3352 habemus
1720 3299 1771 3353 in
1790 3299 2060 3365 manibus,

463 3393 634 3447 fuiSse
660 3391 916 3463 angelos,
948 3399 1005 3447 et
1035 3391 1103 3446 ob
1156 3390 1617 3459 dispensationem
1667 3398 1723 3445 et
1756 3390 2060 3461 iussionem

464 3485 560 3541 Dei
584 3486 948 3554 assumpsisse
977 3483 1217 3538 humana
1242 3498 1472 3552 corpora
1493 3525 1508 3549 ,
1534 3490 1589 3537 et
1617 3483 1761 3538 inter
1810 3484 2061 3538 homines

461 3587 839 3634 conversatos.
872 3577 981 3633 Nec
1011 3576 1209 3631 mirum
1246 3576 1348 3631 hoc
1382 3577 1452 3631 de
1482 3576 1691 3647 angelis
1721 3576 1866 3633 credi
1895 3618 1909 3643 ,
1935 3592 2059 3632 cum

462 3688 566 3741 pro
592 3672 767 3727 salute
796 3680 983 3727 nostra
1007 3672 1171 3727 etiam
1202 3670 1373 3727 Filius
1403 3656 1503 3727 Dei
1540 3671 1837 3727 humanum
1861 3687 2062 3744 corpus

462 3765 823 3835 assumpserit
856 3783 868 3818 :
903 3774 957 3821 et
987 3764 1057 3820 ob
1093 3763 1235 3820 hanc
1262 3779 1484 3821 causam
1510 3767 1675 3821 etiam
1719 3768 1787 3823 de
1825 3782 2061 3841 apocry-

460 3857 587 3928 phis
614 3858 865 3927 praebent
888 3857 1389 3926 testimonium,ubi
1419 3858 1624 3913 dicitur
1645 3876 1656 3913 :
1679 3858 1837 3926 Quod
1867 3861 2057 3926 Jacob,

459 3951 553 4021 qui
585 3962 770 4020 postea
801 3961 1028 4006 vocatus
1055 3960 1140 4005 est
1163 3950 1353 4017 lsrael,
1373 3951 1600 4020 angelus
1625 3950 1808 4016 fuerit,
1831 3962 1884 4008 et
1904 3968 2062 4023 prop-

460 4052 610 4098 terea
653 4044 1095 4113 supplantaverit
1141 4042 1361 4098 fratrem
1396 4044 1449 4099 in
1483 4055 1673 4100 ventre
1704 4047 1899 4101 matris
1945 4062 2059 4102 suae

463 4136 1022 4207 (Gen.xxvetxxxn).
1042 4137 1307 4191 Joannem
1332 4150 1555 4207 quoque
1578 4138 1643 4193 ad
1663 4152 1852 4193 vocem
1877 4139 2059 4196 Mariae

462 4230 655 4285 matris
670 4230 910 4293 Domini,
926 4229 1234 4285 exsultasse
1251 4230 1303 4284 in
1320 4240 1478 4285 utero
1496 4230 1780 4286 Elizabetli
1799 4231 2054 4307 (Lucret):

458 4332 516 4378 et
568 4323 811 4379 omnium
867 4322 1274 4377 rationabilium
1307 4339 1470 4377 unam
1510 4340 1633 4379 esse
1678 4334 1970 4382 naturam:
2003 4338 2058 4383 et

458 4414 529 4469 ob
579 4414 715 4468 hanc
777 4430 1003 4469 causam
1061 4414 1311 4469 homines
1362 4416 1453 4486 qui
1526 4417 1852 4486 placuerunt
1902 4420 2052 4489 Deo,

456 4507 695 4576 aequales
724 4507 935 4577 angelis
960 4508 1105 4563 fieri.
1131 4506 1246 4563 Hoc
1270 4506 1349 4561 illi
1374 4508 1632 4563 sentiant.
1658 4509 1927 4565 Caeterum
1954 4527 2055 4568 nos

2167 3305 2310 3360 enim
2340 3304 2579 3369 fuerant,
2614 3302 2874 3375 faciebant
2896 3318 3073 3375 Opera,
3096 3318 3214 3371 quae
3236 3302 3400 3373 digna
3426 3312 3585 3357 erant
3607 3316 3763 3372 pene-

2167 3398 2397 3455 tralibus
2428 3399 2623 3453 domus
2652 3397 2907 3452 Domini:
2940 3398 2995 3451 in
3024 3395 3216 3452 eodem
3248 3411 3390 3451 anno
3442 3396 3591 3452 Darii
3623 3396 3762 3467 regis

2164 3506 2272 3563 quo
2302 3500 2355 3546 et
2384 3505 2571 3560 supra,
2598 3490 2649 3544 in
2673 3504 2738 3545 eo
2763 3503 2952 3543 mense
2982 3488 3070 3558 qui
3098 3495 3152 3543 et
3181 3488 3232 3543 in
3258 3488 3530 3560 principio
3555 3489 3762 3559 positus

2164 3595 2285 3653 est;
2316 3585 2412 3641 sed
2446 3601 2550 3640 non
2582 3585 2638 3639 in
2669 3584 2862 3639 eodem
2896 3583 3005 3639 die.
3032 3583 3108 3638 lbi
3142 3583 3284 3638 enim
3306 3598 3446 3639 unus
3470 3582 3594 3639 dies
3613 3599 3764 3639 men-

2164 3680 2241 3735 sis
2271 3677 2493 3749 ponitur
2526 3696 2537 3731 :
2576 3676 2664 3733 hic
2702 3692 2834 3732 vero
2878 3676 3169 3731 vicesimus
3216 3686 3442 3747 quartus
3467 3722 3482 3743 ,
3518 3686 3575 3732 ut
3625 3677 3763 3732 inter

2163 3773 2399 3844 primum
2429 3771 2591 3837 diem,
2624 3785 2731 3842 quo
2762 3770 3026 3826 Dominus
3066 3769 3307 3840 loquitur
3336 3784 3436 3838 per
3463 3769 3722 3841 Aggzeum
3743 3812 3757 3835 ,

2163 3874 2219 3921 et
2249 3864 2569 3919 vicesimum
2599 3870 2874 3934 quartum,
2908 3878 3017 3933 quo
3046 3861 3277 3933 ingressi
3310 3872 3462 3928 sunt,
3491 3872 3550 3919 et
3594 3863 3759 3919 facie-

2162 3958 2296 4013 bant
2324 3972 2463 4029 opus
2491 3957 2543 4011 in
2575 3956 2739 4011 domo
2780 3956 3020 4022 Domini,
3053 3956 3241 4026 viginti
3289 3955 3398 4011 duo
3426 3956 3549 4013 dics
3596 3957 3758 4012 medii

2163 4052 2386 4121 fuerint,
2418 4059 2549 4122 quot
2575 4060 2628 4106 et
2657 4050 2859 4105 littera:
2886 4057 3023 4122 sunt,
3043 4050 3183 4120 apud
3217 4048 3498 4106 Hebraeos.
3522 4050 3757 4106 Necesse

2161 4146 2307 4202 enim
2339 4145 2647 4200 habuerunt
2693 4144 2879 4199 doceri
2925 4121 3047 4214 qua:
3089 4152 3273 4200 essent
3300 4144 3573 4200 elementa
3605 4146 3753 4216 prin-

2160 4239 2289 4308 cipii
2320 4252 2637 4293 sermonum
2671 4238 2764 4293 Dei
2792 4279 2807 4300 ,
2853 4252 2971 4305 qua:
3002 4251 3100 4291 eos
3148 4236 3506 4305 prohiberent
3544 4238 3750 4303 dicere,

2163 4331 2275 4386 Nec
2305 4331 2428 4385 dum
2457 4332 2590 4385 venit
2617 4340 2812 4402 tempus
2842 4330 3024 4385 domus
3054 4329 3265 4384 Domini
3302 4331 3633 4395 aediﬁcanda:
3658 4378 3671 4401 ,
3700 4342 3753 4386 et

2160 4423 2408 4479 habitare
2436 4424 2488 4477 in
2527 4422 2780 4478 domibus
2818 4424 3071 4479 concavis
3096 4467 3109 4490 ,
3137 4434 3192 4477 et
3221 4434 3279 4476 ut
3317 4438 3486 4491 supra
3534 4425 3667 4493 dixi,
3697 4424 3749 4478 in

2160 4519 2267 4573 ima
2292 4517 2554 4588 demergi.
2588 4518 3027 4573 Provocarentur
3057 4532 3188 4571 vero
3215 4533 3420 4588 ponere
3460 4519 3629 4574 corda
3658 4534 3749 4574 sua

456 4599 709 4655 nuntium
746 4601 985 4682 Domini,
1015 4600 1067 4655 id
1091 4610 1192 4667 est,
1227 4602 1479 4671 angelum
1503 4648 1516 4671 ,
1550 4603 1641 4673 qui
1676 4603 1941 4661 Hebraice
1971 4606 2054 4660 di-
2081 4582 2132 4641 D
2159 4625 2323 4680 super
2352 4610 2468 4665 vias
2514 4624 2641 4665 suas
2664 4650 2680 4675 ,
2709 4618 2763 4664 et
2793 4610 3171 4665 meminissent
3216 4620 3443 4680 propter
3473 4612 3750 4682 negligen-

453 4695 601 4750 citur
628 4710 841 4750 HALACH
871 4679 1105 4779 (1x510),
1132 4696 1460 4765 simpliciter
1490 4699 1814 4768 prophetam
1846 4702 2046 4757 dictum

451 4788 785 4857 recipiamus
814 4788 884 4842 ab
913 4803 978 4843 eo
1008 4830 1022 4853 ,
1053 4789 1194 4855 quod
1224 4789 1441 4844 Domini
1484 4790 1819 4847 voluntatem
1849 4797 2049 4865 populo

448 4880 810 4943 nuntiaverit,
841 4880 960 4936 sive
981 4882 1104 4950 quia
1141 4881 1192 4935 in
1215 4883 1398 4936 multis
1425 4883 1560 4937 locis
1580 4884 1841 4940 Dominus
1864 4896 2050 4945 noster

451 4983 613 5042 atque
642 4972 893 5027 Salvator
922 4972 1147 5042 angelus
1183 4974 1275 5028 Dei
1308 4974 1529 5041 dicitur,
1558 4978 1701 5031 sicut
1727 4979 1837 5045 ibi;
1869 4980 2048 5052 Magni

450 5064 660 5118 consilii
688 5065 913 5137 Angelus
944 5062 1099 5136 (Isai.
1126 5080 1180 5119 ix
1200 5107 1215 5133 ,
1249 5066 1526 5139 6),typum
1569 5067 1873 5127 Salvatoris
1904 5074 2044 5129 dici-

447 5173 573 5213 mus
600 5159 651 5212 in
694 5159 897 5229 Aggan
922 5159 1296 5229 praecurrisse.
1332 5161 1506 5217 Porro
1531 5164 1675 5232 quod
1703 5165 1803 5231 ait,
1832 5168 2047 5223 nuntius

517 5300 677 5376 aliis.
706 5296 1058 5367 Reginw,nec
1084 5298 1293 5367 spiritui
1328 5299 1601 5371 copulatus
1643 5304 1698 5357 id
1736 5314 1870 5373 erat,
1899 5308 2036 5376 quod

441 5372 676 5442 spiritus.

514 5442 540 5479 ι)
568 5440 830 5496 Nimirum
873 5440 1134 5509 Origenes
1181 5449 1328 5516 torno
1358 5444 1599 5499 secundo
1632 5446 1682 5498 in
1728 5447 1995 5504 Joannem
2016 5492 2031 5516 ,

438 5516 599 5577 cuius
624 5525 1003 5581 argumentum
1035 5526 1159 5565 mox
1194 5514 1414 5567 totidem
1456 5530 1595 5581 pene
1623 5518 1809 5572 verbis
1840 5514 2030 5575 Hiero?

437 5587 887 5661 nvmusnrecitat,
915 5598 1121 5661 nosque
1146 5584 1375 5661 inferius
1399 5586 1734 5661 adducemus
1764 5590 1826 5644 ad
1851 5606 2033 5661 prom-

436 5661 603 5712 minm
627 5655 1154 5727 Commentariorum
1182 5654 1235 5709 in
1266 5657 1787 5727 Malachiam.Quam
1810 5654 1939 5718 vero
1963 5665 2031 5719 ab

436 5743 515 5803 eo~
538 5730 693 5803 longe
807 5726 965 5803 Pater
994 5726 1315 5803 abhorreret
1337 5739 1499 5803 [tota
1526 5730 1697 5786 ferme
1722 5736 1839 5803 ejus
1872 5734 2028 5790 evin-

436 5797 515 5855 cit
540 5798 775 5867 epistola
800 5797 866 5853 ad
889 5798 1223 5868 Evangelum
1252 5799 1320 5855 de
1352 5797 1784 5872 Melchisedech]
1812 5807 1863 5863 in
1896 5823 2026 5863 nos~

2161 4706 2288 4760 tiam
2322 4715 2519 4775 quanta
2557 4703 2804 4773 perpessi
2837 4702 3052 4758 fuerint.
3096 4701 3164 4758 Et
3194 4714 3252 4757 ut
3288 4704 3651 4761 ascenderant
3694 4706 3746 4759 in

2155 4808 2394 4855 montem
2420 4840 2433 4864 ,
2462 4807 2518 4854 et
2543 4797 2819 4853 cwderent
2848 4797 2994 4866 ligna
3014 4838 3029 4862 ,
3060 4805 3114 4852 et
3145 4796 3481 4851 aedificarent
3530 4798 3746 4853 domum

2155 4892 2392 4957 Domini,
2418 4899 2473 4946 et
2506 4905 2611 4945 non
2640 4899 2960 4960 paterentur
2986 4905 3049 4945 ea
3081 4905 3200 4960 quae
3228 4888 3447 4945 fuerant
3475 4901 3602 4947 ante
3632 4906 3746 4961 per-

2152 4985 2318 5056 pessi.
2356 4984 2665 5055 Deniquein
2692 4984 2774 5038 his
2800 4984 2990 5055 viginti
3009 4992 3065 5038 et
3089 4984 3301 5039 duobus
3322 4984 3539 5052 diebus,
3571 4985 3743 5041 timuit

2152 5079 2383 5148 p0pulus
2404 5093 2436 5133 a
2467 5078 2607 5133 facie
2630 5078 2867 5144 Domini,
2899 5086 2955 5134 et
2984 5077 3215 5149 ingressi
3243 5088 3373 5133 sunt
3402 5079 3456 5134 in
3489 5079 3580 5136 die
3604 5081 3742 5136 vice-

2148 5172 2291 5227 simo
2320 5180 2513 5243 quarto
2557 5174 2783 5239 mensis,
2815 5172 2868 5226 in
2903 5183 3061 5228 sexto
3102 5187 3293 5229 mense
3322 5188 3470 5229 anno
3500 5175 3737 5231 secundo

2140 5318 2222 5384 tra
2253 5312 2579 5384 recensione
2606 5313 2699 5379 75,
2727 5320 2836 5366 tum
2868 5311 2974 5384 122
2993 5312 3061 5367 ad
3088 5314 3355 5383 Algasiam
3380 5317 3731 5384 quaestionet.

2142 5381 2211 5457 _Ut
2244 5384 2402 5457 plane
2432 5383 2569 5438 adeo
2602 5384 2851 5457 iniuriosi
2887 5381 3219 5457 Hieronymo
3243 5385 3361 5457 (sint
3383 5381 3412 5453 ,_
3433 5389 3523 5457 qui
3556 5388 3638 5442 vel
3669 5402 3730 5441 ex

2138 5451 2241 5507 hoc
2270 5453 2639 5509 Commentari
2682 5454 2833 5517 loco,
2869 5464 2925 5509 ut
2966 5451 3108 5510 olim'
3138 5456 3367 5511 Rufinus
3388 5451 3657 5514 (Invectiv.
3689 5474 3723 5523 t,

2136 5526 2219 5580 vel
2244 5540 2309 5580 ex
2329 5527 2643 5598 apocrypha
2659 5542 2826 5594 opere
2844 5529 3374 5582 commentariorum
3393 5529 3444 5583 in
3470 5530 3723 5589 Psahnos,

2134 5607 2190 5672 ut
2220 5598 2634 5672 Genebrardus,
2666 5598 2792 5672 huic
2817 5615 2938 5672 eum
2970 5599 3273 5655 adhaesisse
3310 5603 3483 5655 errori
3522 5612 3717 5672 putant.

2134 5667 2299 5795 Plilira
2347 5670 2570 5724 inferius
2618 5669 2686 5726 ad
2729 5671 2921 5726 Malae.
2962 5687 3079 5742 cap.
3130 5688 3145 5726 ι
3182 5672 3409 5729 dicenda
3453 5667 3553 5729 hac
3578 5674 3643 5728 de
3666 5686 3720 5728 re

2135 5754 2205 5795 no
2228 5756 2292 5795 )ts
2316 5750 2463 5795 sunt.

2135 5750 2292 5797 nobis
2316 5750 2463 5797 suut.
