4050 6342
343 320 473 380 “Oi

1053 319 1709 381 COMMENTARIORUM
1750 319 1818 377 IN
1858 315 2174 376 AGGJEUM
2213 316 2437 374 LIBER.
2479 316 2639 376 CAP.
2678 318 2747 375 ll.

3503 321 3643 377 “02

339 438 484 494 Darii
508 439 677 510 regis,
706 449 761 497 et
787 441 1065 499 faciebant
1094 454 1232 512 opus
1256 440 1309 495 in
1337 439 1502 495 domo
1535 438 1757 494 Domini
1783 452 1941 492 exer-
1966 438 2018 498 Α
2045 437 2232 492 calum
2262 447 2310 491 et
2332 444 2545 506 terram,
2574 448 2621 492 et
2650 453 2793 493 mare
2815 437 2865 494 e’t
2891 436 3115 505 aridam,
3149 444 3197 492 et
3228 437 3432 492 movebo
3463 453 3643 493 omnes

333 531 535 587 cituum
559 532 657 589 Dei
686 536 791 590 sui.
830 536 1153 607 Prwcipitur
1174 544 1354 589 autem
1378 533 1560 600 nobis,
1598 541 1655 586 ιιι
1676 530 1936 587 aediﬁcari

332 628 507 697 possit
530 628 731 685 domus
757 630 1060 700 spiritualis
1090 632 1143 684 iu
1168 627 1534 684 sacerdotium
1568 637 1843 693 sanctum,
1866 624 1932 679 ad

331 720 970 790 oﬁ‘erendasspirituales
984 724 1232 779 victimas
1247 723 1524 794 placentes
1540 719 1816 786 Deo,tales
1834 732 1932 774 nos

331 816 595 886 praebere,
618 818 778 891 753
800 829 857 874 ut
875 819 1160 875 suscitetur
1178 819 1232 873 in
1258 818 1414 872 nobis
1431 816 1667 883 Spiritus
1684 824 1925 879 sanctus,

329 918 388 965 et
412 909 780 980 ingrediamur
805 910 857 965 itt
888 910 1107 967 domum
1138 911 1371 975 Domini,
1401 918 1451 965 et
1474 908 1735 963 faciamus
1762 920 1926 976 opera

331 998 571 1057 Domini.
604 1002 722 1057 Jam
768 1002 915 1058 enim
947 1002 1247 1058 Zorobabel
1290 1001 1361 1058 de
1404 1016 1603 1071 genere
1635 998 1824 1065 David,
1874 1007 1929 1053 et

323 1091 485 1150 Jesus
520 1096 777 1152 sacerdos
810 1096 863 1151 in
893 1106 1161 1152 aeternum
1192 1097 1486 1151 suscitatus
1513 1102 1597 1149 est
1622 1108 1652 1148 a
1685 1093 1842 1147 Patre
1873 1092 1925 1146 in

327 1190 549 1259 virtute,
578 1190 875 1246 secundum
908 1192 1157 1262 spiritum
1181 1188 1624 1247 sanctificationis
1650 1188 1719 1243 de
1744 1202 1926 1242 resur-

326 1284 575 1338 rectione
622 1293 982 1349 mortuorum,
1012 1294 1071 1341 ut
1098 1285 1191 1341 ille
1231 1286 1418 1356 praesit
1449 1284 1631 1352 operi;
1665 1295 1764 1337 nos
1795 1295 1925 1336 vero

322 1375 606 1445 faciamus,
641 1377 759 1446 ipso
786 1378 1077 1449 adjuvante
1118 1389 1173 1432 et
1204 1376 1550 1447 disponente.
1582 1376 1711 1442 Qua:
1744 1384 1923 1429 tamen

321 1482 486 1539 opera
534 1468 628 1525 Dei
650 1470 832 1527 facere
861 1482 986 1527 ante
1018 1486 1125 1526 non
1156 1486 1465 1541 possumus,
1501 1469 1603 1524 nisi
1636 1470 1923 1523 timeamus

319 1575 349 1615 a
397 1561 535 1617 facie
583 1562 823 1631 Domini,
870 1574 924 1618 et
951 1564 1263 1631 credamus,
1293 1572 1348 1620 et
1389 1564 1921 1635 ingrcdiamurtem-

317 1653 463 1725 plum
498 1655 613 1723 Dei,
649 1665 703 1711 et
725 1672 789 1711 ea
817 1673 939 1729 qum
966 1658 1151 1713 domui
1179 1658 1273 1714 Dei
1304 1658 1465 1729 digna
1485 1667 1611 1713 sunt
1641 1669 1922 1729 perpetre-

318 1763 458 1805 mus.
486 1749 755 1817 Quoniam
781 1768 912 1808 vero
941 1753 1116 1809 adhuc
1140 1754 1192 1809 itt
1218 1754 1419 1810 smculo
1449 1769 1659 1823 sumus,
1694 1762 1748 1809 et
1781 1763 1918 1809 tem-

2041 542 2231 604 gentes.
2265 531 2334 586 Et
2376 532 2541 586 veniet
2570 530 2891 587 desideratus
2918 531 3118 585 cunctis
3154 531 3408 605 gentibus,
3450 539 3499 586 et
3540 533 3639 587 int-

2041 626 2187 695 plebo
2209 626 2418 680 domum
2448 628 2602 679 istam
2625 626 2817 697 gloria.
2850 626 2978 681 dicit
3014 625 3268 681 Dominus
3298 627 3632 682 exercituum.

2038 716 2215 773 Meum
2255 727 2329 774 est
2354 728 2650 791 argentum,
2689 728 2735 773 ct
2766 736 2935 776 meum
2955 729 3032 774 est
3060 736 3268 784 aurum,
3301 720 3425 774 dicit
3456 718 3640 775 Domi—

2035 828 2135 864 nus
2156 812 2492 866 exercituum.
2519 809 2715 884 Magna
2756 813 2849 865 erit
2880 812 3049 885 gloria
3075 812 3259 866 domus
3282 813 3433 867 istius
3461 813 3637 867 novis-

2035 909 2200 975 sinuv,
2230 908 2504 979 plusquam
2530 908 2732 978 primm,
2766 907 2888 961 dicit
2910 905 3168 962 Dominus
3190 908 3523 963 exercituum.
3566 906 3634 962 Et

2029 1003 2083 1057 in
2115 1003 2226 1057 loco
2275 1004 2372 1056 isto
2411 1001 2544 1056 dabo
2589 1017 2795 1071 pacem,
2843 1000 2966 1053 dicit
2994 999 3249 1055 Dominus
3288 1001 3627 1057 exercituum.

2035 1095 2239 1151 Eodem
2269 1110 2434 1162 anno,
2467 1094 2562 1149 sed
2605 1108 2793 1149 mense
2816 1096 3068 1163 septimo,
3102 1093 3155 1147 in
3187 1110 3293 1165 quo
3315 1094 3631 1149 solemnita-

2036 1196 2113 1242 tes
2141 1186 2234 1241 Dei
2267 1186 2374 1258 [Αι.
2407 1184 2516 1257 die]
2562 1196 2687 1241 sunt
2721 1186 2897 1256 prima
2923 1193 2979 1241 et
3007 1187 3260 1241 vicesima
3290 1186 3375 1242 die
3401 1188 3625 1256 mensis,

2029 1279 2085 1335 id
2119 1289 2220 1345 est,
2270 1279 2560 1347 completis
2590 1278 2760 1334 tribus
2793 1278 3249 1346 hebdomadibus,
3288 1289 3342 1335 et
3390 1279 3626 1350 perfecta

2029 1372 2082 1427 in
2114 1372 2378 1442 mysterio
2410 1369 2694 1427 Trinitatis
2736 1371 2946 1441 requie,
2975 1371 3136 1427 tertio
3164 1370 3362 1427 factum
3397 1381 3480 1427 est
3509 1388 3629 1428 ver-

2029 1465 2156 1521 bum
2182 1466 2395 1521 Domini
2428 1467 2481 1521 in
2509 1480 2671 1521 manu
2697 1465 2881 1538 Aggaei
2914 1466 3213 1537 prophetae,
3242 1466 3335 1538 qui
3362 1467 3625 1522 continuo

2026 1559 2211 1615 labore
2238 1560 2491 1626 sudabat,
2528 1569 2584 1614 ut
2629 1574 2849 1631 semper
2880 1563 2930 1615 in
2954 1575 3021 1616 eo
3062 1574 3245 1616 sermo
3275 1559 3371 1615 Dei
3400 1560 3624 1616 haberet

2024 1652 2052 1693 ι)
2078 1669 2379 1710 accessum.
2405 1653 2816 1710 Praeteritorum
2841 1655 2985 1709 enim
3008 1654 3366 1719 obliviscens,
3394 1654 3515 1708 etin
3536 1652 3620 1709 fu-

2024 1757 2203 1803 turum
2226 1764 2287 1804 se
2317 1747 2618 1804 extendens
2663 1746 2929 1820 (Philipp.
2960 1747 3064 1818 ut),
3104 1746 3176 1802 ita
3205 1745 3445 1818 quotidie
3471 1745 3620 1801 labo-

315 1858 416 1913 pus
444 1844 820 1901 aediﬁcationis
844 1857 1053 1902 nostrm
1081 1850 1184 1905 sub
1214 1849 1377 1905 Dario
1410 1865 1534 1920 rege
1561 1858 1829 1916 versatur,
1861 1849 1913 1904 in
1946 1843 1994 1903 B
2022 1844 2197 1908 rabat,
2227 1842 2380 1913 quasi
2409 1840 2833 1911 pratcedentium
2862 1856 3087 1912 operum
3111 1839 3242 1896 niltil
3266 1837 3618 1895 haberet.Di-

313 1950 422 2006 quo
450 1937 809 2007 generationi,
837 1937 1108 2011 conjugiis
1133 1941 1390 2010 carnique
1418 1942 1651 1995 servitur
1674 1957 1688 1993 :
1710 1940 1911 1996 idcirco

312 2027 366 2082 in
410 2038 567 2084 sexto
595 2045 825 2087 numero
854 2047 962 2102 quo
995 2032 1169 2088 factus
1212 2042 1297 2089 est
1343 2032 1595 2103 mundus,
1643 2042 1698 2089 et
1725 2034 1779 2087 in
1823 2048 1910 2089 se-

310 2121 486 2177 cundo
516 2138 659 2177 anno
696 2126 784 2195 qui
829 2125 1021 2180 dividit
1056 2128 1311 2181 unionem
1355 2125 1606 2199 (materia
1655 2128 1800 2182 enim
1855 2128 1909 2182 in

317 2227 420 2285 qua
452 2215 639 2269 mundi
670 2217 941 2287 reparatio
972 2219 1286 2290 sobolisque
1325 2219 1594 2287 consiStit,
1639 2219 1907 2290 duplicem

319 2323 609 2363 numerum
652 2308 884 2383 diligit),
938 2312 1278 2382 ingredinmr
1320 2313 1541 2367 domum
1578 2314 1809 2380 Domini,
1855 2323 1912 2369 et

307 2413 539 2472 utroque
587 2403 790 2473 populo
841 2417 1209 2477 congregato,
1258 2406 1589 2461 exstruimus
1648 2408 1905 2478 templum

308 2494 425 2551 Dei.
476 2494 558 2549 Ex
582 2504 606 2533 δ
632 2496 845 2554 duobus
873 2498 1015 2554 enim
1048 2499 1335 2555 duodecim
1370 2502 1632 2569 numeris,
1664 2500 1908 2558 vicesimi

303 2590 483 2660 quarti
512 2591 723 2647 numeri
745 2608 956 2648 summa
978 2596 1266 2650 consistit:
1298 2595 1421 2666 quia
1450 2604 1556 2651 tam
1585 2612 1649 2651 ex
1674 2597 1907 2651 circum-

303 2683 509 2739 cisione
525 2699 687 2756 quam
716 2701 782 2742 ex
806 2689 1083 2758 gentibus,
1102 2688 1302 2745 Christi
1329 2689 1567 2746 Ecclesia
1588 2692 1761 2762 prima
1785 2706 1905 2761 quae

303 2791 492 2833 eversa
526 2778 700 2835 fuerat
722 2822 737 2848 ,
795 2781 1063 2837 aediﬁcata
1095 2792 1195 2838 est.
1227 2783 1334 2839 Sed
1383 2794 1437 2840 et
1482 2784 1586 2839 hoc
1616 2798 1905 2855 possumus

302 2872 505 2943 dicere,
538 2874 662 2943 quia
692 2885 915 2932 octavus
943 2892 1202 2933 numerus
1244 2879 1333 2948 qui
1379 2886 1597 2933 sanctus
1629 2887 1732 2946 est,
1763 2887 1819 2935 et
1850 2880 1903 2933 in

299 2981 446 3022 vera:
467 2968 899 3025 circumcisionis
915 2980 1045 3042 typo
1065 2971 1354 3042 accipitur,
1380 2971 1682 3041 triplicatus
1708 2972 1905 3027 vicesi-

300 3076 446 3116 mum
478 3070 729 3131 quartum
765 3078 1047 3118 numerum
1092 3063 1237 3131 facit,
1271 3064 1563 3133 ﬁguraliter
1605 3080 1704 3120 nos
1733 3064 1898 3119 doce-

298 3171 439 3221 mur,
473 3165 529 3209 ut
559 3156 891 3212 aediﬁcemus
917 3157 1140 3212 domum
1181 3158 1396 3212 Domini
1428 3158 1484 3212 in
1527 3159 1899 3228 atnputatione

2017 1940 2164 1991 citur
2198 1950 2328 2006 ergo
2352 1936 2401 1989 ei
2428 1952 2441 1987 :
2474 1933 2707 2005 Loquere
2729 1933 2797 1988 ad
2837 1931 3151 1999 Zorobabel,
3181 1941 3228 1987 et
3253 1931 3321 1985 ad
3342 1930 3541 2001 Iesum,
3571 1941 3620 1987 et

2016 2031 2273 2103 reliquum
2315 2029 2588 2101 populum,
2622 2029 2713 2100 qui
2762 2028 3017 2083 viderunt
3064 2026 3341 2098 antiquam
3394 2027 3613 2083 domum

2014 2123 2134 2189 Dei,
2164 2132 2219 2179 et
2248 2137 2390 2177 nunc
2426 2122 2699 2178 intersunt
2742 2122 3124 2178 instaurationi
3163 2122 3303 2192 ejus,
3352 2121 3611 2192 numquid

2012 2218 2081 2273 ad
2109 2217 2573 2289 comparationem
2609 2216 2831 2286 prioris,
2882 2231 2991 2271 non
3040 2214 3163 2271 talis
3207 2223 3293 2270 est
3336 2214 3439 2269 ista
3488 2229 3609 2286 qua:

2012 2312 2274 2379 cernitur,
2307 2320 2365 2365 ut
2396 2310 2630 2381 quodam
2673 2310 2833 2365 modo
2876 2326 2984 2365 non
3025 2323 3148 2365 esse
3194 2308 3476 2365 videatur?
3505 2306 3610 2363 Ve-

2011 2421 2129 2460 rum
2162 2405 2333 2460 nolite
2373 2403 2691 2473 desperare,
2748 2417 2851 2459 nec
2894 2403 3065 2458 lassas
3109 2417 3300 2458 manus
3325 2402 3603 2472 dimittite,

2009 2500 2106 2556 sed
2138 2509 2192 2555 et
2222 2509 2297 2565 tu,
2342 2499 2646 2556 Zorobabel
2692 2508 2748 2556 et
2792 2509 2872 2568 tu,
2913 2499 3065 2567 lesu,
3096 2508 3151 2554 et
3178 2499 3353 2553 omnis
3386 2498 3603 2569 popule,

2008 2594 2411 2661 confortamini,
2437 2603 2492 2650 et
2521 2593 2681 2650 facite
2709 2609 2847 2664 opus
2879 2595 2929 2648 in
2950 2593 3114 2649 domo
3136 2607 3257 2649 mea
3287 2610 3300 2648 :
3326 2593 3438 2663 Ego
3459 2593 3603 2649 enim

2007 2701 2128 2742 sum
2152 2687 2452 2754 vobiscum,
2470 2697 2719 2743 etsermo
2740 2702 2895 2743 meus
2915 2701 3078 2758 quem
3098 2686 3278 2758 pepigi
3298 2687 3600 2753 vobiscum,

2007 2795 2130 2836 cum
2161 2780 2556 2852 egrederemini
2584 2780 2653 2837 de
2683 2792 2829 2838 terra
2855 2780 3093 2854 Egypti.
3121 2781 3187 2836 Et
3208 2780 3433 2852 spiritus
3449 2795 3601 2838 meus

2006 2889 2114 2929 non
2144 2873 2363 2930 recedet
2390 2890 2419 2930 a
2450 2874 2603 2930 vobis
2636 2892 2648 2929 :
2680 2874 2852 2931 nolite
2878 2877 3088 2944 timere,
3122 2890 3222 2946 ego
3251 2891 3373 2931 sum
3401 2874 3495 2947 qui
3511 2876 3601 2945 ju-

2005 2969 2108 3026 beo
2144 2971 2405 3026 Dominus
2436 2969 2803 3040 omnipotens,
2836 2970 2989 3039 cujus
3017 2970 3243 3033 dixisse,
3269 2969 3464 3025 fecisse
3493 2978 3596 3025 est.

2005 3065 2233 3134 Quando
2271 3066 2502 3136 primum
2547 3074 2931 3122 testamentum
2982 3067 3143 3139 755
3182 3065 3397 3131 dabam,
3446 3074 3501 3120 et
3544 3066 3598 3121 in

2002 3157 2129 3215 Sina
2154 3167 2338 3215 monte
2365 3174 2483 3215 sum
2508 3159 2674 3228 visus,
2704 3159 2970 3215 commovi
2995 3160 3190 3214 coelum
3212 3170 3266 3214 et
3298 3169 3520 3223 terram,
3544 3166 3600 3214 et

296 3250 497 3317 carnis,
530 3259 585 3305 et
614 3252 866 3326 vitiorum
899 3252 1340 3318 circumcisione,
1383 3260 1439 3308 et
1468 3269 1649 3307 veram
1694 3254 1893 3323 purita-
1923 3239 1970 3301 C
2000 3267 2150 3307 mare
2177 3252 2441 3318 Rubrum,
2488 3264 2543 3308 et
2582 3252 2883 3320 desertum,
2916 3262 2976 3307 ut
3005 3252 3285 3307 vobiscum
3336 3267 3594 3322 ponerem

299 3352 403 3397 tem
431 3358 552 3399 esse
575 3344 863 3399 credamus
892 3346 945 3400 in
978 3345 1201 3401 nomine
1227 3345 1403 3401 Patris
1434 3358 1487 3402 et
1515 3346 1635 3401 Filii
1678 3358 1732 3404 et
1768 3348 1893 3418 Spi-

295 3434 433 3491 ritus
474 3438 669 3493 sancti.
721 3437 893 3493 Porro
925 3438 1063 3493 alius
1094 3439 1271 3494 sexies
1301 3448 1552 3510 quartum
1584 3442 1897 3511 supputavit

293 3544 602 3597 numerum,
643 3539 701 3585 et
726 3541 958 3601 quatuor
986 3530 1149 3587 refert
1192 3532 1259 3587 ad
1288 3532 1554 3588 elementa
1588 3533 1797 3601 mundi,
1826 3549 1892 3590 ex

290 3621 487 3693 quibus
509 3623 888 3690 subsistimus;
916 3638 1015 3679 sex
1037 3638 1168 3679 vero
1192 3623 1258 3679 ad
1282 3624 1651 3681 conditionem
1683 3625 1887 3695 mundi,

290 3714 346 3770 in
374 3731 480 3787 quo
509 3717 622 3786 ipsa
645 3717 911 3775 elementa
936 3728 1246 3773 versantur.
1276 3717 1341 3772 Et
1366 3718 1501 3773 dicit
1526 3737 1537 3772 :
1566 3719 1689 3789 quia
1714 3720 1891 3777 adhuc

288 3806 342 3862 in
376 3809 600 3863 materia
634 3824 848 3875 sumus,
898 3818 955 3865 et
998 3809 1155 3880 gravi
1206 3824 1437 3879 corpore
1467 3811 1888 3880 circumdamur,

288 3909 344 3956 et
372 3904 645 3955 servimus
673 3903 1139 3971 generationibus,
1190 3913 1476 3958 exstruere
1523 3904 1738 3974 quidem
1790 3922 1891 3962 nos

290 3993 577 4062 templum,
602 4004 656 4049 et
677 3994 883 4049 intrare
902 3995 953 4049 iu
978 3995 1198 4051 domum
1224 3995 1338 4059 Dei,
1362 4006 1415 4051 et
1437 3997 1595 4067 quasi
1612 3997 1680 4052 de
1696 4012 1890 4055 somno

283 4086 441 4157 gravi
472 4088 723 4143 suscitari
746 4089 997 4159 spiritum
1027 4101 1295 4156 nosuum;
1328 4090 1425 4147 sed
1450 4091 1629 4147 adhuc
1660 4092 1712 4146 in
1744 4094 1889 4149 vice-

281 4180 420 4236 simo
448 4189 644 4251 quarto
675 4181 761 4236 die
787 4181 1021 4253 idipsum
1052 4183 1252 4240 facere.

358 4271 515 4345 (Cap.
552 4272 618 4327 ll.
652 4304 720 4313 —
752 4274 910 4330 Vers.
952 4277 976 4331 1
1011 4276 1194 4347 seqq.)
1245 4274 1307 4330 In
1338 4279 1556 4346 septimo
1583 4294 1772 4348 mense,
1805 4280 1884 4334 vi-

282 4368 469 4422 cesima
498 4378 546 4422 et
577 4370 745 4436 prima
774 4370 983 4437 mensis,
1023 4371 1219 4438 factum
1250 4381 1325 4425 est
1354 4372 1559 4426 verbum
1592 4372 1805 4427 Dontini
1832 4378 1882 4429 in

277 4477 440 4516 manu
468 4462 642 4534 Aggwi
669 4462 935 4535 prephetw
961 4465 1135 4519 dicens
1167 4482 1184 4519 :
1207 4466 1439 4534 Loquere
1468 4467 1537 4520 ad
1576 4467 1880 4539 Zorobobel,

278 4553 447 4624 ﬁlium
476 4554 755 4623 Salathiel,
786 4557 964 4611 ducem
980 4556 1147 4625 Iuda,
1358 4571 1403 4614 et
1423 4560 1491 4613 ad
1505 4560 1684 4615 Jesum
1713 4562 1880 4629 ﬁlium

1998 3344 2429 3412 Testamentum;
2462 3360 2603 3401 nunc
2626 3356 2804 3401 autem
2838 3345 3106 3415 polliceor
3125 3344 3282 3400 vobis
3313 3361 3399 3400 me
3418 3346 3594 3401 adhuc

1996 3438 2164 3493 semel
2196 3438 2392 3494 ccelum
2423 3449 2478 3495 et
2518 3448 2742 3505 terram,
2773 3448 2826 3493 et
2853 3454 3004 3493 mare
3036 3449 3089 3494 et
3109 3437 3314 3493 aridam
3345 3453 3592 3494 commo-

1997 3541 2199 3599 turum,
2230 3543 2288 3588 ut
2317 3533 2425 3588 illis
2456 3534 2763 3599 commotis,
2800 3544 3125 3588 moveantur
3154 3548 3344 3587 omnes
3380 3542 3589 3604 gentes,

1994 3635 2051 3682 et
2081 3628 2296 3691 veniant
2322 3627 2473 3697 juxta
2502 3626 2641 3685 LXX
2672 3643 2789 3698 qua:
2808 3627 2967 3681 electa
2992 3636 3109 3681 sunt
3141 3625 3350 3681 Domini
3372 3626 3440 3681 de
3460 3641 3593 3681 cun—

1992 3721 2096 3777 ctis
2118 3722 2397 3793 gentibus;
2415 3722 2567 3792 juxta
2595 3722 2917 3777 llcbraicum
2951 3734 3104 3787 vero,
3130 3720 3293 3774 veniet
3322 3720 3589 3774 desidera-

1994 3824 2074 3869 tus
2104 3800 2302 3868 cunctis
2327 3815 2561 3886 gentibus
2588 3814 2854 3869 Dominus
2885 3823 3071 3869 noster
3110 3821 3273 3884 atque
3317 3812 3587 3869 Salvator.

1992 3904 2144 3961 Tunc
2184 3906 2420 3975 implebo
2467 3907 2687 3961 domum
2744 3909 2899 3961 istam
2954 3905 3123 3976 gloria
3170 3905 3377 3975 majore
3426 3920 3586 3976 quam

1990 4001 2253 4070 priorem,
2286 4008 2341 4054 et
2363 4016 2579 4071 semper
2599 4000 2754 4056 vobis
2782 4001 2998 4069 addam,
3030 3999 3163 4055 dicit
3186 3999 3447 4054 Dominus
3473 4013 3589 4054 om-

1991 4095 2267 4161 nipotens.
2294 4095 2357 4149 Et
2384 4111 2452 4150 ne
2474 4095 2693 4150 forsitan
2719 4110 3039 4166 sponsorem
3061 4095 3257 4165 putetis
3282 4094 3586 4149 inﬁrmum:

1989 4202 2170 4241 meum
2201 4196 2286 4241 est
2312 4202 2523 4254 aurum,
2574 4195 2631 4242 et
2677 4203 2856 4243 meum
2890 4199 2972 4242 est
3005 4195 3306 4258 argentum,
3354 4197 3410 4242 et
3453 4203 3587 4244 mea}

1988 4289 2117 4334 sunt
2144 4289 2352 4334 cunctae
2373 4295 2527 4348 opes.
2550 4279 2665 4351 Ego
2694 4282 2743 4335 in
2774 4291 3152 4335 ornamentum
3186 4280 3371 4351 templi
3394 4296 3585 4336 aurum

1988 4381 2385 4441 argentumque
2408 4371 2640 4434 donabo.
2666 4382 2722 4426 ut
2749 4373 2921 4443 major
2949 4373 3038 4427 ﬁat
3070 4373 3230 4442 hujus
3259 4372 3451 4428 domus
3471 4375 3587 4444 glo-

1987 4464 2069 4519 ria
2099 4479 2258 4534 quam
2293 4464 2514 4534 prioris.
2540 4466 2607 4519 Et
2639 4465 2761 4533 quia
2794 4465 3016 4521 difﬁcile
3044 4465 3257 4520 videtur
3286 4466 3430 4537 quod
3462 4468 3585 4537 pol-

1986 4554 2176 4621 liceor,
2228 4566 2283 4611 et
2331 4557 2563 4610 humana
2607 4557 2896 4611 inﬁdelitas
2945 4557 3013 4612 ad
3065 4559 3267 4627 majora
3317 4565 3583 4628 promissa

276 4645 496 4702 Josedec
518 4649 837 4703 sacerdotem
862 4666 1130 4721 magnum,
1164 4662 1210 4705 et
1233 4654 1299 4704 ad
1317 4653 1542 4721 reliquos
1566 4655 1763 4725 populi,
1792 4655 1873 4709 di.
1904 4635 1957 4695 Ῑ)
1982 4663 2199 4717 semper
2228 4648 2463 4716 ltmsitat,
2491 4659 2781 4720 propterea
2808 4665 3021 4705 rursum
3045 4650 3169 4706 dico
3187 4652 3277 4721 qui
3299 4654 3578 4722 promitto,

274 4755 391 4793 cens
414 4758 432 4794 :
460 4740 586 4807 Quis
616 4741 669 4795 in
696 4743 836 4795 vobis
861 4750 935 4795 est
966 4742 1261 4811 derelictus,
1295 4744 1382 4813 qui
1412 4745 1537 4797 vidit
1570 4744 1778 4798 domum
1804 4748 1876 4800 is-

278 4845 380 4888 tam
413 4837 462 4888 in
491 4835 659 4905 gloria
689 4851 783 4889 sua
816 4837 1024 4903 prima?
1046 4835 1172 4906 quid
1204 4851 1293 4890 vos
1322 4836 1498 4890 videtis
1536 4838 1668 4891 lianc
1699 4841 1879 4895 nunc?

275 4928 524 4999 numquid
553 4945 655 4982 non
698 4930 770 4982 ita
795 4937 869 4982 est
894 4931 1044 5001 quasi
1072 4948 1173 4985 non
1200 4934 1266 4984 sit
1292 4932 1345 4984 in
1374 4931 1537 4985 oculis
1558 4935 1775 4986 vestris?
1810 4933 1878 4987 Et

272 5039 408 5077 nunc
435 5025 755 5093 confortare,
784 5021 1088 5085 Zorobabel.
1124 5023 1252 5077 dicit
1276 5022 1553 5091 Dominus,
1588 5034 1634 5078 et
1664 5028 1877 5097 confor-

271 5124 402 5181 tare,
444 5113 569 5167 Jesu
598 5114 676 5183 ﬁli
702 5112 940 5181 Josedec,
978 5116 1221 5170 sacerdos
1243 5132 1456 5187 magne,
1482 5125 1529 5169 et
1558 5119 1875 5188 confortare,

269 5209 434 5261 omnis
460 5206 681 5279 populus
708 5216 881 5275 terrm,
912 5208 1035 5261 dicit
1069 5207 1324 5263 Dominus
1346 5212 1688 5276 exercituum,
1717 5219 1763 5264 et
1793 5212 1876 5281 fa-

268 5303 368 5355 cite
388 5316 407 5354 :
429 5301 669 5370 quoniam
700 5316 791 5371 ego
820 5300 1077 5355 vobiscum
1103 5317 1216 5355 sum
1241 5344 1253 5366 ,
1288 5300 1417 5355 dicit
1443 5300 1698 5357 Dominus
1724 5320 1873 5358 exer-

268 5394 483 5447 cituum.
527 5393 747 5448 Verbum
789 5394 929 5466 quod
972 5395 1141 5468 pepigi
1169 5394 1429 5448 vobiscum
1460 5411 1574 5448 cum
1602 5398 1869 5467 egredere-

268 5489 401 5541 mini
427 5488 490 5541 de
522 5496 658 5541 terra
706 5486 950 5562 ﬁggpti,
1002 5498 1049 5543 et
1078 5489 1292 5558 spiritus
1317 5506 1459 5543 meus
1490 5491 1585 5543 erit
1623 5492 1676 5544 in
1700 5492 1867 5546 medio

267 5591 509 5645 vestrum,
534 5582 689 5635 nolite
720 5584 915 5637 timere.
944 5582 1081 5649 Quia
1107 5585 1216 5637 haec
1241 5582 1364 5636 dicit
1394 5580 1652 5637 Dominus
1670 5586 1866 5640 exerci-

268 5682 434 5739 tuum,
467 5674 639 5728 adhuc
670 5691 828 5728 unum
878 5676 1138 5730 modicum
1165 5684 1271 5745 est,
1315 5684 1361 5729 et
1405 5692 1497 5747 ego
1538 5678 1864 5733 commovebo

339 5802 365 5830 α
393 5794 587 5870 Melior
616 5795 799 5870 utique
821 5792 997 5870 [lectio
1024 5794 1127 5867 sitf,
1161 5812 1325 5868 quam
1349 5806 1403 5853 et
1426 5795 1700 5855 Victorius
1738 5814 1863 5870 pro-

264 5863 380 5936 bat,
406 5882 469 5923 ex
498 5863 741 5923 ltis.enim
765 5863 1041 5923 duodecim
1071 5863 1324 5926 numeris.

1982 4740 2249 4795 Dominus
2280 4742 2624 4811 omnipotens
2652 4756 2792 4797 smn.
2826 4742 2996 4799 Porro
3016 4745 3140 4815 quia
3171 4746 3284 4800 scio
3312 4745 3377 4799 ad
3407 4745 3580 4801 acditi-

1979 4835 2248 4890 cationem
2278 4835 2491 4906 inclytae
2524 4834 2737 4899 domus,
2784 4845 2838 4891 et
2867 4852 2989 4901 quzc
3017 4847 3335 4907 superatura
3370 4839 3441 4893 sit
3484 4839 3582 4893 do-

1980 4943 2126 4982 mum
2173 4927 2471 4998 pristinam,
2518 4927 2652 4982 uiltil
2694 4927 2766 4983 ita
2801 4928 2999 4994 facere,
3035 4940 3092 4984 ut
3124 4945 3333 4999 pacem,
3374 4929 3578 4985 idcirco

1978 5030 2034 5076 et
2059 5022 2195 5075 hanc
2223 5021 2487 5090 spondeo.
2527 5022 2673 5076 Daho
2704 5024 2847 5077 enim
2876 5022 2927 5077 in
2957 5023 3080 5078 loco
3110 5023 3215 5078 isto
3245 5040 3457 5094 pacem,
3489 5024 3576 5079 di-

1980 5115 2055 5170 cit
2081 5114 2337 5169 Dominus
2365 5116 2703 5171 exercituum
2731 5133 2745 5173 :
2780 5127 2837 5172 ut
2870 5133 2970 5187 pax
2996 5134 3115 5188 quae
3146 5129 3437 5188 exsuperat
3460 5134 3578 5173 om-

1978 5224 2104 5266 nem
2134 5225 2375 5276 sensum,
2411 5211 2681 5266 custodiat
2708 5211 2926 5266 domum
2959 5227 3157 5278 meam,
3190 5224 3239 5267 et
3263 5214 3331 5268 sit
3362 5214 3413 5267 in
3446 5229 3578 5284 pace

1977 5302 2133 5359 locus
2163 5317 2336 5357 meus.
2363 5302 2473 5358 llas
2508 5303 2720 5359 interim
2752 5314 3191 5383 παραφραστικῶς
3222 5308 3577 5377 expositionis

1976 5398 2151 5453 lineas
2173 5399 2447 5466 duxerim,
2482 5411 2544 5454 ut
2570 5416 2639 5455 ex
2662 5399 2748 5455 his
2769 5402 2836 5455 ad
2864 5401 3240 5457 sublimiorem
3268 5402 3577 5475 intelligen-

1974 5490 2129 5555 tiam,
2162 5492 2324 5546 etiam
2357 5492 2513 5547 nobis
2546 5495 2871 5561 tacentibus,
2913 5494 3148 5565 prudens
3178 5496 3350 5553 lector
3379 5513 3574 5554 ascen-

1973 5585 2087 5641 dat.
2114 5584 2200 5640 Fit
2227 5601 2356 5656 ergo
2383 5600 2566 5643 sermo
2599 5586 2691 5643 Dei
2720 5588 2786 5643 ad
2816 5604 2911 5644 eos
2940 5591 3032 5661 qui
3059 5593 3274 5663 operari
3299 5605 3574 5661 cmperant

1972 5681 2026 5736 in
2056 5679 2221 5734 domo
2251 5680 2459 5735 Domini
2483 5682 2897 5754 omnipotentis,
2924 5686 3037 5756 jant
3068 5686 3122 5743 in
3143 5686 3353 5759 requie,
3383 5686 3437 5743 id
3466 5698 3571 5757 εει,

2046 5799 2074 5839 ι)
2107 5801 2208 5858 Ms.
2238 5801 2458 5875 Regim,
2486 5801 2694 5860 haberet
2723 5822 3010 5863 ascensum.
