4050 6342
508 255 651 315 tuis
1060 216 1067 225 ’
1745 253 1803 311 s.
1848 253 2107 313 unseen

2177 251 2542 315 HIERONYMI
3664 259 3776 319 MOI

510 372 565 429 in
598 385 786 429 mense
813 370 1067 440 septimo.
1101 379 1159 427 et
1182 370 1237 429 in
1262 369 1544 429 Trinitatis
1574 370 1896 442 plenissimo
1924 386 2111 429 sacra.
2136 374 2184 436 Α
2214 387 2404 429 omnes
2443 380 2673 442 gentes;
2718 362 2843 443 quia
2876 373 2928 428 in
2970 386 3189 429 omnem
3222 381 3422 429 terram
3455 371 3783 431 exivitseaus

507 474 715 527 mente,
758 463 1020 521 vicesima
1066 463 1235 532 prima
1270 465 1497 529 mensis,
1532 474 1589 519 et
1629 465 1693 523 ad
1730 466 1986 535 Agga‘um
2018 465 2112 521 Dei
2214 467 2585 534 apostolorum
2611 467 2863 533 Domini,
2888 476 2946 522 et
2980 466 3144 522 verba
3174 480 3360 521 eerum
3400 477 3785 533 penetraverunt

508 560 642 619 festa
666 560 1059 620 celebrantem,
1087 560 1177 628 qui
1211 575 1423 617 rursum
1456 575 1674 615 manum
1701 574 1853 617 suam
1877 559 2113 617 sermoni
2218 575 2389 629 usque
2418 560 2483 616 ad
2518 560 2778 615 terminos
2808 559 2960 615 orbis
2998 568 3156 615 terra:
3187 558 3207 630 (
3240 556 3390 615 Psal.
3425 573 3559 613 xvut
3588 558 3625 628 ).
3652 558 3725 617 Ob
3745 563 3787 619 id

514 654 728 712 Domini
763 661 1180 723 praeparaverat,
1212 660 1269 705 et
1295 652 1429 709 dicit
1466 652 1529 707 ad
1570 666 1692 709 eum
1725 669 1737 706 :
1772 651 2021 721 Loquere
2048 652 2133 710 ad.
2218 662 2398 711 autem
2448 669 2639 710 omnes
2688 663 2851 709 motae
2897 662 3026 710 sunt
3077 653 3360 716 nationes,
3414 662 3476 706 ut
3522 669 3585 707 ex
3634 669 3787 714 rarum

513 746 819 803 Zorebabel
858 744 931 801 de
960 744 1100 803 tribu
1150 744 1311 813 Juda,
1359 755 1413 801 et
1461 744 1526 801 ad
1549 744 1732 801 Jesum
1776 743 2114 802 sacerdotem
2221 755 2368 805 metu
2399 746 2424 783 ά
2454 745 2663 802 veniret
2711 747 2883 802 electa
2929 746 3167 815 gentium
3218 745 3549 811 multitudo,
3603 754 3655 802 et
3692 766 3790 817 quae

512 856 791 911 magnum,
826 839 916 909 qui
946 855 1045 909 pro
1070 838 1227 895 nobis
1259 850 1311 895 et
1346 838 1512 896 homo
1540 839 1651 897 fieri
1674 840 1926 910 dignatus
1956 848 2119 895 estet
2221 838 2543 908 ubicumque
2588 840 2843 906 prmi-lora
2890 848 3036 893 sunt.
3088 838 3250 895 Verbi
3287 838 3462 907 gratia
3488 880 3502 903 ,
3544 838 3703 895 electa
3739 842 3792 900 de

516 931 805 999 Sacerdos,
838 929 980 991 etad
1005 930 1265 999 reliquias
1298 931 1480 999 pepuli
1517 950 1530 987 :
1562 932 1625 991 ad
1654 930 2114 1000 comparationem
2177 975 2181 978 .
2220 932 2503 997 Corintho,
2536 933 2663 1001 quia
2686 932 2885 989 multus
2906 940 3026 987 erat
3055 931 3108 989 in
3138 946 3203 991 ea
3230 930 3464 999 populus
3498 929 3609 985 Dei.
3640 930 3792 989 Electa

514 1025 660 1079 enim
695 1024 861 1079 tetius
889 1023 1061 1087 orbis,
1089 1032 1113 1059 α
1144 1039 1308 1092 parva
1339 1038 1464 1094 pars
1495 1024 1594 1079 fuit
1623 1025 1677 1079 in
1710 1025 1973 1095 principio
1994 1040 2115 1081 cre-
2220 1025 2288 1083 de
2338 1024 2645 1081 Macedonia
2669 1068 2682 1089 ,
2734 1025 2856 1094 quia
2907 1024 3133 1095 grandis
3184 1023 3237 1081 in
3297 1022 3678 1077 Thessalonica
3721 1024 3793 1085 Dei

516 1117 777 1175 dentium.
806 1116 973 1187 Igitur
997 1132 1115 1185 quae
1141 1118 1356 1175 locutus
1378 1117 1446 1171 sit
1468 1116 1774 1173 audiamus.
1802 1117 2116 1187 Fuitquen.
2225 1118 2469 1173 Ecclesia
2502 1128 2849 1187 congregata,
2885 1131 2991 1170 non
3024 1115 3255 1173 habebat
3282 1115 3650 1169 necessarium
3674 1126 3724 1169 ut
3743 1116 3796 1173 de

523 1210 646 1265 dam
684 1211 733 1265 in
780 1209 948 1264 Israel
993 1209 1185 1267 domus
1216 1210 1334 1276 Dei,
1367 1209 1459 1280 qui
1492 1226 1635 1266 nunc
1665 1212 1735 1265 ita
1767 1211 1978 1267 deserta
2011 1221 2116 1279 est,
2222 1209 2486 1265 cltatitate
2510 1208 2799 1263 doceretur
2827 1206 2868 1277 (Ι
2897 1207 3082 1269 Thess.
3120 1208 3183 1261 Η
3205 1207 3245 1278 ).
3279 1206 3467 1265 Electa
3498 1204 3567 1260 de
3591 1204 3796 1275 Epheso,

522 1312 579 1356 ut
613 1318 712 1359 nec
743 1302 910 1361 fuisse
941 1302 1193 1359 credatur
1221 1319 1234 1368 ;
1260 1319 1324 1359 ex
1354 1304 1517 1375 756
1556 1319 1662 1373 quo
1687 1320 1808 1375 qua!
1836 1304 2009 1361 fuerat
2040 1304 2121 1359 dit-
2226 1312 2283 1356 ut
2321 1315 2515 1356 arcana
2562 1300 2654 1359 Dei
2696 1309 2750 1355 et
2792 1299 2953 1354 nullis
2991 1307 3148 1353 antea
3192 1298 3437 1357 revelata
3489 1311 3796 1355 Sacramenta

524 1395 689 1461 lecta,
718 1395 746 1434 ι)
772 1394 912 1451 faeta
934 1406 1016 1449 est
1044 1411 1151 1449 non
1174 1396 1393 1462 dilecta,
1419 1408 1472 1451 et
1497 1396 1590 1465 qui
1620 1413 1725 1451 non
1748 1397 1978 1465 populus
2000 1397 2119 1464 Dei,
2224 1403 2639 1466 cognoscerent.
2681 1394 2820 1463 Quid
2856 1393 3051 1462 plura?
3103 1407 3292 1447 omnes
3318 1399 3521 1461 gentes
3550 1402 3800 1449 commota:

522 1490 685 1559 coepit
720 1504 842 1546 esse
871 1490 1101 1557 populus
1135 1488 1248 1543 Dei.
1290 1490 1353 1545 Et
1390 1498 1474 1544 est
1505 1490 1700 1547 demus
1730 1489 1819 1547 illa
1847 1489 2119 1559 quendam
2226 1502 2384 1560 sunt,
2422 1493 2487 1551 ad
2518 1506 2650 1561 quas
2690 1491 2943 1549 Salvator
2973 1490 3253 1560 apostolos
3295 1489 3552 1553 miserat,
3594 1488 3799 1547 dicens:

524 1583 759 1652 gloriosa
790 1600 801 1634 :
831 1580 1049 1641 nuncin
1079 1590 1375 1648 conspectu
1406 1580 1702 1636 Zorehahel
1734 1588 1790 1635 et
1812 1580 1936 1637 Jesu
1962 1593 2011 1636 et
2039 1597 2125 1639 re—
2229 1586 2444 1653 limites,
2501 1586 2677 1639 docete
2708 1602 2884 1639 omnes
2916 1594 3090 1655 gentes
3127 1584 3145 1649 (
3179 1581 3317 1636 Mat.
3366 1597 3560 1643 xxvm,
3612 1580 3678 1635 29
3702 1582 3738 1649 ),
3760 1590 3801 1636 et

526 1674 818 1742 liquiarum
850 1673 1031 1741 populi
1060 1670 1213 1743 quasi
1234 1686 1339 1725 non
1364 1670 1453 1725 sit.
1475 1671 1588 1726 Hoc
1611 1682 1789 1727 autem
1816 1688 1922 1731 non
1945 1676 2120 1735 solum
2228 1698 2293 1739 ex
2327 1681 2511 1737 multis
2550 1682 2759 1737 vocatis
2789 1678 2943 1746 pauci
2974 1677 3155 1742 electi,
3204 1677 3603 1745 primitivoruut
3636 1673 3800 1730 Eccle-

524 1766 591 1819 de
621 1764 801 1835 templi
831 1764 1078 1819 mdtliciis
1105 1780 1224 1832 quae
1252 1763 1532 1818 cernimus
1557 1765 1853 1833 corruisse,
1876 1765 2123 1835 accipere

2231 1778 2363 1835 siam
2388 1787 2833 1837 construxerunt.
2885 1775 3038 1831 Unde
3066 1785 3120 1830 et
3158 1773 3444 1843 apostolus
3471 1772 3693 1827 Petrus:
3723 1772 3804 1827 Sa-

524 1858 819 1921 αοϋθυὶυες
856 1857 948 1910 sed
982 1856 1050 1911 d3
1098 1855 1356 1913 ΟῐιιηίΙηις
1387 1871 1508 1925 (1⁸³αὲ
1538 1858 1815 1925 τιυθηίιθηι
1860 1859 2123 1929 Ρτὶθο¹³τ³
2230 1872 2359 1926 lutet
2387 1887 2495 1936 vos,
2538 1870 2730 1941 inquit,
2766 1885 2884 1939 qua:
2906 1869 2963 1927 in
2990 1867 3256 1938 Babylone
3282 1874 3356 1920 est
3385 1864 3576 1929 electa,
3618 1874 3662 1919 et
3684 1863 3804 1921 Mar-

526 1950 765 2007 habuere
804 1948 999 2005 Jndrei.
1040 1949 1423 2005 Verumtamen
1473 1952 1597 2023 quia
1654 1949 1799 2008 facta
1846 1961 1928 2008 est
1979 1954 2128 2023 prior
2228 1982 2316 2019 cus
2349 1966 2492 2033 ﬁlius
2519 1964 2710 2034 meus(
2749 1964 2761 2017 l
2801 1962 2916 2017 Pet.
2953 1978 3010 2029 v,
3056 1961 3184 2029 15),
3223 1968 3279 2016 et
3309 1959 3592 2015 Joannes:
3624 1958 3801 2023 Senior,

525 2044 719 2100 domus
766 2044 920 2114 quasi
952 2060 1061 2099 non
1094 2044 1426 2111 Subsistens,
1463 2056 1787 2114 provocatur
1819 2047 2127 2111 Zorebabel
2230 2059 2424 2127 inquit,
2484 2060 2657 2113 electa:
2700 2058 2955 2122 domina;
3009 2071 3075 2113 ac
3119 2053 3317 2111 deinde
3368 2052 3520 2109 ﬁlios
3577 2064 3803 2109 memorat

524 2136 654 2202 dux,
687 2146 741 2191 et
762 2136 921 2193 Jesus
947 2138 1228 2203 sacerdos,
1257 2146 1317 2191 ut
1345 2153 1571 2208 regnum
1601 2138 1829 2207 Christi,
1856 2150 1909 2199 et
1938 2156 2123 2197 sacer.

2229 2152 2439 2208 electze.
2480 2151 2782 2208 Cemntetis
2809 2165 2939 2218 ergo
2969 2147 3249 2217 gentibus,
3284 2160 3423 2215 quas
3451 2142 3664 2213 quidem
3703 2159 3800 2211 pes-

527 2230 731 2287 detium
765 2230 1077 2299 roboratur,
1110 2242 1164 2286 et
1190 2233 1422 2302 populus
1448 2232 1567 2302 ejus
1596 2233 1687 2301 qui
1718 2235 1991 2303 quondam
2022 2246 2130 2292 ler-
2231 2260 2420 2303 sumus
2458 2253 2513 2300 et
2550 2244 2852 2298 cotitrarias
2896 2242 3144 2310 accipere
3193 2238 3566 2301 fortitudines,
3606 2253 3704 2293 non
3726 2253 3798 2289 va-

533 2324 1449 2395 ra:fuitpopulus,faciatoperain
1481 2326 2131 2393 demoDomini,etsciat
2230 2332 2403 2393 lentes
2472 2336 2823 2404 splendorem
2894 2332 3109 2391 Domini
3179 2332 3501 2396 sustinere,
3578 2339 3804 2387 venerunt

535 2419 701 2475 Deum
734 2419 837 2475 sibi
870 2434 991 2475 esse
1027 2431 1352 2491 praiseutem
1392 2438 1403 2472 :
1439 2420 1599 2477 faciat
1630 2436 1848 2492 quoque
1880 2422 2126 2492 verbum,
2232 2432 2401 2491 electa
2435 2431 2676 2485 omnium
2704 2430 2970 2499 gentium,
3004 2439 3055 2483 et
3088 2426 3295 2494 repleta
3320 2433 3409 2481 est
3445 2423 3614 2495 gloria
3644 2423 3801 2480 domus

532 2512 677 2583 quod
713 2512 915 2583 pepigit
949 2512 1210 2569 Dominus
1240 2530 1359 2569 cum
1395 2514 1474 2573 eis
1516 2520 1730 2585 quando
1778 2518 2132 2587 egredieban-
2237 2527 2471 2594 Domini,
2520 2542 2641 2596 qua:
2671 2535 2753 2581 est
2786 2524 3027 2581 Ecclesia
3069 2522 3162 2579 Dei
3203 2518 3471 2585 viventis,
3506 2518 3741 2575 columna
3760 2526 3804 2573 et

535 2614 618 2658 tur
649 2606 715 2660 de
744 2615 890 2661 terra
929 2605 1170 2679 Egypti.
1203 2608 1381 2678 Atque
1412 2610 1617 2667 utinam
1664 2620 1720 2667 et
1748 2626 1849 2667 nes
1876 2612 2129 2682 egredia-
2234 2623 2632 2679 firmamentum
2663 2621 2927 2676 veritatis.
2962 2619 3084 2673 Haec
3117 2615 3422 2673 secundum
3474 2611 3635 2673 LXX.
3661 2610 3802 2667 Ccctc-

535 2717 655 2757 mur
681 2700 749 2755 de
777 2699 1037 2774 Egypte,
1069 2712 1126 2757 ut
1147 2704 1373 2763 verbum
1406 2706 1717 2763 testamenti
1746 2707 1889 2777 Quod
1920 2708 2132 2777 accetti-
2233 2732 2351 2770 rum
2384 2717 2435 2769 in
2464 2714 2733 2771 Hebraico
2765 2712 2960 2768 melius
2992 2719 3046 2765 et
3082 2707 3488 2779 signiﬁcantius
3524 2704 3735 2765 habetur
3759 2711 3804 2757 ut

536 2811 677 2859 mus,
714 2797 1051 2866 impleamus.
1080 2797 1433 2867 Repremittit
1458 2815 1672 2871 quoque
1708 2802 1963 2861 Dominus
1986 2803 2130 2863 Deus
2234 2824 2395 2876 supra
2438 2806 2724 2876 posuimus
2752 2823 2765 2860 :
2802 2804 2868 2859 Et
2901 2803 3109 2857 movebo
3138 2818 3314 2857 onmes
3342 2810 3545 2873 gentes,
3586 2805 3631 2852 et
3664 2796 3799 2851 veniet

536 2888 621 2944 his
648 2890 737 2958 qui
767 2890 1153 2959 faciuntopera
1183 2892 1233 2947 in
1276 2892 1440 2947 deme
1468 2892 1610 2965 ejus,
1640 2904 1691 2953 et
1722 2895 2130 2965 implentqucm
2232 2900 2553 2956 desideratus
2606 2900 2804 2953 cunctis
2854 2898 3113 2969 gentibus.
3165 2895 3309 2953 Vere
3357 2893 3509 2949 enim
3556 2902 3799 2960 poStqnam

533 2994 795 3051 accepere
826 2982 1431 3055 sermonem,spiritum
1460 2999 1641 3051 suum,
1670 2985 2105 3059 dicenszEtspi
2236 2996 2322 3049 ille
2370 2995 2542 3060 vertit,
2595 2992 2812 3062 impleta
2862 3001 2947 3045 est
2996 2991 3169 3060 gloria
3215 2988 3415 3045 domus
3481 2985 3698 3039 Domini.
3751 2981 3801 3037 Et

533 3074 661 3127 ritus
691 3090 832 3127 uicus
865 3078 961 3127 erit
992 3078 1041 3129 in
1075 3076 1249 3130 nu’dio
1276 3088 1517 3132 rostrum.
1564 3078 1973 3139 Sacramentum
2008 3095 2126 3138 cerv
2234 3099 2493 3160 quantum
2539 3088 2801 3142 Dominus
2842 3086 3005 3139 distat
3043 3099 3073 3139 a
3114 3098 3310 3149 serve,
3388 3091 3599 3134 tantum
3646 3077 3802 3131 domus

531 3166 641 3221 nite
672 3166 954 3222 Trinitatis
977 3186 987 3222 :
1014 3168 1124 3238 Ego
1146 3184 1263 3224 sum
1299 3170 1599 3230 vobiscum.
1624 3182 1678 3228 et
1706 3171 1928 3244 spiritus
1946 3188 2118 3241 meus,
2152 3165 2197 3235 C
2233 3196 2254 3221 ρ
2282 3183 2490 3241 Domini
2522 3182 2716 3238 melior
2763 3191 2866 3246 e5t,
2900 3179 2984 3233 cui
3030 3185 3223 3246 praeest
3253 3173 3550 3236 Dominus,
3607 3185 3634 3223 a
3669 3169 3800 3223 domo

534 3266 587 3313 ct
619 3257 879 3325 Verbum,
916 3261 965 3313 in
997 3278 1104 3329 quo
1140 3263 1294 3331 posui
1328 3273 1710 3321 tesmmcntum
1756 3280 1878 3321 cum
1907 3265 2131 3339 egrede-
2235 3279 2415 3347 priore
2452 3277 2539 3335 cui
2590 3275 2803 3344 praefuit
2846 3286 3056 3327 servus.
3093 3269 3250 3337 Quod
3292 3274 3478 3325 autem
3519 3267 3629 3318 ait:
3660 3260 3802 3315 Meum

535 3352 731 3406 remitti
775 3352 842 3407 de
871 3352 1127 3425 {Egyptm
1156 3355 1308 3424 Quod
1341 3364 1518 3412 autem
1549 3357 1678 3413 dicit
1707 3358 1759 3415 in
1800 3359 1982 3417 medio
2011 3373 2133 3419 ves-

2233 3383 2305 3428 eu
2348 3379 2623 3441 argentum
2649 3411 2664 3434 ,
2712 3378 2759 3420 ct
2801 3382 2971 3423 meum
3013 3376 3087 3419 est
3131 3377 3348 3427 aurum,
3402 3359 3534 3412 dicit
3582 3354 3798 3409 Dominus

539 3456 700 3511 trum,
732 3447 882 3516 juxta
916 3449 1044 3503 illud
1074 3450 1415 3507 sentiendum
1447 3460 1551 3519 est,
1584 3452 1724 3522 quod
1754 3453 1809 3511 in
1835 3453 2133 3525 Evangelio
2235 3464 2575 3527 exercituum,
2607 3477 2713 3521 tten
2744 3469 2872 3527 puto
2894 3470 3224 3526 quemquam
3255 3451 3574 3513 existimare
3596 3444 3723 3518 quod
3744 3444 3797 3503 de

536 3542 798 3612 St'riplttm
824 3542 1021 3613 legitur
1049 3560 1061 3596 :
1090 3542 1297 3597 Medius
1328 3544 1459 3599 cnim
1482 3554 1702 3601 restrum
1724 3555 1847 3611 stat,
1876 3562 2024 3618 quem
2048 3561 2134 3604 vos
2236 3566 2459 3628 argento
2494 3556 2748 3624 loquatur
2786 3564 2838 3607 et
2868 3567 3024 3616 aure,
3054 3565 3173 3620 qua:
3195 3564 3224 3602 a
3249 3545 3511 3602 divitibus
3539 3552 3591 3598 et
3620 3540 3800 3609 regibus

537 3635 765 3703 nescitis,
794 3637 882 3705 qui
914 3645 1029 3705 post
1081 3651 1159 3689 me
1206 3637 1365 3693 veniet
1406 3634 1591 3707 (Joan.
1621 3652 1670 3702 ι,
1698 3635 1816 3708 26).
1850 3636 1976 3695 llaec
2004 3652 2135 3711 ergo
2240 3649 2603 3720 possidentur,
2646 3648 2755 3703 Hoc
2796 3648 2943 3702 enim
2976 3643 3162 3710 modo,
3214 3656 3321 3697 non
3348 3640 3527 3697 solum
3558 3645 3801 3706 argentum

536 3728 667 3784 dicit
696 3729 957 3783 Dominus
980 3729 1318 3785 exercituum
1352 3727 1417 3783 ad
1450 3744 1542 3785 vos
1569 3729 1658 3805 qui
1698 3728 1892 3789 videtis
1912 3729 2133 3791 domum
2236 3755 2285 3800 ει
2318 3758 2507 3803 aurum
2537 3741 2629 3801 Dei
2660 3748 2744 3795 es;
2768 3739 2918 3809 quasi
2941 3734 3217 3793 creatoris
3243 3750 3257 3799 ;
3288 3732 3383 3787 sed
3412 3740 3472 3787 et
3504 3737 3688 3784 caetera
3718 3740 3804 3779 me-

538 3822 769 3891 prinrem
804 3822 882 3877 sic
913 3836 1033 3877 esse
1055 3822 1206 3891 quasi
1233 3838 1342 3876 non
1380 3823 1468 3879 sit.
1502 3822 1640 3881 Mevi
1666 3822 1888 3893 cmlutu,
1914 3823 2136 3895 quando
2242 3836 2389 3903 talla,
2422 3850 2517 3897 (Bs,
2557 3844 2832 3898 Stannum,
2872 3829 3172 3900 plumbum,
3203 3836 3255 3881 et
3279 3824 3421 3894 quod
3454 3823 3635 3879 demat
3674 3818 3804 3890 758

535 3917 602 3970 de
634 3916 775 3971 cudo
807 3916 985 3971 audita
1036 3928 1121 3971 est
1168 3932 1267 3971 vox
1323 3932 1464 3971 mea.
1496 3916 1638 3975 Mevi
1670 3925 1892 3981 terram,
1921 3918 2138 3991 quando
2240 3928 2419 3987 omnia
2463 3925 2687 3983 fanum.
2722 3923 2828 3985 Sed
2873 3938 2974 3991 ego
3009 3927 3320 3991 argentum,
3375 3931 3489 3986 que
3525 3913 3707 3971 domus
3729 3906 3801 3966 Dei

542 4020 704 4087 priori
752 4018 951 4087 populo
985 4017 1177 4073 tradidi
1222 4017 1666 4084 Testamentum;
1695 4027 1752 4077 et
1806 4019 1856 4072 in
1902 4017 2137 4079 adventu
2241 4028 2484 4083 ornatur,
2531 4016 2787 4072 existimo
2818 4013 3032 4083 eloquia
3062 4012 3498 4080 Scripturarum,
3544 4004 3607 4065 de
3645 4000 3802 4072 quibus

543 4126 688 4179 meo,
714 4112 907 4182 caligo,
933 4111 1112 4180 turbo,
1148 4112 1388 4167 tenebrat
1409 4110 1792 4169 cernebantur.
1823 4110 1965 4167 Mevi
1990 4125 2140 4175 mare
2241 4113 2438 4168 dicitur
2474 4129 2487 4165 :
2536 4110 2763 4181 Eloquin
2820 4106 3035 4160 Domini
3080 4104 3287 4173 eloquia
3329 4110 3521 4165 casta;
3574 4103 3803 4168 argntum

542 4205 807 4273 Rubrum,
860 4205 1080 4274 quando
1129 4205 1271 4261 viam
1325 4204 1527 4274 pra'bni
1566 4204 1767 4275 pepulo
1816 4205 2137 4267 transeunti.
2244 4206 2363 4277 igne
2402 4204 2783 4269 examinatum,
2838 4200 3117 4270 probatum
3160 4205 3310 4249 terra:
3351 4201 3629 4263 purgatum
3662 4196 3801 4257 septu-

545 4297 683 4351 ltlovi
715 4296 943 4363 aridam,
979 4297 1063 4350 vel
1093 4294 1383 4368 IEgyptum
1413 4312 1508 4367 per
1537 4298 1717 4367 plagas
1744 4297 1890 4357 cultu
1920 4297 2012 4359 Dei
2046 4314 2141 4351 va-
2245 4301 2389 4372 ptum
2446 4300 2463 4368 (
2502 4296 2647 4353 Psal.
2702 4312 2775 4364 rt,
2809 4296 2839 4350 7
2876 4296 2891 4356 l
2924 4311 2937 4360 ;
2979 4302 3034 4349 et
3082 4304 3273 4347 aurum
3330 4287 3478 4359 quod
3530 4286 3579 4338 in
3628 4278 3802 4337 οευυθω

544 4405 724 4455 cnam,
760 4389 844 4445 vel
878 4387 1226 4449 solitudinem
1259 4404 1357 4458 per
1382 4404 1541 4460 quam
1585 4388 1943 4460 quadraginta
1987 4392 2143 4449 antiis
2248 4404 2557 4451 sanctorum
2592 4406 2753 4447 sensu
2778 4432 2793 4457 ,
2840 4389 2974 4445 etin
3009 4385 3190 4443 cordis
3232 4390 3481 4438 versatur
3519 4390 3720 4439 arcane,
3761 4377 3803 4425 οι

551 4495 570 4521 ε
600 4482 932 4540 circumduxi
989 4485 1267 4554 populum.
1303 4485 1430 4541 lltrc
1462 4484 1641 4539 adlmc
1671 4485 1840 4545 semel
1886 4487 2136 4547 movebo.
2248 4485 2496 4557 splendet
2534 4497 2665 4540 vero
2716 4481 2921 4537 lumine
2970 4478 3091 4547 Dei,
3132 4475 3275 4548 quod
3324 4483 3381 4530 et
3410 4468 3716 4542 Apostolum
3756 4461 3805 4514 de

545 4575 698 4643 Quod
732 4575 932 4632 factum
962 4576 1242 4635 cernimus
1286 4579 1335 4632 in
1378 4577 1613 4635 adventu
1644 4577 1858 4637 Domini
1888 4576 2140 4637 Salvato-
2169 4565 2225 4627 Ῑ)
2249 4581 2483 4645 sanatis,
2522 4578 2614 4647 qui
2648 4592 2811 4647 super
2849 4574 3260 4630 fundamentum
3308 4567 3511 4625 Christi
3552 4560 3802 4659 aedificant.

546 4670 639 4724 ris.
674 4669 943 4739 Tempore
989 4670 1188 4740 quippe
1230 4671 1500 4739 passionis
1528 4672 1668 4740 ejus,
1719 4670 1955 4742 fugiente
2003 4673 2141 4739 sele,
2249 4674 2487 4730 sensisse
2518 4670 2864 4742 perSpicuum
2899 4676 3003 4733 est,
3036 4679 3261 4730 aurum,
3293 4667 3608 4731 argentum,
3638 4647 3805 4721 lapides

545 4763 740 4819 ctelum
776 4772 979 4816 tuotum
1010 4763 2141 4836 estettenebrtefactaesuntsuperetnnem
2249 4770 2517 4840 pretiosos
2548 4767 2567 4837 (
2598 4766 2618 4821 1
2651 4765 2771 4821 Cor.
2818 4779 2874 4818 ιιι
2909 4761 2959 4833 );
2996 4770 3054 4819 ιιι
3096 4760 3146 4814 in
3192 4772 3327 4812 aure
3370 4768 3565 4811 sensus
3606 4745 3804 4840 occultus

545 4865 744 4917 terram
778 4860 844 4913 ab
866 4859 997 4917 hera
1023 4871 1172 4916 sexta
1211 4876 1382 4931 usque
1413 4861 1478 4917 ad
1514 4860 1702 4917 heram
1732 4876 1929 4921 nonam
1955 4861 2139 4935 (Matt.
2249 4839 2338 4929 sit,
2390 4864 2442 4915 in
2473 4866 2699 4929 argento
2730 4870 2913 4917 sermo
2951 4851 2968 4890 τ
3004 4853 3227 4918 decem,
3266 4850 3316 4905 itt
3364 4844 3542 4917 lapide
3585 4839 3801 4935 l‘re‘iofo’

546 4951 1263 5023 xxvu,etLuc.xxm).Mota
1285 4928 1369 5009 est
1396 4964 1631 5020 terra,et
1655 4969 1781 5011 saxa
1804 4928 1971 5013 scissa
1989 4962 2138 5021 sunt,
2247 4970 2412 5026 opera
2452 4928 2565 5009 Dee
2601 4949 2892 5022 placentia.
2948 4946 3041 5005 His
3074 4944 3308 5001 metallis
3345 4939 3609 5001 illuSltior
3655 4936 3703 4988 fit
3731 4928 3803 4982 Et”.-

544 5047 701 5118 757
743 5056 797 5103 et
841 5049 1086 5118 sepulcra
1127 5059 1406 5113 reserata;
1451 5057 1661 5103 metum
1700 5057 1787 5105 est
1824 5062 1975 5107 mare
2010 5048 2139 5107 dra-
2246 5047 2408 5107 clesia
2438 5043 2761 5109 Salvntoris,
2806 5055 2967 5111 quam
3017 5036 3291 5109 quendam
3326 5045 3595 5107 synagoga
3635 5026 3802 5080 fuerat;

545 5155 685 5195 cene
720 5142 813 5211 qui
858 5143 910 5196 in
943 5157 1009 5196 ee
1043 5153 1159 5197 erat
1205 5141 1521 5207 interfecto;
1569 5151 1716 5197 meta
1753 5150 1837 5201 est
1872 5150 1927 5198 et
1967 5141 2142 5211 arida,
2251 5139 2336 5195 his
2368 5138 2634 5207 lapidibus
2664 5136 2801 5189 vivis
2830 5133 3128 5188 :edifieatur
3168 5131 3365 5184 domus
3395 5122 3626 5188 Christi,
3657 5126 3703 5172 et
3726 5127 3801 5182 tm

544 5233 874 5289 infructuosa
907 5235 1183 5304 quondam
1220 5234 1460 5305 gentium
1501 5232 1756 5291 solitudo.
1806 5234 1862 5293 lu
1906 5233 2010 5293 hoc
2044 5249 2141 5291 au.
2247 5233 2296 5285 ei
2330 5230 2601 5301 pru'ltelut‘
2626 5238 2853 5287 aeterna.
2891 5224 3060 5283 Porro
3094 5220 3235 5293 quod
3267 5219 3515 5289 sequitur
3545 5218 3592 5269 in
3617 5213 3806 5314 Septua:

543 5335 650 5381 tem
710 5326 1076 5383 universitatis
1131 5336 1402 5393 tremere,
1460 5336 1747 5384 commota:
1800 5336 1927 5385 sunt
1977 5326 2143 5385 etiam
2248 5326 2391 5395 ginta
2431 5342 2443 5379 :
2488 5322 2554 5378 Et
2606 5339 2783 5393 pacem
2824 5321 3014 5375 aninue
3044 5321 3095 5375 in
3139 5317 3535 5388 acquisitionem
3576 5312 3701 5363 omni
3741 5312 3803 5369 qm

616 5495 641 5558 7‘
676 5486 819 5558 Idem
848 5502 973 5551 ηις-ν
1007 5495 1163 5558 quota
1194 5500 1313 5553 νανδ
1345 5483 1466 5558 fuit.
1492 5495 1602 5537 th-
1654 5555 1665 5558 _
1693 5553 1706 5558 _
1839 5553 1871 5558 __
1950 5552 1980 5558 __
2019 5554 2027 5558 _
2316 5477 2343 5517 ἀ
2371 5480 2563 5558 Fertne
2605 5478 2822 5558 rectius
2853 5477 2905 5532 in
2956 5475 3147 5530 eodem
3205 5488 3307 5558 ms.
3339 5516 3351 5539 ,
3408 5468 3632 5558 renirent
3677 5455 3804 5513 electa

615 5557 642 5596 δ
666 5557 912 5613 Solemni
946 5547 1353 5611 auiamtensiuni
1382 5547 1551 5629 lapsu
1572 5569 1602 5629 e
1650 5553 1872 5609 Victorii
1898 5552 2141 5608 editione
2249 5554 2495 5629 gentium,
2521 5562 2705 5629 ctqmc
2739 5551 3042 5629 ubicumque
3069 5547 3329 5618 prmclara
3358 5551 3500 5629 sunt.
3555 5607 3617 5629 ,Α

543 5632 860 5684 exciderunt
890 5631 1077 5690 verba,
1111 5630 1250 5699 (ecta
1280 5638 1351 5680 est
1375 5614 1478 5679 non
1500 5627 1713 5681 dilecta.
1930 5696 1937 5699 _
2249 5614 2270 5624 ν
2325 5634 2348 5699 ῗ
2377 5614 2543 5699 Yffi“
2572 5614 2658 5676 Ιιῖϐ
2686 5622 2789 5679 δυσί
2822 5614 3228 5699 ίίὶηιῖέξξίηλνιυδ·
3264 5630 3389 5677 νοκν
3416 5614 3752 5699 ροηλξῧδολης

621 5703 836 5775 τνυθιιηο
865 5703 1004 5757 idem
1037 5674 1162 5766 ιιίέη
1214 5699 1559 5775 quadraginta
1588 5700 1737 5757 annis
1777 5696 2002 5769 populus
2038 5699 2143 5751 cir-
2331 5694 2581 5750 fVictor.
2620 5709 2802 5775 lsermo
2850 5674 3057 5758 dicens;
3101 5692 3269 5745 ferme
3319 5685 3521 5742 t’eclitts
3552 5686 3599 5734 in
3645 5674 3801 5739 Reguli

543 5772 726 5828 cuirit.
1226 5766 1233 5775 ’
1419 5766 1437 5772 ⁷
1778 5766 1786 5769 ⁷
1846 5766 1856 5769 “
2258 5781 2362 5828 ms.
2395 5782 2561 5824 sermo
2597 5766 2798 5823 decens.
