4050 6342
306 311 444 372 1605

1112 312 1770 376 COMSIENTARIOBUM
1807 312 1876 375 IN
1915 311 2235 376 AGGEUM
2276 313 2501 377 LIBER.
2542 317 2694 374 CAP.
2741 320 2804 376 ll.

3459 325 3597 382 nos

303 440 532 502 creatur,
575 439 629 488 ut
649 433 867 488 suscitet
909 433 1155 504 templum
1181 433 1347 497 istud,
1382 434 1538 502 quasi
1563 431 1898 502 superﬂuum
1923 442 1978 503 Α
2004 449 2142 504 opus
2169 448 2470 506 congruum
2509 435 2715 506 templo
2741 437 2861 505 Dei,
2895 447 2952 494 ct
2977 437 3188 494 audivit
3227 440 3546 510 mysterium
3577 457 3591 494 ε

303 531 356 576 et
383 522 473 578 vix
520 523 802 582 cohaerens
828 566 843 590 ,
883 527 1085 596 quippe
1121 525 1264 595 quod
1296 539 1394 582 nec
1433 525 1572 595 apud
1618 525 1898 593 Hebraeos,

301 629 405 678 nec
463 617 607 686 apud
663 617 828 676 alium
887 633 1210 690 quemquam
1271 619 1627 689 interpretem
1693 617 1897 685 fertur,

302 710 604 772 Omisimus.

375 806 580 876 (Vera.
642 807 703 863 ll
758 806 982 877 seqq.).
1037 804 1105 862 In
1159 806 1398 861 vicesima
1443 818 1488 861 et
1535 815 1726 878 quarta
1775 808 1900 862 noni

309 899 524 967 mensis,
555 899 610 956 in
639 915 780 953 anno
823 900 1075 972 secundo:
1088 897 1239 954 Darii
1283 899 1302 971 ί
1331 899 1484 970 Vulg.
1515 900 1666 956 addit
1701 900 1895 973 Regis]

301 994 502 1062 factum
535 995 742 1050 verbum
781 1003 856 1047 est
907 991 1123 1049 Domini
1157 996 1228 1047 ad
1272 993 1522 1064 Aggazum
1565 994 1893 1065 prophetam,

299 1089 476 1144 dicens
517 1105 536 1144 :
586 1088 713 1145 Hac
750 1090 883 1168 dicit
929 1087 1188 1144 Dominus
1227 1090 1580 1154 exercituum;
1634 1090 1896 1160 interroga

298 1186 589 1240 sacerdotes
647 1185 842 1259 legem,
895 1187 1075 1240 dicens
1107 1202 1123 1238 :
1155 1185 1218 1240 Si
1260 1185 1434 1240 tulerit
1479 1184 1632 1238 homo
1685 1199 1894 1238 carnem

296 1279 679 1347 sanctiﬁcatum
723 1280 779 1336 in
829 1295 923 1334 ora
966 1280 1252 1335 vestimenti
1300 1279 1415 1344 sui,
1471 1287 1520 1331 et
1559 1278 1783 1350 tetigerit
1829 1276 1896 1331 de

293 1373 588 1426 summitate
625 1373 740 1439 ejus
784 1389 996 1442 panem,
1041 1381 1131 1425 aut
1170 1371 1515 1443 pulmentum,
1563 1379 1653 1424 aut
1694 1370 1888 1434 vinum,

292 1475 385 1520 aut
410 1466 599 1532 oleum,
647 1476 743 1520 aut
767 1482 975 1522 omnem
1005 1466 1216 1532 cibum;
1257 1465 1506 1534 numquid
1534 1461 1890 1527 sancti/imbi-

295 1560 422 1615 tur?
450 1559 842 1631 Respondentes
871 1569 1047 1616 autem
1072 1558 1388 1625 sacerdotes,
1417 1558 1664 1612 dixerunt
1693 1573 1712 1611 :
1743 1556 1887 1611 Non.

295 1651 364 1707 Et
398 1654 532 1708 dixit
575 1653 795 1726 Aggteus
831 1653 944 1709 :Si
981 1654 1204 1724 tetigerit
1243 1650 1478 1723 pollutus
1515 1652 1571 1705 in
1611 1651 1785 1705 anima
1825 1666 1890 1705 es:

293 1747 530 1802 omnibus
559 1746 662 1812 his,
708 1747 962 1817 numquid
987 1745 1463 1800 contaminabitur?
1509 1742 1574 1797 Et
1603 1741 1886 1813 responde-

2008 528 2224 584 Mouebo
2267 545 2445 584 omnes
2485 539 2693 600 gentes,
2739 540 2790 590 et
2816 532 2982 586 veniet
3021 532 3350 588 desideratus
3397 535 3600 588 cunctis

2004 624 2259 696 gentibus,
2305 633 2358 678 et
2391 624 2582 694 plenus
2619 632 2708 680 est
2747 625 3032 690 vaticinia;
3071 634 3360 694 propterea
3391 621 3418 664 ἀ
3445 634 3600 684 totus

2002 716 2068 770 ad
2110 717 2365 786 Aggazum
2399 716 2462 771 lit
2497 731 2682 771 sermo
2717 716 2944 772 Domini.
3001 716 3079 772 De
3113 716 3373 772 vicesima
3401 729 3596 788 quarta

2002 809 2091 862 die
2119 819 2174 866 et
2197 809 2440 866 secundo
2465 826 2612 866 anno
2640 811 2750 879 jam
2774 811 3014 867 diximus
3044 829 3059 865 :
3090 810 3227 866 Nuni
3263 812 3468 870 mensis
3497 828 3598 874 nti-.-

2003 915 2186 955 mcrus
2217 902 2306 971 qui
2339 900 2426 956 hic
2457 901 2694 964 additur,
2738 916 3032 971 numquam
3070 901 3126 956 in
3155 907 3351 958 bonam
3379 913 3597 973 partem

2001 995 2218 1063 legitur.
2271 994 2475 1050 Pascha
2523 994 2764 1048 immolat
2799 995 3068 1063 populus,
3109 1005 3163 1049 et
3190 996 3329 1051 alias
3355 995 3598 1051 celebrat

1999 1091 2355 1156 festivitates;
2405 1090 2586 1146 omnis
2623 1089 2742 1159 ejus
2779 1089 3099 1146 solemnitas
3134 1089 3223 1145 die
3265 1090 3450 1150 linitur
3498 1104 3597 1145 oc—

1998 1196 2143 1255 tavo,
2178 1202 2281 1242 nec
2328 1185 2395 1240 ad
2441 1199 2642 1239 nonum
2690 1184 2957 1254 pervenit.
2997 1183 3101 1248 Qui
3132 1198 3328 1254 agnum
3382 1185 3599 1254 pascltat

1997 1289 2327 1352 praeparant,
2356 1287 2629 1338 transacta
2659 1277 2751 1333 die
2780 1291 2943 1345 nona,
2975 1277 3238 1345 incipiunt
3265 1292 3595 1348 praeparare.

1999 1377 2124 1432 Dies
2173 1391 2388 1444 quoque
2443 1372 2845 1444 propitiationis
2906 1381 2960 1425 et
3005 1371 3336 1442 expiationis
3391 1374 3598 1432 mensis

1995 1469 2250 1541 septimi,
2299 1478 2421 1540 post
2449 1467 2596 1523 diem
2629 1482 2828 1521 nonam
2871 1464 3201 1521 celebratur.
3254 1465 3324 1519 Et
3351 1465 3406 1519 in
3436 1464 3596 1521 lere-

1995 1565 2101 1620 mia
2134 1564 2152 1634 (
2181 1564 2310 1633 Cap.
2341 1577 2434 1616 XI!
2465 1570 2513 1614 et
2543 1575 2614 1614 ιιι
2645 1557 2687 1631 ),
2743 1560 2883 1612 sicut
2915 1557 3222 1628 legentibus
3247 1553 3446 1628 poterit
3475 1572 3598 1612 esse

1995 1653 2366 1717 manifestum,
2409 1651 2714 1708 Jerusalem
2749 1664 2894 1705 nono
2923 1663 3068 1704 anno
3092 1664 3122 1703 a
3153 1649 3466 1720 Babyloniis
3501 1665 3598 1717 op.

1993 1756 2283 1817 pugnatur.
2329 1747 2463 1813 Quia
2494 1745 2657 1812 igitur
2691 1742 2978 1813 prophetia
3008 1741 3076 1797 de
3108 1741 3449 1796 immunditia
3490 1756 3591 1809 po-

291 1848 413 1895 runt
439 1840 762 1908 sacerdotes,
795 1849 842 1894 et
879 1839 1168 1896 dixerunt:
1199 1838 1659 1893 contamiuabitur.
1696 1833 1762 1890 Et
1799 1851 1874 1890 rev
1913 1849 1961 1910 Β
1989 1842 2096 1911 puli
2135 1840 2310 1895 futura
2341 1839 2508 1911 760
2553 1847 2700 1903 erat;
2751 1837 2954 1893 idcirco
2994 1836 3233 1894 secundo
3275 1851 3416 1890 anno
3449 1835 3595 1891 Darii

290 1933 500 2004 spondit
523 1934 770 2005 Aggwus,
801 1940 850 1988 et
875 1934 1010 1988 dixit
1035 1949 1055 1988 :
1081 1931 1174 1988 Sic
1195 1931 1424 2002 populus
1449 1933 1565 1997 iste,
1593 1939 1640 1986 et
1657 1931 1732 1984 sic
1753 1945 1879 1998 gens

289 2030 412 2094 ista,
451 2039 571 2084 ante
607 2030 794 2101 faciem
822 2045 1017 2096 meam,
1063 2027 1190 2082 dicit
1221 2027 1518 2093 Dominus;
1553 2036 1600 2079 et
1632 2026 1708 2080 sic
1739 2040 1889 2080 omne

291 2136 418 2192 opus
460 2137 710 2178 nianuum
747 2138 949 2188 eorum,
1003 2131 1052 2176 et
1093 2122 1267 2176 omnia
1303 2136 1418 2191 qua:
1457 2120 1749 2175 obtulerunt
1792 2119 1884 2182 ibi,

288 2215 647 2270 contaminata
691 2225 866 2272 erunt.
914 2214 1101 2274 LXX:
1143 2215 1395 2270 Vicesima
1441 2226 1490 2271 et
1529 2223 1715 2282 quarta
1763 2215 1888 2270 noni

288 2307 501 2376 mensis,
526 2324 668 2366 anno
686 2308 914 2364 secundo
941 2308 1035 2364 sub
1063 2307 1251 2376 Dario,
1280 2311 1448 2378 factus
1468 2316 1542 2362 est
1571 2323 1742 2364 sermo
1770 2304 1884 2361 Do-

289 2396 416 2452 mini
439 2397 507 2450 ad
533 2398 776 2468 Aggamm
799 2398 1132 2468 prophetam,
1159 2400 1334 2456 dicens
1358 2414 1375 2456 .'
1400 2397 1532 2454 Hac
1560 2399 1684 2454 dicit
1703 2397 1888 2452 Domi-

290 2506 388 2545 nus
415 2492 784 2562 omnipotens;
823 2493 1087 2562 interroga
1125 2493 1422 2550 sacerdotes
1447 2493 1632 2566 legem,
1665 2495 1844 2548 dicens
1865 2510 1884 2547 :

290 2583 353 2640 Si
381 2587 659 2656 sumpserit
689 2586 844 2646 homo
871 2604 1085 2646 carnem
1109 2597 1342 2643 sanctam
1369 2589 1424 2642 in
1449 2589 1747 2644 summitate
1769 2604 1886 2644 νειμ,

288 2677 488 2732 timenti
529 2679 635 2746 sui,
676 2689 724 2734 et
763 2680 989 2752 tetigerit
1028 2680 1298 2738 summitas
1331 2682 1616 2738 vestimenti
1645 2685 1758 2749 eius
1787 2698 1885 2749 pa.

284 2785 428 2834 nem,
467 2778 555 2826 aut
584 2772 898 2836 coctionem,
946 2782 1035 2826 aut
1064 2774 1260 2837 viuum,
1291 2782 1382 2828 aut
1411 2773 1602 2836 oleum,
1635 2783 1728 2828 aut
1767 2791 1881 2828 om-

283 2880 398 2918 nem
423 2863 616 2932 cibum,
647 2866 692 2918 si
720 2866 1174 2931 sanctiﬁeabitur?
1205 2866 1274 2920 Et
1303 2868 1679 2935 responderunt
1710 2885 1886 2923 sacer-

282 2953 428 3008 dotes
450 2999 463 3023 ,
513 2966 559 3014 et
587 2955 828 3015 dixtruut
1094 2958 1234 3016 Non.
1270 2959 1334 3016 Et
1365 2960 1494 3016 dixit
1529 2960 1749 3031 Aggams
1779 2978 1797 3015 :
1821 2961 1884 3018 Si

281 3049 500 3118 tetigerit
527 3049 821 3108 immundus
851 3052 904 3106 iu
928 3052 1108 3106 anima
1131 3053 1194 3107 de
1221 3053 1455 3108 omnibus
1485 3053 1585 3117 his,
1621 3056 1880 3110 contami-

282 3140 537 3196 nabitur?
587 3141 652 3196 Et
703 3143 1080 3212 responderunt
1131 3145 1455 3212 sacerdotes,
1501 3157 1545 3200 et
1587 3147 1834 3202 dia-erunt
1861 3164 1881 3205 .'

1991 1951 2166 1990 nouns
2207 1934 2411 1988 utentis
2461 1932 2726 2002 jungitur.
2782 1932 3020 1988 Rursum
3071 1931 3195 1998 quia
3245 1930 3404 1984 datur
3444 1929 3596 1983 locus

1990 2029 2326 2102 poenitentiae
2375 2037 2498 2098 post
2551 2025 2911 2080 imtnunditite
2959 2026 3389 2094 correptionem,
3439 2023 3590 2078 vice.

1989 2125 2128 2179 sima
2173 2130 2364 2192 quarta
2396 2119 2487 2174 die
2523 2133 2712 2174 sermo
2746 2118 2839 2172 Dei
2873 2118 2934 2174 tit
2957 2117 3024 2172 ad
3059 2119 3316 2187 Aggtnum
3346 2115 3594 2186 prophe-

1989 2229 2129 2280 tam,
2166 2225 2222 2270 ut
2248 2213 2400 2284 quasi
2431 2227 2503 2267 ex
2533 2227 2767 2283 persona
2803 2210 3016 2264 Domini
3047 2210 3410 2280 qumstionem
3436 2224 3465 2262 a
3497 2223 3590 2262 sa-

1987 2308 2302 2364 cerdotibus
2337 2307 2646 2362 sciscitatur
2673 2321 2739 2359 es
2772 2305 2891 2372 lego
2921 2304 3266 2364 venientem,
3317 2312 3371 2355 et
3396 2301 3598 2356 dicitur

1987 2403 2036 2458 ei
2073 2420 2086 2455 :
2121 2400 2398 2470 Interroga
2447 2397 2744 2458 sacerdotes
2797 2397 2993 2468 legem,
3049 2395 3248 2454 dicens.
3313 2393 3595 2463 Simulque

1987 2497 2276 2552 considera
2313 2495 2658 2549 sacerdotum
2698 2505 2822 2546 esse
2857 2490 3050 2550 cilicii.
3096 2489 3164 2544 de
3203 2489 3319 2556 lege
3358 2489 3596 2542 interro-

1987 2592 2132 2663 gauli
2179 2587 2538 2658 respondere.
2587 2585 2644 2640 Si
2675 2582 2934 2640 sacerdos
2965 2591 3070 2650 est,
3101 2583 3239 2637 sciat
3269 2581 3444 2650 legem
3492 2581 3597 2634 lio-

1987 2685 2150 2743 mini:
2183 2684 2228 2737 si
2254 2683 2468 2750 iguorat
2497 2680 2694 2749 legem,
2744 2676 2862 2744 ipse
2893 2690 2953 2731 se
2982 2672 3158 2744 arguit
3183 2689 3291 2730 non
3325 2686 3452 2730 esse
3485 2673 3590 2729 Do-

1987 2780 2120 2835 mini
2149 2776 2516 2834 sacerdotem.
2565 2769 2883 2829 Sacerdmis
2914 2769 3060 2826 etaim
3102 2777 3180 2824 cst
3213 2768 3357 2824 scire
3393 2767 3590 2836 lugent,

1985 2883 2040 2928 ct
2087 2873 2150 2925 ad
2198 2868 2684 2938 interrogationem
2743 2863 3082 2934 respondere
3130 2863 3198 2918 de
3246 2861 3384 2930 lege.
3435 2859 3591 2927 Quod

1985 2965 2202 3035 quidem
2238 2972 2289 3017 et
2322 2962 2376 3016 in
2427 2958 2850 3018 Denteronomio
2881 2955 3062 3026 (Cap.
3099 2956 3164 3012 l7
3197 2954 3215 3023 )
3248 2953 3496 3024 legimus,
3533 2962 3592 3008 ut

1985 3053 2158 3110 sicubi
2211 3055 2261 3108 in
2294 3052 2522 3108 urbibus
2563 3049 2728 3106 lsrael
2769 3049 3000 3119 qnatstio
3031 3047 3192 3102 luerit
3217 3055 3406 3100 exorta
3455 3047 3593 3102 inter

1985 3147 2304 3218 sanguinem
2331 3155 2385 3202 et
2406 3144 2748 3214 sanguinem,
2774 3143 2917 3197 inter
2938 3139 3201 3210 judicium
3225 3149 3278 3194 et
3297 3138 3588 3209 judicium,

283 3234 735 3290 rontamiuabitur.
780 3233 850 3292 Et
895 3236 1164 3305 respondit
1210 3238 1452 3312 Aggwus,
1496 3249 1542 3294 et
1576 3239 1710 3296 dixit
1741 3257 1758 3296 :
1791 3242 1881 3300 Si;
1909 3237 1954 3300 C
1989 3245 2190 3309 lepram
2219 3250 2273 3296 et
2305 3241 2533 3310 lepram,
2580 3235 3073 3294 contradictionem
3117 3241 3172 3290 et
3200 3232 3592 3290 contradictio—

282 3325 505 3397 populus
534 3327 659 3396 iste,
708 3336 754 3379 et
783 3328 857 3382 sic
884 3345 1004 3396 gens
1049 3329 1158 3388 [nec
1189 3345 1366 3384 coram
1396 3346 1494 3395 me,
1537 3332 1662 3386 dicit
1702 3332 1880 3390 Domi-

281 3432 402 3484 nus,
433 3426 479 3474 ct
509 3420 582 3474 sic
622 3421 798 3478 omnia
828 3437 986 3490 opera
1013 3438 1264 3482 manuum
1300 3439 1502 3482 eorum.
1545 3424 1608 3480 Et
1637 3427 1876 3495 quicum-

280 3525 377 3584 que
419 3513 918 3584 appropinquaverit
949 3522 975 3552 η
1006 3514 1111 3582 ibi,
1157 3517 1622 3584 contaminabitur,
1666 3529 1877 3591 propter

280 3616 497 3658 munem
525 3619 702 3660 eorum
742 3607 1018 3674 matutina,
1057 3608 1301 3664 dolebant
1331 3626 1362 3668 a
1385 3612 1518 3681 [acie
1555 3613 1876 3668 malitiarum

278 3710 516 3764 suarum,
547 3704 593 3750 et
624 3697 854 3756 odoratis
883 3699 938 3756 in
967 3701 1130 3771 portis
1159 3711 1455 3772 arguentes.
1499 3703 1791 3774 Propterea
1821 3717 1878 3762 et

289 3785 638 3858 Septuaginta
687 3789 1045 3862 interpretum
1077 3792 1372 3856 editionem
1414 3796 1718 3864 posuimus,
1751 3799 1876 3870 quia

282 3879 336 3936 in
384 3879 705 3949 quibusdam
735 3883 918 3938 verbis
954 3884 1238 3942 dissonare
1269 3887 1614 3946 videbantur.
1665 3891 1726 3948 Et
1774 3892 1877 3950 hoc

275 3968 420 4037 quod
446 3969 645 4026 dicitur
679 3990 692 4026 :
727 3971 950 4042 Propter
978 3992 1193 4031 munera
1223 3993 1401 4032 eorum
1443 3983 1730 4048 matutina,
1780 3984 1877 4036 do-

275 4061 451 4118 lebuut
490 4080 522 4115 a
544 4063 678 4134 [acie
702 4067 1023 4122 malitiarum
1060 4086 1298 4137 suarum,
1338 4083 1384 4126 et
1411 4073 1643 4132 odoratis
1671 4079 1724 4132 in
1754 4095 1876 4148 por-

277 4154 341 4208 tis
381 4168 677 4228 arguentes,
711 4173 813 4216 nec
849 4159 904 4220 in
935 4160 1186 4234 "BDI‘J‘O,
1235 4179 1334 4222 nec
1360 4167 1506 4235 apud
1531 4169 1668 4224 alios
1701 4170 1878 4226 inter-

277 4256 460 4316 pretes
492 4247 784 4308 invenitur.
811 4250 1118 4310 Notandum
1151 4255 1293 4326 quod
1325 4257 1377 4311 in
1414 4256 1440 4294 ι)
1473 4258 1578 4314 isto
1605 4259 1727 4316 loco
1762 4278 1775 4315 :
1806 4260 1874 4322 In

277 4341 520 4398 vicesima
549 4351 800 4414 etquarta
830 4345 915 4406 die
942 4347 1133 4404 mensis
1165 4350 1292 4406 noni
1311 4366 1452 4410 ωιηο
1483 4354 1735 4418 secundo,
1765 4370 1874 4416 non

277 4443 335 4488 ut
360 4448 522 4504 supra
559 4438 718 4491 tertia
753 4438 869 4494 vice
902 4439 1141 4502 dicitur:
1173 4441 1398 4502 Factum
1421 4455 1498 4501 est
1520 4447 1732 4502 verbum
1761 4444 1872 4504 Do-

275 4527 404 4580 mini
432 4527 487 4584 in
520 4545 672 4584 manu
700 4531 880 4604 Aggtei
920 4533 1221 4608 praphette,’
1253 4536 1348 4594 sed
1375 4537 1446 4592 ad
1471 4539 1722 4610 Aggazum
1747 4559 1874 4613 pro-

1985 3353 2133 3404 oem,
2166 3343 2297 3391 eant
2331 3334 2394 3390 ad
2427 3331 2746 3388 sacerdotes
2773 3339 2936 3399 atque
2962 3328 3203 3393 Levitas,
3235 3336 3290 3382 et
3320 3327 3385 3382 ad
3413 3327 3589 3396 ponti-

1983 3433 2138 3486 ticem
2171 3428 2263 3497 qui
2296 3429 2348 3484 in
2379 3426 2574 3484 diebus
2605 3425 2717 3482 illis
2745 3423 2910 3480 luerit
2938 3422 3309 3486 conititutus,
3359 3429 3415 3477 et
3441 3436 3589 3491 qum-

1982 3530 2101 3576 rant
2150 3519 2314 3578 abeo
2341 3519 2517 3588 legem
2559 3515 2804 3580 Domini;
2854 3514 3051 3583 quibus
3101 3512 3586 3583 respondentibus,

1984 3616 2182 3671 faciant
2206 3613 2348 3683 quod
2371 3613 2653 3690 jubentur.
2701 3611 2856 3677 Quod
2887 3611 2929 3666 si
2961 3623 3069 3669 non
3101 3609 3354 3674 iecerint,
3404 3617 3588 3664 exter.

1982 3709 2257 3766 minentur
2308 3705 2378 3762 da
2423 3704 2621 3773 populo
2670 3717 2792 3760 suo.
2847 3703 2913 3758 Et
2963 3716 3030 3758 ne
3072 3699 3300 3758 forsitan
3334 3701 3384 3756 in
3416 3699 3587 3760 veteri

1979 3800 2156 3858 solum
2188 3798 2561 3858 instrumento
2589 3795 2702 3854 haec
2733 3805 3006 3865 prmcepta
3038 3795 3360 3858 videantur;
3409 3793 3586 3860 loqui-

1982 3903 2068 3948 tor
2094 3901 2146 3947 et
2175 3889 2470 3963 Apostolus
2493 3889 2560 3948 d
2589 3887 2957 3950 Timotheum.
2987 3886 3305 3956 episcopum
3349 3899 3457 3942 non
3490 3898 3580 3940 so-

1981 3987 2089 4040 lum
2138 3982 2680 4052 irrepreltensibilcm
2707 3995 2833 4037 esse
2859 3979 3079 4045 debere,
3125 3989 3180 4035 et
3203 3980 3366 4034 unius
3394 3979 3582 4036 uxoris

1983 4079 2184 4140 virum,
2233 4085 2289 4136 et
2333 4077 2657 4145 sapientem.
2705 4086 2763 4130 et
2810 4075 3088 4144 pudicum.
3137 4083 3191 4129 et
3217 4083 3494 4139 ornatum,
3525 4081 3583 4132 ct

1981 4171 2324 4240 ltosoitalem,
2355 4169 2450 4228 sed
2481 4168 2645 4230 etiam
2675 4169 2956 4224 doctorem
2989 4167 3008 4240 (
3039 4166 3060 4224 l
3093 4166 3226 4220 Tim.
3258 4181 3316 4228 tu
3340 4164 3380 4236 ).
3413 4166 3480 4228 Et
3513 4180 3581 4224 ne

1976 4279 2107 4320 casu
2137 4264 2242 4323 hoc
2267 4261 2479 4324 dixisse
2505 4262 2805 4327 1rideretur,
2855 4260 2923 4320 ad
2955 4260 3132 4318 Titum
3176 4274 3394 4330 quoque
3421 4273 3586 4330 super

1977 4355 2314 4428 presbyteris
2356 4357 2377 4424 (
2407 4369 2548 4426 quos
2570 4365 2623 4414 et
2644 4355 2940 4424 episcopos
2968 4350 3198 4422 intelligi
3226 4350 3380 4420 vult)
3429 4351 3580 4408 ordi-

1977 4449 2191 4516 nandis,
2238 4449 2430 4508 eadem
2473 4449 2685 4508 cautela
2735 4455 2987 4506 servatur
3017 4445 3167 4518 (Tit.
3200 4461 3239 4512 ι,
3271 4445 3306 4502 5
3345 4460 3499 4516 seqq.
3533 4447 3579 4516 ).

1980 4542 2203 4608 Propter
2241 4541 2338 4602 hac
2371 4541 2561 4611 reliqui
2608 4553 2654 4600 te
2699 4539 2885 4606 Cretae,
2928 4547 2984 4594 ut
3019 4554 3142 4610 qua!
3176 4537 3392 4594 residua
3438 4547 3587 4598 erant

275 4619 510 4694 phetam.
543 4622 619 4678 lbi
645 4621 788 4680 enim
835 4624 855 4697 (
884 4626 1006 4695 quia
1029 4626 1208 4686 adhuc
1238 4640 1260 4667 ε
1286 4631 1588 4700 proiectum
1617 4635 1871 4701 habebat,
1899 4626 1950 4690 Β
1977 4636 2284 4706 corrigeres,
2311 4645 2361 4690 et
2391 4633 2668 4694 ordinans
2697 4651 2788 4710 per
2812 4633 3044 4690 civitates
3074 4631 3419 4704 presbyteros,
3450 4632 3583 4688 sicut

273 4720 330 4768 et
367 4728 536 4786 opera
567 4723 775 4774 tantum
817 4716 1040 4785 munda,
1091 4732 1188 4776 cor
1221 4731 1403 4778 autem
1448 4723 1594 4780 illius
1640 4726 1870 4784 necdum

274 4802 486 4874 plenam
528 4807 856 4878 sapientiam
903 4820 1217 4882 receperat;
1259 4813 1374 4868 sive
1423 4816 1545 4886 quia
1595 4815 1874 4878 habitabat

272 4896 449 4954 adhuc
479 4897 624 4954 inter
662 4913 779 4966 eos,
830 4901 920 4970 qui
961 4901 1215 4962 dicebant
1250 4921 1263 4958 :
1300 4903 1549 4964 Nondum
1578 4911 1714 4964 venit
1747 4919 1876 4968 tem-

271 5007 368 5060 pus
415 4990 599 5047 domus
633 4992 848 5054 Domini
885 4997 1236 5071 a'diﬁcanda’)
1267 5001 1320 5058 in
1364 5003 1619 5074 operibus
1667 5014 1873 5072 tantum

272 5084 393 5152 ejus
442 5100 624 5144 sermo
665 5089 837 5148 lactus
863 5101 948 5148 est
978 5091 1209 5150 Domini.
1263 5096 1357 5152 llic
1389 5109 1568 5158 autem
1611 5102 1867 5171 quoniam

269 5189 382 5244 1am
412 5177 598 5252 templi
622 5179 767 5250 jacta
801 5191 929 5240 sunt
960 5182 1308 5246 fundamenta
1332 5231 1348 5255 ,
1400 5199 1456 5248 et
1483 5193 1759 5262 ingressus
1785 5206 1869 5254 est

272 5269 504 5340 populus
552 5287 676 5328 cum
721 5273 1062 5348 principibus
1105 5281 1157 5334 in
1209 5279 1432 5346 domum
1483 5285 1598 5355 Dei,
1648 5298 1700 5344 et
1744 5290 1870 5346 facit

342 5453 796 5544 ignosci-ipsimus
825 5457 894 5544 ibi
918 5502 932 5528 ,
968 5472 1034 5518 ex
1074 5458 1266 5544 Regio.
1304 5477 1417 5544 ms._
1433 5463 1586 5544 iusta
1617 5465 1873 5532 Graecum

269 5533 506 5609 textum,
540 5529 892 5609 iwiepiuai‘,
939 5529 1450 5603 appropinquarerit'
1473 5536 1569 5606 ibi,
1627 5553 1724 5608 pro
1763 5529 1872 5609 quo

268 5596 613 5666 Martianmus
651 5596 742 5652 tibi
771 5600 920 5666 legit.

337 5665 367 5704 δ
410 5669 600 5752 llegin.
641 5684 778 5752 ius”
824 5665 1134 5752 Notandum
1170 5685 1378 5743 autem,
1417 5679 1556 5744 acted
1591 5680 1646 5736 in
1681 5692 1872 5752 quarto

267 5741 404 5802 loco,
439 5751 570 5806 etc.,
597 5742 823 5809 rectius,
855 5754 912 5798 ut
938 5743 1171 5802 videtur.

349 5812 370 5843 ‘
398 5810 540 5870 idem
571 5827 696 5886 ms.,
723 5817 850 5886 quia
877 5816 1047 5873 adhuc
1077 5819 1401 5893 prophetiam
1433 5821 1669 5880 habebat.

1978 4743 2071 4798 ego
2115 4728 2340 4797 praecepi
2377 4727 2516 4785 tibi:
2559 4726 2620 4787 Si
2659 4726 2774 4797 quis
2811 4735 2885 4780 est
2919 4724 3386 4794 irreprehensibilis
3424 4724 3578 4780 unius

1975 4819 2156 4876 uxoris
2194 4819 2291 4883 vir,
2342 4819 2479 4889 ﬁlios
2498 4817 2694 4877 habent
2719 4815 2921 4888 ﬁdeles,
2968 4834 3072 4876 non
3105 4829 3125 4856 ε
3149 4818 3205 4872 in
3246 4817 3579 4874 accusatione

1975 4914 2204 4970 luxuria:
2247 4913 2326 4970 uel
2371 4915 2426 4970 in
2471 4913 2750 4985 subjectos.
2803 4911 3024 4983 Oportet
3069 4913 3208 4972 enim
3271 4913 3568 4983 episcopum

1975 5005 2478 5075 irreprehensibilem
2521 5022 2632 5062 esse
2674 5006 2810 5060 sicut
2852 5003 2953 5060 Dei
2997 5005 3429 5076 dispensatorem,
3478 5018 3581 5057 non

1977 5115 2272 5169 procacem,
2313 5116 2416 5154 non
2465 5098 2800 5166 iracundum,
2849 5115 2952 5154 non
2981 5099 3289 5162 violentum,
3333 5113 3435 5151 non
3464 5112 3580 5165 pero

1977 5213 2260 5264 .cussorem,
2303 5214 2404 5252 non
2440 5199 2605 5268 turpis
2636 5197 2770 5251 lucri
2797 5196 3086 5267 cupidum,-
3115 5196 3204 5249 sed
3243 5192 3574 5262 hospitalem,

1978 5293 2246 5363 pudicum,
2293 5291 2592 5361 britignum,
2631 5293 2862 5362 justum,
2901 5297 3159 5352 sanctum,
3208 5286 3578 5352 continentem,

2050 5467 2078 5507 ἀ
2111 5467 2400 5536 Victorius,
2451 5468 2683 5530 fortasse
2726 5466 2954 5533 rectius,
3003 5465 3076 5526 ad
3113 5473 3282 5526 totum
3326 5465 3575 5536 Aggteum

1977 5557 2145 5593 serata
2172 5540 2231 5609 ﬁt
2261 5539 2493 5594 Domini.

2053 5621 2077 5648 ο
2103 5613 2227 5666 llznc
2267 5627 2332 5667 ex
2377 5612 2594 5682 antiqua
2624 5609 2851 5681 Vulgata
2880 5609 3075 5664 recitat
3119 5609 3485 5682 Hieronymus
3517 5615 3574 5682 ut

1977 5683 2205 5753 probant
2249 5698 2412 5739 voces
2463 5680 3124 5755 sequentesinsubjectos
3151 5723 3164 5746 ,
3213 5680 3472 5755 consolari
3512 5681 3570 5755 in

1978 5752 2220 5814 doctrina
2262 5771 2389 5812 sana
2415 5797 2428 5820 ,
2459 5752 2591 5822 etc},
2620 5769 2742 5824 qua:
2773 5752 3025 5825 leguntur
3053 5755 3107 5814 in
3135 5753 3392 5816 omnibus
3424 5752 3577 5810 codiv

1993 5825 2144 5885 cibus
2163 5842 2324 5899 mss.,
2352 5835 2411 5884 ut
2435 5841 2533 5886 nos
2564 5825 2850 5886 edidimus.
2885 5829 3064 5886 Msn't'.
