4028 6342
431 271 572 330 M07

1682 273 1744 329 S.
1783 269 2056 330 EUSEBII
2092 269 2470 327 HIEBONYMI

3601 272 3743 329 “08

428 384 695 442 habentem
739 387 796 442 in
841 386 1085 442 doctrina
1128 402 1414 443 sermonem
1451 385 1698 456 ﬁdelem;
1756 397 1809 440 ut
1863 385 2028 455 possit
2055 386 2110 448 Α
2135 382 2297 453 pheta
2335 380 2462 451 quid
2503 389 2735 452 qucerat.
2793 381 2850 436 Si
2893 382 3057 436 homo
3098 379 3470 453 quicumque,
3515 396 3623 437 non
3656 384 3746 438 hic

430 482 694 536 consolari
746 481 800 535 in
838 480 1074 536 doctrina
1112 498 1262 549 sana,
1308 489 1355 534 et
1402 496 1486 534 eos
1529 480 1619 551 qui
1666 478 2030 533 contradicunt

430 592 675 649 arguere.
732 577 872 633 Sunt
897 580 1031 632 enim
1063 576 1215 632 multi
1243 585 1290 631 et
1332 594 1435 632 non
1468 577 1707 651 subjecti,
1742 575 2028 644 vaniloqui,

429 678 479 724 et
515 670 835 737 seductorcs,
882 678 928 724 et
958 671 1182 725 maxime
1226 670 1315 739 qui
1354 670 1417 723 de
1459 670 1852 724 circumcisione
1890 677 2028 733 sunt,

434 763 594 835 761
647 762 833 831 quibus
863 771 1066 836 Oportet
1094 764 1357 833 imponere
1406 762 1693 816 silentium.
1742 761 1871 815 Haec
1901 775 2031 831 pro-

432 853 599 910 lixius
655 855 846 924 posui,
895 867 954 910 ut
1008 868 1115 909 tam
1179 871 1246 911 ex
1294 855 1508 917 veteri,
1560 870 1721 925 quam
1779 870 1846 909 ex
1892 867 2036 907 novo

434 945 827 1015 Testamento,
869 948 1217 1005 sacerdotum
1246 962 1369 1003 esse
1397 947 1638 1003 ofﬁcium
1674 946 1993 1002 noverimus
2020 988 2034 1012 ,

435 1040 582 1097 scire
611 1042 788 1112 legem
826 1040 952 1109 Dei,
997 1050 1052 1096 et
1095 1040 1429 1112 respondere
1459 1040 1527 1096 ad
1555 1056 1677 1112 quae
1714 1042 1919 1095 fuerint
1956 1039 2040 1094 in-

438 1137 723 1205 terrogati.
766 1134 879 1191 Nec
909 1134 1320 1205 simplicitatem
1356 1144 1415 1190 et
1439 1135 1687 1190 ciborum
1745 1136 2037 1190 continen-

437 1228 572 1284 tiam
626 1229 682 1283 in
738 1229 1001 1300 magistro
1047 1227 1340 1284 sufﬁcere:
1373 1229 1480 1283 nisi
1519 1228 1663 1300 quod
1704 1230 1823 1298 ipse
1866 1227 2037 1293 facit,

440 1320 620 1390 pOSsit
641 1330 697 1376 et
719 1322 861 1377 alios
880 1320 1125 1377 erudire.
1149 1320 1313 1376 Certe
1336 1320 1461 1393 quia
1487 1336 1852 1391 responsuros
1877 1330 2036 1390 puto:

443 1412 550 1469 hoc
574 1429 761 1470 eorum
787 1429 912 1470 esse
938 1415 1026 1485 qui
1060 1430 1119 1470 se
1150 1416 1216 1469 ab
1244 1414 1611 1470 adolescentia
1637 1423 1947 1485 praeparant
1974 1413 2041 1468 ad

444 1506 787 1575 docendum,
823 1510 1131 1579 frequenter
1158 1517 1340 1561 autem
1365 1507 1574 1575 judicio
1596 1508 1841 1574 Domini,
1868 1516 1921 1562 et
1950 1522 2046 1576 po-

449 1600 702 1671 pulorum
733 1601 997 1671 suffragio
1039 1602 1092 1656 in
1133 1600 1498 1655 sacerdotium
1541 1600 1818 1670 simplices
1867 1599 1993 1669 eligi
2028 1616 2040 1651 :

446 1693 642 1748 saltem
683 1692 819 1747 illud
864 1693 1132 1759 habeant,
1181 1703 1238 1748 ut
1267 1702 1551 1764 postquam
1582 1692 1894 1748 sacerdotes
1924 1691 2044 1746 fue-

2132 476 2199 532 de
2227 476 2490 531 Pontilice
2517 475 2739 539 dicitur,
2788 486 2880 529 aut
2910 475 2979 530 de
3010 476 3332 545 sacerdote,
3389 484 3485 531 aut
3528 476 3599 531 de
3642 476 3748 532 Leo

2131 572 2271 636 vita;
2305 571 2401 626 sed
2440 570 2672 640 quilibet
2720 570 2886 626 homo
2914 586 2927 623 :
2959 570 3051 625 ubi
3087 586 3319 640 persona
3351 585 3459 625 non
3494 572 3745 641 ponitur,

2135 666 2335 736 passim
2361 665 2615 721 omnibus
2657 664 2785 720 licet
2832 680 3056 720 carnem
3104 676 3357 735 tangere.
3399 663 3461 719 Si
3501 665 3751 731 tulerit,

2136 758 2346 829 inquit,
2379 772 2595 812 carnem
2627 756 3017 812 sanctiﬁcatum
3048 799 3061 823 ,
3110 766 3165 812 et
3205 757 3456 825 ligaverit
3504 756 3559 811 in
3599 773 3755 811 sum-

2138 852 2325 906 mitate
2356 850 2668 907 vestimenti
2700 851 2819 916 sui,
2855 860 2909 905 et
2950 851 3065 919 ipsa
3098 851 3388 905 summitas
3435 849 3751 904 vestimenti

2141 960 2335 1016 panem
2363 944 2620 1014 tetigerit,
2652 954 2743 999 aut
2764 942 3071 1013 quamlibet
3100 944 3261 997 aliam
3283 944 3593 999 coctionem
3621 985 3636 1009 ,
3662 952 3755 996 aut

2140 1041 2325 1093 vinum
2353 1084 2366 1107 ,
2415 1047 2509 1092 aut
2546 1038 2724 1093 oleum
2751 1079 2765 1102 ,
2806 1046 2899 1092 aut
2929 1052 3091 1092 omne
3113 1037 3421 1115 extraham
3444 1053 3556 1106 quo
3585 1036 3753 1090 homo

2141 1134 2284 1188 vesci
2318 1142 2533 1203 potest,
2560 1130 2822 1202 numquid
2847 1132 3000 1201 panis
3021 1173 3035 1198 ,
3062 1141 3158 1186 aut
3182 1131 3392 1198 vinum,
3423 1139 3520 1184 aut
3544 1130 3750 1195 oleum,

2142 1237 2233 1281 aut
2262 1226 2438 1281 omnis
2462 1227 2644 1293 cibus,
2673 1234 2813 1279 tactu
2844 1224 3157 1279 vestimenti
3184 1224 3237 1278 in
3265 1238 3372 1293 quo
3400 1237 3530 1277 caro
3566 1231 3756 1276 sancta

2144 1320 2308 1389 ligata
2356 1328 2469 1383 est,
2513 1317 2839 1373 sanctiﬁcari
2880 1317 3095 1387 potest?
3136 1317 3203 1371 Et
3229 1314 3629 1386 respondentes
3657 1329 3755 1369 sa—

2145 1414 2401 1469 cerdotes
2445 1413 2701 1467 dixerunt
2749 1430 2761 1465 :
2804 1412 2920 1467 Non
2957 1420 3168 1482 potest,
3200 1416 3304 1466 hoc
3335 1420 3417 1467 est
3448 1452 3463 1477 ,
3496 1411 3630 1465 nihil
3660 1424 3758 1465 eo—

2146 1522 2265 1561 rum
2291 1505 2724 1560 sauctilicabitur
2748 1505 2815 1560 de
2844 1506 3044 1576 quibus
3067 1505 3271 1576 quaeris
3297 1522 3312 1571 ;
3339 1503 3435 1561 sed
3465 1505 3538 1559 ita
3560 1518 3758 1558 unum-

2147 1599 2403 1671 quodque
2426 1599 2769 1670 permanebit
2798 1610 2855 1653 ut
2889 1599 3086 1654 fuerat.
3120 1600 3358 1655 Rursum
3389 1600 3494 1654 alia
3523 1599 3757 1670 quaestio

2151 1695 2476 1765 proponitur
2496 1693 2876 1748 sacerdotibus
2908 1710 2922 1746 :
2950 1693 3095 1763 quod
3123 1694 3332 1750 scilicet
3359 1695 3501 1750 bene
3529 1708 3759 1763 respon—

446 1784 557 1840 rint
585 1783 825 1840 ordinati
852 1829 866 1854 ,
900 1787 1116 1841 discant
1145 1787 1320 1857 legem
1352 1786 1484 1853 Dei,
1525 1795 1584 1841 ut
1613 1786 1820 1856 possint
1848 1784 2051 1840 docere
2079 1787 2130 1849 B
2155 1790 2335 1845 derint
2378 1789 2443 1844 ad
2486 1790 2859 1860 superiorem,
2904 1798 2959 1844 et
2995 1793 3150 1857 quasi
3188 1789 3490 1845 similitudo
3538 1789 3759 1859 proble-

449 1880 593 1951 quod
622 1879 949 1945 didicerint,
983 1890 1039 1936 et
1084 1891 1317 1953 augeant
1363 1881 1647 1937 scientiam
1688 1881 1859 1951 magis
1887 1893 2049 1949 quam

450 1987 583 2043 opes
609 2014 624 2040 ,
654 1981 709 2029 et
739 1990 844 2028 non
874 1974 1203 2029 erubescant
1234 1988 1262 2026 a
1294 1972 1446 2029 laicis
1474 1972 1685 2029 discere
1705 2014 1720 2039 ,
1763 1972 1852 2042 qui
1886 1986 2051 2026 nove-

453 2069 564 2121 rlnt
584 2082 645 2120 ea
667 2082 788 2138 qua:
804 2066 871 2121 ad
893 2066 1131 2123 ofﬁcium
1158 2066 1429 2136 pertinent
1451 2065 1829 2121 sacerdotum:
1851 2063 2053 2134 magis-

452 2175 559 2230 que
590 2170 779 2217 noctes
810 2171 864 2217 et
890 2162 1007 2217 dies
1047 2162 1102 2216 in
1133 2161 1541 2232 Scripturarum
1580 2171 1844 2224 tractatu,
1892 2175 2053 2230 quam

462 2256 517 2312 in
560 2256 858 2313 ratiociniis
898 2267 954 2313 et
990 2258 1373 2328 supputatione
1419 2264 1764 2313 consumant.
1796 2255 1933 2324 Quid
1972 2262 2059 2309 est

460 2359 642 2405 autem
687 2350 828 2421 quod
869 2365 936 2405 ex
980 2364 1213 2421 persona
1248 2349 1458 2405 Domini
1490 2350 1721 2420 Aggaeus
1752 2350 2057 2419 interrogat

450 2444 776 2500 sacerdotes
803 2444 824 2497 ?
866 2443 930 2499 Si
959 2446 1138 2499 tulerit
1167 2445 1320 2499 homo
1356 2461 1565 2499 carnem
1596 2445 1973 2514 sanctiﬁcatum
2002 2445 2057 2497 in

459 2555 554 2594 ora
574 2580 588 2605 ,
638 2540 740 2593 sive
762 2540 816 2594 in
844 2540 1142 2595 summitate
1177 2541 1461 2595 vestimenti
1488 2541 1569 2595 sui
1596 2583 1610 2604 ,
1653 2549 1697 2594 et
1739 2541 1963 2611 tetigerit
1994 2540 2057 2593 de

461 2634 757 2688 summitate
792 2638 908 2707 ejus
938 2651 1142 2704 panem,
1178 2644 1268 2689 aut
1300 2634 1622 2703 pulmentum
1646 2679 1658 2701 ,
1711 2644 1803 2688 aut
1840 2636 2011 2688 rinam
2040 2680 2053 2701 ,

461 2735 552 2780 aut
583 2728 755 2781 oleant
776 2771 789 2795 ,
832 2736 922 2782 aut
958 2744 1159 2782 onmem
1194 2730 1390 2795 cibum,
1424 2729 1679 2799 nuntquid
1704 2729 2057 2798 sanctiﬁcabi-

462 2823 587 2875 tur?
612 2824 917 2893 Antequam
942 2822 1012 2879 dc
1033 2822 1669 2894 qumstiunetractemus,
1696 2824 1955 2879 debemus
1979 2825 2059 2877 in-

462 2914 621 2969 terim
643 2914 794 2983 juxta
822 2915 1061 2971 litteram
1089 2931 1272 2979 nosse,
1298 2917 1426 2987 quid
1458 2918 1527 2972 sit
1548 2932 1675 2972 caro
1696 2916 2055 2981 sanctificata,

464 3016 521 3063 et
552 3006 680 3076 quid
714 3008 785 3062 sit
824 3007 1138 3064 immundus
1166 3009 1220 3064 iu
1249 3010 1449 3064 animo.
1500 3009 1687 3065 Hostia
1716 3026 1836 3081 qua:
1868 3010 2061 3064 immo-

465 3100 682 3155 labatur
710 3102 763 3155 in
795 3102 952 3157 altari
982 3117 1178 3159 carnes
1209 3103 1356 3158 illius
1379 3113 1583 3158 sanctre
1606 3111 1797 3168 erant,
1831 3114 1887 3159 et
1917 3104 2062 3159 inter

2154 1886 2310 1940 matis
2342 1896 2657 1955 coaptatur,
2698 1886 2752 1940 in
2784 1900 2887 1955 qua
2921 1885 3205 1953 imperitus
3234 1884 3394 1940 facile
3427 1885 3533 1938 labi
3557 1885 3755 1954 potuit.

2154 1981 2226 2034 Da
2282 1980 2425 2035 enim
2472 1980 2705 2048 aliquem
2740 1982 2953 2036 nescire
2986 1980 3160 2051 legem
3181 2023 3196 2046 ,
3218 1989 3276 2035 et
3303 1980 3445 2036 sicut
3474 1978 3762 2049 respondit

2154 2073 2220 2129 de
2267 2074 2598 2129 sanctificata
2649 2088 2813 2128 carne
2855 2088 2961 2128 non
3017 2073 3346 2128 sauctilicari
3392 2088 3621 2142 panem,
3669 2080 3761 2127 aut

2155 2168 2493 2238 pulmentum
2515 2210 2529 2233 ,
2555 2177 2648 2223 aut
2680 2170 2861 2224 vinum
2881 2213 2895 2237 ,
2923 2178 3015 2224 aut
3042 2170 3221 2225 oleum
3244 2211 3259 2234 ,
3292 2178 3384 2223 aut
3413 2184 3635 2223 omnem
3676 2168 3760 2223 ci-

2157 2260 2306 2327 bum,
2329 2270 2384 2314 et
2410 2261 2461 2315 in
2480 2260 2580 2317 hoc
2605 2277 2759 2333 seque
2782 2262 3155 2333 respondebit,
3189 2273 3242 2319 et
3264 2263 3408 2319 dicet
3437 2282 3451 2317 :
3486 2263 3761 2318 Pollutum

2156 2352 2208 2407 in
2240 2353 2417 2407 anima
2451 2370 2558 2408 non
2587 2356 2964 2410 contaminare
2986 2370 3047 2411 ea
3077 2371 3199 2426 qua:
3228 2364 3417 2410 sancta
3452 2370 3584 2411 caro
3636 2370 3763 2410 san-

2157 2446 2404 2501 ctiﬁcare
2452 2463 2559 2500 non
2596 2449 2791 2517 potuit.
2835 2448 3141 2519 luterrogat
3172 2450 3358 2519 igitur,
3392 2458 3449 2505 et
3488 2449 3623 2505 dicit
3656 2468 3671 2504 :
3706 2448 3762 2506 Si

2159 2541 2403 2611 tetigerit
2452 2544 2496 2596 is
2536 2544 2627 2613 qui
2665 2543 2906 2612 pollutus
2936 2544 2987 2598 in
3016 2544 3195 2597 anima
3229 2552 3312 2597 est
3336 2584 3351 2609 ,
3383 2542 3487 2599 hoc
3518 2554 3632 2607 est,
3673 2543 3761 2614 qui

2159 2634 2486 2704 contagione
2534 2635 2732 2689 mortui
2778 2642 2862 2689 est
2904 2634 3220 2689 immundus
3260 2636 3530 2703 effectus,
3576 2650 3642 2691 ex
3678 2635 3762 2689 his

2160 2727 2413 2782 omnibus
2441 2769 2454 2792 ,
2487 2744 2680 2797 panem
2713 2728 2965 2783 videlicet
3005 2738 3098 2784 aut
3140 2730 3481 2799 pulmentum
3503 2770 3518 2795 ,
3563 2738 3657 2783 aut
3684 2727 3763 2782 vi-

2161 2838 2289 2877 num
2324 2864 2337 2886 ,
2384 2834 2476 2877 aut
2517 2823 2727 2889 oleum,
2759 2832 2851 2876 aut
2893 2822 3136 2892 reliquos
3177 2823 3367 2888 cibos;
3402 2821 3667 2892 numquid
3697 2837 3761 2875 ex

2161 2927 2417 2972 contactu
2468 2933 2656 2971 eorum
2701 2918 2815 2973 hac
2865 2932 2986 2987 quae
3027 2917 3269 2984 tetigerit
3301 2916 3647 2987 pollttcntur?
3696 2915 3761 2968 Et

2162 3011 2564 3081 responderunt
2596 3010 2910 3067 sacerdotes
2932 3053 2947 3076 ,
2983 3024 3211 3079 quorum
3243 3010 3501 3078 princeps
3532 3017 3647 3062 erat
3674 3005 3758 3062 Je-

2167 3119 2260 3159 sus
2290 3105 2432 3159 ﬁlius
2453 3104 2685 3160 Josedec
2706 3149 2719 3172 ,
2752 3104 2892 3160 unde
2917 3114 2973 3160 et
2994 3104 3166 3174 legem
3193 3112 3459 3159 noverant
3483 3104 3645 3176 763
3664 3144 3678 3169 ,
3708 3111 3757 3156 et

463 3194 610 3263 ipsas
642 3194 1008 3249 sanetiﬁcatas
1030 3210 1224 3251 carnes
1249 3206 1365 3251 erat
1390 3197 1555 3251 multa
1581 3197 1889 3253 diversitas.
1914 3198 2059 3253 Alias
2088 3175 2133 3239 (ἶ
2165 3198 2418 3253 dixerunt
2460 3205 2716 3252 contactu
2751 3198 2870 3268 ejus
2895 3239 2908 3262 ,
2946 3198 3037 3267 qui
3085 3197 3398 3251 immundus
3428 3207 3511 3251 cst
3538 3238 3550 3259 ,
3582 3196 3758 3251 omnia

465 3290 613 3344 enim
634 3289 952 3344 sacerdotes
978 3290 1028 3343 in
1053 3291 1433 3362 templiadytis
1464 3292 1825 3347 comedebaut
1866 3310 1880 3345 :
1925 3291 2064 3346 alias

466 3382 959 3454 propinquieorum
975 3382 1120 3438 domi
1142 3403 1154 3438 :
1170 3385 1305 3439 alias
1323 3384 1373 3438 hi
1396 3386 1483 3455 qui
1499 3384 1567 3441 de
1582 3385 1962 3440 sacerdotibus
1982 3385 2064 3439 vi-

466 3477 739 3533 debantur
753 3493 875 3535 esse
894 3480 1150 3535 maculati
1174 3500 1185 3535 :
1209 3481 1345 3535 alias
1362 3482 1621 3538 Israelita:
1636 3484 1728 3553 qui
1748 3484 1947 3538 nullam
1963 3484 2054 3537 ba-

468 3571 668 3626 bebaut
684 3572 1293 3643 immunditiamJlujus
1316 3574 1655 3629 diversitatis
1674 3576 1835 3647 plena
1852 3576 1993 3630 ratio
2010 3576 2061 3629 in

468 3663 1264 3721 Leviticodicitur.lmmundus
1287 3675 1467 3724 autem
1485 3669 1538 3723 in
1558 3670 1736 3724 anima
1758 3670 2061 3739 dicebatur,

470 3758 561 3828 qui
592 3772 792 3829 corpus
823 3759 1062 3815 hominis
1090 3762 1581 3833 mortuiattigerat.
1609 3764 1789 3834 Inque
1820 3763 2068 3818 animad-

468 3850 1088 3921 vertendum,quamdiu
1105 3854 1284 3907 anima
1307 3855 1358 3907 in
1375 3868 1605 3923 corpore
1622 3854 2065 3917 sit,immundum

469 3956 577 3997 non
594 3957 717 3997 esse
730 3958 930 4013 corpus
947 3944 1243 3999 humanum
1265 3962 1277 3998 :
1298 3947 1481 3999 statim
1504 3961 1638 3999 vero
1659 3946 1953 4016 utspiritus
1972 3961 2065 4000 ve-

472 4046 665 4106 getaus
690 4045 840 4090 artus
874 4040 1190 4105 recesserit,
1217 4038 1559 4092 immundum
1588 4039 1701 4093 ﬁeri
1723 4039 1868 4106 quod
1890 4050 2067 4094 terre-

474 4143 601 4182 num
614 4130 865 4194 est,sicut
890 4129 939 4184 iu
965 4129 1156 4185 eodem
1180 4130 2071 4186 LeviticoscribiturrEtaitDomi-

476 4238 575 4275 nus
597 4221 665 4274 ad
692 4220 929 4292 Moysen,
956 4222 1264 4277 dicens:Dic
1277 4223 1634 4278 sacerdotibus
1656 4224 1783 4293 ﬁliis
1798 4224 1997 4288 Aaron,
2020 4232 2070 4279 et

476 4312 613 4368 dices
630 4314 698 4367 ad
715 4330 833 4368 eos:
854 4312 920 4368 In
939 4315 1213 4369 animabus
1236 4331 1335 4369 non
1366 4315 1857 4370 contaminabuntur
1878 4316 1931 4370 in
1955 4333 2072 4387 gen-

476 4417 525 4462 te
548 4426 668 4473 suo;
696 4409 787 4463 sed
810 4412 862 4464 in
886 4412 1125 4485 cognatis
1138 4413 1228 4480 qui
1244 4412 1667 4483 apprOpinquant
1685 4412 1941 4484 eis,super
1959 4429 2072 4465 ma-

473 4511 571 4567 tre,
588 4512 633 4555 et
648 4520 804 4567 super
817 4513 1037 4575 patre,et
1060 4520 1215 4572 super
1229 4504 1354 4573 ﬁliis
1375 4514 1419 4558 et
1442 4505 1648 4574 ﬁliabus
1660 4515 1725 4573 ,et
1739 4522 1895 4577 super
1907 4506 2071 4572 fratre

2167 3306 2288 3360 qua:
2330 3291 2398 3345 ab
2435 3305 2501 3345 eo
2548 3300 2799 3345 contacta
2845 3299 2969 3344 sunt
3009 3290 3199 3360 pollui.
3240 3289 3306 3343 Et
3337 3289 3623 3359 reSpondit
3657 3289 3760 3358 Ag-

2167 3398 2315 3454 gacus
2357 3394 2410 3439 et
2450 3385 2624 3451 dixit,
2660 3385 2728 3438 de
2778 3384 3160 3450 superioribus
3198 3391 3390 3438 tacens
3417 3425 3431 3448 ,
3465 3382 3611 3453 quod
3643 3397 3758 3436 san-

2169 3479 2407 3533 ctiﬁcata
2440 3494 2566 3534 caro
2588 3492 2817 3535 czeteros
2846 3479 3003 3535 cibos
3034 3479 3376 3535 sanctiﬁcare
3415 3494 3524 3533 non
3557 3478 3755 3545 possit;

2169 3582 2224 3627 et
2253 3572 2320 3627 de
2361 3574 2596 3629 secunda
2630 3574 3008 3629 tantummodo
3042 3575 3339 3644 quaestione
3377 3574 3647 3629 sermonis
3682 3574 3758 3626 sui

2170 3675 2361 3719 texens
2390 3667 2734 3721 occasionem
2768 3682 2783 3720 :
2820 3665 2911 3722 Sic
2942 3667 3168 3736 populus
3194 3667 3324 3732 iste,
3354 3677 3401 3719 et
3427 3666 3501 3720 sic
3523 3682 3645 3735 gens
3671 3664 3758 3718 ista

2170 3769 2289 3813 ante
2336 3761 2519 3831 faciem
2566 3777 2734 3814 nteant
2761 3802 2774 3825 ,
2815 3762 2944 3814 dicit
2988 3760 3243 3814 Dominus
3274 3775 3292 3812 .·
3322 3759 3425 3826 Qui
3459 3758 3758 3813 immundus

2170 3863 2253 3908 est
2300 3854 2351 3907 in
2397 3855 2571 3907 anima
2601 3900 2614 3922 ,
2649 3863 2705 3909 et
2736 3854 3080 3908 morticinum
3126 3854 3393 3923 tetigerit,
3436 3868 3599 3908 omne
3626 3849 3754 3923 quod

2173 3948 2449 4017 tetigerit,
2497 3959 2552 4003 et
2597 3948 2740 4018 quod
2780 3947 3040 4003 obtulerit
3072 3948 3237 4013 mihi,
3273 3948 3610 4003 immundum
3640 3946 3750 4001 erit.

2172 4040 2327 4107 Quod
2353 4050 2533 4095 autem
2566 4041 2697 4096 dicit
2735 4040 3029 4096 secundum
3070 4040 3310 4096 litteram
3335 4083 3351 4107 ,
3398 4037 3751 4110 hujuscemodi

2172 4142 2255 4189 est
2287 4135 2362 4188 :0
2386 4136 2615 4204 populo,
2645 4134 2737 4205 qui
2760 4135 2911 4189 altari
2940 4142 3147 4188 tantum
3170 4142 3482 4201 exstructo,
3517 4145 3566 4188 et
3594 4134 3751 4187 diruta

2173 4229 2338 4283 domo
2366 4244 2480 4283 mea
2509 4273 2522 4297 ,
2556 4229 2762 4283 hostias
2787 4228 2916 4283 mihi
2948 4227 3111 4282 offers
3140 4227 3195 4282 in
3235 4226 3421 4289 altari,
3454 4236 3510 4281 et
3535 4224 3753 4281 victimis

2174 4324 2293 4390 ejus
2322 4332 2376 4377 et
2402 4324 2656 4378 carnibus
2689 4332 2741 4377 te
2771 4322 3100 4377 sanctiﬁcari
3127 4331 3288 4393 putas
3320 4337 3333 4374 :
3367 4321 3507 4375 scito
3535 4335 3635 4374 nou
3659 4329 3751 4371 tam

2176 4418 2497 4472 sanctilicari
2547 4427 2600 4473 te
2631 4433 2694 4472 ex
2740 4416 2932 4470 hostiis
2978 4431 3099 4485 qua:
3125 4459 3139 4481 ,
3176 4413 3380 4482 templo
3418 4413 3637 4478 diruto,
3672 4408 3753 4463 tibi

2176 4509 2438 4579 prodesse
2494 4524 2604 4563 non
2658 4518 2915 4578 poterunt
2961 4526 2973 4559 :
3005 4522 3165 4577 quam
3198 4506 3560 4560 contaminari
3592 4500 3753 4557 omnia

475 4603 522 4647 et
546 4609 725 4648 sorore
747 4612 839 4648 sua
865 4598 1061 4667 virgine
1081 4612 1194 4666 quin
1216 4598 1381 4669 762
1401 4599 1783 4670 appmpinquat
1806 4599 1870 4662 ei,
1897 4609 2069 4653 etnon
2098 4568 2153 4628 D
2179 4618 2342 4672 opera
2374 4613 2458 4655 tua
2480 4648 2492 4667 ,
2523 4611 2575 4656 et
2604 4610 2799 4656 cuncta
2828 4616 2947 4670 qua:
2980 4600 3124 4669 agis,
3159 4614 3225 4653 ex
3268 4614 3334 4652 eo
3375 4597 3517 4667 quod
3548 4594 3754 4666 uegligis

478 4697 550 4739 est
579 4686 769 4739 tradita
798 4688 904 4741 viro
934 4706 953 4741 :
981 4705 1134 4759 super
1159 4687 1240 4742 Itis
1270 4706 1369 4742 non
1401 4691 1862 4758 contaminabitur,
1893 4700 1939 4744 et
1969 4707 2071 4743 non

478 4781 741 4853 polluetur
756 4791 968 4850 repente
992 4783 1043 4835 in
1070 4764 1273 4855 populd
1292 4799 1386 4836 suo
1411 4783 1461 4837 in
1476 4784 1971 4839 contaminationem
1993 4785 2074 4837 sui

477 4878 496 4947 (
522 4872 686 4927 Leuit.
715 4889 809 4928 XXI
836 4915 851 4941 ,
892 4876 912 4929 l
944 4916 958 4939 ,
988 4875 1021 4928 2
1048 4876 1092 4946 ).
1127 4875 1424 4931 Considera
1459 4876 1541 4930 his
1570 4878 1789 4946 prtecipi
1821 4878 2075 4933 sacerdo-

478 4968 624 5023 tibus
658 4985 761 5022 nun
796 4967 1006 5039 ingredi
1040 4970 1107 5024 ad
1140 4970 1435 5038 quemlibet
1475 4982 1770 5037 mortuum,
1846 4973 1950 5027 nisi
2005 4974 2072 5028 ad

479 5075 575 5117 eos
606 5073 866 5132 cognatos
897 5072 951 5118 et
984 5064 1337 5133 propinquos,
1371 5064 1439 5120 de
1460 5066 1655 5136 quibus
1678 5080 1841 5135 supra
1869 5066 2071 5121 dictum

481 5163 587 5210 est.
621 5155 896 5211 Sacerdos
928 5167 1107 5211 autem
1143 5173 1402 5227 magnus,
1452 5160 1500 5212 id
1532 5170 1615 5214 est
1643 5160 1920 5229 pontifex,
1956 5162 2077 5230 plus

481 5248 690 5318 aliquid
717 5249 952 5304 habebat
974 5266 1003 5304 a
1030 5251 1247 5306 caeteris
1271 5252 1677 5308 sacerdotibus:
1696 5263 1751 5309 et
1777 5269 1877 5309 nec
1907 5256 2077 5324 pietas

480 5341 665 5409 illum,
715 5358 815 5397 nec
842 5342 1068 5399 amictus
1103 5343 1324 5399 ﬂectere
1367 5354 1617 5413 poterat,
1675 5358 1731 5402 ut
1765 5348 2077 5404 immundus

485 5433 642 5490 fieret
670 5435 723 5489 in
754 5437 1091 5507 supradictis
1119 5438 1448 5495 nominibus.
1474 5439 1562 5497 Ait
1587 5443 1731 5497 enim
1760 5440 2073 5510 Scriptura:

486 5525 555 5583 Et
596 5546 746 5602 super
787 5547 986 5586 onmem
1027 5533 1259 5586 animam
1296 5550 1409 5603 quw
1438 5544 1639 5590 ntorlua
1669 5546 1740 5590 est
1770 5552 1870 5590 non
1899 5537 2076 5607 ingre-

483 5621 655 5677 dietur
684 5640 701 5678 :
730 5640 883 5697 super
927 5634 1070 5695 patre
1099 5643 1221 5695 suo,
1272 5644 1433 5696 neque
1469 5647 1624 5701 super
1662 5642 1822 5685 matre
1861 5648 1990 5697 sua,
2030 5640 2079 5686 et

483 5734 587 5771 non
633 5722 1094 5776 contaminabitnr.
1148 5723 1399 5780 Scientes
1452 5742 1587 5796 ergo
1639 5727 1768 5797 quid
1828 5729 1901 5781 sit
1948 5743 2077 5784 caro

497 5813 830 5870 sanctiﬁcata
850 5854 865 5881 ,
898 5825 953 5873 ct
982 5818 1296 5874 immundus
1327 5820 1379 5874 in
1408 5820 1587 5875 anima
1613 5865 1624 5886 ,
1648 5822 1929 5878 videamus
1953 5840 2071 5894 pro-

2179 4703 2231 4749 et
2259 4704 2403 4747 tuam
2428 4694 2598 4763 magis
2615 4693 2836 4747 domum
2861 4707 3017 4762 quam
3042 4706 3216 4745 meam
3236 4699 3525 4745 exstruere
3547 4696 3753 4741 conatus

2180 4804 2258 4844 es.
2292 4788 2552 4843 Sanctum
2584 4787 2802 4858 quidem
2828 4796 2913 4841 est
2943 4784 3084 4857 quod
3117 4784 3343 4839 oll‘ertur
3372 4784 3425 4837 in
3450 4782 3639 4847 altari;
3671 4777 3752 4833 sed

2182 4897 2288 4937 non
2318 4892 2426 4935 tam
2459 4881 2820 4935 sanetilicaris
2852 4895 2915 4933 ex
2946 4879 3139 4933 hostiis
3160 4923 3172 4945 ,
3207 4892 3367 4948 quam
3413 4891 3482 4932 ex
3523 4890 3587 4930 eo
3628 4870 3751 4943 quod

2183 4977 2234 5031 in
2265 4975 2600 5029 convallibus
2637 4974 2881 5041 habitas,
2914 4984 2965 5027 et
2995 4974 3199 5027 interes
3228 4971 3459 5026 mortuis
3480 4968 3748 5040 operibus,

2181 5068 2460 5140 pullueris.
2508 5068 2631 5120 Ilzrc
2672 5067 2826 5137 juxta
2860 5065 3139 5121 ltiStoriam
3194 5083 3206 5118 :
3249 5078 3574 5134 quamquam
3612 5058 3753 5129 spiri-

2183 5164 2343 5220 tualis
2378 5164 2428 5217 in
2458 5178 2519 5216 ea
2554 5162 2924 5232 intelligentiae
2954 5161 3128 5215 lineas
3155 5156 3752 5215 duxerimus.Czeterum

2184 5257 2482 5314 seetmdum
2538 5257 2797 5329 ἀναγωγήν
2854 5254 3271 5311 Ecclesiasticus
3314 5252 3400 5307 vir
3444 5252 3533 5323 qui
3581 5251 3752 5304 inuno-

2184 5352 2313 5406 lavit
2344 5365 2542 5420 agnum
2576 5347 2983 5402 immaculatum
3014 5356 3069 5401 et
3099 5344 3408 5401 anniculum
3436 5385 3452 5412 ,
3485 5352 3539 5399 et
3562 5342 3753 5397 indutus

2180 5453 2267 5497 est
2298 5443 2517 5497 Christo
2543 5485 2556 5508 ,
2587 5443 2628 5497 si
2666 5440 2850 5495 tulerit
2880 5440 2949 5496 de
2990 5442 3244 5495 carnibus
3272 5438 3392 5508 ejus
3415 5481 3429 5504 ,
3458 5447 3512 5493 et
3535 5434 3754 5506 ligaverit

2187 5540 2241 5593 in
2274 5540 2587 5594 summitate
2616 5538 2923 5594 vestimenti
2951 5536 3073 5603 sui,
3108 5545 3161 5591 et
3188 5537 3302 5605 ipsa
3333 5535 3615 5589 summitas
3649 5529 3752 5583 teti-

2188 5636 2327 5708 gerit
2356 5635 2760 5703 Scripturarum
2791 5646 3014 5703 panem,
3048 5630 3136 5703 qui
3162 5631 3449 5685 confirmat
3476 5626 3635 5681 corda
3658 5636 3753 5677 cre-

2189 5730 2429 5785 dentium
2456 5745 2469 5791 ;
2500 5737 2590 5783 aut
2621 5727 2923 5782 coctionem
2948 5768 2961 5791 ,
2989 5723 3317 5792 apostolicas
3341 5719 3627 5790 Epistolas,
3654 5726 3751 5785 quat

2189 5827 2347 5893 quasi
2391 5825 2592 5882 veteris
2623 5824 2782 5893 chis
2812 5830 3009 5877 carnes
3035 5818 3327 5874 concidunt
3358 5821 3410 5871 et
3433 5814 3744 5883 decoquunt.
