4050 6342
265 275 410 336 1413

1051 271 1712 334 COMMENTARIORUH
1747 271 1818 330 IN
1857 261 2174 330 Ασωεωι
2209 267 2438 334 LIBER.
2483 267 2640 328 CAP.
2682 269 2748 328 ll.

3431 275 3570 334 HM

259 393 408 446 Vl‘l‘is
455 389 704 458 exordio,
755 391 848 464 qui
893 393 1192 448 secundum
1248 391 1392 446 lutttn
1451 405 1672 446 cursum
1720 401 1865 456 srepc
1893 387 1950 448 Α
1973 399 2077 454 que
2105 383 2264 440 Pater
2291 384 2530 456 agricola
2563 395 2678 452 est;
2703 393 2758 440 ct
2784 385 2940 454 ﬁcus,
2972 386 3206 458 Spiritus
3229 389 3400 446 sancti
3429 391 3568 446 dona

261 483 554 550 quamdam
589 493 798 556 partem
833 486 1040 542 mensis
1073 483 1250 540 Martii
1281 479 1564 554 possidet,
1597 481 1870 536 interdum

263 577 450 646 incipit
495 577 550 632 in
599 577 798 648 Aprili.
851 577 996 648 Ergo
1037 578 1084 632 si
1135 575 1332 644 Nisau,
1373 575 1616 646 Aprilem
1673 573 1876 628 intelli-

263 669 466 738 gimus,
497 684 672 724 nonus
703 671 910 726 mensis
955 669 1262 726 secundum
1293 669 1738 738 supputationem
1771 665 1878 720 ile-

267 763 542 818 brzuornm
599 763 900 820 December
937 766 1066 820 erit.
1115 759 1286 836 Igitur
1323 763 1572 820 decimus
1617 761 1724 836 [AL
1773 763 1876 816 De-

266 853 510 926 cember]
541 865 624 912 est
653 858 856 912 mensis
881 872 948 914 eo
981 865 1226 926 tempore
1265 871 1376 928 quo
1405 857 1616 912 semina
1661 856 1878 912 latitant

268 948 324 1004 in
371 961 548 1014 terra,
603 965 702 1006 nec
739 951 916 1006 futura
968 950 1274 1006 fecunditas
1315 949 1618 1020 conjectari
1671 957 1872 1018 potest.

267 1039 542 1110 Numquid
569 1039 704 1108 jam,
731 1041 832 1108 ait,
859 1057 1048 1098 semen
1077 1043 1128 1097 iu
1163 1043 1414 1110 germine
1441 1043 1560 1098 est?
1589 1041 1744 1110 Quod
1765 1057 1876 1096 me-

267 1133 664 1192 liusllebraice
687 1135 922 1200 dicitur,
945 1136 1000 1190 in
1019 1135 1290 1204 folliculo,
1313 1136 1598 1192 utthecam
1619 1135 1876 1192 frumenti

267 1225 562 1298 signiﬁcet.
619 1227 890 1300 Numquid
935 1231 1092 1286 vinea
1143 1239 1196 1284 et
1224 1231 1386 1296 ficus,
1442 1239 1498 1286 et
1533 1229 1878 1302 malograna-

273 1329 384 1374 tum
417 1331 474 1376 et
511 1323 714 1392 lignum
769 1321 930 1378 olivae
973 1321 1166 1378 florem
1189 1337 1346 1396 suum
1369 1321 1678 1378 dederunt?
1715 1331 1768 1378 ut
1811 1337 1874 1376 ex

270 1413 410 1470 ilore
453 1413 792 1484 intelligatur
819 1423 872 1470 et
918 1411 1145 1470 fructus.
1183 1423 1208 1452 α
1235 1415 1434 1486 Utique
1485 1430 1624 1480 non;
1689 1429 1878 1470 mense

273 1509 444 1572 enim,
479 1517 532 1562 ut
567 1505 824 1572 diximus,
865 1507 1160 1564 Decembri
1185 1509 1490 1564 futurarum
1531 1509 1676 1566 nulla
1725 1509 1876 1580 signa

273 1609 398 1655 sunt
429 1597 664 1670 frugum.
699 1599 778 1656 Ne
809 1599 973 1671 igitur
998 1601 1220 1666 dicatis,
1251 1601 1358 1658 hoc
1376 1617 1462 1658 me
1495 1601 1748 1672 prudenti
1783 1618 1876 1656 ra-

275 1693 422 1750 tione
445 1693 748 1764 conjicere,
771 1703 826 1748 et
853 1691 1094 1748 futuram
1131 1693 1522 1750 fecunditatem
1555 1691 1624 1750 de
1649 1693 1876 1748 floribus

1978 469 2292 528 dulcissima
2315 487 2328 538 ;
2353 479 2410 528 et
2433 471 2890 544 malograuatum,
2924 471 3304 530 Ecclesiastica
3321 477 3571 548 tingit-uta

1979 575 2032 620 et
2065 565 2238 622 scient
2258 584 2287 620 a
2319 565 2748 636 Scripturarum,
2779 583 2898 638 quin
2930 583 3146 636 sponsa,-
3173 573 3326 642 genis
3355 571 3404 624 iu
3435 571 3576 626 Can-

1977 657 2084 714 tico
2127 661 2464 716 c:ftl.i0ul‘um
2513 671 2862 732 eoniparatur
2897 661 3078 732 (Cant.
3141 666 3296 736 vni),
3338 673 3396 722 et
3427 665 3574 738 ligna

1979 751 2136 808 oliva:
2165 751 2368 808 dabunt
2399 751 2774 818 refeetinnem,
2807 763 2864 810 et
2891 755 3351 812 illuminationem
3393 759 3578 816 cordis

1979 861 2028 900 ei
2061 845 2150 916 qui
2183 845 2416 916 coeperit
2439 845 2708 902 aediﬁcare
2741 847 3004 918 templum
3039 849 3156 906 Dei.
3211 851 3366 918 Quod
3397 863 3580 908 autem

1981 935 2138 992 vinea
2161 947 2216 992 et
2247 937 2380 992 licus
2411 945 2468 994 et.
2493 939 2632 994 oliva
2667 939 2966 1010 (paulisper
2987 939 3056 996 de
3081 943 3454 1016 ntalogranato
3477 945 3582 1000 dii-

1979 1027 2142 1100 fero)
2171 1029 2486 1085 refcrantur
2506 1029 2572 1085 ad
2609 1045 2894 1100 personam
2917 1031 3240 1102 Salvator-is,
3269 1045 3324 1092 et
3355 1035 3450 1106 Dei
3481 1035 3584 1092 Pa-

1981 1123 2080 1178 tris
2111 1133 2166 1180 et
2187 1123 2424 1196 Spiritus
2449 1128 2642 1192 sancti,
2679 1129 2730 1180 in
2761 1125 3016 1184 Jndicum
3071 1129 3212 1186 libro
3247 1133 3264 1203 (
3291 1131 3424 1204 Cap.
3481 1129 3580 1200 ιιι)

1979 1213 2194 1286 plenius
2227 1213 2448 1288 legitur,
2470 1217 2563 1274 ubi
2587 1219 2790 1276 radunt
2819 1220 3160 1278 infructuosa
3189 1223 3358 1296 ligna,
3377 1233 3584 1280 utcon-

1981 1311 2204 1366 stituaut
2237 1327 2418 1384 regem
2451 1329 2618 1382 super
2643 1331 2724 1380 se,
2759 1315 3052 1386 dicuntque
3085 1333 3180 1386 per
3213 1319 3460 1376 ordinem
3491 1321 3582 1374 vi-

1983 1417 2097 1456 neae
2121 1411 2178 1458 et
2209 1399 2337 1460 ficui
2365 1413 2422 1460 et
2441 1405 2624 1472 olivae,
2651 1419 2704 1462 ut
2739 1419 2968 1480 regnent
3013 1425 3178 1480 super
3233 1427 3316 1476 ea,
3371 1425 3424 1468 et
3475 1421 3580 1468 tam

1981 1497 2159 1562 vinea,
2213 1511 2378 1568 quam
2431 1499 2562 1554 ficus
2586 1508 2640 1556 et
2667 1501 2808 1556 oliva
2859 1517 3092 1560 renuunt
3125 1507 3232 1562 Iule
3264 1507 3580 1578 imperimn,

1983 1603 2084 1644 nec
2108 1589 2400 1662 dignantur
2431 1607 2594 1662 super
2615 1595 2950 1650 infructuosa
2985 1597 3122 1668 ligna
3153 1615 3404 1670 regnare.
3435 1601 3584 1656 ’l‘uuc

1982 1679 2072 1735 illa
2100 1683 2322 1738 veniunt
2349 1679 2416 1738 ad
2447 1683 2648 1756 lignum
2681 1687 2990 1746 sterilitatis
3019 1707 3132 1746 suae
3151 1707 3358 1762 regem,
3385 1691 3438 1749 id
3467 1709 3574 1764 cst,

276 1789 532 1844 arborum
591 1787 886 1858 herbisque
927 1799 1174 1860 segem,“
1215 1789 1485 1860 suspicari
1517 1807 1528 1842 ε
1562 1803 1694 1846 ecce
1729 1789 1880 1844 "una
1912 1773 2052 1840 Bad
2101 1773 2392 1831 rhamnutn
2449 1779 2730 1848 spinosum
2779 1779 3068 1850 fruticem,
3123 1793 3178 1840 et
3233 1787 3580 1844 arbusculam

275 1883 428 1952 signa
457 1891 620 1946 sunt;
651 1891 706 1936 et
727 1889 910 1938 tatnen
944 1897 1046 1952 ego
1079 1883 1322 1952 praedico
1353 1883 1530 1946 vobis,
1559 1885 1686 1952 quia
1709 1883 1882 1954 ccepi-

279 1975 376 2028 stis
417 1973 690 2030 aediﬁcare
727 1975 988 2044 templum
1043 1993 1258 2044 meum,
1305 1979 1370 2032 ad
1424 1977 1884 2044 benedictionem,

283 2083 458 2120 meum
485 2067 694 2138 frugum
720 2067 966 2122 omnium
994 2067 1408 2126 fecunditatem.
1435 2071 1546 2126 lloc
1577 2071 1882 2128 secundum

281 2159 604 2216 llebraicum
621 2159 880 2216 diximus.
901 2161 1178 2218 Caeterum
1201 2165 1502 2220 secundum
1519 2165 1884 2238 Septuaginta

283 2251 440 2322 longe
468 2251 604 2308 alter
631 2259 717 2306 est
740 2267 956 2318 sensus,
981 2269 1138 2322 quem
1171 2265 1224 2308 et
1247 2255 1426 2324 ipsum
1459 2257 1692 2326 primum
1715 2257 1884 2314 debe-

284 2359 410 2398 mus
435 2343 592 2412 juxta
627 2344 864 2400 litteram
895 2359 1192 2416 exponere,
1221 2357 1282 2402 ut
1307 2355 1496 2416 postea
1525 2358 1738 2420 cceptus
1767 2359 1884 2406 tro-

285 2435 515 2504 pologiae
563 2435 698 2492 ordo
747 2445 1028 2492 tractetur.
1081 2433 1276 2492 Ponite
1329 2439 1500 2496 corda
1525 2451 1706 2498 vestra
1737 2457 1766 2496 a
1799 2441 1890 2498 die

287 2527 410 2594 hac,
441 2543 544 2598 qua
573 2527 832 2598 templum
893 2525 1174 2584 fundatum
1205 2537 1308 2598 est,
1343 2531 1396 2584 in
1427 2533 1688 2598 futurum,
1719 2545 1774 2590 et
1808 2533 1888 2588 vi-

287 2621 482 2678 debitis
501 2631 678 2678 tantas
695 2622 902 2678 futuras
923 2637 1048 2678 esse
1079 2633 1308 2694 segetes,
1334 2633 1390 2680 et
1420 2633 1566 2680 tanta
1587 2625 1654 2682 de
1679 2629 1894 2686 cunctis

289 2717 434 2786 agris
455 2713 728 2772 frumenta
757 2715 982 2786 portari,
1019 2725 1076 2772 ut
1099 2731 1224 2772 area
1257 2715 1472 2774 nesciat
1513 2719 1700 2792 fruges
1739 2735 1888 2788 suas,

291 2811 408 2866 sive
431 2817 492 2866 ut
521 2825 628 2864 non
657 2809 762 2866 sint
789 2825 929 2866 areae
978 2809 1340 2882 singulorum,
1369 2811 1464 2868 sed
1495 2829 1610 2884 prae
1648 2815 1894 2870 multitu-

289 2903 416 2960 dine
465 2903 726 2976 jungatur
769 2919 894 2960 area
927 2919 1090 2974 areae,
1115 2915 1170 2961 et
1197 2919 1454 2962 arearum
1485 2909 1766 2980 separatio
1797 2925 1894 2964 ue-

292 2995 500 3050 sciatur
527 2995 582 3051 in
613 3005 778 3053 terra.
811 2995 984 3052 Vinea
1006 3011 1224 3068 quoque
1251 3007 1306 3054 et
1339 2995 1496 3066 ficus,
1523 3007 1580 3056 et
1617 2999 1890 3072 malogra-

293 3099 502 3156 natum,
537 3099 592 3144 et
621 3089 826 3162 lignum
871 3089 1030 3144 oliva:
1062 3105 1184 3158 quae
1213 3091 1368 3158 prius
1407 3099 1594 3146 vestro
1621 3091 1754 3146 vitio
1783 3107 1892 3148 nou

1981 1871 2224 1926 sentibus
2239 1871 2562 1944 uncinisque
2579 1883 2916 1944 centextam,
2947 1893 3066 1946 (jure
3101 1889 3286 1934 teneat
3315 1881 3582 1952 quidquid

1983 1961 2262 2031 attigerit,
2314 1973 2368 2018 et
2413 1973 2690 2040 retentum
2739 1965 3012 2034 vulneret,
3071 1979 3124 2025 et
3167 1969 3582 2028 vulneratorqu

1986 2055 2246 2126 sanguine
2271 2049 2575 2112 delectetur
2605 2075 2618 2112 :
2653 2055 2874 2130 in~uper
2897 2071 2952 2116 et
2975 2065 3150 2132 ignem
3201 2063 3420 2118 emittat
3447 2081 3476 2120 a
3505 2081 3586 2132 se,

1985 2157 2040 2201 et
2071 2159 2290 2218 regnata
2319 2141 2460 2218 ligna
2503 2162 2807 2206 consumat.
2859 2153 3164 2210 Refer-imus
3187 2165 3371 2212 autem
3400 2159 3588 2212 rham-

1991 2257 2119 2294 num
2179 2241 2244 2296 ad
2301 2241 2606 2310 diabolum,
2637 2255 2690 2300 et
2719 2245 3020 2304 secundum
3055 2251 3280 2320 virgulti
3319 2261 3592 2320 naturam,

1992 2331 2138 2388 illius
2199 2347 2448 2388 naturam
2473 2335 2972 2408 interpretabimur.
3025 2339 3184 2416 771
3242 2343 3414 2400 Porro
3441 2347 3596 2402 tinea

1995 2435 2055 2482 et
2085 2427 2242 2498 ficus,
2267 2437 2322 2482 et
2353 2429 2492 2484 oliva
2519 2427 2594 2484 ibi
2621 2441 2800 2494 erunt.
2833 2431 2924 2488 ubi
2957 2433 3387 2506 malogranatum
3411 2437 3601 2508 fuerit,

1993 2529 2116 2588 qua:
2151 2519 2318 2574 arbor
2359 2529 2584 2590 propter
2605 2537 2902 2592 granorum
2929 2527 3150 2582 nimiam
3179 2531 3604 2602 multitudinem,

1993 2619 2050 2668 et
2074 2609 2384 2670 intertextis
2446 2613 2840 2672 membranulis
2893 2619 3184 2690 quamdam
3209 2629 3600 2694 geometricam

1995 2705 2478 2778 compositionem,
2512 2715 2568 2766 et
2594 2707 2844 2766 diversas
2890 2715 3108 2784 quidem
3162 2719 3598 2790 mansiunculas,

1997 2799 2094 2856 sed
2125 2807 2306 2856 tamen
2331 2817 2524 2860 omnes
2553 2819 2660 2860 una
2683 2805 2884 2862 cortice
2909 2807 3356 2880 comprobemus,
3387 2829 3609 2886 semper

1997 2893 2052 2948 in
2092 2893 2394 2966 Scripturis
2449 2911 2618 2968 super
2659 2897 2918 2956 Ecclesia.-
2953 2917 3187 2972 persona
3217 2907 3458 2978 ponitur.

2071 2985 2256 3060 (νει-5.
2285 2985 2350 3044 21
2384 2993 2571 3062 seqq.)
2603 2991 2672 3046 Et
2712 2995 2914 3064 factum
2935 3007 3010 3051 est
3035 2999 3244 3052 verbum
3291 2999 3508 3058 Domini
3531 3023 3610 3060 se-

1999 3083 2168 3138 cundo
2197 3083 2268 3138 ad
2315 3085 2588 3158 Aggwum,
2621 3087 2676 3142 in
2707 3089 2948 3144 tricesima
2979 3103 3166 3160 quarta
3209 3105 3230 3134 ε
3285 3095 3372 3150 die
3396 3101 3610 3166 mensis,

295 3181 600 3237 :tﬂ'erebattt
623 3161 850 3246 fructus,
883 3181 1012 3252 quia
1047 3179 1182 3234 mihi
1203 3181 1432 3236 necdum
1453 3183 1742 3252 cmperatis
1761 3183 1894 3239 mdi-
1923 3161 1974 3229 ο
2001 3173 2178 3230 dicem
2204 3189 2224 3230 ἔ
2263 3173 2504 3248 Loquere
2529 3181 2600 3234 ad
2631 3177 2926 3238 Zorobabel
2967 3183 3155 3240 ducent
3185 3183 3354 3254 Juda,
3387 3189 3562 3246 dicens

299 3275 466 3330 ticare
495 3275 778 3346 templum,
815 3284 964 3328 tanta
1001 3291 1226 3328 uvarum
1247 3283 1600 3346 etpomorum
1621 3275 1902 3333 abundan-

301 3367 372 3420 tia
398 3367 790 3430 curvabuulur,
825 3365 1192 3420 utmanifesta
1221 3365 1532 3422 fecunditas
1553 3369 1900 3424 manifestam

301 3459 502 3516 indicet
537 3461 998 3517 benedictionem.
1029 3461 1244 3515 Nonum
1279 3471 1460 3516 autem
1491 3477 1762 3530 mensem,
1795 3477 1904 3520 non

303 3551 354 3606 in
381 3557 578 3608 bonam
609 3563 820 3624 partem
839 3553 1352 3624 accipi,etquartus
1385 3555 1700 3624 Regnorum
1735 3557 1900 3626 liber,

303 3649 468 3720 770
491 3659 546 3704 et
573 3647 828 3704 Jcremia:
863 3657 1052 3702 narrat
1085 3647 1334 3710 historia,
1367 3647 1544 3720 inquo
1563 3649 1790 3706 obsessa
1825 3649 1910 3706 di-

304 3742 590 3796 cituresse
615 3741 918 3796 Jerusalem
949 3741 1042 3810 (IV
1073 3741 1200 3810 Reg.
1256 3755 1392 3810 xxv,
1429 3751 1478 3796 et
1527 3743 1642 3798 Jer.
1699 3759 1806 3798 xxx
1861 3753 1909 3798 et

305 3835 506 3906 xxxii).
533 3835 735 3890 Tamen
761 3835 1014 3902 quoniam
1047 3833 1098 3890 in
1133 3835 1242 3890 fme
1291 3837 1420 3890 noni
1467 3837 1694 3904 mensis,
1723 3837 1908 3908 templi

307 3927 660 3982 fundamenta
703 3925 1018 3996 jaciuutur,
1079 3927 1184 3982 hoc
1227 3926 1534 3998 intelligere
1591 3943 1906 3998 possumus,

307 4019 454 4090 quod
489 4035 596 4074 nou
629 4021 922 4089 incipiatur
953 4021 1162 4076 exstrui
1217 4023 1476 4092 templum
1516 4021 1755 4088 Domini,
1805 4022 1910 4078 nisi

307 4113 452 4168 mala
480 4127 644 4182 opera
679 4111 951 4168 finiantur.
987 4111 1141 4170 Unde
1159 4121 1216 4170 et
1247 4115 1298 4169 in
1333 4115 1586 4170 vicesima
1611 4123 1802 4186 quarta
1824 4113 1914 4170 die

311 4204 514 4260 mensis
565 4203 834 4276 ejusdem,
893 4205 1302 4262 fundamentum
1359 4207 1542 4278 templi
1581 4209 1822 4274 ponitur,
1859 4211 1912 4264 in

311 4315 418 4370 quo
451 4315 678 4354 numero
727 4299 928 4370 duplex
979 4299 1210 4362 δωδεκάς
1257 4309 1312 4354 et
1343 4310 1452 4356 tres
1482 4299 1747 4376 ὁγδοάδες,
1777 4315 1914 4372 qua-

315 4405 542 4465 tuorque
573 4394 740 4462 ἑξάδες
771 4395 1016 4462 suut,de
1031 4411 1138 4466 quo
1158 4393 1271 4466 jam
1301 4409 1463 4466 supra
1497 4395 1712 4466 plenius
1731 4395 1918 4472 dispu-

317 4497 484 4542 tatum
519 4497 622 4542 est.
683 4489 1020 4558 Quicumque
1051 4503 1180 4559 ergo
1215 4489 1308 4543 Dei
1341 4489 1512 4543 cultui
1543 4503 1604 4544 se
1629 4489 1920 4544 dedicave-

319 4581 408 4644 rit,
435 4591 488 4636 et
517 4581 908 4650 contempserit
937 4583 1182 4656 ῥᾴθυμον,
1221 4581 1272 4636 id
1315 4589 1420 4648 est,
1455 4579 1799 4654 negligentem
1825 4598 1920 4652 pa-

321 4686 532 4730 tronum
566 4675 694 4746 (qui
729 4675 780 4729 in
833 4675 984 4729 Ezrae
1029 4675 1308 4730 volumine
1347 4675 1502 4744 juxta
1559 4669 1918 4746 Seputaginta

319 4765 704 4838 interpretesﬂ
722 4765 878 4820 Esztr.
902 4767 1004 4836 tv),
1029 4765 1288 4836 templum
1317 4767 1412 4820 Dei
1441 4765 1702 4822 aedificari
1729 4767 1922 4838 vetat),

321 4861 422 4916 iste
451 4857 478 4896 ἱ»
513 4861 688 4914 nescit
711 4875 1018 4914 mensuram
1049 4861 1260 4928 frugum
1288 4867 1340 4914 et
1371 4845 1642 4916 mercedis
1669 4875 1802 4916 sua}.
1829 4860 1922 4918 Vel

321 4961 472 5008 certe
501 4963 724 5022 propter
753 4951 862 5008 hoc
882 4951 1024 5023 quod
1045 4953 1244 5008 dicitur
1277 4969 1292 5006 :
1319 4951 1368 5008 si
1385 4951 1560 5008 adhuc
1585 4963 1924 5026 cognoscatur

321 5059 478 5116 super
501 5051 686 5099 terram
717 5061 862 5110 areu,
906 5045 1000 5114 qui
1033 5043 1390 5101 seminaverit
1437 5047 1488 5100 in
1519 5043 1738 5116 spiritu,
1767 5057 1824 5102 et
1853 5041 1922 5104 de

325 5139 520 5208 Spit‘iill
551 5139 838 5196 IIIIBSStleI‘il
875 5141 1316 5196 ritimiteternam
1343 5139 1544 5210 (Galat.
1581 5139 1684 5212 rt),
1717 5155 1924 5212 nequa-

325 5245 488 5300 quam
521 5233 622 5286 sibi
649 5231 1036 5288 thes:turizabit
1063 5235 1112 5286 in
1149 5241 1316 5300 terra,
1375 5231 1470 5288 sed
1519 5233 1698 5286 omnia
1753 5245 1924 5302 opera

326 5325 472 5394 ejus,
499 5337 554 5381 et
585 5326 868 5382 mercedes
899 5341 1124 5396 Operum
1155 5327 1206 5381 in
1227 5327 1543 5382 coelestibus
1573 5327 1922 5396 colligantur.

331 5415 498 5470 Vinea
531 5433 766 5489 quoque,
795 5417 846 5472 id
875 5427 978 5482 est,
1013 5433 1197 5472 sermo
1247 5417 1362 5486 Dei,
1415 5417 1570 5490 cujus
1595 5418 1648 5474 in
1682 5433 1930 5490 unoquo—

405 5587 426 5614 έί
469 5577 616 5650 [iane
647 5580 848 5648 placuit
877 5579 1098 5650 Reginae
1135 5579 1660 5650 codieisilcetionem
1701 5573 1932 5650 prafer-

333 5665 394 5704 re
423 5667 436 5702 :
469 5649 660 5720 Utique
692 5667 826 5714 non;
861 5649 1032 5705 mense
1053 5653 1212 5714 enim,
1245 5659 1296 5702 ut
1321 5649 1572 5717 diximus,
1599 5659 1705 5705 etc.
1731 5649 1789 5704 lu
1817 5649 1934 5704 vul-

333 5720 662 5804 gatisnantca
690 5721 840 5775 libris
861 5731 1000 5803 erat,
1025 5723 1200 5804 utique
1227 5737 1362 5776 nono
1383 5737 1578 5788 mcrtse,
1605 5731 1660 5774 ut
1679 5721 1934 5804 diazimus.

407 5791 432 5830 ³³
457 5791 656 5863 Regin.
693 5805 820 5860 ms.,
855 5792 949 5848 iste
985 5791 1176 5849 nesciet
1207 5807 1504 5850 mensuram
1532 5791 1780 5848 mercedis
1805 5805 1934 5848 sum.

2007 3265 2120 3340 Ego
2149 3271 2358 3324 movebo
2390 3269 2578 3326 coelum
2623 3275 2824 3344 pariter
2871 3285 2916 3330 et
2955 3287 3176 3346 terram,
3225 3289 3272 3334 et
3321 3283 3612 3338 subvertant

2005 3361 2200 3416 solium
2227 3379 2526 3436 regnorum,
2558 3377 2606 3420 et
2633 3379 2896 3424 conteram
2921 3373 3286 3440 fortitudinem
3311 3378 3456 3448 regni
3481 3393 3612 3450 gen-

2007 3455 2172 3522 tium;
2203 3465 2250 3510 et
2273 3457 2564 3512 subvertant
2583 3461 2900 3533 quadrigam
2927 3475 2972 3518 et
3013 3481 3338 3522 ascensorem
3380 3473 3536 3543 ejus;
3563 3481 3613 3527 et

2009 3545 2318 3602 descendent
2339 3551 2456 3620 equi
2480 3557 2530 3606 et
2557 3569 2856 3608 ascensores
2885 3573 3062 3612 eorum
3093 3559 3168 3614 vir
3211 3561 3264 3614 in
3296 3561 3474 3632 gladio
3505 3565 3618 3634 [ra-

2013 3639 2108 3694 tris
2133 3641 2238 3694 sui.
2268 3639 2338 3694 In
2365 3643 2450 3698 die
2469 3641 2586 3710 illa,
2613 3643 2736 3698 dicit
2769 3645 3030 3704 Dominus
3057 3652 3380 3708 exercituum
3415 3671 3432 3708 :
3455 3657 3619 3712 Astu-

2013 3749 2154 3788 mom
2179 3743 2246 3800 te,
2272 3733 2564 3792 Zorobabel
2587 3739 2666 3806 ﬁli
2689 3739 2968 3804 Satathiel,
3001 3759 3142 3798 serve
3169 3761 3334 3814 meus,
3369 3749 3496 3802 dicit
3519 3749 3624 3804 Do-

2013 3829 2206 3896 minus,
2239 3841 2286 3884 et
2313 3847 2502 3904 ponam
2537 3839 2584 3886 te
2623 3829 2774 3894 quasi
2817 3835 3150 3908 signaculum
3177 3853 3196 3892 :
3223 3841 3348 3910 quia
3391 3849 3438 3895 te
3467 3843 3621 3916 elegi,

2015 3923 2142 3976 dicit
2195 3921 2450 3981 Dominus
2499 3927 2840 3982 exercituum.
2899 3929 2958 3984 In
3017 3927 3162 3986 LXX
3221 3933 3406 3988 addita
3459 3947 3620 4005 sunt,

2017 4013 2044 4050 ά
2075 4031 2216 4070 mare
2243 4027 2290 4072 et
2319 4019 2558 4086 aridam;
2585 4029 2644 4074 et
2673 4020 2858 4076 minus
2887 4019 3076 4088 habet,
3107 4021 3386 4080 Conteram
3415 4027 3628 4098 fortitu-

2019 4107 2192 4162 dinem
2221 4111 2368 4182 regni
2395 4111 2656 4182 gentium,
2701 4113 2846 4184 quod
2877 4113 3093 4184 plenius
3116 4131 3180 4172 ex
3221 4117 3466 4188 ipsorum
3509 4123 3622 4180 lec-

2021 4203 2170 4258 tione
2191 4203 2441 4260 noscitur
2463 4203 2570 4278 [Αι.
2601 4207 2904 4282 noscetur].
2937 4209 3250 4268 Notandum
3271 4223 3454 4272 autem
3479 4219 3624 4288 quod

2021 4293 2076 4350 in
2107 4295 2299 4352 eadem
2331 4299 2442 4364 die,
2499 4299 2602 4355 hoc
2633 4311 2740 4370 est,
2773 4301 2826 4356 in
2857 4303 3118 4358 vicesima
3165 4315 3222 4362 et
3263 4320 3458 4378 quarta
3489 4307 3622 4368 noni

2023 4387 2268 4460 mensis,
2319 4391 2486 4446 tacito
2537 4395 2748 4450 mensis
2789 4409 3046 4462 numero,
3110 4399 3236 4468 quia
3291 4401 3360 4456 de
3417 4403 3624 4460 Christi

2027 4483 2428 4552 prophetabant
2469 4485 2577 4558 [AL
2625 4489 3082 4564 prophetabatur]
3131 4492 3411 4564 adventu,
3461 4509 3514 4552 et
3559 4499 3630 4556 de

2023 4589 2194 4644 regno
2239 4577 2378 4648 ejus,
2411 4579 2654 4634 secundo
2697 4580 2764 4636 ad
2797 4583 3056 4654 Aggmum
3103 4601 3288 4644 sermo
3325 4589 3386 4644 tit
3411 4590 3630 4648 Domini

2025 4667 2224 4738 nostri,
2249 4681 2362 4724 non
2385 4667 2436 4724 iu
2458 4683 2622 4726 manu
2639 4671 2757 4742 ejus
2781 4683 2838 4728 ut
2865 4677 3036 4745 prius,
3055 4693 3232 4748 neque
3259 4680 3324 4736 ad
3371 4685 3626 4754 Aggreum

2027 4761 2388 4831 prophetam,
2439 4775 2494 4818 ut
2545 4764 2600 4818 in
2633 4765 2850 4822 visione
2895 4779 3114 4838 quarta,
3165 4773 3261 4828 sed
3309 4785 3518 4830 tantum
3563 4777 3633 4834 ad

2031 4857 2310 4924 Aggtcnm,
2343 4853 2522 4922 idest,
2555 4857 2622 4912 ad
2651 4857 2866 4914 Domini
2891 4857 3030 4916 festa
3059 4863 3430 4922 celebrantem
3458 4884 3472 4920 :
3505 4869 3630 4938 quia

2029 4959 2368 5018 nequaquam
2409 4957 2728 5020 venturum,
2781 4951 2882 5008 sed
2911 4953 3222 5012 venientem
3253 4959 3532 5016 muniret
3577 4973 3632 5018 et

2029 5049 2302 5096 cerneret.
2337 5039 2406 5098 Et
2435 5045 2714 5114 quomodo
2746 5041 3022 5102 Abraham
3055 5047 3190 5104 vidit
3219 5047 3362 5106 diem
3401 5051 3630 5124 Christi,

2027 5143 2084 5189 ct
2105 5133 2318 5192 laetatus
2341 5145 2424 5192 est
2453 5135 2640 5209 (Joan.
2671 5139 2814 5210 vni);
2845 5149 2902 5197 et
2923 5141 3165 5198 Joannes
3185 5145 3396 5216 Aguum
3433 5147 3520 5204 Dei
3549 5149 3632 5204 di-

2027 5225 2142 5300 gito
2179 5229 2578 5287 detnonstrarit
2607 5233 2794 5306 (Jaan.
2830 5235 2894 5306 r):
2929 5237 3008 5291 sic
3049 5247 3106 5292 et
3145 5237 3260 5308 ipse
3299 5239 3495 5296 videns
3549 5259 3636 5298 re-

2031 5333 2198 5394 gnum
2215 5315 2340 5378 Filii
2365 5323 2484 5390 Dei,
2511 5325 2738 5381 haberet
2765 5327 2818 5380 iu
2851 5341 2912 5382 se
2925 5329 3628 5391 universassolemnitates.

2031 5415 2092 5472 In
2125 5415 2234 5471 hoc
2261 5415 2384 5472 loco
2429 5417 2568 5488 apud
2603 5418 2898 5488 plerosque
2927 5419 3142 5476 diversa
3183 5425 3452 5480 sententia
3495 5439 3576 5482 est
3623 5447 3638 5482 :

2045 5647 2086 5704 L
2115 5571 2534 5702 queamus»,
2578 5581 2824 5651 ignorant
2881 5581 3159 5650 Hebraeus,
3208 5597 3263 5642 et
3311 5589 3636 5666 Hieronymi

2091 5664 2119 5704 a
2155 5663 2242 5703 tua
2267 5665 2466 5704 γει-διο.

2091 5663 2242 5704 311113
2267 5665 2466 5706 VeI‘SlO.

2115 5717 2143 5794 tl
2183 5721 2314 5776 Post
2355 5723 2520 5776 verba
2563 5723 2794 5794 scilicet,
2827 5727 3006 5782 ciuium
3035 5735 3082 5782 et
3112 5739 3322 5788 terram.
3359 5733 3527 5794 Paulo
3559 5738 3642 5794 iu-

2045 5791 2216 5850 ferius
2244 5807 2354 5848 vox
2383 5795 2582 5864 nostri,
2615 5793 2670 5850 in
2687 5793 2860 5867 Regio
2887 5813 2990 5856 ms.
3025 5813 3134 5856 non
3161 5813 3264 5858 est.
