4028 6342
489 282 627 343 1415

1731 272 1791 336 S.
1837 276 2101 337 EUSEBH
2140 272 2516 334 HIERONYMI

3658 278 3794 339 {Hb

484 401 590 457 Alii
637 402 781 455 enim
812 396 1164 466 suspicantur
1210 392 1280 449 de
1305 392 1482 465 primo
1510 392 1628 463 ejus
1656 392 1895 448 adventu
1926 393 2033 447 dici
2065 410 2078 447 :
2108 395 2153 453 Α
2188 391 2547 463 subjugalem]
2576 399 2629 445 et
2656 389 2864 463 pullum
2897 390 3065 445 asinae
3088 389 3394 459 novellum,
3429 398 3484 446 et
3507 390 3794 461 disperdat

487 493 577 548 alii
624 492 692 548 de
732 488 995 555 secundo,
1024 486 1242 558 quando
1275 486 1328 541 in
1362 502 1459 541 sua
1508 486 1793 557 majestate
1824 495 2085 541 venturus

486 584 596 657 [AL
629 583 865 655 futurus]
897 592 1001 639 est.
1034 581 1141 637 Nos
1184 591 1474 652 utrumque
1499 580 1851 650 suscipimus,
1881 579 2000 648 quia
2030 587 2090 633 et

480 684 612 734 tunc
642 676 891 748 regnavit
932 690 1053 730 cum
1083 674 1256 736 venit,
1300 683 1359 728 et
1401 681 1589 740 postea
1619 680 1941 743 regnaturus
1980 681 2083 725 cst.

485 771 739 829 Attamen
772 770 817 825 si
846 770 913 825 de
939 768 1048 824 fine
1079 766 1265 822 mundi
1299 766 1637 822 voluerimus
1660 770 1931 835 accipere.
1956 761 2087 819 illud

477 865 727 921 dicemus
750 863 897 934 quod
928 861 1214 932 apostolus
1237 860 1303 916 ad
1326 858 1639 915 Corinthios
1662 859 1903 930 loquitur
1942 875 1954 910 ι
1987 860 2088 913 De-

479 958 804 1016 strucudum
819 974 1039 1013 omnem
1057 956 1419 1028 principatum
1446 965 1731 1011 etomnem
1757 962 2085 1026 potestatem

478 1063 534 1110 et
578 1053 738 1126 772
766 1052 1049 1119 virtutem,
1090 1060 1147 1105 ut
1185 1050 1257 1104 sit
1303 1049 1447 1103 Deus
1490 1049 1673 1102 omnia
1725 1048 1775 1102 in
1825 1046 2085 1101 omnibus

476 1144 523 1218 (Ι
550 1145 671 1200 Cor.
700 1144 815 1217 xv).
845 1145 909 1200 Et
937 1143 1065 1214 quia
1095 1141 1382 1214 mysticum
1407 1151 1495 1197 est
1518 1140 1661 1212 quod
1692 1140 1914 1210 dicitur,
1937 1149 1993 1195 et
2018 1139 2084 1195 ad

476 1237 641 1295 finem
692 1253 872 1294 rerum
922 1236 1193 1308 pertinet;
1225 1234 1436 1290 idt‘il‘CO
1463 1234 1689 1303 jubetur
1719 1234 1984 1305 propheta
2016 1233 2082 1287 ad

473 1332 653 1387 solum
676 1330 980 1386 Zorobabel
1004 1330 1177 1400 loqui,
1198 1344 1365 1399 quem
1394 1328 1446 1382 in
1478 1338 1605 1400 typo
1628 1326 1830 1383 Christi
1860 1336 2086 1397 propter

475 1426 910 1496 assumptionem
943 1422 1201 1493 corporis
1228 1438 1295 1477 ex
1324 1423 1536 1477 semine
1552 1423 1724 1477 David
1747 1423 2086 1493 processisse

472 1518 931 1574 monstravimus.
966 1515 1104 1571 Huic
1132 1531 1264 1587 ergo
1297 1514 1557 1570 dicuntur
1584 1532 1703 1586 qua:
1736 1516 1787 1570 in
1823 1515 1927 1571 fine
1955 1531 2083 1570 ven-

473 1619 593 1667 tura
625 1612 755 1678 sint,
784 1609 929 1682 quod
969 1618 1221 1665 transeat
1259 1608 1429 1679 figura
1460 1608 1619 1679 hujus
1650 1608 1860 1676 mundi,
1890 1620 1945 1665 et
1988 1609 2085 1665 fiat

467 1704 670 1760 coelum
701 1719 924 1773 novum,
952 1712 1007 1759 et
1030 1713 1174 1757 terra
1200 1717 1366 1768 nova,
1390 1712 1412 1739 ⁸
1443 1710 1502 1758 et
1529 1712 1873 1757 commoveat
1896 1701 2081 1757 Domi-

2192 486 2480 556 quadrigas
2511 502 2577 539 ex
2608 484 2869 550 Ephraim
2902 485 3090 551 (Zach.
3117 486 3197 557 9),
3230 495 3286 541 et
3316 501 3518 558 equum
3548 485 3619 541 de
3641 485 3797 542 Jeru-

2192 579 2384 647 salem,
2420 592 2478 633 ut
2509 579 2596 634 fiat
2624 595 2763 634 unus
2784 594 2917 650 grex
2942 588 2996 634 et
3019 594 3160 634 unus
3184 588 3394 648 pastor,
3422 589 3478 635 et
3501 588 3797 650 utrumque

2190 689 2383 745 agmen
2418 684 2524 729 tam
2554 674 2621 730 de
2650 673 2903 745 gentibus
2932 690 3092 746 quam
3120 674 3189 730 de
3217 672 3425 729 Judzeis
3452 717 3468 745 ,
3513 674 3621 730 sub
3650 672 3797 743 paci-

2190 770 2293 827 [ἰρο
2329 780 2549 841 pastore
2581 780 2851 827 teneatur.
2904 769 2978 827 Ut
3022 778 3203 827 autem
3236 769 3354 825 haec
3377 784 3500 841 qua:
3533 784 3793 840 perversa

2189 872 2316 917 sunt
2343 863 2716 930 destruantur,
2751 863 3129 933 unusquisque
3159 862 3213 916 in
3243 860 3427 933 gladio
3462 862 3666 933 (quem
3698 876 3795 931 ego

2191 967 2323 1026 puto
2354 972 2663 1013 sermonem
2695 970 2817 1012 esse
2846 956 3111 1012 doctrinae
3138 955 3551 1018 acutissimum,
3585 964 3641 1009 et
3670 970 3797 1024 per-

2189 1066 2349 1107 versa
2374 1067 2604 1123 quaeque
2637 1051 3017 1121 resccantem)
3049 1059 3343 1121 consurget
3377 1049 3647 1105 adversus
3687 1048 3798 1103 fra-

2190 1156 2329 1203 trem
2358 1161 2537 1216 suum,
2573 1156 2866 1217 amputans
2892 1161 3054 1202 omne
3075 1146 3435 1201 contrarium.
3467 1144 3576 1202 Sed
3604 1144 3796 1199 borum

2189 1241 2578 1296 universorum
2622 1239 2745 1294 finis
2784 1248 2871 1295 est
2911 1239 3173 1308 optimus.
3207 1238 3341 1293 Post
3362 1237 3798 1292 deSIructionem

2189 1333 2333 1388 enim
2363 1332 2651 1396 Soliorum.
2683 1340 2740 1387 et
2768 1331 3119 1387 fortitudines
3150 1330 3260 1403 [AL
3293 1330 3673 1403 fortitudinis]
3706 1346 3799 1387 re-

2187 1427 2491 1496 gnantium,
2526 1435 2580 1480 et
2602 1424 3014 1495 quadrigarum,
3040 1434 3096 1479 et
3118 1440 3411 1495 cquorttm,
3442 1434 3494 1479 et
3518 1424 3798 1495 equitum,

2188 1517 2241 1571 in
2273 1517 2361 1573 die
2388 1518 2503 1583 illa,
2534 1517 2666 1573 dicit
2695 1517 2961 1573 Dominus
2990 1518 3345 1587 omnipotens
3373 1534 3387 1571 :
3415 1516 3697 1572 Assumam
3727 1528 3802 1586 te,

2187 1608 2501 1677 Zorobabel,
2529 1611 2699 1679 ﬁlium
2725 1610 3004 1673 Salatltiel,
3033 1626 3238 1663 servum
3258 1626 3455 1663 meum.
3478 1610 3684 1665 Servus
3702 1625 3803 1664 au-

2187 1712 2296 1759 tem
2317 1704 2514 1759 dicitur
2547 1714 2771 1775 prapter
2800 1719 3005 1774 corpus
3039 1704 3337 1759 humanum
3365 1748 3379 1770 ,
3413 1703 3540 1775 quia
3575 1715 3701 1760 tunc
3729 1714 3789 1761 ct

472 1814 575 1855 nus
603 1798 801 1855 ccelum
833 1807 889 1853 et
918 1806 1141 1865 terram,
1178 1805 1234 1851 et
1263 1795 1515 1851 destruat
1541 1811 1763 1852 omnem
1796 1796 2072 1866 principa-
2106 1799 2155 1861 Β
2184 1797 2302 1867 ipse
2330 1797 2473 1852 filius
2502 1796 2826 1867 sultjicictur
2852 1798 2902 1851 ei
2934 1796 3027 1868 qui
3060 1797 3294 1867 subjecit
3323 1795 3431 1851 sibi
3460 1798 3644 1851 omnia
3671 1838 3687 1863 ,
3732 1806 3793 1852 ct

468 1902 607 1963 tum,
641 1904 698 1948 et
737 1900 1092 1963 potestatem,
1121 1898 1179 1946 et
1202 1888 1480 1957 virtutem,
1515 1900 1569 1945 et
1598 1890 1830 1959 dissipet
1867 1888 1895 1927 ι)
1926 1905 2082 1960 reges

467 2002 682 2057 regum,
706 1984 822 2041 sive
855 1994 912 2040 ut
945 1983 1180 2040 habetur
1214 1983 1266 2037 in
1301 1982 1557 2049 Hebraeo,
1587 1998 1890 2054 regnorum,
1920 1991 1975 2037 et
2004 1982 2083 2036 in-

471 2078 705 2135 terficiat
752 2093 972 2133 omnem
1007 2075 1395 2132 fortitudinem
1446 2079 1808 2143 contrariam,
1858 2082 1918 2129 ut
1948 2075 2085 2145 ipsis

467 2185 686 2243 quoque
719 2170 813 2243 qui
854 2178 984 2227 ante
1018 2178 1403 2241 reguaverant,
1435 2178 1488 2223 et
1517 2176 1708 2240 gentes
1740 2167 1842 2224 sub
1868 2184 1963 2223 sua
2006 2177 2082 2225 te-

469 2275 697 2322 nuerant
715 2265 945 2331 ditione,
968 2265 1141 2335 prosit
1159 2263 1308 2335 regni
1324 2277 1512 2317 eorum
1530 2262 1918 2329 destructio,et
1931 2263 2076 2318 omni

468 2359 950 2431 prteliandistudio
962 2358 1250 2427 dissipato,
1268 2363 1532 2427 sequatur
1545 2372 1650 2428 pax
1671 2374 1686 2422 ;
1707 2355 1905 2413 hocest
1928 2356 2071 2412 cnim

466 2454 611 2527 quod
634 2455 745 2508 ait:
771 2454 839 2506 Et
861 2452 1157 2508 subvertant
1191 2451 1521 2523 quadrigam,
1560 2454 1664 2507 sive
1689 2452 1999 2523 quadrigas,
2027 2461 2074 2506 et

469 2562 764 2601 ascensores
775 2560 950 2599 eorum
959 2585 974 2612 ,
993 2552 1036 2598 et
1054 2541 1361 2598 descendent
1376 2543 1491 2614 equi
1508 2552 1555 2597 et
1568 2560 1861 2599 ascensores
1873 2561 2047 2599 eorum
2056 2585 2069 2599 .

469 2638 533 2696 Et
571 2649 627 2695 ut
648 2637 832 2694 sciatis
866 2638 919 2692 in
936 2636 1300 2693 subversionc
1325 2637 1714 2709 quadrigarum
1743 2649 2076 2694 etcorruen-

475 2732 606 2788 tium
639 2732 910 2803 equitum,
944 2729 1052 2787 hoc
1077 2730 1222 2800 quod
1251 2730 1492 2786 diximus
1523 2732 1817 2801 signiﬁcari
1847 2733 2073 2789 :Videte

470 2828 745 2900 quomodo
768 2827 839 2884 de
865 2825 1085 2882 Christo
1114 2825 1329 2881 dicatur
1359 2826 1410 2881 in
1430 2825 1690 2882 Zacharia
1718 2827 1862 2898 quod
1894 2829 2077 2883 veniat

471 2929 795 2978 mansuetus
824 2936 926 2977 rex
951 2960 968 2987 ,
1015 2926 1073 2975 et
1108 2917 1416 2975 ascendens
1449 2934 1623 2991 super
1650 2920 1893 2991 jugalem
1942 2919 2069 2992 [AL

2188 1890 2242 1947 in
2274 1892 2539 1961 subjectis
2563 1892 2819 1948 omnibus
2841 1891 3112 1947 videbitur
3139 1901 3191 1945 et
3222 1892 3339 1962 ipse
3364 1890 3668 1960 subjectus.
3688 1890 3799 1947 Sed

2183 1998 2307 2038 cum
2332 1985 2436 2038 hoc
2460 1983 2622 2038 fuerit
2648 1984 2956 2052 impletum,
2990 1991 3157 2053 ponet
3183 1982 3337 2037 illum
3365 1982 3512 2038 Deus
3541 1982 3698 2053 quasi
3722 1982 3801 2036 si-

2179 2076 2473 2147 gnaculum
2519 2075 2573 2129 in
2614 2089 2778 2129 manu
2808 2090 2903 2130 sua
2953 2091 2967 2129 :
3012 2073 3170 2129 Hunc
3200 2075 3337 2129 enim
3369 2074 3600 2145 signavit

2184 2166 2325 2223 Deus
2356 2167 2517 2224 Pater
2552 2168 2733 2241 (Joan.
2766 2183 2820 2222 γι
2842 2210 2856 2233 ,
2888 2166 2985 2237 27)
3019 2186 3034 2223 :
3070 2176 3126 2223 et
3156 2167 3245 2222 hic
3273 2177 3357 2222 est
3380 2167 3558 2237 imago
3587 2166 3683 2221 Dei
3715 2170 3801 2221 in-

2182 2266 2413 2322 visibilis
2440 2311 2454 2335 ,
2500 2276 2554 2321 et
2596 2266 2769 2320 forma
2812 2265 3135 2319 substantia:
3164 2263 3330 2333 ejus:
3372 2272 3427 2317 ut
3455 2264 3796 2333 quicumque

2178 2359 2471 2416 crediderit
2499 2359 2552 2413 in
2583 2358 2777 2425 Deum,
2815 2357 2921 2413 hoc
2949 2357 3111 2429 quasi
3139 2355 3343 2411 annulo
3371 2355 3754 2425 consignetur.

2246 2453 2494 2509 Obsecro
2534 2462 2621 2519 te,
2655 2452 2858 2519 lector,
2911 2459 2972 2505 ιιι
3020 2451 3273 2521 ignoscas
3313 2449 3479 2505 celeri
3531 2464 3794 2506 sermone

2177 2545 2402 2602 dictanti
2431 2585 2446 2611 ,
2500 2560 2602 2601 nec
2647 2544 2901 2615 requiras
2952 2543 3158 2615 eloquii
3200 2540 3365 2615 775
3402 2552 3747 2598 venustatem
3776 2585 3791 2610 ,

2175 2656 2340 2712 quam
2364 2640 2535 2695 multo
2561 2648 2808 2711 tempore
2834 2638 3084 2695 Hebraea:
3108 2637 3309 2707 linguae
3330 2635 3514 2691 studio
3538 2636 3789 2707 perdidi:

2176 2748 2504 2805 quamquam
2540 2747 2626 2787 me
2658 2742 2679 2770 ε
2714 2730 2908 2787 Alecto
2937 2744 3157 2801 semper
3187 2728 3449 2784 infantem
3478 2744 3542 2784 ac
3574 2739 3789 2785 mutum

2176 2826 2352 2883 fuisse
2384 2834 2653 2881 autumet.
2685 2825 2783 2881 Cui
2816 2840 2919 2895 ego
2947 2824 3125 2879 dicam
3158 2841 3173 2879 :
3208 2821 3466 2877 Dominus
3489 2822 3639 2876 dabit
3673 2838 3791 2877 ver-

2176 2920 2297 2976 bum
2328 2920 2739 2992 euangelizanti,
2771 2919 3013 2974 virtutem
3053 2917 3268 2973 multam
3299 2916 3420 2992 (Ps.
3453 2934 3628 2987 vatt,
3668 2917 3785 2991 η).

542 3142 568 3170 ει
609 3132 670 3188 In
697 3130 926 3187 Victorii
958 3130 1202 3188 editione
1222 3144 1433 3205 comma
1466 3130 1634 3198 istud,
1668 3138 1717 3184 et
1745 3141 2061 3186 commoveat
2090 3133 2136 3197 C
2168 3132 2220 3187 in
2266 3148 2433 3202 opere
2454 3204 2461 3205 γ
2482 3133 2626 3203 quod
2676 3132 3013 3205 Hieronymo
3046 3131 3342 3187 ascribitur
3371 3175 3387 3199 ,
3429 3145 3670 3202 eamque
3712 3146 3782 3185 ex

473 3203 727 3261 Dominus
754 3205 937 3259 caelum
964 3212 1010 3258 et
1039 3212 1251 3271 terram,
1281 3200 1647 3256 desideratur.

545 3276 572 3316 ι)
613 3278 747 3331 Cum
776 3275 1020 3331 Victorio
1048 3274 1242 3345 Regin.
1274 3288 1377 3328 ms.
1406 3314 1420 3335 ,
1471 3282 1519 3327 et
1544 3274 1762 3345 dissipet
1792 3274 1936 3329 sedes
1961 3274 2063 3329 Re-

473 3365 615 3421 gum.
662 3347 804 3404 lnlra
831 3389 846 3415 ,
895 3356 943 3401 et
981 3347 1305 3401 currentium
1354 3346 1588 3415 equitum
1616 3389 1632 3412 ,
1685 3361 1784 3416 pro
1828 3364 2074 3401 corruen-

476 3422 605 3475 tium
620 3461 636 3481 .
666 3430 774 3476 etc.

550 3503 571 3527 "
604 3492 747 3548 Sane
774 3490 1048 3546 videretur
1078 3489 1143 3543 ad
1176 3488 1381 3544 codicis
1428 3487 1648 3557 Regina:
1690 3488 1849 3545 fidem
1894 3489 2075 3560 legen-

478 3563 607 3619 dum
637 3578 703 3617 ex
737 3562 793 3617 S.
826 3561 1085 3617 Doctotis
1114 3576 1371 3633 persona,
1392 3576 1706 3632 quamquam
1735 3578 1765 3613 a
1794 3561 1925 3615 lacte
1951 3578 2082 3615 sem-

475 3652 565 3707 per
593 3635 845 3706 infantem
888 3650 950 3707 ac
998 3632 1196 3707 mutum
1222 3632 1381 3707 fuisse
1427 3648 1506 3685 me
1552 3643 2070 3707 autumentiverum

473 3702 616 3778 quod
645 3702 1014 3776 Subsequitur,
1047 3705 1133 3758 cui
1161 3721 1251 3778 ego
1279 3704 1451 3758 dicam
1477 3748 1490 3771 ,
1524 3713 1658 3778 etc.,_
1692 3702 1746 3758 id
1777 3704 1928 3758 nullo
1959 3704 2075 3778 opi-

475 3775 596 3835 nari
651 3775 1097 3848 modo’patitur.
1180 3777 1542 3848 Hieronymus
1592 3775 1769 3848 Alecto
1822 3777 2074 3830 tumulum

476 3866 635 3905 suum
664 3846 895 3913 dixerit,
925 3847 1071 3918 quod
1100 3848 1168 3901 ab
1197 3846 1499 3901 inferendis
1530 3846 1747 3917 injuriis
1779 3864 2073 3917 numquam

476 3921 776 3977 desineret.
813 3921 984 3975 Porro
1010 3919 1077 3974 ad
1112 3928 1387 3988 postrema
1419 3921 1588 3973 verba
1614 3960 1627 3982 ,
1661 3920 1900 3972 virtutem
1930 3919 2073 3973 mul-

475 4002 581 4046 tam
629 3995 746 4047 sive
793 3992 1003 4045 t-irtutes
1053 3992 1285 4056 multas,
1335 3998 1623 4060 utrumque
1669 3989 1817 4045 enim
1850 3992 2067 4059 legitur,

475 4063 594 4119 haec
630 4063 889 4118 observat
920 4062 1194 4117 Victorius
1226 4081 1239 4114 :
1275 4062 1424 4115 llanc
1447 4102 1463 4127 ,
1495 4062 1608 4127 ait,
1649 4061 1942 4117 lectionem
1988 4078 2074 4117 sc—

476 4146 639 4191 cutns
670 4143 753 4189 est
782 4134 849 4198 is,
882 4135 973 4204 qui
1007 4132 1245 4188 Marcum
1294 4132 1691 4202 interpretatur
1718 4150 1746 4186 a
1779 4134 2071 4203 principio,

2174 3205 2388 3259 cunctis
2423 3204 2697 3259 Vaticana:
2731 3205 3073 3260 hiblimheca»
3101 3218 3234 3258 mss.
3268 3218 3404 3257 unus
3449 3214 3664 3257 tantum
3696 3218 3785 3258 c0-

2179 3277 2283 3332 dex
2328 3277 2533 3331 retinet
2564 3294 2576 3331 :
2602 3290 2905 3343 sensusque
2938 3277 3098 3343 hujus
3148 3276 3397 3328 lecnonis
3427 3283 3514 3328 est
3546 3292 3560 3327 :
3595 3272 3785 3327 Domi-

2183 3365 2276 3403 nus
2309 3348 2450 3401 dabit
2478 3349 2691 3402 virtutes
2719 3349 2934 3412 multas,
2967 3361 3061 3401 seu
3090 3347 3325 3401 virtutem
3356 3348 3599 3408 multam,
3628 3363 3782 3399 evan-

2184 3420 2430 3492 grelizanti
2462 3418 2694 3492 uerbum.
2739 3418 2847 3492 Nos
2881 3429 3080 3492 tamen
3102 3419 3452 3492 correximus
3485 3416 3783 3492 :_Damin_ns

2186 3487 2345 3572 dabit.
2377 3489 2585 3572 verbum
2617 3491 2990 3572 euangelizanti
3025 3490 3220 3572 .virtute
3257 3490 3450 3572 multa.
3498 3487 3783 3572 grangeli-

2184 3561 2419 3616 zantibus
2451 3563 2596 3616 enim
2632 3558 2829 3631 legitur
2857 3560 3069 3617 cunctis
3098 3558 3154 3614 in
3182 3560 3415 3625 vulgatis
3446 3558 3781 3615 editionibus

2186 3634 2413 3700 Cra-cis,
2445 3642 2501 3688 et
2530 3633 2739 3688 Latinis
2764 3679 2778 3702 ,
2825 3643 2931 3686 tam
2982 3631 3374 3702 manuscriptis
3398 3674 3412 3697 ,
3459 3647 3622 3702 quam
3677 3632 3780 3686 iut-

2181 3707 2411 3775 pressis.
2464 3705 2705 3776 Eamque
2749 3704 3040 3760 lectionem
3091 3720 3196 3759 non
3242 3704 3420 3776 solum
3476 3703 3607 3776 alibi
3659 3704 3781 3776 ipse

2180 3774 2549 3848 Hieronymus
2598 3774 2815 3846 semper
2860 3776 3127 3845 sequitur,
3183 3775 3279 3829 sed
3318 3775 3562 3848 servavit
3594 3774 3779 3848 adhuc

2181 3845 2624 3914 vetustis-imus,
2655 3845 2730 3903 ac,
2754 3848 2904 3903 mille
2949 3848 3119 3902 ferme
3165 3862 3433 3902 annorum
3482 3845 3777 3899 Vaticanus

2180 3920 2404 3975 Grzrcus
2430 3920 2626 3984 codex,
2656 3921 2843 3987 legens
2874 3918 3084 3992 δυνάμει
3108 3918 3288 3993 ironia.
3323 3917 3779 3987 consentiumque

2179 4008 2301 4047 cum
2351 3993 2540 4047 eadem
2585 3992 2940 4062 quadraginta
2987 3990 3082 4046 sex
3129 3990 3433 4062 Bibliorum
3480 4005 3645 4057 penes
3692 4004 3776 4062 me

2180 4064 2544 4118 vetustissima
2593 4060 2962 4131 manuscripta
2990 4062 3350 4129 exemplaria.
3382 4061 3668 4116 Hebraica:
3700 4060 3776 4114 lo-

2180 4136 2416 4189 cutioiiis
2447 4135 2773 4205 ambiguitas
2802 4134 3189 4189 diversitatem
3223 4133 3543 4188 introduxit.

513 4228 3738 4260 ψ

1072 4339 1221 4455 S.
1303 4339 2020 4454 EUSEBII
2098 4343 3173 4456 HIERONYMI

1575 4490 2145 4553 STRIDONENSIS
2186 4493 2683 4555 PRESBYTER!

1240 4607 3012 4742 COMMENTARIORUM

584 4886 2025 5054 ZACHARIAM
2096 4780 3667 5056 'NPBOPHETAM

1840 5270 2128 5333 LIBRI
2180 5270 2399 5334 DUO.

818 5156 977 5239 AD
1053 5150 1848 5239 EXSUPERIUM
1921 5154 2653 5242 TOLOSANUM
2727 5159 3410 5245 EPISCOPUM

1719 5552 1724 5557 -
1773 5482 2490 5663 aptataque.

538 5828 900 5906 775-776
937 5822 1140 5886 Ultimo
1163 5820 1277 5895 jam
1316 5820 1564 5880 autumni
1609 5813 1855 5894 tempore
1899 5814 2067 5876 frater

2182 5829 2392 5889 noster,
2425 5816 2567 5879 filius
2599 5830 2745 5894 tuus,
2798 5816 3067 5884 Sisinnius
3113 5826 3435 5903 monachus,
3487 5842 3585 5891 tttze
3622 5828 3765 5888 mihi
