4050 6342
286 280 427 341 NI?

1044 288 1699 349 COMMENTARIORUM
1738 291 1806 348 IN
1844 290 2250 351 ZACHARIAM
2291 295 2493 351 LIBER
2533 295 2573 351 I.
2616 294 2771 351 CAP.
2818 294 2859 349 I.

3441 298 3582 355 HIS

284 398 617 470 dignationis
664 399 949 471 epistolam
998 403 1233 460 reddidit
1269 423 1281 459 :
1315 422 1417 477 qua
1450 407 1588 463 lecta
1616 449 1631 474 ,
1661 407 1878 477 gavisus
1906 408 1959 469 A
1985 408 2105 478 ejus
2129 411 2220 480 qui
2252 425 2575 466 reversurus
2607 420 2722 476 est,
2754 408 2959 463 nullam
3007 424 3213 463 moram
3261 410 3463 478 patitur
3492 411 3577 465 in-

285 506 403 546 sum
433 507 557 549 esse
582 501 636 549 te
662 494 946 563 sospitem,
973 504 1025 550 et
1048 512 1345 552 memorem
1374 498 1501 565 mei,
1532 498 1882 570 omniumque

283 582 515 639 fratrum
555 586 647 656 qui
693 586 747 641 in
792 586 996 641 sanctis
1043 587 1178 643 locis
1227 587 1456 643 Domino
1500 591 1783 657 serviunt,
1828 590 1882 645 in

281 695 510 750 quorum
542 681 840 753 refrigeriis
871 681 1004 738 facis
1037 681 1135 737 tibi
1160 683 1367 739 amicos
1396 684 1464 738 de
1496 684 1681 755 iniquo
1712 699 1883 739 mam-

282 786 443 829 mona
470 815 485 839 ,
517 784 571 829 et
605 789 886 844 praeparas
926 785 1129 831 aeterna
1176 776 1560 842 tabernacula,
1604 786 1660 831 ut
1706 780 1884 847 possis

282 882 407 924 cum
454 868 621 923 David
662 868 849 926 dicere
887 888 901 924 :
935 869 1103 937 Quam
1145 869 1336 925 dilecta
1378 871 1709 927 tabernacula
1751 883 1840 926 tua
1866 914 1881 940 ,

285 964 509 1021 Domine
549 966 801 1021 virtutum
845 982 864 1021 :
893 967 1210 1040 concupiscit
1249 977 1297 1022 et
1334 969 1509 1038 deﬁcit
1553 970 1730 1024 anima
1774 986 1885 1024 mea

283 1057 339 1112 in
354 1060 493 1115 atria
517 1058 725 1115 Domini
743 1058 862 1133 (Ps.
885 1077 1121 1129 Lxxxm,
1149 1062 1225 1132 1).
1246 1061 1304 1119 Si
1325 1063 1468 1118 enim
1490 1062 1679 1118 Passer
1697 1064 1885 1118 invenit

284 1152 384 1206 sibi
420 1152 669 1222 domum,
704 1162 750 1209 et
782 1164 954 1210 turtur
985 1158 1168 1210 nidum
1216 1158 1301 1211 ubi
1348 1167 1505 1229 ponat
1547 1158 1716 1227 pullos
1762 1174 1883 1213 suos

284 1242 483 1317 (Ibid.)
520 1265 533 1301 :
565 1262 662 1301 cur
697 1257 751 1302 tu
781 1248 871 1318 qui
906 1248 1148 1317 pontifex
1176 1249 1392 1304 Domini
1423 1265 1505 1316 es,
1537 1260 1592 1305 et
1622 1252 1801 1305 calcas
1830 1253 1884 1305 in

282 1338 395 1395 fine
426 1340 612 1397 mundi
648 1343 936 1397 toreularia
961 1384 976 1407 ,
1012 1352 1069 1397 ut
1098 1343 1407 1399 sitientibus
1434 1345 1647 1414 populis
1671 1346 1886 1416 sangui-

283 1433 370 1488 nis
397 1433 602 1489 Christi
634 1434 821 1491 vinum
870 1435 1078 1491 tribuas
1102 1478 1117 1503 ,
1166 1452 1275 1491 non
1311 1436 1479 1493 libere
1528 1437 1884 1507 proclamabis

280 1542 347 1586 ac
392 1529 541 1585 dices
575 1547 588 1583 :
620 1528 725 1585 Cor
771 1547 939 1585 meum
980 1539 1027 1585 et
1081 1547 1202 1586 caro
1264 1548 1379 1587 mea
1422 1541 1449 1570 ελ
1500 1534 1887 1607 exsultaverunt

283 1623 339 1678 in
394 1620 563 1677 Deum
618 1624 787 1678 vivum
835 1641 853 1678 :
902 1624 1035 1679 beati
1082 1626 1170 1694 qui
1215 1624 1452 1680 habitant
1498 1627 1552 1679 in
1594 1626 1749 1680 domo
1795 1634 1887 1681 tua

286 1713 403 1788 (Ps.
433 1732 657 1783 Lxxxm,
685 1716 764 1788 5).
784 1716 962 1773 Audio
986 1728 1038 1772 te
1061 1719 1113 1772 in
1128 1719 1266 1773 valle
1282 1718 1664 1791 Iacrymarum,
1691 1720 1742 1774 in
1766 1720 1886 1776 loco

1986 504 2302 572 terpretatio
2336 520 2347 554 :
2381 502 2477 558 sed
2507 502 2670 558 velim
2703 504 2868 556 nolim
2898 544 2911 566 ,
2946 503 3137 557 saltem
3170 502 3454 558 lucrativis
3486 520 3581 572 per

1984 605 2201 650 noctem
2234 595 2385 650 horis
2407 603 2570 664 atque
2598 594 2818 649 furtivis
2842 593 3051 649 dictare
3074 596 3403 662 compellor,
3434 595 3580 663 quod

1986 687 2083 741 tibi
2115 688 2367 758 dirigam.
2401 686 2636 757 Scripsit
2683 688 2735 741 in
2788 689 2930 743 hunc
2964 688 3283 756 prophetam
3315 688 3582 760 Origenes

1982 778 2095 834 duo
2117 780 2414 843 volumina,
2450 796 2625 851 usque
2648 779 2715 835 ad
2746 782 2961 836 tertiam
2992 792 3201 852 partem
3232 782 3355 837 libri
3380 799 3408 836 a
3436 784 3586 852 prin-

1984 872 2146 940 cipio.
2182 872 2508 944 Hippolytus
2540 889 2758 944 quoque
2797 874 2970 931 edidit
2999 876 3440 933 Commentarios
3466 920 3481 945 ,
3531 889 3587 935 et

1983 964 2246 1035 Didymus
2268 983 2482 1039 quoque
2502 968 2968 1038 Explanationum
2994 971 3189 1037 libros,
3217 989 3303 1028 me
3332 983 3578 1043 rogante,

1985 1057 2249 1125 dictavit,
2283 1070 2303 1097 ε
2332 1074 2467 1131 quos
2511 1076 2633 1115 cum
2678 1062 2798 1117 aliis
2846 1063 3019 1118 tribus
3064 1064 3117 1118 in
3158 1065 3299 1120 Osee
3342 1075 3395 1120 et
3449 1066 3581 1120 mihi

1984 1155 2416 1227 προσεφώνησενε
2465 1152 2561 1207 sed
2610 1161 2717 1207 tota
2766 1168 2957 1208 eorum
3002 1157 3236 1228 ἐξήγησις
3288 1157 3583 1225 allegorica

1987 1245 2106 1313 luit,
2136 1256 2190 1301 et
2223 1246 2465 1301 bistorim
2494 1247 2581 1301 vix
2616 1262 2787 1317 pauca
2820 1248 3134 1318 tetigerunt.
3168 1250 3351 1315 Itaque
3381 1248 3586 1304 imitari

1986 1341 2215 1411 cupiens
2242 1340 2393 1396 illum
2426 1340 2902 1411 patremfamilias,
2930 1343 3016 1411 qui
3039 1341 3236 1413 profert
3259 1342 3321 1395 de
3346 1343 3587 1397 thesauro

1987 1452 2082 1491 suo
2113 1453 2245 1489 nova
2294 1447 2341 1491 et
2386 1446 2557 1491 cetera
2605 1436 2787 1507 (Matt.
2822 1454 2879 1492 tn
2903 1479 2917 1501 ,
2952 1434 3046 1507 δὲ)
3094 1455 3106 1491 :
3150 1447 3203 1491 et
3232 1451 3488 1501 Sponsam
3520 1437 3589 1493 dc

1988 1527 2215 1586 Cantico
2243 1529 2582 1585 canticorum
2602 1572 2616 1595 ,
2648 1548 2769 1600 quae
2796 1530 2929 1585 dicit
2958 1547 2972 1583 :
3009 1529 3061 1583 Ν
3069 1547 3159 1584 ora
3187 1546 3305 1583 cum
3332 1530 3587 1584 veteribus

1989 1625 2255 1693 fratruelis
2278 1641 2421 1679 meus
2451 1624 2649 1679 servavi
2678 1624 2766 1677 tibi
2797 1623 2974 1693 (Cant.
3014 1622 3109 1694 vn)
3146 1642 3159 1677 :
3192 1624 3439 1687 historia:
3485 1624 3592 1679 IIe-

1990 1717 2267 1773 braaorum
2303 1718 2669 1789 tropologiam
2701 1727 3015 1772 nostrorum
3041 1716 3271 1779 miscui,
3323 1728 3379 1771 ut
3424 1716 3595 1771 aediﬁ-

282 1823 444 1879 quetn
479 1810 626 1865 Deus
661 1810 842 1880 posuit
873 1809 941 1865 ad
972 1820 1250 1866 certamen
1278 1852 1291 1875 ,
1324 1820 1382 1866 ut
1412 1812 1758 1868 vincentibus
1786 1827 1881 1867 co-
1913 1804 1962 1864 B
1988 1826 2172 1866 carem
2191 1820 2582 1881 superpetram
2600 1822 2781 1866 etnon
2799 1826 2962 1881 super
2985 1826 3205 1866 arenam
3231 1809 3587 1882 (Matth.vn),

283 1917 477 1958 ronam
507 1903 705 1971 daret,
738 1904 1096 1960 ascensiones
1142 1904 1196 1959 in
1231 1915 1322 1961 tuo
1359 1906 1525 1962 corde
1555 1907 1882 1976 disponere,

286 2003 343 2052 et
370 1996 452 2052 ire
479 1996 546 2052 de
571 1995 773 2053 virtute
799 1998 856 2053 In
887 1998 1172 2063 virtutem,
1204 2006 1260 2054 et
1287 1999 1486 2055 imitari
1518 2000 1729 2056 Domini
1759 2016 1888 2070 pau-

282 2096 552 2160 pertatem
582 2131 597 2157 ,
632 2098 692 2145 ut
721 2104 843 2145 cum
876 2089 971 2146 illo
995 2090 1149 2147 dives
1189 2090 1325 2158 ﬁas,
1364 2102 1420 2148 et
1459 2094 1511 2147 iu
1559 2103 1610 2149 te
1658 2094 1889 2150 reclinet

283 2194 481 2256 caput,
519 2195 575 2242 et
601 2202 701 2257 per
727 2186 975 2258 singulos
1005 2185 1032 2225 ι)
1062 2187 1181 2244 dies
1227 2187 1578 2259 suscipiatur,
1611 2189 1882 2260 visitetur,

287 2278 488 2348 alatur,
519 2278 805 2340 vestiatur.
836 2289 891 2335 et
924 2280 1199 2351 praecipue
1227 2290 1540 2337 sanctarum
1572 2282 1889 2352 Scriptura-

285 2387 405 2428 rum
431 2374 665 2429 lectione
690 2374 925 2431 fervere.
950 2375 1197 2448 Cumque
1227 2375 1322 2431 tibi
1345 2376 1699 2449 777-778
1725 2390 1889 2447 cupe-

292 2481 407 2524 rem
440 2468 703 2539 ingenioli
747 2467 858 2525 mei
884 2469 1105 2540 aliquod
1135 2468 1338 2525 offerre
1379 2470 1759 2525 munusculum
1787 2512 1801 2538 ,
1834 2477 1892 2525 et

292 2571 474 2631 coepta
504 2561 559 2617 in
593 2562 880 2619 duodecim
913 2562 1207 2634 pr0pbetas
1233 2562 1548 2632 explanatio
1577 2563 1891 2633 perveniret

294 2654 363 2711 ad
388 2655 617 2724 calcem,
643 2665 956 2727 susceptum
981 2672 1121 2728 Opus
1142 2656 1402 2714 deserere
1422 2656 1594 2724 nolui,
1623 2656 1719 2712 sed
1746 2655 1888 2729 quod

291 2757 346 2804 et
374 2749 579 2820 absque
612 2760 663 2805 te
691 2750 1000 2807 dictaturas
1028 2765 1177 2805 eram
1204 2793 1220 2819 ,
1264 2759 1357 2805 tuo
1405 2749 1751 2820 potissimum
1792 2764 1891 2805 no-

290 2842 423 2898 mini
446 2844 802 2911 consecravi;
832 2851 887 2900 et
909 2842 1120 2915 gaudeo
1142 2842 1286 2913 quod
1307 2842 1735 2898 obscurissimos
1756 2842 1893 2898 liber

288 2933 568 2992 Zachariae
599 2936 903 3007 prophetae,
936 2944 995 2993 et
1025 2935 1167 2992 inter
1196 2935 1483 2992 duodecim
1514 2935 1891 3006 longissimus,

291 3045 358 3088 eo
396 3041 642 3103 tempore
668 3030 1023 3088 disserendas
1068 3037 1191 3097 est,
1225 3045 1331 3101 quo
1378 3030 1449 3086 ob
1490 3028 1894 3085 festinationem

1989 1918 2054 1959 ac
2085 1905 2286 1960 stabile
2310 1904 2552 1975 jacerem
2586 1905 3037 1973 fundamentum,
3077 1905 3223 1975 quod
3265 1904 3465 1959 Paulus
3502 1920 3594 1959 ar-

1989 1999 2260 2055 chitectus
2291 2001 2541 2069 posuisse
2572 2015 2634 2056 se
2661 2000 2853 2056 scribit
2884 1999 2928 2072 (I
2964 1999 3085 2054 Cor.
3117 2004 3219 2070 ιιι).
3257 2000 3385 2055 Tuae
3422 2001 3592 2056 bene-

1990 2092 2248 2148 volentia:
2279 2095 2426 2163 erit,
2462 2110 2568 2149 non
2607 2094 2975 2149 eruditionem
3022 2102 3294 2156 uestram,
3340 2110 3462 2164 quin
3505 2095 3596 2150 vel

1989 2187 2159 2253 nulla,
2186 2188 2271 2243 vel
2297 2204 2462 2257 parva
2492 2198 2616 2255 est;
2646 2188 2740 2243 sed
2770 2203 2997 2258 pronam
3026 2187 3080 2242 in
3114 2199 3167 2243 te
3196 2189 3479 2258 suscipere
3510 2203 3596 2245 vo-

1988 2281 2256 2337 luntatem
2289 2292 2387 2337 :ut
2420 2296 2520 2338 nos
2565 2281 2632 2335 ad
2662 2290 2864 2338 caetera
2914 2295 3179 2351 provoces
3207 2322 3221 2347 ,
3253 2292 3302 2337 et
3340 2282 3394 2335 in
3428 2282 3595 2353 longo

1990 2374 2400 2445 Scripturarum
2428 2390 2626 2445 campo
2657 2390 2878 2430 currere
2922 2374 3253 2429 coborteris.
3300 2374 3358 2428 Si
3381 2375 3473 2445 qui
3503 2390 3599 2429 au-

1991 2473 2103 2523 tem
2151 2476 2318 2535 sunt,
2350 2466 2549 2539 quibus
2602 2466 3112 2537 interpretationem
3163 2475 3219 2521 et
3266 2465 3461 2521 horum
3491 2508 3506 2533 ,
3540 2477 3598 2523 et

1993 2558 2230 2614 aliorum
2264 2559 2608 2615 voluminum
2651 2568 2777 2614 ante
2807 2558 3031 2629 promisi
3062 2603 3075 2627 ,
3108 2558 3393 2627 ignoscant
3426 2560 3602 2616 incre-

1993 2652 2145 2710 dibili
2176 2654 2228 2708 in
2264 2662 2317 2708 te
2346 2655 2522 2709 amori
2555 2668 2701 2721 meo,
2731 2662 2786 2709 et
2815 2651 3083 2723 quidquid
3119 2652 3213 2707 tibi
3240 2651 3463 2721 scripsi,
3494 2653 3602 2709 sibi

1997 2748 2264 2818 scriptum
2308 2747 2646 2804 arbitrentur
2691 2765 2705 2800 :
2751 2746 2991 2802 Charitas
3039 2746 3180 2800 enim
3227 2746 3447 2816 benigna
3493 2757 3601 2814 est,

2000 2841 2231 2897 Charitas
2259 2857 2363 2895 non
2391 2841 2690 2906 tumulatur,
2719 2856 2821 2894 non
2849 2841 3035 2910 quierit
3060 2855 3174 2909 qua:
3196 2856 3295 2892 sua
3315 2848 3455 2893 sunt.
3493 2839 3604 2895 Sed

2000 2935 2110 3007 iam
2141 2945 2352 3008 tempus
2383 2946 2501 3005 est,
2537 2947 2595 2991 ut
2625 2935 2907 2990 Zacharize
2937 2934 3106 2989 verba
3137 2945 3406 3003 ponentes
3430 2977 3445 3003 ,
3480 2935 3605 3006 Spi-

2004 3026 2133 3082 ritui
2162 3036 2353 3082 sancto
2383 3027 2856 3097 interpretationis
2886 3025 3007 3081 vela
3040 3024 3362 3095 pandemus.

366 3178 392 3207 ει
423 3170 497 3225 Ita
532 3184 662 3225 mss.
692 3170 869 3225 nostri
912 3178 971 3225 et
1020 3167 1297 3223 Victorius
1328 3183 1396 3223 ex
1426 3166 1636 3222 cunctis
1664 3164 1899 3237 vulgatis
1927 3161 1974 3227 C
2004 3172 2081 3218 ret
2110 3164 2164 3217 in
2196 3163 2333 3237 Osee,
2352 3164 2780 3237 commentarios;
2806 3165 2901 3237 qui
2922 3171 3021 3237 (res
3054 3163 3231 3237 libros,
3267 3172 3601 3237 me_pctettte,

292 3239 473 3296 libris.
502 3240 853 3296 Martianaeus
884 3240 1133 3307 retinuit,
1160 3238 1456 3294 exsultavit.

365 3313 391 3351 ι)
426 3312 629 3368 Vocem
660 3314 769 3367 dies
815 3312 1010 3383 Regin.
1055 3326 1163 3367 ms.
1213 3312 1409 3367 nescit.
1456 3311 1524 3366 Et
1564 3309 1750 3383 verius
1778 3308 1892 3363 for-

296 3393 443 3509 :tasse
469 3396 623 3440 vacat
650 3429 665 3454 ,
697 3381 1151 3455 estque‘homines
1197 3381 1719 3454 subintelligendum
1749 3424 1763 3449 ,
1798 3395 1896 3452 pro

334 3474 424 3509 188.
1487 3501 1499 3509 .

334 3474 424 3511 188.
1487 3501 1499 3511 .

373 3539 395 3566 ε
440 3528 665 3600 Insignis
691 3529 782 3584 hic
808 3542 961 3584 error
988 3528 1041 3581 in
1069 3525 1349 3583 veteribus
1394 3524 1897 3600 eilitionibusuqua:

298 3598 505 3670 absque
542 3596 653 3655 ullo
710 3614 874 3657 sensu
908 3600 1108 3670 legunt,
1142 3615 1271 3670 quos
1320 3614 1451 3670 cum,
1490 3599 1652 3651 tribus
1698 3596 1819 3670 aliis
1844 3597 1900 3650 in

302 3668 432 3748 om
462 3682 509 3726 et
531 3672 768 3748 Michtea
785 3668 1201 3748 spectauisset.
1230 3670 1339 3724 Pro
1356 3669 1485 3748 mihi
1508 3670 1689 3748 itaque
1709 3668 1899 3748 obtru-

298 3742 434 3797 dunt
463 3759 658 3800 nomen
694 3741 935 3808 Mich'aza,
963 3741 1132 3810 'quod
1185 3741 1452 3808 imperitia
1499 3741 1899 3808 eriseriptorum

296 3814 639 3886 antiquorum
672 3814 831 3869 ﬂuxit
853 3814 905 3868 iu
927 3812 1174 3886 qua‘dam
1204 3812 1509 3886 recentiora
1541 3811 1900 3886 (exemplaria.

298 3883 369 3941 At
402 3882 567 3941 lectio
591 3886 821 3941 aliorum
846 3884 1096 3941 codicum
1110 3899 1246 3939 mss.
1282 3882 1728 3937 manitestissime
1746 3896 1901 3936 com—

297 3956 559 4025 probatur
587 3973 619 4013 e
650 3956 970 4027 praefatione
1026 3956 1077 4009 in
1108 3956 1248 4011 Osee
1282 3953 1622 4024 prophetam,
1654 3953 1743 4008 ubi
1772 3953 1907 4027 scri-

293 4022 445 4097 ptum
468 4038 551 4083 est
584 4046 596 4081 :
638 4022 757 4082 Vidi
787 4026 1161 4099 Didymum....
1188 4022 1467 4099 ragaviqae
1491 4042 1611 4079 eum
1636 4034 1691 4078 ut
1717 4022 1906 4078 scribe-

2002 3236 2469 3305 dictavit,quinqae
2496 3252 2697 3306 quoque
2726 3236 2858 3289 alios
2885 3235 2938 3288 in
2967 3233 3301 3287 Zachariam.
3333 3235 3461 3291 Huic
3481 3250 3605 3303 per-

2002 3312 2143 3366 fecte
2163 3306 2431 3377 quadrant
2458 3305 2525 3362 ad
2552 3308 2729 3362 locum
2763 3315 3087 3376 praesentem
3115 3320 3145 3360 a
3167 3305 3324 3359 nobis
3376 3307 3603 3361 restitu-

2004 3390 2135 3441 tum.
2162 3376 2221 3432 ut
2259 3376 2509 3448 prudenti
2560 3378 2747 3448 lectori
2792 3379 3133 3446 exploratum
3166 3388 3270 3431 est.
3322 3376 3438 3432 Non
3471 3392 3603 3447 ergo

2002 3453 2058 3507 in
2082 3447 2359 3506 Michzeam
2394 3447 2617 3519 scripsit
2649 3448 2929 3519 Didymus,
2965 3448 3057 3503 sed
3090 3451 3142 3502 in
3192 3448 3334 3503 Osee
3400 3462 3455 3505 et
3504 3449 3607 3503 Za-

2004 3523 2273 3580 chariam.
2327 3518 2739 3575 MART.——Pr0
2789 3518 2939 3584 mihi,
2987 3520 3151 3575 dune
3182 3520 3390 3574 nostris
3441 3521 3602 3575 codd.

2006 3594 2239 3651 Palatin.
2266 3593 2402 3646 alter
2427 3602 2481 3645 et
2507 3590 2728 3662 Regius,
2753 3590 2957 3662 Micha,
2980 3602 3071 3644 aut
3098 3589 3343 3655 Michwa,
3368 3606 3489 3647 cum
3511 3609 3608 3647 an-

2005 3666 2170 3735 tiquis
2201 3662 2529 3735 editionibus
2557 3661 2856 3735 praeferunt
2889 3661 3075 3735 :falsp
3108 3671 3322 3735 tamen_,
3356 3664 3606 3735 utprobe

2007 3733 2251 3793 notatum
2278 3746 2361 3790 est
2392 3734 2725 3789 Martianzeo.
2757 3733 2893 3788 Nam
2923 3734 2974 3787 in
3023 3734 3163 3788 Osee
3208 3742 3260 3788 et
3289 3733 3605 3789 Zachariam

2008 3808 2359 3864 elucubrasse
2385 3806 2671 3876 Didymum
2710 3804 3171 3869 Commentarios,
3219 3804 3445 3859 Hieron.
3490 3807 3609 3876 ipse

2048 3881 2232 3948 rologo
2258 3878 2311 3930 in
2336 3881 2475 3932 Osee
2494 3884 2748 3945 testatur,
2774 3891 2945 3947 seque
2970 3877 3047 3931 ait
3088 3886 3309 3946 petente
3349 3877 3604 3933 dietatos.

2038 3966 2072 4006 n
2099 3949 2377 4006 Michmam
2408 3965 2516 4005 non
2547 3950 2697 4005 item.

289 4129 3575 4162 ________________________________.___._

1335 4247 1815 4411 LIBER
1905 4245 2557 4357 PRIMUS.

1783 4428 2112 4443 ———_

367 4539 524 4616 (Cap.
554 4540 594 4595 I.
628 4568 700 4581 —-
728 4526 968 4596 Versfl.
996 4535 1018 4608 )
1060 4534 1127 4590 In
1146 4549 1316 4589 mense
1347 4544 1551 4601 octavo,
1580 4534 1635 4586 in
1655 4545 1796 4585 anno
1818 4544 1898 4583 se—
1924 4528 1980 4591 D
2004 4525 2245 4582 dzeorum
2277 4526 2549 4582 destruxit
2573 4524 2887 4596 imperium,
2948 4526 3123 4596 primo
3151 4543 3292 4585 anno
3321 4532 3471 4602 regni
3495 4532 3600 4600 sui,

301 4636 472 4690 cando
519 4632 721 4688 Dariin
758 4674 772 4698 ,
805 4635 1000 4703 factum
1049 4639 1124 4683 est
1176 4628 1386 4683 verbum
1441 4625 1655 4679 Domini
1702 4623 1772 4677 ad
1795 4622 1900 4677 Za-

296 4725 552 4792 chariam,
577 4726 745 4793 ﬁlium
789 4721 1079 4783 Barachiw.
1121 4721 1293 4791 ﬁlium
1337 4719 1520 4791 (Vulg.
1556 4716 1681 4788 ﬁlii)
1718 4716 1894 4784 Addo,

297 4820 606 4891 praphetam
636 4815 996 4873 dicens.LXX
1030 4833 1042 4870 :
1071 4814 1136 4868 In
1170 4825 1349 4870 octavo
1376 4812 1687 4867 menseanni
1716 4827 1896 4865 secun—

299 4913 354 4966 di
382 4913 475 4966 sub
500 4911 684 4979 Dario,
708 4911 905 4982 factum
930 4918 1004 4963 est
1025 4908 1238 4962 verbum
1265 4905 1478 4961 Domini
1494 4907 1563 4960 ad
1584 4905 1897 4960 Zachariam

301 5004 597 5073 Barac/tite,
652 5005 819 5074 ﬁlium
862 5002 1014 5057 Addo
1063 5004 1391 5075 prophetam,
1420 5002 1615 5056 dicens.
1644 4997 1897 5055 Secundo

302 5113 444 5152 anno
463 5096 712 5151 Dariitilii
734 5096 1037 5167 Hystaspis,
1063 5094 1519 5167 septuagesimum
1548 5091 1898 5149 desolatiouis

304 5191 489 5261 templi
516 5205 742 5257 annum,
770 5188 863 5259 qui
903 5188 971 5243 ab
1017 5188 1253 5244 Jeremia
1286 5187 1436 5259 (Cap.
1483 5202 1593 5242 xxv
1634 5194 1679 5240 et
1720 5182 1897 5254 XXIX)

299 5284 597 5356 pricdiclus
628 5293 734 5351 est,
768 5282 938 5337 fuisse
976 5282 1329 5353 completum,
1359 5283 1477 5351 ipse
1506 5278 1797 5335 Zacharias
1819 5287 1899 5334 te-

299 5382 400 5435 stis
431 5388 533 5446 est,
583 5377 794 5443 dicens,
851 5371 1076 5431 Domine
1131 5376 1768 5446 exercituum,usquequo
1793 5388 1898 5426 non

301 5473 625 5527 misereberis
680 5470 971 5527 Jerusalem
995 5481 1043 5526 et
1069 5470 1274 5525 urbium
1319 5468 1484 5538 Iuda,
1510 5469 1699 5541 quibus
1726 5468 1892 5522 iratus

300 5570 391 5621 es?
418 5565 551 5620 Ecce
606 5567 699 5620 iste
726 5566 1139 5636 septaagesimus
1184 5581 1349 5619 annus
1372 5573 1449 5619 est
1476 5561 1659 5635 (Zach.
1682 5577 1720 5628 ι,
1752 5558 1845 5630 12)
1880 5576 1891 5613 :

299 5662 545 5732 nullique
573 5660 797 5716 dubium
819 5662 949 5733 quin
964 5662 1160 5734 Cyrus,
1183 5676 1281 5717 rex
1301 5660 1616 5729 Persarum,
1631 5656 1723 5729 qui
1740 5654 1901 5713 Chal—

2000 4620 2390 4691 quinquaginta
2412 4618 2631 4675 circiter
2661 4619 2827 4674 millia
2858 4618 3140 4677 hominum
3171 4624 3511 4693 captivorum
3531 4625 3600 4682 de

2002 4713 2891 4787 BabyloneremiseritinJuda'am
2921 4733 2933 4768 :
2966 4716 3055 4786 qui
3088 4731 3212 4771 vasa
3244 4734 3460 4788 quoque
3482 4735 3604 4787 qua:

2000 4808 2509 4865 Nabuchodonosor
2562 4809 2882 4875 abstulerat,
2938 4806 3197 4873 reddidit,
3231 4821 3287 4865 et
3336 4812 3599 4881 templum

2001 4905 2323 4963 reaedilicari
2350 4904 2457 4976 [AL
2493 4903 2774 4977 milificari]
2798 4906 2959 4972 jussit
2989 4905 3042 4959 in
3074 4905 3374 4961 Jerusalem
3404 4925 3413 4958 :
3454 4909 3601 4977 prin-

2002 5000 2259 5070 cipesque
2285 4998 2471 5068 populi
2501 4997 2591 5067 qui
2620 5013 2874 5053 reversus
2896 5008 3001 5065 est,
3042 4998 3325 5053 constituit
3362 4999 3603 5055 Zoroba-

2004 5092 2115 5160 bel,
2152 5090 2319 5146 tilium
2351 5090 2936 5160 Szilatbiel,et.lesmn,
2968 5092 3136 5147 filium
3166 5092 3396 5148 Josedec
3420 5108 3603 5151 sacer-

2003 5188 2187 5243 dotem
2244 5202 2523 5257 magnum.
2563 5185 2853 5243 Interfecto
2898 5186 3062 5256 igitur
3089 5187 3229 5255 apud
3270 5186 3601 5258 Massagetas

2002 5279 2277 5353 Cyro,qui
2310 5280 2530 5351 triginta
2553 5281 2713 5336 anuis
2738 5279 2987 5350 regnavit
3010 5279 3283 5347 inPersis,
3316 5298 3344 5334 a
3378 5282 3603 5354 Tomyri

1999 5376 2185 5447 regina
2215 5375 2661 5446 Massagetarum,
2695 5374 2996 5446 Cambyses
3021 5375 3166 5430 Illius
3190 5375 3308 5445 ejus
3334 5378 3605 5431 successit

1998 5470 2053 5526 in
2081 5484 2332 5541 regnum,
2366 5468 2457 5540 qui
2485 5466 2716 5538 expletis
2740 5474 2862 5521 octo
2885 5467 3068 5532 annis,
3107 5466 3246 5521 duos
3280 5483 3466 5539 magos
3494 5468 3604 5522 fra-

2004 5570 2116 5619 tres
2171 5561 2357 5616 habuit
2414 5574 2763 5616 successores
2798 5558 3033 5630 :quibus
3090 5559 3289 5615 occisis
3320 5576 3347 5613 a
3379 5561 3603 5631 populo,

2010 5653 2385 5721 Darius,lilios
2412 5652 2717 5725 Hystaspis,
2752 5666 2818 5707 ex
2844 5649 3120 5707 sententia
3145 5664 3354 5723 septem
3376 5652 3611 5709 familia-

374 5834 401 5863 α
442 5822 705 5881 Additum
755 5822 911 5895 regis,
945 5824 1087 5896 quod
1137 5839 1319 5899 neque
1341 5823 1394 5882 in
1422 5821 1654 5881 Hebraeo
1681 5827 1905 5880 resonat
1930 5832 2066 5878 mss.
2118 5826 2432 5875 nostrorum
2459 5828 2562 5886 ope
2582 5812 2671 5871 hic
2709 5811 3044 5870 induximus.

608 5918 900 5984 Punon.
949 5915 1155 5977 XXV.

3126 5905 3206 5968 1ιὸ
