4050 6342
550 304 684 361 Hl9

1806 289 1865 349 δ.
1908 276 2175 346 EUSEBII
2205 276 2581 343 HIERONYMI

3699 288 3811 352 ΗΞο

546 436 665 476 rum
697 432 795 473 rex
826 415 1110 473 Persarum
1144 409 1470 467 constitutus
1496 414 1599 464 est.
1634 406 1801 477 Cujus
1825 406 1975 475 regni
2000 419 2142 459 anno
2168 402 2223 461 Α
2247 400 2560 467 Zacharias,
2597 401 2742 457 [ilius
2781 400 3082 470 Barachiae,
3107 400 3250 457 ﬁlius
3275 400 3428 459 Addo
3450 400 3703 458 mittitur.
3726 405 3813 458 Zo-

548 510 789 568 secundo
830 507 1005 564 factus
1030 515 1114 561 est
1135 518 1318 562 sermo
1371 500 1587 558 Domini
1616 499 1681 555 ad
1713 499 1969 571 Aggaaum
2018 511 2144 568 pro-

546 605 785 676 phetam,
818 611 873 659 et
917 600 986 655 ad
1019 596 1365 667 Zachariam,
1392 594 1565 650 illium
1616 591 1915 657 Baracltiz‘c,
1971 590 2139 645 tilium

544 698 719 755 Addo.
776 696 949 766 Super
1000 696 1198 765 Aggan
1232 690 1341 760 jam
1370 688 1631 753 diximus,
1665 684 1735 742 de
1772 684 2050 740 Zachariae
2079 684 2142 739 ti—

555 793 666 849 tulo
694 804 860 862 pauca
890 785 1117 844 dicenda
1141 790 1286 839 sunt.
1313 780 1417 851 Qui
1439 796 1563 837 cum
1591 781 1664 836 sit
1691 782 1836 837 ﬁlius
1864 777 2139 835 Baracltlte

538 887 802 959 qumritur
830 896 998 957 quare
1048 883 1261 937 dicatur
1308 879 1453 935 filius
1484 877 1655 934 Addo.
1691 874 1800 933 Nec
1848 874 2138 944 ambigitur

531 980 685 1053 juxta
720 977 1174 1049 Paralipomenon
1218 973 1414 1029 librum
1444 1014 1457 1037 ,
1513 971 1644 1042 quin
1674 971 1792 1041 ipse
1842 968 1915 1024 sit
1957 965 2133 1032 Addo,

534 1072 630 1143 qui
657 1072 854 1128 missus
900 1078 981 1127 est
1012 1068 1079 1125 ad
1106 1066 1423 1131 Jeroboam,
1458 1063 1628 1119 filium
1659 1060 1867 1119 Nabath
1899 1059 1969 1133 (ll
2004 1057 2133 1112 Par.

534 1162 657 1237 xu),
683 1165 782 1220 sub
808 1178 913 1235 quo
957 1164 1131 1217 altare
1179 1159 1415 1215 dirutum
1445 1151 1556 1229 [ΑΙ.
1602 1150 1903 1224 diruptam]
1935 1157 2036 1215 εει,
2081 1158 2135 1205 et

536 1274 733 1313 manus
761 1258 905 1326 regis
935 1256 1099 1321 aruit,
1133 1264 1458 1322 rursumque
1480 1248 1548 1303 ad
1582 1261 1772 1318 preces
1803 1245 1948 1300 illius
1970 1244 2131 1298 resti-

535 1362 651 1410 tuta
682 1362 766 1410 est
796 1352 888 1423 (lll
919 1351 1048 1423 Reg.
1085 1349 1205 1421 xui)
1235 1364 1248 1401 :
1273 1345 1442 1417 igitur
1465 1358 1495 1398 a
1526 1344 1701 1414 primo
1733 1350 1877 1395 anno
1904 1336 2029 1408 Cyri
2048 1350 2133 1390 re-

532 1445 639 1519 gis,
672 1459 843 1517 usque
860 1444 1025 1516 779
1046 1438 1113 1497 ad
1136 1439 1432 1496 secundum
1457 1452 1659 1491 annum
1697 1432 1862 1501 Darii,
1897 1429 1992 1483 lilii
2018 1429 2129 1499 Hy-

532 1538 1124 1608 staspis,supputantur
1150 1533 1278 1588 anni
1298 1529 1678 1601 quadraginta,
1706 1526 1761 1581 iu
1788 1523 1987 1595 quibus
2013 1529 2131 1575 tan-

526 1641 638 1686 tum
662 1630 831 1684 altare
856 1628 1034 1683 fuerat
1059 1630 1417 1689 exstructum,
1458 1628 1513 1677 et
1537 1622 1680 1691 jacta
1714 1617 1902 1687 templi
1934 1614 2126 1669 tunda-

536 1731 740 1788 menta,
770 1721 966 1777 vicinis
1005 1719 1059 1775 in
1083 1718 1317 1773 circuitu
1339 1714 1646 1771 nationibus
1674 1726 1809 1781 opus
1838 1711 2127 1778 prohiben-

2247 497 2451 551 charias
2494 498 2885 566 interpretatur
2933 496 3181 550 memoria
3238 494 3499 551 Domini:
3526 497 3809 561 Bararliia,

2249 588 2537 644 benedictio
2568 588 2775 643 Domini
2801 605 2817 643 :
2847 587 3025 655 Addo,
3054 589 3404 643 testimonium
3451 588 3588 659 ejus”.
3640 588 3814 646 Videa-

2247 694 2368 737 mus
2392 690 2547 751 ergo,
2579 694 2763 737 sermo
2790 681 3005 737 Domini
3052 682 3140 751 qui
3173 680 3291 737 erat
3322 682 3372 736 in
3404 678 3667 752 principio
3695 684 3813 753 apud

2246 775 2415 831 Deum
2443 774 2684 841 Patrem,
2715 774 2848 847 quid
2875 777 2926 830 in
2959 773 3218 831 Zacharia
3236 773 3501 845 propheta
3532 775 3603 830 sit
3624 776 3813 831 locutus

2243 868 2309 923 ad
2326 870 2606 939 populum.

2234 1007 2238 1010 .
2318 962 2498 1033 (Vers.
2521 963 2579 1031 9,
2606 962 2690 1033 3.)
2707 961 2884 1016 Iratus
2899 971 2972 1018 est
2996 961 3250 1017 Dominus
3276 968 3428 1033 super
3454 970 3627 1034 patres
3648 968 3813 1018 Nstro:

2239 1055 2535 1123 iracundia,-
2567 1054 2613 1109 et
2631 1056 2768 1110 dices
2787 1056 2855 1109 ad
2884 1071 2970 1111 eos
2996 1072 3013 1108 :
3042 1054 3167 1109 Htec
3203 1046 3328 1109 dicit
3359 1054 3611 1108 Dominus
3641 1056 3811 1108 exemi;

2239 1158 2423 1201 tuum:
2450 1144 2819 1203 Cant'ertimini
2863 1148 2931 1203 ad
2962 1160 3059 1213 me,
3092 1151 3165 1202 ait
3205 1147 3462 1202 Deminus
3496 1149 3811 1212 exercituum,

2234 1250 2285 1295 et
2305 1252 2569 1296 convertar
2598 1242 2669 1296 ad
2686 1259 2793 1308 vos,
2818 1243 2943 1296 dicit
2970 1240 3221 1297 Dominus
3245 1243 3585 1295 exercituum.
3625 1240 3705 1295 Ne
3723 1238 3815 1296 sitis

2236 1334 2370 1387 sicut
2396 1343 2569 1403 patres
2592 1335 2743 1388 vestri
2760 1335 2829 1387 ad
2857 1348 2983 1404 quos
3009 1336 3589 1406 clamabantpropheta:
3617 1336 3811 1403 priores,

2236 1426 2488 1483 dicentes.
2536 1427 2677 1485 LXX
2709 1448 2719 1482 :
2752 1427 2928 1484 Iratus
2954 1439 3028 1484 est
3050 1428 3307 1483 Dominus
3356 1440 3511 1498 super
3552 1437 3719 1497 patres
3750 1444 3813 1484 re-

2234 1529 2371 1575 stros
2415 1524 2493 1575 ira
2542 1539 2757 1594 magna,
2786 1529 2833 1576 et
2854 1522 2991 1576 dices
3016 1522 3085 1576 ad
3113 1534 3195 1576 eos
3220 1540 3235 1575 :
3264 1520 3391 1576 Htec
3423 1521 3551 1574 dicit
3580 1519 3814 1575 Dominus

2231 1616 2555 1685 omnipotens
2578 1633 2596 1670 :
2617 1614 2987 1670 Conoertitttini
3014 1616 3081 1669 ad
3104 1627 3200 1680 me,
3225 1615 3353 1669 dicit
3380 1614 3638 1669 Dominus
3678 1616 3815 1669 τετιη-

2233 1714 2363 1770 tum,
2389 1718 2435 1761 et
2455 1716 2726 1763 convertar
2757 1708 2826 1762 ad
2852 1724 2958 1773 tios,
3006 1707 3132 1761 dicit
3165 1706 3418 1763 Dominus
3452 1698 3703 1761 virtutum
3734 1718 3813 1764 :‘et

525 1816 693 1882 tib-us,
739 1822 794 1870 et
820 1808 1091 1884 Cambyse
1142 1823 1274 1881 rege
1315 1808 1632 1869 Persarum,
1670 1802 1761 1873 qui
1796 1801 1903 1873 [AL
1959 1798 2127 1871 quod]
2160 1788 2207 1861 Β
2234 1800 2394 1853 nolite
2441 1801 2558 1869 fieri
2599 1802 2733 1855 sicut
2771 1812 2944 1871 putres
2996 1803 3168 1867 vestri,
3199 1814 3329 1869 quos
3375 1808 3667 1873 arguerunt
3710 1810 3812 1869 pro-

530 1920 696 1979 super
717 1907 819 1963 hac
847 1921 907 1962 re
935 1906 1002 1961 ad
1032 1904 1312 1977 principes
1341 1902 1514 1973 Syria:
1538 1900 1727 1963 notitiae,
1758 1905 1813 1952 et
1836 1897 2129 1962 Phoenicis,

527 2016 591 2060 ac
623 2004 884 2062 Samaria:
922 2002 1136 2057 litteras
1167 1999 1414 2054 miserat.
1442 1997 1615 2066 Super
1644 2002 1752 2064 quo
1782 1992 2001 2062 plenius
2033 1991 2131 2045 Es-

523 2094 651 2150 dras
672 2094 860 2151 scribit
885 2091 1189 2149 historiam.
1253 2087 1361 2144 Sed
1404 2088 1634 2158 Aggaeus
1662 2087 1715 2140 in
1752 2097 1941 2141 mense
1970 2091 2128 2138 sexto

523 2190 579 2245 in
611 2191 698 2246 die
729 2188 905 2259 prima
918 2185 1165 2257 ejusdem
1195 2183 1399 2237 mensis
1420 2180 1753 2251 prophetare
1771 2189 2005 2233 exorsus
2022 2184 2124 2230 est.

524 2284 813 2339 Zacharias
864 2294 997 2337 vero
1027 2279 1080 2333 in
1127 2278 1318 2333 eodem
1374 2273 1591 2345 quidem
1617 2284 1785 2337 anno,
1809 2269 1905 2325 sed
1935 2278 2043 2323 non
2074 2269 2125 2323 in

521 2378 713 2435 eodem
740 2389 961 2432 mense:
996 2387 1123 2428 nam
1157 2378 1281 2441 post
1309 2368 1446 2424 duos
1496 2378 1712 2421 metises
1739 2371 1976 2419 acterna
1998 2360 2127 2415 anni

527 2486 714 2527 mense
739 2469 876 2525 fudit
914 2466 1248 2522 vaticinium.
1295 2461 1449 2517 Unde
1499 2468 1653 2513 recte
1690 2457 1849 2527 juxm‘
1875 2454 2123 2509 ordinem

528 2564 815 2620 duodecim
847 2560 1257 2631 prophetarum,
1282 2554 1369 2609 ille
1395 2552 1669 2615 decimus,
1705 2558 1759 2604 et
1788 2548 1875 2602 hic
1906 2544 2125 2600 undeci-

524 2670 645 2711 mus
665 2655 906 2726 ponitur.
937 2653 1259 2722 Magnaeque
1279 2646 1635 2703 conﬁdentiae
1657 2651 1767 2707 est,
1809 2643 1983 2697 immo
2007 2638 2122 2709 spei

525 2752 760 2822 ﬁdeique
779 2752 831 2804 in
858 2748 1167 2814 Dominum,
1200 2742 1426 2814 utquod
1450 2750 1603 2796 tanto
1628 2750 1873 2809 tempore
1895 2743 2117 2807 pra‘ter-

525 2846 751 2901 missum
786 2851 893 2910 est,
929 2842 1011 2897 rel
1062 2854 1192 2910 rege
1224 2837 1575 2908 prohibente,
1612 2835 1695 2889 vel
1728 2831 2003 2903 gentibus,
2052 2830 2118 2884 ad

519 2937 1000 2993 commonitionem
1031 2933 1270 2988 duorum
1302 2929 1579 2984 hominum
1632 2926 1811 2980 facere
1840 2923 2116 2993 incipiant.

522 3032 648 3086 llaec
674 3030 827 3098 juxta
854 3026 1137 3081 historiam
1162 3024 1324 3078 solito
1347 3036 1501 3076 more
1528 3018 1915 3090 praettiisintus.
1965 3011 2114 3070 Nunc

2234 1891 2419 1963 phetre,
2468 1896 2558 1960 qui
2601 1896 2751 1963 prius
2795 1895 3023 1963 fuerant,
3056 1894 3301 1949 dicentes.
3355 1894 3438 1948 Ira
3470 1893 3693 1948 Do‘mini
3721 1906 3811 1950 non

2234 1985 2703 2053 perturbationem
2744 1986 2861 2055 ejus
2883 1986 3153 2056 signiﬁcat
3197 1987 3293 2055 qui
3322 1997 3344 2025 ο
3378 1984 3679 2053 irascitur;
3730 1988 3812 2041 sed

2231 2090 2425 2131 eorum
2440 2079 2633 2132 merita
2649 2086 2811 2148 atque
2828 2088 3067 2148 peccata,
3088 2078 3141 2132 in
3163 2080 3301 2148 quos
3329 2079 3411 2132 ira
3442 2079 3544 2134 Dei
3566 2078 3809 2135 deszerit:

2232 2171 2467 2240 alioquin
2499 2171 2759 2227 Dominus
2778 2188 3072 2243 numquam
3098 2170 3570 2249 iratils'ulciscitur
3595 2191 3608 2240 ;
3637 2175 3729 2229 sed
3755 2177 3811 2229 ad

2232 2261 2337 2317 hoc
2357 2264 2603 2333 corripit,
2634 2273 2691 2318 ut
2718 2264 3004 2319 emendet.
3039 2263 3195 2320 Unde
3233 2272 3289 2318 et
3314 2264 3586 2335 propheta
3640 2270 3809 2335 preca-

2232 2361 2318 2407 tur
2348 2355 2399 2408 in
2433 2342 2661 2409 Psatmn
2694 2371 2713 2409 τ
2738 2354 2983 2421 Domine,
3009 2373 3071 2411 ne
3098 2357 3157 2410 ιη’
3185 2360 3470 2426 {ureretuo
3503 2372 3697 2429 arguas
3743 2370 3810 2413 me

2228 2464 2391 2519 neque
2414 2449 2466 2503 in
2486 2450 2565 2501 ira
2593 2458 2681 2503 tua
2706 2452 2959 2520 corripitis
3002 2458 3081 2505 me
3105 2450 3287 2520 (Psal.
3313 2467 3386 2515 vr,
3414 2450 3491 2522 1).
3527 2454 3595 2508 Et
3648 2454 3697 2508 in
3716 2455 3807 2511 alio

2227 2542 2350 2597 ioco
2375 2544 2601 2613 legimus
2634 2562 2647 2598 :
2683 2544 2897 2615 Corripe
2916 2556 3028 2610 nos,
3052 2542 3313 2600 Domine:
3336 2544 3693 2601 verunttarnen
3717 2564 3804 2600 nou

2227 2636 2279 2689 in
2298 2636 2474 2704 furore
2501 2640 2613 2701 tuo,
2633 2637 2726 2691 sed
2755 2642 2809 2691 in
2841 2638 3205 2692 misericordia
3226 2638 3361 2710 (Jer.
3389 2652 3443 2702 Χ,
3474 2639 3597 2709 24).
3651 2640 3803 2695 Iratus

2226 2744 2309 2785 est
2338 2746 2471 2801 ergo
2496 2732 2753 2786 Dominus
2777 2746 2940 2801 super
2971 2742 3153 2801 patres
3181 2746 3374 2787 eorum
3406 2734 3499 2804 qui
3533 2748 3676 2789 nunc
3700 2748 3805 2790 cor-

2227 2826 2518 2893 ripiuntur.
2549 2840 2655 2878 non
2676 2824 2830 2894 jus‘ta
2861 2823 3218 2895 Septuaginta
3240 2826 3587 2895 interpretes
3614 2829 3690 2881 ira
3712 2843 3803 2881 mn-

2223 2932 2364 2993 gna;
2395 2918 2599 2973 sedira
2624 2918 2969 2988 simpliciter.
3018 2920 3074 2973 Si
3102 2920 3245 2974 enim
3299 2920 3377 2973 ira
3420 2932 3619 2990 magna
3677 2912 3816 2975 esset.

2223 3011 2419 3076 iratus,
2443 3024 2737 3081 numquam
2766 3026 2867 3081 per
2891 3011 3175 3067 Danielem‘
3201 3012 3632 3069 ethechielem
3653 3015 3805 3084 capti-

517 3124 1086 3195 εθευιιάιιιηάναγωγήν
1109 3116 1345 3173 breviter
1363 3110 1741 3169 disserendum
1765 3109 2117 3164 est.0ctavus
2150 3170 2189 3195 Δ
2223 3119 2317 3157 vos
2348 3104 2413 3158 ad
2440 3105 2816 3173 paenitentiam
2866 3116 3241 3191 provocasset.
3294 3106 3548 3177 Cumque
3603 3110 3655 3162 in
3700 3108 3803 3161 illus

518 3217 668 3287 apud
709 3186 965 3271 li‘ebrasos
1002 3186 1214 3265 mensis
1263 3206 1356 3277 qui
1415 3205 1559 3275 apud
1624 3202 1753 3257 illos
1830 3214 2113 3254 usnnsvsn
2143 3186 2188 3250 C
2220 3199 2391 3255 iratus
2419 3202 2510 3264 sit,
2540 3201 2606 3255 ad
2631 3216 2727 3256 vos
2755 3201 2995 3271 loquitur
3027 3188 3288 3259 Dominus
3317 3205 3689 3271 exercituum,
3722 3218 3803 3275 pro

522 3309 815 3398 (qum-173),
844 3305 986 3377 apud
1009 3302 1294 3375 Egyptios
1326 3298 1499 3398 Aonir,
1543 3295 1683 3365 apud
1711 3308 1807 3349 nos
1834 3291 2119 3398 liorember

517 3387 737 3467 dicitur,
759 3402 972 3474 hyemis
994 3396 1276 3454 exordium
1307 3403 1394 3450 est
1421 3410 1431 3444 :
1468 3392 1520 3445 in
1553 3405 1662 3460 quo
1699 3389 1906 3444 uastatis
1933 3387 2118 3441 calore

514 3493 1063 3566 consumpto,0tnnis
1107 3498 1251 3545 terra
1280 3487 1463 3542 virore
1509 3483 1768 3547 nudatur,
1811 3492 1864 3535 et
1912 3489 2119 3535 morta-

516 3593 909 3659 liunrcorpora
933 3583 1357 3644 contrahuntur,
1393 3592 1493 3633 nec
1521 3585 1607 3631 est
1628 3576 1736 3631 ulla
1775 3590 1842 3630 ex
1879 3575 1998 3643 lege
2026 3588 2118 3627 so-

521 3684 790 3740 lemnitas.
846 3680 1123 3749 Scriptum
1155 3685 1241 3731 est
1267 3671 1586 3742 euim‘quod
1621 3679 1703 3725 ter
1760 3678 1861 3739 per
1913 3672 2117 3721 annum‘

517 3792 782 3849 apparere
812 3774 1010 3829 debeat
1041 3784 1205 3826 omne
1233 3766 1450 3839 generis
1477 3762 1762 3819 masculini
1793 3776 1977 3817 coram
2012 3761 2120 3814 Do-

522 3871 675 3925 mino
698 3869 809 3923 Deo
841 3874 1031 3922 nostro
1062 3860 1261 3935 (Exod.
1287 3858 1496 3927 xxxiv).
1531 3857 1711 3911 Prima
1745 3854 2011 3910 festivitas
2037 3864 2122 3909 est

523 3965 877 4034 Azyinorum,
905 3957 1099 4023 Phase,
1126 3953 1271 4023 quod
1301 3950 1569 4022 apud‘nos
1596 3947 1787 4004 Graeco
1819 3947 2122 4016 Latinoque

522 4068 776 4111 sermone
807 4050 1013 4104 Pascha
1040 4046 1260 4102 dicitur.
1314 4040 1562 4099 Secunda
1604 4040 1959 4095 Pentecostes
2001 4046 2123 4107 post

521 4155 725 4216 septem
758 4140 1154 4202 hebdomadas,
1187 4138 1241 4191 in
1267 4150 1370 4205 qua
1412 4149 1581 4203 panes
1635 4132 2023 4202 propositionis
2055 4131 2121 4185 de

523 4240 680 4295 novis
705 4238 937 4308 primum
972 4231 1222 4303 frugibus
1254 4228 1579 4284 offeruntur.
1606 4225 1814 4293 Tertia,
1852 4226 1902 4278 in
1936 4232 2141 4279 meme?

521 4330 776 4400 septimo,
792 4327 817 4365 ι)
846 4326 1100 4380 tubarum
1123 4320 1528 4390 propitiationis
1550 4325 1603 4373 et
1620 4316 2115 4384 tabernacit‘lorum,

521 4422 574 4477 id
599 4432 704 4489 est,
736 4419 1113 4491 σκηνοπηγίας,
1167 4413 1326 4481 cujus
1354 4420 1600 4466 extrema
1635 4408 1753 4464 dies
1789 4409 2121 4479 egressionis

521 4512 826 4584 appellatur
853 4520 902 4565 et
954 4508 1246 4564 terminus.
1284 4504 1428 4575 Ergo
1456 4503 1510 4557 in
1532 4503 1853 4573 captivitate
1884 4503 2119 4571 populus

2222 3310 2332 3366 quo
2362 3296 2425 3349 in'
2444 3294 2713 3350 Hebraibo
2740 3296 2975 3364 positum
3003 3306 3085 3352 est
3130 3312 3383 3354 saniora
3412 3298 3642 3370 (nime),
3674 3300 3800 3370 quod

2222 3387 2493 3443 interdum
2522 3382 2871 3459 Septuaginta
2898 3391 3318 3459 omnipotentem,
3355 3390 3803 3448 itttcrdu't'n‘virtu-

2224 3490 2331 3535 tum
2356 3482 2771 3536 transtulerunt.
2797 3482 3119 3552 Etloquitur
3154 3501 3165 3535 :
3201 3483 3605 3541 Couvertimini
3624 3487 3687 3541 ad
3707 3502 3800 3547 me.

2221 3583 2275 3630 et
2303 3578 2825 3641 convcrtaradros,
2852 3576 3006 3647 juxta
3034 3577 3341 3647 illud'quod
3401 3580 3683 3651 legimus:
3716 3583 3800 3633 Ac-

2222 3667 2387 3722 cedite
2435 3667 2504 3722 ad
2552 3666 2854 3735 Dominum,
2905 3676 2961 3723 et
2998 3670 3213 3724 decedes
3247 3672 3327 3725 a'tf
3347 3668 3453 3727 vos.
3482 3672 3689 3740 Quibus
3717 3670 3801 3727 hoc

2222 3761 2551 3816 contrarium
2584 3771 2668 3817 est
2702 3780 2713 3815 :
2746 3762 3052 3817 Recessistis
3082 3781 3112 3817 a
3142 3762 3241 3830 me,
3266 3766 3433 3838 ct'ego
3461 3764 3649 3820 recessi
3676 3784 3703 3818 ιι
3730 3782 3802 3818 vo-

2223 3855 2319 3909 bis.
2352 3856 2603 3924 Praecipit
2630 3866 2813 3911 autem
2846 3857 2948 3921 eis,
2980 3866 3038 3910 ut
3064 3864 3414 3912 revertantur
3434 3859 3499 3911 ad
3527 3858 3799 3912 Dominum

2222 3946 2398 4015 quide
2419 3946 2715 4015 Babyion’ia
2745 3956 2869 4001 sunt
2900 3948 3131 4013 reversi,
3167 3957 3299 4003 ut‘et
3327 3949 3609 4005 Dominus
3632 3964 3799 4005 rever-

2226 4044 2373 4093 tatur’
2598 4039 2664 4095 ad
2693 4052 2809 4109 eos,
2840 4054 2906 4096 ue
2938 4036 3503 4111 incipiatit‘susliner'e
3531 4043 3647 4112 ﬁlii,
3673 4042 3799 4114 quod

2224 4131 2496 4200 quondam
2519 4126 2905 4188 sustinuerunt
2923 4126 3126 4203 patres,
3159 4124 3387 4205 ad‘quos
3404 4126 3665 4191 simiiiter
3689 4149 3800 4205 pro-

2225 4226 2575 4294 phetha'illius
2606 4228 2863 4296 temporis
2894 4236 3018 4282 sunt
3063 4228 3249 4283 locuti.
3310 4228 3623 4284 Notandum
3674 4227 3797 4298 quod

2225 4317 2276 4370 in
2306 4318 2495 4386 paucis
2515 4302 2794 4373 versicuiis
2818 4320 3182 4390 brevibusque
3208 4322 3499 4376 sententiis
3520 4336 3731 4392 semper
3757 4322 3796 4372 in

2225 4412 2423 4481 Aggan
2453 4420 2506 4466 et
2535 4411 2793 4466 Zacharia
2849 4412 3098 4478 addatur,
3154 4414 3278 4467 dicit
3326 4413 3587 4470 Dominus
3632 4415 3800 4469 exerci-

2182 4566 2187 4567 γ
2225 4513 2389 4572 tuum,
2421 4514 2476 4557 ut
2504 4506 2698 4569 sciant,
2734 4505 2997 4559 Dominus
3026 4520 3151 4560 esse
3178 4506 3529 4576 quiprzecipit
3555 4507 3798 4562 adversus

518 4582 872 4670 constitutus,
903 4611 957 4657 et
983 4597 1295 4655 adhuesutb
1344 4608 1470 4665 rege
1512 4595 1818 4661 Persarum,
1881 4594 2113 4650 necdum

2227 4599 2368 4668 regis
2421 4599 2705 4668 imperium
2742 4610 2794 4653 et
2824 4599 3008 4654 uestes
3048 4599 3601 4667 circumfremewes‘;
3631 4612 3683 4655 et
3713 4599 3800 4653 hac

520 4697 787 4753 aediﬁcato
819 4694 1039 4763 tempto,
1070 4691 1303 4747 necdum
1337 4688 1607 4744 mmoibus
1638 4687 1917 4757 murisque
1960 4689 2115 4743 urbis

519 4789 843 4850 exstructis,
878 4802 984 4841 non
1013 4783 1159 4839 videt
1202 4782 1544 4851 prophetiam
1598 4790 1840 4849 tempore
1888 4780 2112 4845 laetitiae,

519 4882 616 4939 sed
634 4889 760 4951 post
788 4878 1057 4933 laetitiam.
1086 4875 1153 4930 Et
1188 4884 1367 4929 tamen
1400 4874 1491 4943 qui
1524 4872 1758 4927 habebat
1790 4873 2113 4927 memoriam

520 4975 761 5041 Dom-ini,
778 4984 831 5029 et
860 4979 1081 5042 promer
1105 4969 1453 5031 memoriam,
1476 4965 1933 5033 benedictionem,
1951 4968 2117 5038 780

514 5070 672 5127 etob
703 5065 1162 5129 benedictionem,
1196 5061 1566 5116 testiinonium
1601 5076 1615 5114 :
1654 5058 1853 5114 idcirco
1882 5060 1949 5114 ad
1982 5080 2103 5119 eum

584 5220 610 5247 ⁸
654 5208 945 5271 Victorius,
979 5214 1155 5261 octavo
1185 5203 1381 5257 scilicet
1408 5202 1533 5254 anni
1556 5206 1749 5255 menSe.‘
1783 5200 1952 5257 Paulo
1991 5214 2115 5274 post

511 5283 717 5353 vulgati
763 5293 953 5353 onines
999 5275 1142 5341 libri,
1172 5275 1590 5353 continuationem.
1622 5286 1725 5342 pro
1753 5279 2115 5333 συιηιηοηὶῖῑος-

516 5346 653 5410 ueni.
676 5352 782 5407 Nos
804 5350 1001 5420 Regio.
1034 5363 1135 5401 ms.
1155 5346 1521 5420 prmferirnus.

584 5426 612 5465 δ
656 5416 912 5480 Mendose
971 5432 1091 5475 erat
1136 5416 1300 5487 penes
1357 5416 1752 5477 Martiauteum,
1809 5419 2104 5474 turbarum.

512 5496 629 5553 Μοχ
652 5514 747 5567 pro
764 5493 1092 5567 egressionis,
1110 5487 1558 5567 Corrig_it_\:icto_r.
1577 5492 1903 5567 egt'essio,“in
1930 5498 2101 5547 rccto.

512 5559 687 5626 [locus
711 5559 801 5623 est
818 5566 989 5621 L‘evit.
1026 5570 1176 5626 mu,
1204 5562 1293 5615 ubi
1318 5559 1703 5614 ‘LXX'h'abeut
1748 5559 1954 5627 ἐξόδιον.

587 5656 605 5679 ιε
652 5640 966 5696 Ammiane
999 5635 1131 5689 hinc
1180 5634 1406 5703 negandi
1452 5633 1777 5705 particulam
1798 5637 1863 5688 ad
1898 5636 2084 5705 Regia.

508 5728 611 5766 ms.
646 5713 824 5775 tidem,
844 5721 897 5765 et
922 5709 980 5763 S.
1006 5706 1257 5777 Ductoris
1282 5713 1540 5759 mentem.
1578 5704 1845 5760 Victorius
1874 5704 2086 5777 quoque

502 5782 591 5837 cui
617 5782 730 5836 haec
764 5778 925 5835 lectio
956 5776 1127 5847 magis
1184 5777 1405 5845 placuit,
1460 5791 1579 5832 eam
1629 5777 1970 5849 negationem
2002 5776 2077 5834 Vin

2219 4690 2284 4747 ad
2315 4692 2751 4747 :ediﬁ‘e‘atiouent'
2781 4692 3191 4762 templi‘iidut-ia
3222 4694 3586 4750 concitentur.

2294 4784 2478 4857 (Vers.
2512 4784 2594 4857 4.)
2620 4784 2749 4838 Παίς
2770 4782 2897 4838 dicit
2916 4782 3175 4839 Dominus
3203 4787 3559 4841 exercituum:
3592 4786 3792 4842 Conver-

2217 4880 2383 4934 timim'
2404 4882 2473 4933 de
2492 4880 2588 4933 viis
2604 4880 2783 4932 t'eslris
2810 4879 2984 4944 malis,
3006 4891 3052 4933 et
3073 4879 3467 4950 cogitationibus
3492 4882 3667 4935 vestris
3695 4896 3797 4948 pes.

2215 4976 2359 5030 simis
2382 4990 2401 5029 :
2431 4982 2476 5027 et
2507 4991 2607 5027 non
2639 4972 2939 5039 audierunt,
2963 4990 3126 5044 neque
3155 4974 3483 5028 attenderunt
3512 4975 3581 5028 ad
3608 4992 3703 5039 me,
3726 4974 3796 5026 di—

2212 5069 2279 5121 cit
2307 5067 2575 5121 Dominus.
2604 5064 2746 5120 LXX
2771 5083 2784 5118 :
2820 5064 2950 5119 Ηωε
2975 5064 3101 5119 dicit
3126 5063 3382 5120 Dominus
3408 5064 3432 5103 ἀ
3457 5068 3794 5137 omnipotens:

2220 5211 2461 5281 quinque
2488 5208 2781 5265 Floren'tim
2814 5208 3041 5277 aliisque
3072 5208 3271 5263 Brixim‘
3299 5208 3581 5264 codicibus
3610 5226 3665 5265 se
3697 5220 3794 5263 tes-

2223 5292 2367 5335 tatur
2395 5282 3161 5347 non'inVeui‘sse.Sensusqne,
3193 5283 3287 5340 ait.
3322 5290 3408 5334 est
3441 5300 3453 5335 :
3485 5282 3543 5335 lu
3579 5285 3790 5337 Domino

2216 5352 2293 5408 ira
2325 5370 2437 5408 non
2465 5354 3218 5420 signiﬁcatperturbationem
3242 5353 3499 5418 Dei,cum
3528 5356 3785 5418 irascitur;

2214 5427 2307 5480 sed
2336 5428 2601 5495 siguiltcat
2630 5440 2817 5495 eorum
2850 5425 3061 5487 merita,
3088 5436 3249 5495 atque
3279 5437 3526 5495 peccata,
3567 5428 3614 5480 in
3664 5440 3787 5495 quos

2214 5496 2308 5551 Dei
2340 5494 2416 5552 ira
2448 5494 2693 5563 dcsmvit.
2724 5496 2980 5567 Alioquin
3017 5494 3600 5564 Dotniuus’numquam
3631 5494 3849 5554 irati}?

2212 5569 2529 5634 ulciscitur;
2565 5568 2657 5622 sed
2680 5567 2751 5622 ad
2772 5570 2872 5622 hoc
2894 5568 3144 5637 corripit,
3174 5574 3234 5621 ut
3262 5569 3536 5623 emendet.

2270 5637 2295 5675 ι¹
2338 5641 2451 5695 Pro
2473 5642 2819 5711 omnipotens,
2856 5640 2908 5693 in
2940 5640 3135 5711 Regio.
3159 5641 3540 5707 ms.uirtutum
3573 5642 3802 5711 legitur:

2194 5711 2384 5782 sicque
2423 5723 2507 5767 est
2564 5713 2616 5767 in
2658 5710 3035 5781 Complutensi
3079 5710 3272 5766 Οτι-(ρει)
3323 5714 3645 5782 cxempiari,
3699 5724 3801 5770 τῶν

2190 5780 2474 5857 δυνάμεων.
