4028 6342
504 308 528 362 1
541 303 644 360 42⁵3

1754 300 1812 354 S.
1858 293 2125 353 EUSEBII
2164 292 2545 358 HIERONYMI

3665 294 3791 359 1424

501 422 696 482 minus,
726 427 783 472 ut
838 418 1115 472 circuirent
1147 426 1359 471 terram.
1412 414 1481 469 Et
1519 414 1890 487 responderunt
1920 412 2102 485 angelo
2130 411 2185 473 A
2210 426 2462 488 myrteta,
2485 423 2899 473 commemorat.
2920 416 3027 472 Ista
3051 423 3176 472 sunt
3204 429 3368 487 regna
3390 414 3795 487 quibusprtecc-

502 512 739 577 Domini,
771 511 858 579 qui
885 510 1052 564 stabat
1084 511 1215 563 inter
1245 515 1464 577 montes,
1499 521 1648 578 atque
1675 506 1917 560 dixerunt
1939 522 1963 585 :7
1984 503 2102 557 Cir-

502 606 755 659 cuirimus
781 620 983 659 onmem
1014 615 1226 668 terram,
1256 612 1304 657 et
1331 618 1444 656 ecce
1475 600 1639 655 ontnis
1678 609 1813 653 terra
1840 598 2103 652 habitatur

501 708 549 753 et
571 699 808 769 quiescit.
839 697 903 751 Et
932 698 1201 766 respondit
1229 694 1447 769 angelus
1472 694 1701 759 Domini,
1734 702 1779 747 et
1808 693 1977 747 dixit:
2003 691 2105 747 Do-

502 792 639 846 mine
659 791 1279 862 omnipotens,usqnequo
1308 805 1412 842 non
1443 787 1758 842 misereberis
1786 784 2099 853 Jerusalem,

500 895 548 939 et
580 884 785 939 urbium
828 883 991 948 Iuda,
1024 884 1206 955 quibus
1237 884 1403 938 iratus
1434 885 1524 937 es?
1548 880 1658 936 Iste
1683 891 1754 935 est
1779 879 2101 951 septuagesi-

501 994 617 1033 mus
642 994 830 1031 annus.
865 976 933 1030 Et
974 978 1241 1047 respondit
1286 974 1542 1030 Dominus
1569 975 1754 1046 angelo
1795 974 1884 1044 qui
1929 974 2105 1042 loque-

499 1072 650 1126 batur
680 1071 733 1125 in
760 1087 841 1126 me
860 1112 875 1138 ,
909 1071 1062 1126 verba
1091 1070 1251 1136 bona,
1309 1080 1355 1123 et
1401 1086 1662 1125 sermones
1707 1068 2099 1123 consolatorios.

499 1165 748 1221 Primum
781 1165 1124 1221 disseramus
1174 1164 1503 1218 historiam:
1573 1162 1717 1228 Vidi,
1766 1161 1972 1232 inquit,
2014 1176 2105 1231 per

499 1257 667 1329 784.
690 1267 894 1311 noctem
927 1273 945 1311 :
974 1273 1083 1311 non
1112 1257 1167 1311 in
1196 1256 1307 1324 die,
1338 1257 1480 1313 sicut
1503 1256 1735 1324 Moyses,
1793 1255 1883 1325 qui
1932 1254 2100 1309 Deum

496 1349 638 1405 facie
667 1350 887 1405 videbat
921 1349 988 1404 ad
1023 1348 1253 1404 faciem:
1306 1361 1359 1404 et
1392 1348 1563 1403 Isaias
1604 1348 1694 1418 qui
1747 1346 2100 1418 loquebatur:

505 1440 628 1495 Vidi
666 1440 950 1496 Dominum
977 1459 1133 1514 super
1164 1442 1407 1495 thronum
1452 1443 1711 1496 excelsum
1752 1448 1799 1493 et
1848 1438 2101 1494 eleuatum

496 1534 652 1603 (Isai.
690 1551 762 1600 vx,
801 1537 899 1603 l):
934 1545 1226 1605 antequam
1262 1535 1495 1605 populus
1518 1535 1815 1590 duceretur
1839 1534 1894 1588 in
1926 1534 2103 1604 capti-

491 1630 743 1699 vitatem,
790 1637 1083 1700 antequam
1118 1628 1428 1684 Jerusalem
1458 1628 1839 1683 destrueretur
1870 1636 1926 1683 et
1963 1636 2101 1681 tem-

491 1724 639 1793 plum
668 1741 682 1791 ;
717 1723 812 1779 sed
845 1724 1024 1778 adhuc
1071 1723 1124 1777 in
1170 1722 1452 1778 servitutis
1482 1722 1639 1776 malis
1670 1722 1871 1792 populo
1897 1720 2102 1775 consti-

2208 512 2285 580 pit
2312 511 2591 577 Dominus,
2622 520 2682 566 ut
2713 511 3160 582 perambularent
3204 518 3425 576 terram,
3455 518 3513 565 et
3540 524 3652 563 suae
3681 522 3794 563 eam

2207 606 2369 678 785
2399 606 2733 676 subjicerent
2763 606 3046 677 potestati.
3095 604 3340 673 Denique
3368 603 3549 674 angeli
3592 602 3683 674 qui
3713 615 3793 656 re.

2206 697 2327 766 gnis
2376 706 2432 752 et
2462 697 2778 753 nationibus
2812 697 3178 767 praesidebant
3206 737 3219 761 ,
3270 710 3377 751 non
3418 695 3488 750 ad
3514 695 3678 749 alium
3708 708 3793 749 ve—

2207 791 2393 856 niunt,
2420 790 2515 846 sed
2556 790 2621 845 ad
2666 790 2844 860 ipsum
2878 791 3052 845 virum
3079 800 3133 846 et
3155 789 3408 861 angelum
3442 788 3679 854 Domini,
3709 786 3793 858 qui

2205 886 2383 941 stabat
2406 887 2545 942 inter
2564 894 2819 959 myrteta,
2843 895 2898 941 et
2919 885 3107 941 dicunt
3132 904 3143 938 :
3189 883 3674 939 Perambularimus
3700 890 3793 935 ter-

2205 995 2349 1045 ram,
2384 991 2432 1033 et
2456 995 2572 1034 ecce
2593 981 2761 1033 omnis
2786 990 2924 1034 terra
2951 977 3221 1032 habitatur
3244 987 3296 1034 et
3320 978 3558 1049 quiescit.
3620 975 3686 1030 Et
3714 984 3792 1031 est

2208 1091 2403 1131 sensus
2430 1095 2442 1131 :
2470 1077 2666 1133 Omnia
2696 1078 2797 1133 sub
2825 1077 2986 1132 nobis
3015 1092 3183 1147 regna
3217 1084 3325 1131 tuta
3348 1084 3475 1131 sunt
3505 1082 3562 1130 et
3587 1084 3791 1145 pacata,

2206 1185 2307 1225 nec
2332 1170 2510 1241 aliqua
2548 1180 2868 1240 premuntur
2889 1169 3166 1241 angustia.
3204 1166 3417 1241 Exqua
3439 1169 3793 1237 responsione

2206 1263 2432 1333 angelus
2457 1304 2472 1329 ,
2524 1263 2619 1335 qui
2670 1262 3054 1332 interpellabat
3088 1278 3187 1333 pro
3225 1261 3423 1330 Israel,
3457 1260 3793 1318 occasionem

2205 1356 2405 1426 accipit
2456 1370 2557 1427 pro
2597 1356 2799 1426 populo
2843 1354 3205 1425 deprecandi,
3258 1362 3316 1410 et
3356 1353 3494 1409 dicit
3519 1352 3588 1408 ad
3619 1351 3796 1407 Domi-

2205 1464 2332 1503 num
2360 1465 2372 1500 :
2404 1446 2541 1501 Cum
2570 1446 2748 1501 omnis
2775 1446 2929 1502 orbis
2952 1445 3168 1516 quietus
3200 1445 3270 1500 sit
3301 1452 3356 1499 et
3383 1456 3640 1514 pacatus,
3673 1459 3796 1511 qua-

2204 1554 2285 1604 re,
2322 1540 2548 1594 Domine
2573 1581 2587 1605 ,
2639 1554 2749 1595 non
2809 1538 3088 1592 misereris
3146 1536 3455 1594 Jerusalem
3492 1545 3549 1593 et
3589 1535 3795 1591 urbium

2203 1629 2374 1685 Juda:
2404 1632 2640 1686 maxime
2666 1646 2787 1686 cum
2810 1630 3113 1686 secundum
3152 1630 3419 1697 promissa
3453 1639 3543 1684 tua
3577 1628 3799 1699 captivi-

2206 1727 2334 1777 tatis
2365 1735 2575 1793 tempus
2617 1724 2894 1792 eXpletum
2923 1723 3032 1779 sit?
3086 1722 3499 1794 ReSponditque
3543 1722 3799 1778 Dominus

489 1824 636 1881 tuto,
693 1832 754 1870 ea
787 1832 909 1887 qua:
942 1830 1042 1884 pro
1072 1815 1154 1869 eis
1203 1814 1370 1880 videt,
1407 1816 1583 1868 cernit
1609 1814 1664 1868 in
1713 1814 1977 1868 tenebris.
2029 1809 2098 1866 Et
2127 1813 2178 1875 B
2204 1817 2403 1886 angelo
2432 1816 2526 1886 qui
2555 1818 2883 1889 loquebatur
2909 1816 2961 1872 in
2996 1816 3261 1887 propheta
3285 1816 3450 1872 verba
3484 1816 3650 1883 bona,
3681 1832 3799 1872 ver.

492 1924 605 1963 erce
621 1908 699 1962 vir
724 1907 1011 1962 ascendens
1043 1922 1202 1977 super
1231 1922 1419 1976 equum
1448 1905 1646 1975 rufum.
1699 1905 1854 1959 llunc
1888 1903 2099 1959 Hebraei

488 2001 813 2057 Michaelem
834 2000 1090 2071 angelum
1122 2008 1336 2071 putant,
1370 1999 1462 2068 qui
1495 2000 1641 2054 ultor
1670 1999 2018 2069 iniquitatutn
2044 2006 2100 2053 et

489 2100 842 2165 peccatorum
876 2094 950 2148 sit
978 2093 1169 2147 Israel.
1223 2092 1291 2145 Et
1341 2090 1489 2160 quod
1518 2091 1735 2145 steterit
1766 2090 1912 2145 inter
1952 2106 2099 2161 myr-

490 2197 600 2243 teta
630 2203 752 2258 quae
782 2193 941 2242 erant
966 2185 1024 2241 in
1056 2183 1354 2254 profundo,
1406 2183 1611 2255 lilyrtos
1642 2184 1876 2254 intelligi
1906 2184 2099 2238 volunt

491 2281 793 2352 prophetas
846 2292 902 2337 et
929 2289 1177 2346 sanctos,
1210 2279 1303 2349 qui
1355 2278 1405 2332 in
1439 2276 1621 2333 rnedio
1664 2278 1863 2348 captivi
1914 2276 2098 2346 populi

488 2374 887 2439 versabantur,
920 2383 975 2426 et
1003 2381 1164 2427 erant
1198 2372 1250 2425 in
1286 2370 1559 2441 profundo
1588 2388 1601 2424 :
1663 2371 1840 2424 virum
1888 2380 2094 2437 autem,

489 2466 544 2521 id
569 2477 675 2532 est,
709 2466 1052 2531 Mieltaelem,
1083 2464 1212 2535 equi
1243 2463 1346 2518 ruﬁ
1372 2473 1426 2519 et
1452 2462 1613 2532 varii,
1649 2470 1706 2518 et
1756 2461 1869 2517 albi
1898 2477 2096 2532 seque-

491 2559 714 2625 bantur,
746 2558 962 2624 ordine,
997 2569 1055 2613 ut
1083 2557 1424 2625 existimant,
1470 2567 1848 2612 commutato:
1878 2566 1936 2613 ut
1985 2557 2097 2612 albi

491 2654 682 2710 Medos
712 2653 1020 2724 Persasque
1038 2653 1373 2723 signiﬁcent,
1406 2653 1531 2723 quia
1554 2651 1654 2707 sub
1694 2651 1828 2720 ipsis
1869 2652 2093 2707 dimissa

490 2746 780 2816 captivitas
811 2754 868 2800 et
893 2745 1154 2815 templum
1183 2746 1545 2800 instauratum
1574 2754 1658 2799 est
1685 2762 1696 2797 :
1726 2745 1888 2807 varii,
1921 2744 2094 2800 Mace-

488 2839 683 2902 donas,
717 2854 949 2908 quorum
973 2836 1231 2893 nonnulli
1253 2836 1438 2903 amici,
1462 2836 1556 2891 alii
1575 2845 1958 2907 persecutores
1981 2838 2099 2892 l‘ue-

492 2941 619 2988 runt
650 2930 998 3002 (plenissime
1030 2946 1194 3000 super
1222 2930 1328 2983 hoc
1367 2928 1605 2985 Danielis
1632 2929 1789 3000 (Cap.
1819 2928 1876 2999 8)
1907 2930 2095 2985 ultima

491 3027 636 3080 visio
701 3024 1026 3095 loquitur);
1086 3023 1205 3078 Ruﬁ
1257 3038 1389 3078 vero
1435 3038 1660 3098 regnum
1721 3022 2093 3079 Romanorum

490 3130 777 3176 cruentum
808 3132 860 3174 et
890 3120 1330 3190 sanguinarium,
1383 3119 1526 3187 quod
1563 3120 1823 3191 populum
1868 3122 2090 3177 interfe-

2200 1910 2270 1967 ba
2301 1912 2666 1967 consolatoria
2694 1930 2706 1966 :
2741 1912 2879 1967 bona
2905 1953 2918 1975 ,
2948 1910 3016 1965 de
3050 1911 3355 1966 futurorum
3386 1911 3795 1979 promissione:

2200 2005 2594 2070 consolatoria,
2619 2003 2687 2059 de
2718 2002 3065 2073 praesentium
3095 2004 3449 2061 necessitate.
3494 2004 3627 2059 Ilaec
3647 2005 3799 2075 juxta

2200 2097 2462 2164 litteram,
2500 2112 2569 2152 ne
2600 2096 2912 2152 videremus
2940 2096 3121 2153 celare
3153 2106 3402 2163 nostros,
3430 2112 3554 2168 qua:
3582 2114 3612 2153 a
3644 2114 3799 2168 pere-

2198 2189 2367 2260 grina:
2408 2189 2607 2259 linguas
2652 2188 2930 2259 magistris
2960 2188 3271 2244 didicimus.
3312 2189 3584 2245 Cteterum
3614 2190 3799 2247 Eccle-

2200 2284 2401 2338 siarum
2451 2283 2729 2352 magistri,
2773 2291 2985 2338 noctem
3025 2282 3077 2336 in
3107 2297 3209 2352 qua
3242 2282 3489 2338 cernitur
3512 2284 3675 2352 visio,
3704 2285 3798 2341 ob-

2197 2377 2513 2432 scuritatem
2545 2376 2789 2447 mystica:
2820 2375 3049 2431 visionis
3074 2376 3407 2447 intelligunt.
3441 2375 3631 2432 Posuit
3662 2379 3797 2432 enim

2197 2466 2340 2522 Deus
2386 2468 2618 2522 tenebras
2651 2466 2930 2522 latibulum
2976 2485 3127 2523 suum
3170 2466 3349 2540 (Psal.
3383 2484 3516 2536 xvu,
3552 2469 3667 2540 12).
3730 2470 3796 2525 Et

2192 2561 2343 2633 juxta
2376 2562 2733 2633 Septuaginta
2761 2564 3091 2633 interpretes
3118 2564 3187 2621 de
3217 2580 3283 2620 eo
3305 2564 3544 2622 dicitur:
3571 2567 3795 2640 Abyssus

2194 2658 2331 2712 sicut
2352 2658 2707 2712 vestimentum
2746 2658 2967 2712 amictus
2996 2658 3111 2724 eius
3134 2656 3255 2730 (Ps.
3287 2673 3403 2722 cm.
3437 2659 3519 2731 6).
3580 2660 3674 2716 Vir
3703 2677 3797 2716 au-

2195 2758 2305 2805 tem
2333 2752 2423 2820 qui
2471 2749 2803 2806 ascendebat
2846 2766 3018 2821 super
3062 2767 3259 2823 equum
3292 2752 3501 2821 rufum,
3533 2753 3797 2812 Dominus

2198 2844 2451 2898 Salvator
2499 2854 2614 2911 est,
2664 2844 2759 2912 qui
2788 2844 3310 2914 ‘dispensationem
3360 2856 3568 2903 nostra:
3615 2852 3797 2905 carnis

2196 2950 2484 2991 assumens
2510 2978 2525 3001 ,
2576 2935 2727 2991 audit
2772 2938 2825 2991 in
2874 2935 3042 2992 Isaia:
3084 2942 3260 3006 Quare
3293 2940 3453 2995 rubra
3495 2950 3616 2996 sunt
3644 2944 3794 2998 uesti-

2197 3039 2367 3082 menta
2396 3037 2484 3081 tua
2507 3026 2665 3099 (Isai.
2700 3045 2849 3095 ant,
2876 3029 3090 3099 2)?Hic
3113 3031 3210 3100 qtti
3234 3047 3377 3087 nunc
3396 3032 3422 3071 δ
3453 3035 3670 3096 cat-tivo
3703 3051 3798 3105 po-

2197 3120 2322 3189 pqu
2356 3121 2506 3175 rttl‘us
2540 3120 2868 3185 ostenditur,
2904 3121 2955 3175 in
2983 3123 3310 3195 Apocalypsi
3337 3124 3641 3182 Joannisin
3664 3144 3796 3183 can-

488 3217 650 3279 cerit,
681 3214 1050 3283 templumque
1099 3212 1453 3267 subverterit.
1506 3210 1613 3266 Alii
1661 3228 1791 3268 vero
1842 3215 2089 3269 ordinem
2121 3196 2167 3261 (ἶ
2198 3212 2338 3267 didis
2369 3212 2611 3267 veStibus
2638 3255 2653 3279 ,
2695 3223 2750 3267 et
2796 3214 2847 3266 in
2889 3214 3125 3269 candido
3152 3232 3293 3284 equo
3318 3217 3514 3274 sedere
3540 3219 3797 3277 describi-

489 3311 580 3379 qui
612 3308 852 3375 scriptus
870 3315 978 3370 est,
1006 3314 1423 3370 conservantes,
1455 3306 1630 3359 virum
1661 3306 1749 3373 qui
1783 3307 2094 3361 ascenderit

490 3417 655 3470 Super
684 3416 714 3454 e
738 3415 885 3465 unum
918 3396 1121 3455 rufum.
1157 3406 1214 3452 et
1238 3412 1412 3467 equos
1448 3397 1623 3462 rufus,
1674 3402 1853 3453 varios
1914 3410 1970 3453 et
2007 3400 2089 3453 al-

492 3494 611 3557 bos,
662 3481 899 3561 quatuor
953 3504 1117 3560 regna
1150 3489 1603 3557 interpretantur.
1641 3489 1879 3544 Primum
1923 3502 1976 3545 et
2007 3507 2093 3546 se-

492 3585 730 3639 cundum
764 3581 1174 3653 sanguinarium
1195 3627 1209 3650 ,
1238 3581 1496 3653 A~syrios
1525 3593 1579 3636 ct
1621 3583 1932 3649 Chaldaeos,
1960 3600 2094 3654 quo-

489 3695 610 3733 rum
644 3676 803 3746 primi
827 3681 1015 3731 decent
1045 3676 1218 3731 tribus
1238 3676 1341 3730 sub
1366 3677 1720 3732 Salmanasar
1741 3677 1945 3731 duxere
1967 3692 2093 3745 cap-

498 3772 656 3824 tivas.
704 3768 949 3825 Secundi
980 3766 1176 3822 Iudam
1212 3778 1264 3821 et
1291 3767 1594 3836 Benjamin,
1625 3769 1845 3823 incensa
1877 3768 2093 3823 Jerusa-

490 3863 600 3918 lem
634 3864 879 3929 civitate,
929 3864 1241 3931 temptoqne
1270 3862 1557 3916 subverso.
1590 3863 1807 3917 'l'ertios
1835 3872 1890 3917 ct
1932 3879 2094 3934 quar-

495 3965 581 4010 tos
605 3954 787 4008 varios
811 3963 868 4009 et
887 3952 1064 4017 albos,
1091 3953 1281 4008 Medos
1308 3952 1607 4023 signiﬁcari
1645 3965 1832 4023 putant
1862 3966 1918 4010 et
1956 3956 2089 4011 Per-

492 4064 625 4104 sas:
659 4062 890 4115 quorum
936 4048 1028 4101 alii
1060 4048 1361 4101 clementes
1391 4045 1647 4111 fuerunt,
1690 4057 1752 4101 ut
1799 4046 1991 4119 Cyrus,
2039 4057 2095 4105 et

495 4144 689 4198 Darius
736 4141 880 4197 [ilius
931 4142 1241 4213 Hystaspis,
1291 4150 1347 4197 ct
1392 4146 1684 4209 Assuerus,
1712 4160 1871 4213 quem
1915 4145 2094 4202 Grazci

496 4240 856 4291 Al‘lﬂXl‘l‘XOlll
889 4242 1111 4300 vocant,
1147 4235 1247 4288 sub
1268 4249 1376 4304 quo
1401 4232 1601 4289 Esther
1632 4236 1892 4306 impletur
1920 4240 2092 4294 histo-

502 4330 619 4385 ria:
651 4329 743 4384 alii
779 4327 1052 4394 crudeles,
1087 4340 1143 4382 ut
1172 4326 1493 4398 Cambyses,
1528 4336 1584 4384 et
1609 4331 1813 4386 caeteri.
1862 4331 2095 4389 Vidente

497 4438 630 4491 ergo
663 4421 928 4492 propheta
958 4420 1138 4475 virum
1170 4421 1560 4476 ascendentem
1585 4437 1752 4493 super
1773 4439 1971 4496 equum
2005 4443 2095 4483 ru-

497 4515 633 4579 fum,
664 4523 858 4585 etpost
887 4528 1013 4569 eum
1055 4529 1227 4583 equos
1254 4515 1434 4580 rufus,
1484 4514 1683 4581 varios,
1726 4528 1781 4572 et
1826 4518 2002 4585 albos,
2040 4529 2095 4575 et

2197 3314 2285 3359 tur
2330 3304 2516 3374 (Apoc.
2540 3321 2594 3359 ιιι
2617 3314 2665 3360 et
2697 3305 2793 3376 vt).
2835 3306 2989 3374 Quod
3036 3317 3216 3363 autem
3248 3321 3396 3366 stare
3420 3312 3625 3367 dicitur
3657 3316 3795 3370 inter

2195 3397 2333 3451 duos
2361 3407 2575 3451 montes
2607 3396 2906 3453 umbrosus
2936 3398 3087 3469 (licet
3113 3402 3163 3453 in
3192 3400 3423 3457 Hebraeo
3454 3419 3563 3459 non
3600 3406 3795 3461 habea-

2199 3501 2286 3546 tur
2315 3492 2495 3562 duos),
2531 3509 2730 3547 novum
2779 3505 2832 3548 et
2872 3502 3031 3549 vetus
3071 3496 3788 3565 scntiuntlnstrumentum,

2196 3590 2337 3659 quod
2368 3590 2714 3644 densissimis
2740 3590 2885 3646 foliis
2913 3633 2926 3658 ,
2959 3601 3011 3647 et
3035 3609 3289 3661 nemore,
3319 3604 3373 3650 ct
3398 3597 3679 3653 umbrosis
3701 3599 3788 3653 sil-

2193 3682 2275 3737 vis
2302 3682 2501 3737 dicitur
2529 3699 2651 3739 esse
2681 3695 3025 3755 coopertum,
3072 3689 3195 3757 quia
3221 3689 3407 3743 multis
3444 3690 3787 3748 obscuritati-

2194 3774 2296 3830 bus
2323 3775 2624 3831 iuvolutum
2656 3786 2763 3833 est.
2807 3777 3033 3850 Myrteta
3058 3791 3239 3835 autem
3267 3796 3390 3851 qua:
3407 3793 3568 3839 erant
3594 3784 3645 3839 in
3668 3799 3785 3853 pro-

2194 3865 2386 3935 fundo,
2425 3870 2567 3923 inter
2607 3886 2728 3935 qua:
2756 3880 2903 3927 stare
2932 3872 3286 3940 describitur,
3321 3876 3602 3946 angelicas
3629 3878 3780 3933 intel-

2192 3963 2368 4034 ligunt
2394 3973 2693 4031 potestates
2720 4007 2735 4032 ,
2764 3982 2885 4036 qua:
2910 3967 2959 4021 ei
2992 3967 3155 4022 etiam
3200 3969 3251 4022 in
3285 3983 3449 4025 carne
3477 3972 3653 4041 posito
3680 3971 3779 4027 mi-

2195 4058 2518 4113 nistrarunt.
2593 4058 2687 4113 Vel
2739 4069 2889 4114 certe
2935 4072 3149 4117 montes
3196 4060 3297 4132 (ut
3344 4063 3601 4120 tollamus
3645 4063 3777 4135 quod

2193 4151 2460 4219 scriptum
2491 4151 2656 4223 786
2681 4167 2785 4205 non
2820 4162 2942 4219 est,
2996 4154 3171 4223 duos)
3208 4155 3459 4212 absolute
3504 4166 3562 4213 et
3587 4157 3779 4227 absque

2194 4262 2445 4315 numero,
2483 4247 2750 4316 plurimos
2776 4256 2995 4303 sanctos
3022 4250 3228 4305 sentire
3269 4265 3562 4321 possumus
3581 4262 3633 4310 et
3651 4269 3777 4324 apo-

2194 4343 2366 4398 stolos
2398 4351 2559 4411 atque
2585 4341 2916 4410 apostolicos
2946 4342 3119 4409 viros,
3146 4345 3239 4413 qui
3263 4351 3432 4399 totum
3452 4346 3640 4400 orbem
3659 4344 3772 4411 ruﬁ,

2197 4443 2251 4490 et
2294 4434 2469 4501 varii,
2521 4443 2574 4489 et
2603 4433 2713 4490 albi
2746 4448 3069 4505 peragrasse
3094 4445 3493 4492 memorantur.
3551 4425 3779 4505 Quorum

2198 4528 2291 4583 alii
2325 4527 2589 4599 martyrio
2632 4530 2877 4583 coronati
2915 4536 3062 4593 sunt,
3092 4538 3147 4583 et
3168 4528 3520 4599 appellantur
3542 4531 3661 4587 ruli.
3685 4529 3780 4585 Alii

495 4608 783 4678 ignorante
829 4606 973 4677 quod
1018 4606 1252 4673 viderat,
1303 4608 1638 4679 visionisque
1682 4628 1792 4666 sua:
1840 4615 2094 4685 cupiente
2121 4589 2175 4649 D
2199 4622 2457 4692 operibus
2508 4630 2563 4677 et
2610 4620 2895 4687 doctrina,
2924 4630 2981 4678 et
3017 4623 3281 4679 varietate
3310 4625 3618 4695 signorum,
3649 4624 3777 4680 varii

500 4701 644 4757 scire
674 4700 961 4766 rationem,
1010 4710 1177 4769 atque
1204 4701 1459 4758 dicente:
1495 4704 1635 4768 Quid
1679 4714 1797 4759 sunt
1824 4707 1941 4775 isti,
1996 4710 2093 4765 (lo-

501 4796 638 4848 mine
679 4793 747 4845 mi
768 4795 791 4845 ?
811 4793 1049 4862 Angelus
1073 4793 1162 4859 qui
1190 4793 1515 4863 loquebatur
1544 4795 1598 4850 in
1627 4811 1713 4863 eo,
1738 4801 2006 4868 promittit
2033 4817 2094 4858 se

495 4901 619 4942 esse
648 4885 951 4940 dicturum:
979 4891 1035 4938 et
1075 4884 1170 4938 illo
1195 4885 1484 4956 reticente,
1519 4888 1602 4943 vir
1633 4889 1724 4960 qui
1749 4892 1929 4949 stabat
1951 4895 2095 4953 inter

575 5052 603 5081 ιι
642 5041 919 5098 Maluisset
966 5040 1237 5098 Victorius
1263 5085 1278 5110 ,
1301 5060 1423 5099 cum
1459 5057 1615 5101 vetus
1649 5049 1779 5104 olim
1818 5052 1981 5109 lectio
2007 5072 2094 5114 es-

501 5123 621 5180 set,
676 5115 776 5180 Qui
816 5114 871 5167 in
918 5114 1353 5183 dispensationem
1382 5128 1573 5173 nostra’.
1598 5122 1766 5174 carnis
1800 5142 2068 5184 assumens

500 5176 764 5250 rescribi,
797 5185 898 5251 Qui
927 5187 977 5239 in
1002 5176 1446 5256 dispensationem
1479 5198 1669 5245 nostra:
1696 5176 2094 5253 carnis—assum:

502 5268 624 5342 ἔξω.
678 5256 770 5312 Sic
794 5302 809 5325 ,
838 5258 914 5311 ait
939 5257 1122 5340 ,_inlra
1169 5256 1443 5342 Zachariu:
1471 5275 1529 5314 ιιι
1565 5279 1575 5314 :
1604 5260 1887 5342 Pharetra,
1923 5272 2096 5342 inquit

502 5332 869 5406 Hieronytlltls
892 5370 907 5393 ,
958 5331 1011 5382 in
1043 5331 1361 5406 qua_sa_qitla
1391 5331 1749 5406 absconditur,
1777 5331 2096 5406 dispensatio

500 5412 576 5458 est
612 5400 785 5478 carnis
812 5402 1212 5478 a_s_sumpta:._Et
1245 5401 1446 5471 Ephes.
1473 5418 1579 5478 tv:
1616 5403 1729 5459 Nec
1762 5400 1976 5478 statim,
2009 5418 2092 5469 in-

499 5485 666 5553 quit,
680 5472 787 5553 ista
816 5473 1075 5553 dicentes,
1118 5473 1287 5553 locum
1330 5476 1482 5553 atteri
1512 5474 1695 5553 liceresi
1727 5478 1913 5535 damus
1934 5472 2093 5553 {quin

499 5542 832 5618 dimidiatam
856 5542 1090 5618 Christi
1113 5548 1296 5618 asserit
1355 5547 1812 5618 dispensationem.
1874 5542 2002 5608 Sed,
2018 5560 2091 5613 sic

501 5633 663 5697 unum
689 5624 739 5669 et
767 5614 865 5669 Dei
893 5614 1131 5697 hominis.
1151 5617 1324 5697 [ilium
1355 5614 1687 5697 conﬁtemur,
1733 5640 1797 5677 ne
1820 5624 2089 5697 dispensa-

498 5689 966 5770 tionemassumpti
990 5686 1234 5770 hominis,
1265 5704 1368 5759 qua
1394 5688 1584 5770 saluati
1613 5708 1821 5763 sumus,
1858 5686 1922 5752 ei
1946 5712 2089 5770 parte

503 5755 790 5821 credentes,
821 5757 876 5809 in
894 5755 1058 5826 parte
1081 5755 1397 5830 truncehtus.
1457 5759 1707 5819 Christus
1728 5755 1873 5824 enim
1900 5755 2083 5830 véram

502 5837 745 5885 nostram
767 5841 987 5883 carnem
1011 5867 1025 5893 ,
1054 5841 1152 5884 seu
1177 5829 1321 5898 quod
1353 5832 1621 5891 sacratius
1641 5834 1865 5910 dicitur,
1898 5829 2081 5901 veram

2197 4724 2598 4788 nuncupantur.
2652 4716 2757 4773 Alii
2800 4716 3129 4789 virginitatis
3176 4720 3627 4791 integrorumque
3654 4721 3783 4791 dog-

2198 4818 2423 4872 matum,
2444 4806 2511 4863 et
2542 4808 2660 4877 puri
2692 4807 2896 4873 cordis,
2924 4818 2947 4847 ο
2972 4807 3114 4879 quod
3137 4809 3313 4864 cernit
3342 4810 3537 4880 Deum,
3566 4810 3780 4883 praemia

2198 4908 2578 4972 susceperunt.
2621 4900 2866 4972 Denique
2902 4900 3202 4973 interrogat
3242 4902 3510 4973 propheta
3537 4904 3779 4961 eumdem

2196 5061 2377 5135 carnis
2405 5071 2607 5117 nostra:
2648 5061 3114 5135 dispensationem
3147 5066 3447 5135 assumpsit
3483 5077 3702 5125 :contra
3727 5062 3778 5121 id

2196 5134 2339 5204 quod
2383 5135 2652 5198 Marcion,
2699 5133 3028 5189 Maniclt:etts
3076 5147 3130 5191 et
3192 5133 3512 5193 Valentinus
3548 5138 3783 5195 haeretici

2200 5204 2685 5279 blaSphemabant._
2718 5205 2809 5261 Sic
2840 5208 2982 5261 enim
3006 5222 3195 5261 verum
3220 5250 3234 5273 ,
3271 5219 3323 5262 et
3354 5224 3464 5263 non
3486 5211 3779 5279 phantasti:

2198 5292 2321 5332 cum
2349 5318 2365 5342 ,
2412 5292 2513 5331 nec
2558 5277 2839 5345 spirituale
2863 5320 2877 5343 ,
2910 5293 3131 5333 aereum
3153 5321 3168 5341 ,
3199 5287 3291 5333 aut
3323 5277 3554 5336 caeleste
3588 5278 3783 5337 Christi

2199 5363 2399 5416 corpus
2432 5349 2595 5404 fuisse
2626 5359 2958 5404 monStratur
2980 5390 2996 5415 ,
3047 5359 3105 5403 ut
3128 5350 3504 5408 eruditissime
3528 5352 3665 5406 hunc
3692 5368 3782 5406 er.

2200 5434 2377 5492 rorem
2402 5421 2644 5473 conlntat
2666 5419 2731 5474 D.
2763 5420 3123 5492 Hieronymus
3150 5421 3327 5491 capite
3361 5423 3427 5478 M
3457 5432 3515 5478 et.
3545 5424 3606 5478 I7
3627 5438 3782 5492 super

2198 5490 2546 5545 Matthauun:
2588 5499 2645 5546 et
2685 5502 2809 5561 post
2851 5490 3298 5565 euinﬂCatboltcm
3328 5493 3577 5549 veritatis
3608 5490 3779 5565 patro-

2196 5577 2330 5684 ηυξ,
2362 5571 2834 5688 prpptliguptzorque
2870 5563 2934 5617 D.
2964 5563 3221 5633 Thomas,
3263 5564 3316 5620 in
3349 5581 3408 5621 ιιι
3435 5581 3487 5637 p.
3521 5563 3775 5633 Summas,

2196 5648 2251 5688 α.
2278 5670 2291 5686 .
2314 5680 2330 5688 -
2360 5650 2418 5686 ar
2449 5674 2461 5686 .
2567 5652 2596 5687 e
2689 5675 2704 5688 .

2238 5673 2251 5687 .
2278 5643 2330 5696 5,
2360 5643 2461 5687 art.
2498 5643 2521 5688 1
2567 5643 2621 5688 et
2649 5643 2704 5689 2.

2238 5673 2251 5687 .
2278 5648 2330 5696 5,
2360 5648 2461 5687 art.
2498 5648 2521 5688 ι
2567 5648 2621 5688 et
2649 5648 2704 5689 Ζ.

2194 5648 2228 5704 q
2262 5704 2291 5785 1)
2332 5705 2523 5785 Regio.
2559 5720 2662 5762 ms.
2688 5750 2701 5773 ,
2734 5707 2822 5777 qui
2853 5723 2989 5775 nunc
3014 5707 3077 5762 de
3114 5710 3316 5783 captivo
3356 5711 3552 5785 populo
3580 5712 3774 5781 rufulus

2188 5777 2500 5831 ostenditur.

2265 5860 2285 5887 ε
2330 5847 2479 5906 Idem
2504 5863 2633 5919 ms.,
2664 5865 2766 5920 quo
2789 5862 3005 5908 cernunt
3028 5852 3215 5911 Deum.
