4028 6342
242 292 387 349 1423

1014 291 1673 351 COMMENTARIORUM
1712 292 1777 349 IN
1818 291 2228 351 ZACHARIAM
2270 292 2399 350 LIB.
2442 293 2485 351 Ι.
2528 294 2684 352 CAP.
2729 295 2769 350 Ι.

3398 292 3541 352 14ὶὸ

241 410 428 467 virum
483 417 537 466 et
566 409 819 480 angelum
846 408 936 479 qui
973 410 1149 465 stabat
1176 412 1321 467 inter
1351 419 1581 485 myrteta
1609 454 1624 479 ,
1670 422 1725 469 et
1760 412 1845 468 di-
1867 407 1922 468 Δ
1946 411 2178 475 zelatur.
2220 428 2408 469 amare
2446 427 2506 469 se
2526 428 2650 469 eam
2685 428 2845 483 quam
2878 413 3109 481 zelatur,
3136 412 3413 478 ostendit,
3442 427 3545 468 ne-

238 501 317 558 cit
344 519 356 556 :
396 502 497 571 Qui
529 501 641 575 [AL
679 500 838 573 Quid]
863 510 983 556 sunt
1015 503 1127 570 isti,
1153 505 1357 559 domine
1384 505 1492 560 mi?
1522 505 1586 560 Et
1613 505 1841 572 angelus

238 597 338 668 qui
371 597 699 668 loquebatur
737 598 789 651 in
820 612 906 664 eo,
955 612 1152 653 sensus
1181 598 1438 654 videlicet
1476 599 1836 670 prophetalis,

241 689 517 761 promittit
567 704 626 745 se
664 699 1015 746 ostensurum
1070 706 1193 746 esse
1235 691 1378 763 quod
1431 693 1678 747 cernitur
1726 690 1837 763 [AL

238 782 468 855 cernit].
513 783 761 854 Cumque
810 783 1163 852 promiserit,
1212 800 1319 840 non
1362 785 1478 854 ipse
1533 784 1835 852 respOndit,

236 877 337 933 sed
370 878 510 933 alter
531 878 621 948 qui
653 877 834 934 stabat
862 878 1004 932 inter
1033 887 1288 949 myrteta,
1321 890 1371 933 et
1395 878 1563 933 dicit:
1598 879 1698 932 Isti
1721 888 1840 933 sunt

236 986 370 1042 quos
393 970 535 1024 misit
559 969 837 1038 Dominus,
859 980 915 1025 ut
947 972 1365 1040 perambularent
1399 982 1609 1028 terram.
1667 972 1711 1027 A
1737 974 1840 1027 Do-

238 1061 393 1118 mino
447 1062 593 1116 enim
640 1064 794 1117 missi
844 1073 969 1117 sunt
1021 1064 1272 1133 apostoli,
1329 1072 1385 1119 ut
1432 1075 1601 1119 totum
1643 1065 1835 1120 orbem

234 1157 571 1227 Evangeliea
602 1159 992 1229 praedicatione
1023 1162 1394 1230 complerent,
1422 1162 1517 1230 qui
1544 1171 1834 1232 postquam

236 1251 608 1319 expleverunt
628 1267 789 1321 opus,
822 1254 1028 1309 reversi
1059 1264 1186 1309 sunt
1214 1255 1279 1311 ad
1306 1257 1483 1327 magni
1508 1257 1718 1312 consilii
1742 1275 1838 1311 an—

230 1344 417 1415 gelum
446 1345 537 1413 qui
566 1346 743 1402 stabat
774 1347 915 1402 inter
936 1363 1054 1412 eos,
1086 1348 1180 1419 qui
1204 1364 1327 1403 cum
1354 1349 1625 1417 Apostolo
1651 1351 1837 1421 loque-

233 1436 469 1494 bantur:
511 1438 705 1495 Christi
755 1440 916 1494 bonus
958 1441 1088 1495 odor
1132 1458 1308 1495 sumus
1354 1444 1407 1495 in
1453 1443 1530 1495 his
1576 1444 1664 1514 qui
1704 1445 1836 1497 salvi

230 1531 396 1601 ﬁunt,
451 1541 498 1585 et
546 1532 601 1586 in
638 1530 721 1585 his
750 1533 840 1601 qui
872 1543 1082 1602 pereunt
1114 1532 1167 1605 (Ι
1190 1533 1313 1589 Cor.
1360 1550 1419 1598 tt,
1467 1534 1581 1604 15),
1607 1546 1662 1589 et
1690 1536 1836 1591 inter

232 1625 517 1695 utriusque
547 1625 851 1681 vocationis
881 1626 1135 1694 p0pulos.
1188 1627 1254 1681 Et
1288 1625 1543 1681 dixerunt
1567 1626 1633 1682 ad
1662 1642 1785 1681 eum
1816 1646 1828 1680 :

231 1719 740 1776 Perambulavimus
768 1728 997 1783 terram,
1028 1720 1374 1791 implevimus
1403 1736 1541 1790 opus
1567 1722 1711 1790 quod
1739 1736 1835 1776 no-

229 1814 318 1870 bis
352 1814 651 1883 iujuncuun
684 1822 769 1868 est
792 1857 805 1879 ,
849 1824 905 1869 et
928 1829 1057 1870 erce
1093 1817 1270 1870 omnis
1302 1826 1444 1870 terra
1478 1816 1756 1870 habitatur
1782 1826 1834 1871 et

226 1908 489 1979 quiescit,
540 1923 663 1979 qua:
689 1918 814 1964 ante
853 1909 1070 1965 deserta
1120 1918 1242 1965 erat
1270 1925 1298 1964 a
1329 1910 1471 1964 Deo:
1505 1927 1646 1965 nunc
1680 1910 1833 1966 habi-

229 2002 372 2056 tatio
417 2002 534 2071 ejus
586 2012 668 2057 est
695 2048 709 2071 ,
743 2002 976 2074 quiescit
1007 2019 1035 2057 a
1064 2003 1243 2069 bellis,
1274 2020 1304 2058 a
1334 2004 1593 2059 vitiorum
1628 2005 1831 2074 praeliis

231 2102 400 2166 atque
441 2094 720 2164 peccatis:
768 2096 892 2166 quia
932 2096 1306 2152 haereditatem
1342 2098 1561 2153 Domini
1595 2099 1832 2168 suscepit

228 2191 561 2247 revertentis
594 2190 660 2245 ad
692 2189 935 2258 Patrem,
964 2201 1125 2257 atque
1146 2192 1378 2247 dicentis
1404 2210 1417 2246 :
1450 2191 1640 2246 Pacem
1660 2209 1830 2247 meam

231 2284 301 2336 do
331 2282 492 2347 vobis,
536 2300 714 2354 pacem
744 2300 908 2338 meam
934 2283 1168 2355 relinquo
1194 2286 1331 2340 vobis
1355 2285 1540 2356 (Joau.
1575 2302 1681 2353 le,
1712 2286 1827 2358 27).

225 2374 385 2442 Quod
430 2384 612 2430 autem
665 2376 826 2445 plena
875 2375 1247 2431 misericordia
1281 2376 1619 2445 postulatur,
1663 2387 1721 2431 ut
1748 2378 1830 2432 in-

226 2476 412 2523 stante
434 2482 582 2523 anno
607 2469 1039 2539 septuagesimo,
1076 2470 1401 2524 misereatur
1434 2469 1576 2523 Deus
1598 2470 1824 2525 Jerusa-

227 2559 361 2626 lem,
411 2570 468 2615 et
508 2560 724 2615 urbium
755 2559 914 2627 Juda,
964 2560 1032 2616 ad
1062 2561 1209 2617 illam
1236 2561 1654 2631 intelligentiam
1688 2561 1830 2618 rele-

224 2664 384 2710 runt:
416 2653 567 2722 Quod
590 2653 849 2724 quamdiu
877 2669 1005 2709 vera
1030 2670 1132 2724 pax
1156 2654 1822 2726 veniat.etsabbatismus,

225 2757 283 2803 et
313 2755 524 2816 septem
553 2745 884 2801 decadarum
914 2752 1192 2802 numerus
1213 2788 1229 2813 ,
1265 2746 1322 2800 id
1351 2755 1434 2801 est
1458 2788 1473 2812 ,
1504 2762 1680 2801 annus
1702 2761 1827 2815 sep-

224 2840 567 2910 toagesimus
615 2840 929 2911 impleatur,
977 2855 1077 2895 nec
1106 2840 1414 2895 Jerusalem
1447 2840 1661 2910 plenam
1690 2841 1826 2896 reci-

224 2934 340 3005 piat
373 2934 705 3005 libertatem,
732 2950 853 3006 qua:
882 2936 1274 3006 interpretatur
1302 2934 1441 2990 visio
1469 2937 1636 3002 pacis,
1663 2942 1826 2991 etest

222 3028 467 3085 Ecclesia
498 3070 511 3095 ,
559 3044 659 3084 nec
698 3027 865 3084 urbes
915 3028 1053 3084 Juda
1078 3070 1090 3090 ,
1121 3029 1317 3085 animae
1346 3028 1507 3101 787
1531 3028 1821 3083 Dominum

226 3119 575 3175 conﬁtentes.
613 3119 860 3189 Denique
888 3119 1153 3174 Dominus
1173 3120 1502 3189 repromittit
1542 3120 1705 3174 verba
1726 3119 1825 3174 bo-

1944 521 2213 578 quaquam
2263 506 2454 562 dicens
2486 522 2583 576 per
2609 508 2898 563 Jeremiam
2927 524 2942 564 :
2989 506 3139 562 Sicut
3182 507 3401 577 despicit
3431 523 3547 559 mu-

1944 601 2041 656 lier
2070 603 2239 657 virum
2270 619 2443 669 suum,
2472 606 2546 656 ita
2571 602 2804 670 despexit
2824 618 2905 655 me
2928 602 3111 655 domus
3132 600 3304 655 Israel
3328 598 3546 671 (Jerem.

1943 710 2022 753 ιιι.
2051 693 2166 756 20).
2218 692 2316 749 Cui
2367 710 2465 763 per
2498 693 2845 749 Ezechielem
2882 695 3148 748 Dominus
3180 694 3547 761 quueba'ur:

1941 787 2185 843 Irasceris
2216 791 2330 860 jam
2360 806 2463 843 non
2497 770 2693 844 irnsimr
2719 789 2846 855 tibi,
2882 801 2930 844 et
2972 788 3116 844 zelus
3158 805 3302 842 meus
3332 786 3546 842 recessit

1941 898 1974 933 a
2003 888 2051 933 te
2094 879 2313 949 (Επειδὴ.
2346 897 2456 947 xw,
2492 880 2610 951 42).
2652 880 2753 946 Qui
2802 895 2933 949 ergo
2968 880 3176 934 zelatus
3207 890 3291 934 est
3320 878 3546 934 Jerusa-

1940 972 2072 1040 lem,
2112 986 2163 1029 et
2193 974 2322 1029 Sion
2356 973 2496 1044 (una
2528 985 2610 1029 est
2639 985 2822 1029 autem
2851 985 3017 1044 atque
3047 974 3241 1030 eadem
3274 973 3532 1043 civitas),

1938 1080 2085 1121 nunc
2134 1070 2393 1122 irascitur
2440 1081 2604 1137 super
2652 1078 2843 1138 gentes
2872 1067 3177 1135 Opulentas,
3208 1082 3345 1137 quas
3375 1080 3545 1135 supra

1939 1174 2111 1229 equos
2140 1160 2291 1214 rufos
2325 1170 2379 1215 et
2411 1159 2567 1213 albos
2591 1169 2645 1214 et
2674 1159 2855 1213 varios
2882 1157 3184 1213 nowinavit
3210 1176 3223 1211 :
3255 1158 3397 1228 quod
3428 1157 3544 1228 ipse

1937 1251 2224 1306 tradiderit
2248 1266 2343 1307 eos
2382 1251 2447 1306 ad
2486 1252 2890 1321 corripiendum
2925 1268 2938 1304 :
2974 1251 3081 1305 illa:
3104 1265 3234 1305 vero
3263 1250 3544 1305 srrvierint

1941 1344 1994 1398 in
2021 1344 2250 1398 traditos
2276 1362 2291 1409 ;
2327 1343 2413 1398 hic
2437 1353 2495 1398 ut
2525 1344 2689 1398 lilium
2716 1360 2745 1397 a
2776 1343 3070 1413 pzrdagogo
3093 1341 3331 1397 voluerit
3359 1357 3547 1396 emen-

1937 1436 2089 1503 dari;
2145 1438 2252 1492 illae
2297 1446 2358 1491 ut
2403 1437 2615 1493 hostem
2650 1437 2989 1500 interﬁcere,
3032 1445 3086 1492 et
3118 1436 3311 1503 punire
3338 1444 3547 1489 conata:

1940 1531 2072 1585 sint.
2117 1530 2213 1585 Cui
2265 1529 2447 1585 simile
2495 1541 2577 1584 est
2611 1529 2736 1583 illud
2770 1532 2822 1582 in
2854 1528 3022 1582 Isaia:
3080 1527 3189 1598 Ego
3223 1527 3345 1580 dedi
3368 1543 3455 1581 eos
3485 1527 3539 1579 in

1936 1641 2121 1679 manus
2144 1636 2255 1679 tuas
2280 1640 2299 1677 :
2342 1634 2398 1678 tu
2424 1634 2593 1677 autem
2636 1640 2733 1675 non
2760 1622 2928 1694 fecisti
2987 1622 3061 1675 eis
3105 1620 3539 1675 misericordiam.

1939 1726 1963 1752 ’³
1979 1715 2133 1789 Senis
2159 1718 2449 1788 aggravasti
2471 1718 2684 1786 jugum,
2705 1724 2749 1767 et
2766 1713 2962 1778 dixisti,
2987 1728 3073 1767 ero
3095 1712 3146 1765 in
3174 1712 3486 1779 setnpiternu
3497 1728 3544 1761 ιιι

1862 1794 1913 1857 B
1939 1809 2152 1862 domina
2183 1806 2340 1878 (Isai.
2379 1822 2560 1871 XLVII,
2594 1808 2673 1877 6).
2717 1806 2876 1861 Zelus
2913 1816 3094 1859 autem
3124 1806 3543 1882 ἀνθρωποπάθως

1935 1903 2103 1974 788
2132 1903 2213 1956 sic
2250 1903 2539 1971 accipitur,
2577 1909 2632 1955 ut
2663 1901 2760 1955 ira.
2798 1900 2876 1954 Ex
2915 1915 3022 1969 quo
3047 1899 3170 1954 loco
3199 1902 3537 1953 convincun-

1936 2002 2024 2048 tur
2057 1994 2324 2060 haeretici,
2350 1993 2443 2063 qui
2473 1995 2644 2049 veteri
2672 1992 3368 2057 detrahuntTestamento,
3395 1992 3538 2061 quod

1934 2085 2177 2140 irascens
2210 2085 2355 2140 Deus
2379 2099 2486 2140 non
2504 2084 2733 2155 perdere
2755 2084 2939 2154 cupiat
2968 2098 3063 2139 eos
3095 2084 3148 2138 in
3180 2098 3319 2155 quos
3347 2084 3539 2139 irasci-

1932 2188 2052 2243 tur;
2089 2178 2185 2234 sed
2217 2178 2534 2233 emendare.
2576 2177 2713 2245 Quia
2746 2177 3120 2248 ergo,inquit,
3165 2177 3380 2233 zelatus
3416 2193 3535 2231 smn

1931 2271 2259 2335 Jerusalem,
2278 2282 2332 2327 et
2354 2272 2486 2328 Sion
2509 2272 2629 2328 zelo
2655 2287 2871 2342 magno,
2905 2286 3041 2342 quas
3065 2270 3362 2327 adversarii
3390 2273 3537 2341 plus-

1932 2380 2093 2436 quam
2121 2364 2823 2434 volueram,depresserunt
2849 2382 2865 2420 :
2896 2366 3100 2421 idcirco
3129 2364 3246 2420 hare
3272 2365 3403 2421 dicit
3432 2367 3538 2421 Do-

1931 2456 2150 2512 minus:
2205 2457 2477 2512 Revertar
2524 2470 2631 2511 non
2682 2457 2734 2510 in
2770 2471 2873 2509 una
2914 2457 3325 2525 misericordia,
3351 2457 3446 2512 sed
3479 2459 3534 2511 in

1932 2550 2121 2606 multis
2169 2550 2562 2605 misericordiis
2603 2549 2670 2604 ad
2702 2550 3006 2606 Jerusalem
3034 2594 3048 2621 ,
3081 2558 3137 2621 et
3163 2551 3359 2605 domus
3389 2567 3532 2618 mea,

1930 2642 1984 2698 id
2014 2651 2130 2710 est,
2161 2643 2424 2712 templum
2444 2684 2460 2708 ,
2502 2641 2861 2697 aediﬁcabitur
2898 2642 2953 2697 in
2979 2657 3043 2698 ea
3074 2641 3178 2699 sub
3204 2642 3531 2713 Zorohabel,

1929 2747 1984 2793 et
2024 2736 2153 2792 Jesu
2196 2736 2307 2792 lilio
2343 2736 2615 2793 Josedec:
2668 2746 2724 2793 et
2759 2737 3209 2807 perpendiculum
3240 2746 3535 2792 crementa-

1929 2829 2138 2884 riorum
2167 2828 2506 2885 extendetur
2535 2843 2700 2898 super
2720 2828 3048 2885 Jerusalem.
3092 2828 3281 2885 Ponest
3310 2829 3536 2886 Jerusa-

1929 2922 2038 2977 lem
2070 2931 2124 2975 et
2150 2921 2281 2976 Sion
2313 2962 2329 2987 ,
2362 2921 2500 2975 visio
2527 2921 2674 2989 pacis
2705 2929 2760 2975 et
2787 2920 3009 2990 specula
3035 2961 3050 2987 ,
3102 2937 3223 2991 quae
3252 2937 3359 2977 non
3387 2922 3527 2977 bella

1929 3017 2094 3087 hujus
2125 3017 2330 3080 saaculi,
2367 3032 2467 3071 nec
2492 3014 2716 3069 humilia
2747 3022 2911 3085 atque
2941 3025 3183 3078 terrena,
3218 3015 3311 3069 sed
3341 3031 3528 3085 pacem

1927 3120 2097 3182 atque
2121 3108 2471 3166 concordiam
2497 3151 2511 3174 ,
2545 3119 2600 3163 et
2640 3108 2906 3164 caelorum
2944 3108 3158 3163 excelsa
3190 3107 3529 3175 considerat,

223 3227 290 3267 na
321 3253 337 3278 ,
369 3212 537 3267 verba
566 3210 935 3266 consolatoria
964 3228 977 3265 :
1030 3210 1173 3280 quod
1204 3224 1350 3265 nunc
1370 3225 1434 3265 ex
1468 3222 1620 3278 parte
1648 3210 1826 3264 ccrni-
1850 3179 1897 3245 ο
1930 3206 2176 3261 Ecclesia
2213 3205 2469 3275 intelligi.
2507 3204 2603 3261 Cui
2647 3213 2874 3275 propter
2900 3204 3030 3259 vitia
3073 3214 3244 3274 atque
3282 3214 3525 3274 peccata,

223 3319 367 3367 mus,
396 3312 449 3359 et
478 3319 543 3358 ex
577 3310 734 3373 parte
764 3302 1155 3373 pr0phetamus
1184 3301 1228 3373 (l
1256 3300 1378 3355 Cor.
1412 3316 1526 3367 xui,
1558 3299 1666 3371 12).
1693 3301 1824 3355 Cum

225 3408 406 3453 autem
431 3396 641 3453 venerit
674 3396 816 3467 quod
843 3394 1142 3465 perlectum
1175 3404 1289 3459 est,
1334 3394 1681 3449 destruantur
1706 3408 1828 3464 quas

223 3507 291 3550 ex
313 3500 468 3564 parte
497 3500 623 3546 sunt
648 3507 661 3544 :
705 3499 760 3546 et
790 3489 999 3545 liberati
1032 3489 1100 3543 de
1125 3487 1402 3559 Babylone
1428 3486 1592 3557 hujus
1615 3487 1823 3556 saeculi,

222 3586 571 3641 clamemus:
638 3582 707 3637 In
768 3583 1110 3637 convertenda
1160 3580 1417 3635 Dominus
1472 3581 1825 3652 captivitatem

224 3678 385 3745 Sion,
425 3679 551 3747 facti
578 3693 762 3731 sumus
788 3679 922 3730 sicut
952 3675 1208 3730 consolati
1240 3674 1417 3748 (Psal.
1448 3689 1614 3740 cxxv,
1647 3676 1724 3745 1).

297 3773 483 3845 (Vers.
521 3772 586 3826 11
615 3770 797 3842 seqq.)
833 3770 899 3824 Et
930 3769 1064 3823 dixit
1084 3770 1153 3822 ad
1178 3786 1257 3822 me
1277 3769 1511 3839 angelus,
1537 3769 1626 3839 qui
1649 3769 1826 3839 loque-

223 3866 378 3920 batur
408 3865 464 3918 in
490 3880 600 3918 me:
630 3862 834 3930 Clama,
860 3861 1077 3915 dicens:
1104 3860 1233 3915 Haec
1256 3861 1379 3914 dicit
1405 3858 1659 3913 Dominus
1680 3877 1825 3915 exer-

222 3961 459 4013 cituum:
496 3956 697 4010 zelatus
741 3970 860 4009 sum
900 3952 1200 4007 Jerusalem
1229 3963 1278 4007 et
1317 3952 1447 4008 Sion
1475 3952 1587 4006 zelo
1610 3969 1822 4025 magno,

222 4064 270 4111 et
319 4056 402 4108 ira
450 4070 639 4125 magna
680 4069 773 4125 ego
822 4053 1019 4105 irascor
1067 4050 1176 4123 [AL
1214 4049 1437 4121 irascar]
1469 4067 1622 4122 super
1652 4060 1823 4123 gentes

222 4150 498 4220 apulentas
530 4149 693 4219 :quia
736 4165 830 4218 ego
863 4150 1029 4201 iratus
1066 4164 1183 4200 sum
1213 4163 1402 4218 parum
1427 4189 1440 4212 ,
1474 4148 1601 4217 ἔρδω
1637 4144 1820 4217 [Vulg.

222 4241 346 4315 ipsi]
375 4259 496 4296 vero
524 4242 841 4314 adjuverunt
864 4240 917 4294 in
940 4240 1159 4293 malum.
1225 4237 1513 4307 Propterea
1549 4237 1659 4291 hau:
1697 4238 1824 4290 dicit

224 4332 519 4388 Dominus:
554 4333 807 4388 Revertar
830 4333 897 4386 ad
921 4331 1221 4386 Jerusalem
1255 4333 1308 4386 in
1333 4331 1746 4385 misericordiis:
1777 4341 1822 4384 et

225 4429 416 4482 domus
445 4444 559 4481 mea
601 4426 943 4496 wdiﬁcabitur
975 4428 1027 4479 in
1056 4443 1115 4479 ea
1140 4468 1153 4491 ,
1198 4427 1273 4479 ait
1326 4425 1579 4479 Dominus
1620 4425 1822 4479 exerci-

225 4533 407 4578 tuum:
437 4531 487 4576 et
524 4521 959 4594 perpendiculum
987 4520 1298 4574 extendetur
1326 4536 1482 4588 super
1502 4517 1818 4572 Jerusalem.

222 4614 406 4672 LXX:
442 4614 508 4668 Et
536 4615 667 4667 dixit
692 4612 760 4666 ad
794 4631 871 4667 me
900 4614 1115 4683 angelus
1138 4655 1150 4677 ,
1177 4612 1265 4682 qui
1295 4610 1603 4681 loquebatur
1632 4613 1682 4664 in
1705 4628 1785 4665 me
1804 4627 1824 4665 :

228 4707 435 4771 Clama,
470 4708 686 4761 dicens:
717 4704 847 4767 Hinc
872 4707 997 4760 dicit
1023 4704 1278 4758 Dominus
1305 4704 1662 4772 omnipotens:
1684 4704 1823 4757 zela-

224 4812 308 4857 tus
331 4818 444 4855 sum
474 4798 769 4855 Jerusalem
801 4810 849 4853 et
886 4798 1013 4853 Sion
1048 4799 1159 4853 zelo
1182 4814 1403 4869 magno,
1442 4806 1490 4850 et
1531 4799 1608 4851 ira
1633 4814 1824 4865 magna

223 4911 317 4967 ego
346 4896 551 4947 irascor
573 4909 729 4959 super
752 4902 923 4963 gentes
945 4907 1061 4962 qua:
1086 4891 1500 4963 superimposin
1527 4901 1647 4944 sunt
1673 4907 1691 4944 :
1726 4908 1822 4961 pro

221 5003 282 5042 eo
312 4986 455 5057 quod
486 5001 579 5054 ego
606 4984 813 5055 quidem
842 4985 1009 5037 iratus
1053 5000 1169 5037 sum
1218 4982 1511 5049 modicum,
1563 4985 1667 5051 ipsi
1706 5000 1824 5037 vero

221 5080 540 5150 superpositi
572 5088 693 5132 sunt
724 5078 781 5131 in
810 5077 971 5131 mala.
1042 5076 1325 5149 Propterea
1356 5076 1465 5130 haec
1487 5077 1611 5130 dicit
1636 5074 1819 5129 Domi-

221 5188 360 5237 nus;
414 5178 684 5224 convertar
722 5170 790 5223 ad
822 5167 1121 5222 Jerusalem
1149 5169 1201 5222 iu
1233 5169 1607 5233 misericordia,
1642 5177 1690 5222 et
1722 5169 1818 5222 do-

220 5278 336 5316 mus
364 5278 481 5315 mea
504 5261 959 5316 instaurabiturin
989 5275 1051 5312 ea
1073 5300 1088 5325 ,
1122 5260 1249 5312 dicit
1292 5258 1548 5314 Dominus
1589 5260 1826 5331 omnipo-

222 5365 333 5411 tens
361 5372 380 5410 :
412 5364 458 5409 et
484 5370 727 5409 mensura
754 5354 1060 5409 extendetur
1085 5368 1238 5421 super
1264 5353 1581 5407 Jerusalem.
1638 5353 1827 5408 Adhuc

222 5448 392 5504 verba
427 5447 592 5512 bona,
636 5459 689 5500 ct
735 5447 899 5500 verba
944 5445 1308 5501 consolatoria
1352 5446 1467 5500 haec
1508 5456 1670 5513 sunt,
1704 5460 1827 5516 qua:

223 5556 371 5597 nunc
401 5540 663 5609 propheta
689 5538 937 5593 clamare
969 5540 1315 5608 praecipitur:
1347 5540 1488 5609 quod
1516 5539 1724 5594 zelatus
1755 5540 1827 5595 sit

223 5633 489 5689 Dominus
516 5632 823 5689 Jerusalem
857 5639 912 5688 et
936 5632 1065 5688 Sion
1093 5632 1211 5688 zelo
1243 5648 1460 5704 magno.
1506 5633 1612 5702 Qui
1642 5643 1823 5691 autem

299 5758 325 5821 ξι
349 5747 543 5821 Bcgin.
563 5748 700 5805 :Sed
719 5747 1418 5821 proSenis:tumaliilibri,
1435 5752 1624 5821 jugum
1643 5750 1813 5804 valde.

291 5817 319 5855 ³³
366 5819 522 5874 Prior
556 5821 657 5877 iste
685 5817 993 5875 versiculus
1013 5862 1027 5888 ,
1060 5821 1121 5875 Et
1146 5822 1277 5877 dixit
1303 5822 1374 5875 ad
1397 5817 1477 5876 me
1497 5817 1709 5885 ἀηθείας
1731 5823 1817 5889 qui

1928 3306 1985 3353 et
2037 3296 2493 3367 relrigescentem
2522 3295 2767 3367 quotidie
2797 3296 3117 3353 charitatem
3152 3297 3393 3354 irascens
3418 3300 3529 3355 Do-

1928 3392 2107 3447 minus
2136 3390 2356 3460 (Matth.
2382 3390 2561 3462 xxrv),
2596 3389 2773 3445 tradet
2802 3405 2920 3444 eam
2952 3392 3451 3459 persecutiouibus,
3478 3404 3537 3450 ut

1927 3486 2079 3554 quasi
2111 3486 2163 3537 in
2193 3483 2517 3538 conhatorio
2547 3483 2808 3538 mundum
2839 3498 3033 3539 aurum
3063 3495 3343 3556 appareat,
3374 3496 3428 3542 et
3451 3504 3529 3543 ar-

1926 3586 2168 3647 genium.
2223 3576 2536 3631 Adversarii
2585 3591 2715 3632 vero
2764 3578 2966 3650 quibus
3013 3578 3211 3634 tradita
3251 3588 3373 3646 est,
3404 3595 3527 3636 eam

1927 3667 2114 3723 delere
2133 3667 2449 3731 innitentes,
2468 3668 2697 3739 implent
2719 3669 3025 3726 Jerusalem
3045 3686 3242 3727 cruore
3257 3686 3526 3728 caesorum

1926 3778 1958 3816 a
1984 3770 2137 3832 porta
2160 3777 2328 3832 usque
2351 3761 2419 3815 ad
2451 3770 2689 3830 portam.
2754 3762 2909 3819 Unde
2950 3764 3215 3819 Dominus
3255 3780 3442 3835 pacem
3472 3775 3528 3822 et

1926 3854 2361 3909 misericordiam
2396 3853 2808 3923 repromittens,
2839 3871 3058 3911 rursum
3086 3871 3207 3913 eam
3231 3857 3530 3913 aediﬁcatu-

1925 3963 2045 4002 rum
2074 3960 2195 4001 esse
2224 3961 2283 4001 se
2309 3944 2459 4000 dicit.
2503 3945 2570 3999 Et
2594 3947 3047 4016 perpendiculum
3075 3948 3188 4003 sive
3216 3946 3522 4004 funiculum

1926 4039 2226 4096 secundum
2268 4053 2554 4095 mensuras
2599 4048 2654 4095 et
2701 4040 2929 4095 ordines
2979 4043 3316 4112 singulorum
3360 4041 3413 4097 in
3465 4057 3528 4098 ea

1926 4148 2052 4191 esse
2081 4133 2434 4189 tendendum.
2465 4133 2607 4202 Quid
2634 4133 2707 4189 sit
2733 4142 2917 4190 autem
2940 4134 3242 4203 funiculus,
3278 4136 3530 4205 sequenti

1925 4229 2163 4299 capitulo
2202 4229 2640 4296 demonstratur,
2686 4229 2775 4283 ubi
2814 4229 2952 4284 dicit
2982 4229 3284 4299 propheta:
3339 4229 3531 4284 Lai-avi

1926 4326 2106 4380 oculos
2136 4342 2274 4380 meos
2304 4335 2352 4379 et
2372 4325 2513 4379 vidi:
2543 4333 2589 4378 et
2617 4340 2733 4378 ecce
2762 4329 2860 4389 vir,
2894 4335 2940 4378 et
2962 4326 3016 4378 in
3050 4341 3207 4378 manu
3239 4328 3348 4397 ejus
3380 4325 3529 4393 {uni-

1925 4421 2071 4475 culus
2100 4437 2413 4475 mensarum.
2458 4418 2745 4487 Templum
2787 4427 2967 4473 autem
3015 4418 3111 4472 Dei
3141 4418 3283 4485 quod
3330 4417 3530 4474 adver-

1925 4513 2052 4568 sarii
2080 4513 2494 4573 destruxerunt,
2526 4518 2705 4578 potest
2728 4519 2777 4561 et
2808 4508 3025 4562 Domini
3050 4508 3372 4564 venerabile
3402 4526 3527 4565 cor-

1929 4621 2030 4674 pus
2071 4604 2301 4673 intelligi
2326 4646 2339 4669 ,
2375 4602 2442 4656 de
2465 4616 2573 4671 quo
2603 4600 2724 4669 ipse
2749 4599 3005 4654 dicebat:
3043 4601 3243 4656 Solvite
3273 4602 3527 4674 templum

1928 4702 2025 4754 hoc
2049 4742 2062 4764 ,
2110 4708 2156 4753 et
2196 4714 2290 4770 ego
2331 4698 2386 4749 in
2433 4694 2605 4748 triduo
2639 4694 2896 4748 suscitabo
2934 4694 3073 4748 illud
3099 4694 3280 4767 (Joan.
3312 4712 3368 4761 ιι,
3408 4694 3523 4765 19).

1925 4791 2079 4861 Quod
2115 4791 2167 4845 in
2197 4789 2453 4860 passione
2482 4787 2845 4849 destructum,
2880 4786 2934 4840 in
2967 4789 3379 4843 resurrectione
3407 4802 3528 4843 sus-

1925 4886 2149 4939 citatum
2174 4891 2277 4946 est,
2300 4890 2356 4935 et
2375 4880 2615 4935 omnium
2639 4878 2965 4948 templorum
2984 4880 3339 4935 seminarium
3366 4889 3528 4946 atque

1921 4978 2213 5034 exordium
2244 4975 2364 5039 fuit,
2396 4974 2466 5029 de
2491 4973 2689 5042 quibus
2718 4982 2773 5027 et
2798 4974 3093 5042 Apostolus
3113 4974 3384 5043 loquitur:
3421 4971 3530 5027 Vos

1924 5072 2045 5125 estis
2068 5067 2319 5139 templum
2351 5064 2487 5128 Dei,
2536 5075 2585 5119 et
2618 5065 2850 5137 Spiritus
2878 5076 3089 5121 sanctus
3135 5066 3331 5121 habitat
3354 5066 3410 5120 in
3440 5081 3532 5119 ro-

1922 5164 1997 5219 bis
2022 5162 2088 5235 (ll
2119 5161 2238 5217 Cor.
2266 5175 2344 5223 vr,
2377 5158 2498 5229 16).

1999 5258 2183 5329 (Vers.
2214 5254 2329 5325 17.)
2361 5254 2545 5309 Adhuc
2561 5253 2728 5306 clama
2745 5253 2921 5307 dicens
2937 5270 2955 5307 :
2982 5253 3114 5308 Htec
3137 5252 3532 5309 dicitDominus

1923 5356 2241 5408 exercituum
2264 5366 2280 5404 :
2300 5349 2473 5404 adhuc
2503 5348 2720 5418 afﬂuent
2743 5347 2971 5400 civitates
2988 5363 3115 5402 mete
3139 5348 3308 5412 bonis;
3331 5357 3378 5403 et
3401 5365 3528 5403 con-

1924 5446 2178 5501 solabitur
2209 5442 2381 5495 adhuc
2408 5439 2667 5495 Dominus
2695 5438 2846 5502 Sion,
2866 5448 2915 5493 et
2932 5440 3084 5512 eliget
3108 5440 3283 5493 adhuc
3304 5439 3531 5495 Jerusa-

1928 5538 2049 5593 lem.
2094 5535 2236 5593 I.XX
2261 5538 2322 5589 :b
2348 5534 2412 5588 Et
2435 5533 2567 5587 dixit
2594 5532 2663 5585 ad
2690 5548 2767 5586 me
2793 5533 3010 5602 angelus
3035 5534 3125 5603 qui
3145 5534 3453 5604 loquebatur
3474 5534 3529 5587 in

1930 5649 2012 5687 me
2041 5648 2059 5686 :
2088 5630 2270 5685 Adhuc
2293 5628 2484 5693 clama,
2509 5625 2725 5679 dicens:
2760 5623 2885 5678 Htec
2921 5625 3050 5681 dicit
3074 5625 3332 5681 Dominus
3361 5629 3530 5681 omni-

1928 5745 2234 5818 loquebatur
2260 5744 2446 5818 iunge,
2488 5754 2611 5818 eum
2644 5741 2695 5818 in
2729 5740 2934 5818 nostris
2963 5756 3094 5818 mss.
3138 5750 3251 5795 tum
3281 5740 3532 5818 _in_Com-

1930 5809 2181 5883 plutensi.
2204 5826 2252 5871 ei
2273 5812 2469 5870 Aldina
2491 5809 2695 5868 Gratius
2722 5812 3123 5879 exemplaribus
3148 5827 3253 5866 non
3281 5810 3509 5871 habetur
