4050 6342
316 275 464 331 149³)

1064 273 1720 333 COMMENTARIORUM
1757 273 1834 332 ΙΝ
1865 270 2278 330 ἏὲῦΒΔΒΙΔΜ
2313 270 2445 328 LIB.
2488 271 2530 328 Ι.
2572 270 2727 328 CAP.
2769 270 2833 328 ll.

3473 277 3612 334 14ῧῦ

313 402 446 456 cras,
478 389 672 444 Levate
690 391 872 444 oculos
891 399 1110 456 vestros,
1140 399 1188 444 et
1212 389 1378 445 uidete
1403 391 1524 458 quis
1540 390 1770 445 ostendit
1796 389 1908 443 hac
1934 390 1986 449 Α
2013 389 2166 456 prius
2185 386 2366 443 oculis
2403 385 2632 444 elevatis
2663 386 2714 442 in
2746 395 2981 456 quatuor
3009 386 3271 446 cornibus
3299 387 3484 446 Histia
3524 391 3608 444 vi-

311 485 484 538 omnia
511 483 667 556 (Isai.
700 498 772 544 ιιι,
809 481 908 554 6}?
935 483 1258 538 Eli-aratione
1289 497 1422 552 ergo
1455 483 1748 538 oculorum
1767 497 1913 552 opus
2005 480 2183 548 derat,
2219 495 2366 537 nunc
2391 494 2618 537 rursum.
2660 479 2849 536 oculos
2892 479 3056 546 levat,
3092 486 3150 536 ut
3180 477 3364 536 videat
3407 481 3606 549 virum,

309 586 389 633 est
414 585 472 633 et
494 577 854 648 intelligentia
873 577 1166 646 spirituali,
1200 585 1262 631 ut
1288 575 1572 630 videamus
1593 574 1904 629 contrarias

308 670 676 733 fortitudines,
698 687 727 738 q
736 685 815 723 ua:
831 677 1018 724 contra
1033 684 1134 722 nos
1147 669 1196 722 el
1205 678 1508 723 evavenmt
1519 683 1695 722 cornu
1705 683 1766 722 su
1775 681 1899 722 nm:

302 772 356 818 et
377 763 448 818 de
461 763 660 834 quibus
676 763 974 834 Aposmlus
994 761 1236 832 loquitur
1257 777 1270 815 :
1297 759 1423 815 Non
1444 760 1682 814 estnobis
1700 758 1902 814 cottae.

300 857 428 909 tatio
444 857 691 911 adversus
717 871 921 909 carnem
931 900 944 924 ,
953 865 1001 909 et-
1016 854 1324 925 sanguinem
1337 869 1356 908 :
1367 853 1456 908 sed
1467 852 1740 907 adversum
1751 852 1902 920 prin—

296 950 521 1019 cipatus,
564 948 834 1002 adversum
874 956 1171 1020 potestates,
1217 947 1490 1001 aduersum
1516 945 1702 999 mundi
1732 944 1896 1013 huius

295 1053 517 1095 rectores
535 1041 861 1096 tenebrarum
891 1042 1134 1108 istarum,
1161 1040 1437 1096 adversum
1465 1039 1772 1112 spiritantia
1804 1054 1896 1094 ne-

291 1135 468 1204 quitia,-
478 1135 532 1188 in
547 1134 1056 1207 caleat-ibuswphes.
1068 1135 1173 1200 ΠΛ
1188 1135 1260 1205 '2).
1270 1135 1380 1190 Hos
1395 1149 1496 1205 qna
1507 1142 1630 1188 tuo-r-
1642 1132 1900 1187 adversa»

289 1229 424 1289 rios.
443 1226 534 1295 qui
563 1236 757 1282 contra
777 1226 1010 1283 Sanctos
1031 1241 1251 1297 semper
1268 1226 1620 1292 dimicabant,
1639 1224 1896 1280 Christus

287 1320 560 1391 oppressit
603 1319 924 1374 adveniens.
959 1318 1023 1373 Et
1055 1318 1124 1374 dte
1156 1318 1244 1373 his
1280 1318 1574 1373 Psalmista-
1611 1317 1890 1388 congemit.

286 1422 382 1467 nat
415 1433 427 1468 :
463 1411 636 1477 Super
657 1412 887 1482 aspidem
928 1421 976 1464 et
1007 1409 1314 1466 basiliscttm
1330 1409 1642 1476 natabulabis,
1676 1419 1728 1463 et
1761 1425 1890 1463 coun-

283 1503 508 1558 cu.’cabis
545 1504 746 1558 leonem
770 1514 818 1556 et
843 1503 1130 1557 draconem
1155 1501 1278 1574 (Ps.
1314 1517 1402 1567 xc,
1434 1501 1552 1572 ἔτι).
1582 1500 1892 1557 Possm

280 1606 514 1665 quatuor
541 1610 772 1661 cornua,
799 1611 924 1665 quae
965 1603 1339 1666 regnaverunt
1383 1603 1582 1650 contra
1621 1594 1884 1664 populum

281 1690 400 1754 Dci,
425 1697 482 1744 et-
503 1698 738 1758 quatuor
768 1690 908 1746 πάθη
931 1691 1202 1757 accipere,
1236 1703 1358 1757 quae
1387 1685 1594 1742 eruditi
1619 1703 1726 1740 una
1759 1700 1884 1740 ves-

2001 572 2080 628 de
2117 589 2224 643 quo
2272 573 2538 642 scriptum
2587 579 2708 628 est:
2740 570 2874 626 Ecce
2916 573 3018 637 vir,
3066 571 3253 628 Oriens
3277 588 3462 628 nomen
3495 576 3610 644 ejus

2003 664 2189 736 (Zaeh.
2232 681 2308 733 vt,
2338 664 2462 735 12);
2507 664 2582 724 de,
2614 680 2724 736 quo
2761 675 2820 722 et
2860 677 3032 736 supra
3070 665 3299 736 legimus
3330 683 3343 719 :
3378 664 3445 724 Et
3491 683 3608 721 ecce

1999 758 2078 813 vir
2124 761 2408 818 ascendens
2451 775 2607 829 super
2658 775 2850 829 equum
2891 759 3106 834 rufum,
3153 770 3199 815 et
3249 760 3417 818 stabat
3471 763 3606 820 inter

1998 860 2219 922 myrteta
2254 868 2372 923 quae
2413 861 2558 906 erant
2598 853 2654 908 in
2701 855 2994 924 profundo,
3034 853 3172 918 sive,
3219 854 3356 907 inter
3405 866 3602 913 montes

1996 942 2264 997 umbrosas
2309 941 2498 1015 (Zach.
2524 957 2564 1006 ι,
2597 942 2680 1014 8):
2729 943 2796 998 Et
2841 943 2910 1002 de
2950 959 3058 1016 quo
3104 943 3270 1004 Pater
3310 944 3598 1016 loquitur:

1997 1036 2102 1094 Hic
2121 1037 2398 1108 rediﬁcaoit
2420 1039 2681 1093 caritatem
2707 1053 2880 1094 nteant
2897 1035 3060 1108 (Heb.
3085 1040 3191 1108 ιιι),
3224 1039 3379 1110 cujus
3404 1041 3599 1098 artifex

1991 1139 2046 1183 et
2077 1131 2350 1195 conditor,
2377 1129 2522 1188 Deus
2551 1139 2656 1186 est.
2689 1129 2789 1187 llic
2814 1139 2869 1186 et
2894 1129 2966 1184 ab.
2994 1129 3284 1187 Ezechiele
3329 1133 3602 1202 cernitur,

1989 1220 2199 1280 habens
2222 1222 2520 1280 funiculum
2545 1223 2600 1278 in
2622 1236 2807 1286 iuanu,
2825 1220 3331 1295 etcalamum793
3345 1223 3413 1279 ad
3439 1239 3563 1280 men
3577 1257 3596 1265 -

1989 1330 2174 1370 suram
2230 1315 2402 1372 cubiti
2445 1315 2654 1380 virilis,
2686 1324 2748 1373 ut
2772 1314 3032 1370 metiatur
3081 1313 3407 1381 Jerusalem,
3440 1317 3598 1386 cujus

1987 1407 2442 1476 descriptionem,
2468 1407 2528 1464 id
2551 1417 2659 1474 est,
2687 1407 3062 1474 latitudinem,
3088 1414 3144 1461 et
3173 1405 3596 1478 longitudinem,

1985 1500 2129 1557 idem
2160 1501 2426 1572 propheta
2451 1501 2690 1576 mystico
2707 1514 2964 1560 sermone
2991 1499 3344 1572 prosequitur
3373 1496 3586 1572 (Ezech.

1982 1594 2096 1659 XL).
2140 1593 2381 1661 Quidam
2420 1603 2614 1664 putant
2648 1593 2754 1650 hoc
2799 1608 2864 1650 ex
2914 1602 3068 1665 parte
3115 1593 3445 1662 completum
3490 1593 3594 1646 sub

1984 1683 2382 1754 ZorobabeLet
2402 1685 2627 1752 Jesu,et
2660 1685 2852 1754 Esdra,
2884 1694 2940 1742 et
2965 1683 3250 1753 Nehemia,
3295 1693 3348 1741 et
3375 1687 3592 1741 caeteris

275 1780 410 1835 bum
435 1781 502 1835 de
533 1779 702 1835 verbo
721 1781 1094 1849 exprimentes
1134 1779 1421 1844 κακοζήλως
1463 1779 1754 1848 passiones,
1781 1777 1882 1834 sed
1912 1777 1958 1838 Β
1983 1778 2214 1834 ducibus
2258 1779 2373 1836 sive
2417 1781 2662 1852 regibus,
2711 1779 2802 1854 qui
2845 1793 3017 1849 usque
3045 1778 3112 1834 ad
3145 1778 3439 1834 adventum
3483 1779 3590 1834 Do-

275 1875 694 1945 perturbationes
722 1874 1175 1943 interpretantur,
1209 1872 1598 1944 aegritudinem
1623 1872 1788 1927 animi
1821 1882 1880 1927 et

273 1967 531 2038 gaudium
565 1985 580 2020 :
609 1968 771 2040 792
800 1967 907 2022 duo
942 1967 1253 2038 praesentia,
1289 1977 1343 2022 et
1368 1966 1478 2021 duo
1509 1966 1712 2032 futura,
1754 1981 1878 2022 me.-

275 2072 388 2116 tum
421 2073 476 2116 et
500 2063 878 2129 cupidi-tatem,
909 2062 988 2118 de
1023 2063 1224 2134 quibus
1261 2072 1320 2118 et
1355 2061 1586 2117 illustris
1615 2071 1770 2132 poeta
1794 2062 1870 2117 si-

271 2155 499 2226 gniﬁcat
525 2154 772 2227 (/Eneid.
806 2157 886 2226 v1).
913 2174 926 2210 :

429 2310 556 2364 Hinc
573 2317 832 2375 metuunt,
853 2313 1174 2377 cupiuntque,
1196 2311 1383 2374 dolent,
1408 2311 1744 2374 gaudentque.

272 2489 573 2544 Adversum
591 2488 708 2553 bas,
723 2493 955 2558 quatuor
973 2485 1131 2548 fabri,
1152 2494 1208 2540 et
1223 2486 1308 2559 (ut
1329 2484 1398 2539 ita
1425 2483 1628 2556 dicam)
1646 2485 1862 2555 medici,

269 2583 508 2652 bonique
527 2581 785 2649 artiﬁces,
807 2597 912 2636 non
931 2589 1234 2636 cernuntur
1255 2595 1284 2634 a
1318 2579 1606 2650 propheta,
1633 2581 1864 2636 necdum

270 2677 413 2731 enim
438 2675 645 2744 absque
659 2675 971 2730 ostensione
990 2674 1082 2730 Dei
1107 2689 1206 2746 per
1228 2688 1396 2730 seeos
1419 2674 1606 2730 videre
1626 2683 1860 2746 poterat,

268 2767 364 2822 sed
381 2766 746 2823 ostenduntur
758 2765 812 2822 ei
825 2783 851 2822 a
869 2767 1120 2836 Domino,
1137 2774 1370 2838 quatuor
1382 2766 1589 2822 scilicet
1605 2768 1860 2833 virtutes,

269 2862 576 2931 prudentia,
603 2862 838 2933 justitia,
865 2861 1148 2930 fortitudo,
1176 2863 1560 2934 temperantia,
1582 2863 1648 2917 de
1667 2863 1864 2933 quibus

269 2956 984 3028 plenissimeinl‘ﬁciorum
1014 2957 1167 3012 libris
1191 2957 1406 3011 Tullius
1435 2956 1698 3029 disputat,
1729 2957 1865 3010 scri-

269 3055 400 3111 bens
420 3056 694 3126 proprium
724 3071 938 3128 quoque
961 3056 1028 3112 de
1057 3067 1289 3127 quatuor
1320 3056 1614 3112 virtutibus
1637 3056 1857 3111 librum.

1980 1871 2114 1925 mini
2147 1871 2456 1930 Salvatoris
2485 1871 2744 1948 populum
2773 1879 3036 1928 rexerant
3066 1869 3258 1926 Israel.
3301 1870 3410 1925 Alii
3433 1885 3584 1938 vero,

1979 1971 2036 2017 et.
2064 1963 2300 2022 maxime
2319 1963 2496 2022 Judaei
2534 1965 2586 2022 in
2619 1963 2769 2019 mille
2801 1977 3074 2020 annorum
3103 1976 3274 2034 regno
3306 1963 3582 2033 interpre-

1979 2066 2184 2125 tantur,
2215 2060 2540 2129 corporales.
2563 2058 2878 2132 corporalia
2925 2059 3294 2136 requirentes.
3347 2057 3580 2114 Nostro-

1974 2166 2100 2206 rum
2134 2162 2315 2210 autem
2349 2153 2597 2223 plerique
2645 2149 2892 2214 referunt
2921 2150 2986 2211 ad
3018 2150 3301 2208 eoelesrem
3353 2152 3578 2208 Jerusa-

1971 2245 2102 2311 lem,
2136 2255 2192 2302 et
2216 2247 2368 2304 hanc
2385 2246 2574 2306 dicunt
2598 2247 2804 2308 iterum
2822 2245 3210 2306 exstruendam
3229 2289 3244 2312 ,
3271 2261 3391 2319 qua:
3423 2247 3577 2303 ruina

1973 2339 2275 2398 animarum
2304 2342 2672 2411 peccatricem
2716 2341 2900 2400 fuerat
2935 2339 3217 2396 deSIituta.
3261 2339 3376 2402 Hoc.
3403 2341 3577 2396 haere-

1972 2431 2072 2486 tici.
2097 2432 2458 2502 suspicentur.
2479 2432 2753 2494 Caeterum
2785 2448 2892 2492 nos.
2915 2441 3164 2490 montem.
3191 2431 3347 2498 Sion,
3387 2443 3442 2490 et
3464 2450 3573 2488 ma-

1974 2532 2112 2580 trem
2142 2526 2550 2596 primitivtu-um
2585 2537 2749 2599 atque
2787 2535 3108 2586 sanctorum
3153 2528 3579 2598 interpretemur

1972 2614 2294 2684 Ecclesium,
2328 2635 2449 2690 qua:
2471 2618 2742 2680 nidiﬁcant
2771 2627 2858 2678 est
2890 2618 2942 2674 in
2967 2617 3226 2688 passione
3266 2618 3481 2674 Domini
3521 2631 3574 2676 et

1972 2710 2396 2782 resurrecturus,
2433 2722 2495 2768 et.
2513 2712 2759 2789 quotidie
2786 2711 3090 2768 mdiﬁcatur
3115 2713 3183 2768 ab
3205 2714 3390 2784 eo-qui
3421 2717 3582 2772 novit

1969 2816 2284 2869 mensuras,
2305 2814 2362 2862 et
2401 2808 2596 2864 merita
2639 2805 3005 2878 singulorum.
3051 2804 3206 2876 Quod
3237 2806 3303 2862 de
3327 2805 3573 2862 Ecclesia

1967 2892 2226 2966 diximus,
2275 2904 2454 2970 potest
2478 2908 2533 2958 et
2556 2897 2626 2954 de
2654 2898 2945 2958 autimabus
2988 2899 3164 2968 accipi
3207 2901 3572 2970 credentium,

1966 3002 2086 3056 quae
2117 2989 2362 3061 quotidie
2390 2989 2731 3048 testiﬁcantur
2759 3005 2788 3044 a
2818 2989 3078 3057 Domino,
3117 2999 3171 3046 et
3205 3000 3436 3048 cernunt
3470 3008 3564 3064 pa-

1965 3094 2088 3138 cem
2116 3081 2234 3152 ejus
2265 3098 2388 3156 qua:
2417 3084 2678 3152 apostolis
2704 3093 2790 3144 est
2813 3085 3024 3144 relicta.

265 3151 366 3216 Qui
385 3166 514 3254 ergo
530 3151 655 3254 vitia
676 3149 984 3254 destruunt,
1000 3151 1227 3254 virtutes
1252 3149 1934 3254 aediﬁcant,.omttesquec
2036 3149 2217 3243 (γεξει
2250 3149 2492 3248 ίεεψις)
2537 3173 2607 3234 El
2647 3192 2762 3236 eo“
2796 3177 3017 3248 angelus
3051 3177 3139 3254 qm-
3169 3177 3474 3252 ‘oquebmm
3511 3181 3571 3242 in

263 3243 439 3298 sancti
460 3284 484 3310 ,.
536 3243 627 3312 qui
684 3241 798 3297 haec
858 3241 1099 3299 remedia
1155 3241 1500 3314 possidentes
1553 3241 1858 3296 instaurant

262 3349 478 3404 semper
510 3335 832 3400 Ecclesium,
864 3335 998 3390 fabri
1049 3336 1356 3406 appellandi
1406 3345 1552 3389 sunt.
1601 3332 1756 3389 Unde
1804 3344 1860 3388 et

262 3429 554 3498 Apostolus
586 3429 944 3499 loquebatur:
981 3429 1147 3497 Quasi
1167 3430 1376 3500 sapiens
1397 3427 1709 3482 architectus
1737 3427 1855 3498 fun-

260 3521 559 3575 damentum
603 3522 750 3592 posui
793 3521 835 3594 (l
870 3522 996 3579 Cor.
1024 3539 1108 3587 tu,
1141 3522 1252 3594 10).
1285 3523 1347 3577 Et
1389 3523 1554 3576 iratus
1593 3521 1860 3582 Dominus

258 3617 328 3672 de
369 3617 673 3671 .lerus:tlem
704 3617 1007 3672 ablaturum
1035 3633 1158 3674 esse
1207 3635 1267 3674 se
1313 3618 1445 3674 dicit
1491 3617 1850 3674 architectum

257 3717 313 3764 et
337 3711 512 3764 virmn
545 3709 845 3779 sapientem
888 3709 1042 3781 (Isai.
1068 3712 1172 3781 ιιι).
1203 3710 1272 3766 Ει
1298 3712 1412 3782 ipse
1437 3712 1724 3779 Dominus,
1757 3712 1852 3767 Dei

255 3803 646 3874 omnipotentis
682 3803 856 3859 Filius
893 3815 946 3858 et
989 3801 1264 3859 Creatoris
1305 3805 1414 3878 [AL
1443 3805 1696 3881 Creator]
1727 3823 1848 3864 om-

255 3896 426 3960 nium,
451 3894 588 3950 fabri
620 3893 762 3951 ﬁlius
791 3897 1116 3965 appellatur.
1149 3896 1279 3968 Legi
1306 3899 1358 3952 in
1382 3899 1662 3969 cujusdam
1687 3901 1850 3956 Com-

259 3987 580 4056 mentariis,
634 3997 868 4059 quatuor
915 3989 1136 4058 fabros,
1182 4000 1416 4060 quatuor
1473 3992 1850 4065 Evangelistas

253 4081 502 4151 intelligi,
536 4082 628 4152 qui
661 4097 982 4152 oppressum
1021 4083 1303 4152 Israelem,
1337 4099 1560 4140 sensum
1595 4087 1849 4146 videlicet

253 4173 530 4228 videntem
565 4175 758 4242 Deum,
807 4183 863 4230 et
909 4173 1102 4230 Judam
1137 4174 1428 4231 Dominum
1466 4178 1850 4246 conﬁtentem,

252 4263 632 4320 ethrusalem
689 4265 955 4322 visionem
1011 4268 1182 4338 pacis,
1221 4268 1273 4323 in
1325 4269 1611 4338 pristinam
1658 4269 1847 4328 sedem

249 4357 565 4425 restituant,
611 4367 668 4413 et
708 4376 844 4430 quos
876 4361 1129 4416 vitiOrum
1161 4372 1353 4434 gentes
1386 4364 1756 4434 diSpersei-ant
1777 4365 1844 4421 de

248 4457 516 4522 Ecclesia,
558 4471 655 4528 per
701 4458 1142 4528 praedicationem
1184 4461 1468 4532 Evangelii
1495 4471 1838 4532 retraxerunt

249 4550 314 4604 ad
343 4548 606 4604 salutem.
1345 4530 1360 4532 ἡ
1695 4530 1717 4542 ’

319 4642 472 4714 (Cap.
506 4642 568 4698 li.
598 4642 844 4700 —_—Vcrs.
879 4644 934 4711 1,
964 4642 1044 4712 2.)
1080 4643 1336 4700 Et'letuwi
1377 4645 1553 4700 oculos
1592 4663 1752 4713 meos,
1792 4658 1842 4706 et

248 4735 354 4788 vidi
378 4751 397 4789 :
429 4745 478 4789 et
499 4753 634 4804 _ecce
687 4737 784 4804 vir,
817 4746 863 4791 et
906 4739 958 4791 in
987 4753 1148 4792 manu
1184 4741 1295 4811 ejus
1325 4739 1590 4810 funiculus
1634 4758 1839 4798 menso-

245 4845 382 4882 rum.
415 4827 486 4882 Et
507 4829 620 4884 dixi
651 4847 670 4885 :
703 4829 816 4896 Quo
858 4839 912 4885 tu
947 4832 1129 4887 vadis?
1155 4830 1224 4887 Et
1246 4833 1382 4886 dixit
1411 4833 1481 4888 ad
1507 4850 1612 4902 me,
1643 4841 1698 4889 ut
1728 4852 1836 4892 me-

245 4926 343 4979 tiar
367 4922 683 4988 Jerusalem,
712 4934 759 4978 et
796 4925 1000 4981 videam
1034 4937 1229 4998 quanta
1265 4929 1330 4981 sit
1376 4927 1598 4984 latitudo
1621 4932 1760 5004 ejus,
1789 4939 1838 4984 et

245 5027 437 5087 quanta
475 5016 745 5088 longitudo
785 5021 898 5090 ejus
936 5017 1044 5091 [AL
1085 5019 1305 5073 altitudo
1346 5019 1534 5093 illius].
1561 5020 1742 5078 LXX:
1771 5022 1838 5078 Et

245 5110 401 5162 levari
433 5111 612 5164 oculos
639 5127 800 5176 nteos,
846 5120 892 5164 et
940 5113 1044 5166 ridi
1075 5129 1091 5165 ε
1123 5122 1169 5168 et
1212 5130 1328 5169 ecce
1369 5115 1470 5182 rir,
1491 5126 1540 5170 et
1584 5118 1637 5170 in
1681 5133 1840 5171 manu

243 5203 354 5271 ejus
403 5201 674 5269 funiculus
720 5213 1015 5273 geometrae,
1060 5212 1107 5260 et
1150 5205 1261 5260 dimi
1300 5208 1370 5260 ad
1411 5225 1528 5262 eum
1565 5224 1584 5264 .'
1622 5208 1738 5277 Quo
1783 5221 1840 5266 tu

243 5293 418 5348 radis?
446 5293 512 5348 Et
541 5295 674 5349 dixit
707 5297 776 5348 ad
807 5313 904 5362 me,
941 5306 994 5350 ut
1030 5297 1271 5353 dimetiar
1310 5299 1621 5368 Jerusalem,
1675 5314 1720 5357 et
1762 5305 1833 5357 tti-

243 5385 390 5438 deam
415 5396 612 5456 quanta
640 5388 704 5441 sit
731 5389 952 5444 latitudo
981 5395 1117 5465 ejus,
1137 5401 1183 5448 et
1203 5403 1399 5463 quanta
1429 5396 1718 5466 longitudo.
1734 5396 1835 5462 Qui

245 5705 256 5716 .
316 5629 688 5718 O‘an‘dotse
734 5633 1126 5718 in__participio
1180 5642 1394 5710 legebat
1441 5643 1839 5718 Hieronymus,

241 5705 390 5784 juxta
425 5705 742 5784 bodiernam
777 5705 1697 5784 Massoretbicam'punctatiouem',
1745 5705 1838 5775 sed

243 5775 392 5829 Jatstt
417 5778 531 5832 sive
560 5773 690 5830 Jasa
720 5792 870 5835 more
905 5793 1038 5851 suo,
1081 5784 1136 5839 in
1168 5773 1469 5859 praeterito,
1504 5773 1590 5850 uti
1609 5773 1697 5848 ex.
1734 5773 1840 5852 ﬁde.

1962 3281 2056 3329 me,
2092 3266 2486 3338 egrediebatur;
2517 3277 2566 3324 et
2591 3269 2809 3339 angelus
2837 3269 2981 3324 alius
2999 3271 3362 3341 egrediebatur
3383 3273 3437 3326 in
3475 3288 3563 3327 oc-

1960 3374 2168 3414 cursum
2194 3361 2326 3433 ejus,
2368 3370 2415 3418 et
2441 3360 2576 3418 dixit
2609 3361 2678 3416 ad
2703 3379 2820 3416 cum
2853 3361 3084 3436 :Curre,
3113 3363 3318 3436 loquere
3342 3365 3412 3418 ad
3434 3381 3563 3440 pue-

1956 3467 2074 3504 rum.
2119 3451 2292 3518 istum,
2325 3451 2540 3509 dicens:
2573 3455 2776 3524 Absque
2814 3471 2960 3512 muro
3003 3455 3322 3512 habitabitur
3349 3455 3560 3512 Jerusa-

1957 3543 2082 3610 lem,
2105 3561 2215 3613 pra:
2233 3545 2568 3606 multitudine
2591 3549 2854 3606 hominum
2873 3559 2922 3610 et
2927 3553 3286 3622 jumentorum
3315 3551 3367 3604 in
3388 3552 3558 3606 medio

1956 3636 2086 3704 ejus.
2120 3635 2187 3690 Et
2226 3653 2318 3708 ego
2352 3654 2438 3692 ero
2467 3639 2532 3704 ei,
2562 3642 2636 3693 ait
2676 3639 2952 3706 Dominus,
2985 3656 3166 3695 murus
3204 3641 3339 3712 ignis
3369 3642 3422 3696 in
3449 3643 3556 3695 cir-

1954 3728 2120 3795 cuitu,
2154 3738 2201 3786 e:
2233 3730 2285 3782 in
2311 3729 2481 3804 gloria
2512 3747 2597 3784 ero
2642 3731 2698 3784 in
2736 3733 2903 3786 medio
2948 3733 3084 3803 ejus.
3125 3731 3271 3788 LXX
3303 3750 3316 3786 :
3349 3733 3417 3786 Et
3444 3751 3560 3789 ecce

1953 3820 2168 3892 angelus
2194 3822 2283 3892 qui
2327 3820 2631 3892 loquebatur
2659 3823 2710 3875 in
2749 3838 2830 3876 me
2857 3823 3046 3891 stabat,
3083 3834 3126 3878 et
3173 3824 3388 3898 angelus
3419 3825 3558 3879 alius

1952 3914 2311 3985 egrediebatur
2333 3916 2386 3969 in
2409 3931 2686 3972 occursum
2706 3918 2842 3990 ejus,
2875 3926 2920 3970 et
2945 3916 3078 3971 dixit
3105 3916 3174 3971 ad
3197 3933 3312 3970 eum
3339 3917 3513 3972 dicens
3539 3935 3556 3972 :

1951 4005 2114 4062 Curre
2137 4017 2188 4066 et
2217 4007 2427 4078 loquere
2453 4007 2846 4066 adolescentulo
2873 4009 2974 4075 illi,
3025 4009 3201 4064 dicens
3225 4025 3242 4066 :,
3272 4007 3557 4086 Frugifera

1951 4101 2265 4157 habitabitur
2303 4101 2601 4160 Jerusalem
2639 4121 2676 4162 a,
2715 4103 3041 4158 multitudine
3083 4105 3350 4157 hominum
3393 4115 3440 4158 et
3462 4108 3557 4177 ju-

1949 4204 2238 4254 mentorunt
2273 4197 2328 4250 in
2357 4198 2525 4256 medio
2551 4199 2684 4274 ejus.
2719 4197 2788 4254 Et
2819 4213 2914 4269 ego
2944 4214 3032 4252 ero
3060 4197 3161 4265 illi,
3201 4199 3329 4253 dicit
3368 4197 3555 4254 Domi-

1948 4307 2072 4358 nus,
2090 4307 2266 4348 murus
2293 4291 2430 4365 ignis
2451 4292 2512 4348 in
2528 4292 2782 4362 circuitu,
2803 4300 2850 4346 et
2875 4293 2928 4346 in
2951 4291 3172 4364 gloriam
3194 4307 3282 4346 ero
3309 4293 3361 4345 in
3383 4293 3552 4348 medio

1946 4389 2086 4458 ejus.
2110 4385 2380 4461 Angelum
2401 4387 2498 4462 qui
2521 4386 2848 4460 loquebatur
2875 4387 2928 4442 in
2958 4385 3248 4462 prapbeta,
3282 4396 3334 4441 et
3357 4387 3554 4456 stabat,

1945 4479 2060 4532 sive
2091 4487 2149 4534 ut
2175 4480 2228 4534 in
2260 4478 2530 4536 Hebraico
2558 4478 2774 4554 legitur,
2803 4477 3180 4548 egrediebatur,
3213 4485 3240 4526 α
3269 4477 3378 4542 hoc
3401 4478 3546 4533 enim

1869 4562 2218 4642 Dsigniﬁcat
2243 4569 2376 4626 Jasa
2404 4569 2578 4644 (uxr),
2609 4569 2823 4628 Hebraei
2863 4567 3183 4624 Michaelem
3225 4577 3440 4644 putant.
3482 4570 3552 4625 Et

1947 4663 2188 4720 alterum
2212 4663 2466 4736 angelum
2489 4663 2580 4734 qui
2604 4661 2987 4740 egrediebatur
3009 4671 3066 4716 et
3093 4663 3346 4726 veniebat
3376 4664 3428 4718 in
3458 4681 3551 4720 oc-

1947 4769 2163 4809 cursum
2196 4754 2338 4824 ejus,
2365 4753 2673 4810 Gabrielem
2704 4755 3076 4826 suspicantur,
3101 4755 3190 4826 qui
3219 4747 3458 4828 loquitur
3479 4757 3544 4812 ad

1946 4847 2286 4916 Micltaelem,
2319 4856 2376 4906 ut
2415 4847 2676 4920 loquatur
2715 4847 2994 4918 prOpbeta:
3016 4889 3032 4914 ,
3072 4857 3328 4919 quantam
3361 4863 3543 4904 rerum

1945 4939 2194 4994 omnium
2214 4938 2624 5004 abundantiam,
2647 4948 2702 4996 et
2725 4939 3129 5003 multitudinem
3162 4939 3462 5006 hominum,
3493 4951 3552 5006 et,

1939 5032 2336 5101 jumentorum,
2378 5031 2808 5104 ﬁrmitatemque
2847 5049 3130 5088 murorum
3181 5033 3429 5088 habitura
3478 5035 3550 5102 sit

1943 5125 2271 5190 Jerusalem,
2305 5139 2424 5200 qua:
2455 5124 2507 5182 in
2535 5125 2950 5198 praesentiarum
2986 5139 3157 5200 usque
3187 5124 3252 5179 ad
3278 5124 3542 5206 favillam,

1943 5224 2002 5272 et
2029 5217 2246 5274 cineres
2273 5215 2520 5274 videatur
2551 5232 2673 5276 esse
2706 5216 3012 5272 destructa.
3050 5215 3161 5272 Nos
3189 5226 3368 5272 autem
3391 5217 3547 5294 juxta

1943 5310 2282 5380 spiritualem
2312 5311 2476 5383 ’194¹
2496 5326 2741 5376 sensum,
2775 5310 2889 5365 haec
2912 5309 3094 5365 onmla
3119 5311 3547 5380 interpretemur

1945 5405 2000 5460 in
2033 5403 2304 5474 Ecclesia,
2331 5421 2458 5478 quae
2485 5405 2694 5480 absque
2724 5420 2882 5468 muro
2906 5450 2919 5474 ,
2955 5405 3071 5461 sive
3103 5413 3160 5459 ut
3196 5405 3547 5486 Septuaginta

1949 5653 2192 5706 omnium
2231 5667 2364 5709 mss.
2406 5655 2652 5710 codicum
2679 5654 3022 5723 exploratum
3053 5651 3217 5712 nobis
3254 5663 3360 5712 est.
3399 5654 3547 5722 Editi

1949 5723 2130 5794 legunt
2154 5733 2278 5800 uiti?
2299 5740 2424 5800 cum
2448 5725 2914 5800 hhattem,pleno,
2937 5723 3066 5800 sive
3089 5738 3220 5800 cum
3243 5740 3364 5793 vss,
3396 5729 3542 5800 quad

1949 5811 2056 5850 non
2086 5796 2342 5867 exprimit
2369 5799 2648 5871 exemplar
2669 5795 3140 5856 Iliassoretbicum.
3171 5795 3348 5854 MA“.
