4050 6342
523 296 658 353 1451

1782 286 1839 344 S.
1881 284 2152 344 EUSEBII
2189 285 2574 343 ﬂlERONYMI

3677 294 3795 351 “32

521 410 938 477 transtulerunt,
986 411 1336 484 κατάκαρπος,
1376 408 1427 463 id
1471 416 1576 474 est,
1622 405 1833 475 frugum
1879 402 2121 459 omnium
2150 402 2200 463 A
2229 401 2481 457 liaverunt
2521 419 2610 458 vos
2633 419 2650 457 :
2676 404 2763 474 qui
2794 404 2929 458 enim
2960 403 3182 478 tetigerit
3219 420 3328 470 vos,
3358 406 3523 480 tangit
3570 407 3797 479 ρυρῑιιαα

521 506 855 563 abundantia
901 504 1195 571 habitetur,
1247 512 1301 559 et
1353 502 1552 558 habeat
1592 497 1991 554 multitudinem
2025 496 2124 552 ho-

526 602 755 665 minum,
785 616 848 655 ac
869 600 1266 669 jumentorum,
1299 607 1353 653 et
1386 596 1646 651 Dominus
1673 595 1812 664 ignis
1838 592 1907 648 sit
1936 592 1988 647 in
2019 594 2125 647 eir-

524 701 674 754 cuitu
702 697 840 766 ejus,
873 704 927 750 et
955 696 1073 766 ipse
1098 694 1153 748 in
1181 693 1364 749 medio
1388 693 1534 747 illius
1563 699 1815 746 versetur
1846 689 1898 742 in
1929 686 2121 758 gloria.

524 789 630 844 lsta
663 798 749 845 est
778 787 964 843 civitas
993 786 1061 842 de
1089 803 1191 854 qua
1222 786 1348 841 alibi
1381 785 1615 855 legimus
1648 801 1661 836 :
1695 780 1937 835 Gloriosa
1985 780 2123 833 dicta

523 892 639 937 sunt
669 883 733 936 de
760 890 827 945 te,
874 882 1055 934 civitas
1091 877 1191 933 Dei
1222 878 1347 947 (Ps.
1382 894 1598 940 uxxvt.
1644 878 1725 944 2).
1758 876 1825 930 Et
1858 890 2073 930 rursum
2107 891 2120 928 :

526 973 755 1044 Magnus
801 970 1048 1025 Dominus
1079 981 1125 1023 et
1156 969 1433 1023 laudabilis
1472 970 1645 1037 nimis,
1698 969 1748 1021 in
1789 968 1992 1020 civitate
2030 965 2127 1019 Dei

524 1066 707 1129 nostri,
742 1065 793 1118 in
835 1072 1005 1117 monte
1042 1072 1222 1116 sancto
1250 1064 1363 1133 ejus
1387 1060 1507 1133 (Ps.
1538 1075 1629 1123 vn,
1671 1058 1745 1128 1).
1787 1058 1842 1112 ln
1876 1056 1974 1111 hac
2004 1057 2127 1126 qni-

524 1173 758 1229 eumque
798 1158 1025 1223 habitat,
1056 1156 1236 1211 dicere
1265 1164 1442 1226 potest
1472 1173 1483 1208 :
1516 1153 1629 1225 Ego
1658 1164 1831 1207 autem
1869 1153 1999 1206 sicut
2029 1151 2125 1205 oli-

525 1272 586 1308 va
637 1256 895 1327 frugifera
946 1255 1002 1307 in
1033 1254 1185 1306 domo
1220 1251 1318 1307 Dei
1363 1250 1481 1321 (Ps.
1515 1266 1586 1318 LI,
1638 1250 1751 1318 10).
1788 1247 1851 1302 Et
1885 1264 1898 1299 :
1950 1245 2127 1299 Domi-

525 1365 623 1401 nus
660 1348 787 1418 regit
822 1364 921 1413 me,
955 1357 999 1399 et
1029 1344 1161 1399 nihil
1190 1345 1317 1397 mihi
1345 1344 1505 1396 deerit
1536 1359 1552 1394 :
1584 1343 1634 1395 in
1674 1342 1786 1395 loco
1810 1354 2016 1412 pascute
2054 1336 2125 1391 ibi

524 1459 605 1495 me
655 1440 946 1495 collocavit.
1005 1438 1174 1509 Super
1222 1454 1378 1507 aquas
1429 1434 1725 1507 refectionis
1769 1431 2009 1486 educarit
2045 1447 2125 1485 me

524 1535 647 1607 (Ps.
678 1551 808 1597 χχιι,
838 1536 912 1605 1).
952 1534 1017 1587 Et
1046 1530 1398 1596 habitabitur,
1428 1528 1623 1598 inquit,
1666 1526 1969 1582 Jerusalem
2014 1539 2126 1593 prin

523 1628 871 1683 multitudine
904 1626 1182 1681 hominum
1216 1632 1270 1678 et
1294 1624 1661 1693 jumentorutn
1704 1621 1908 1691 absque
1948 1634 2123 1683 muro,

523 1722 638 1776 sive
670 1722 882 1791 frugum
915 1720 1154 1773 omnium
1181 1715 1536 1772 abundantia.
1570 1713 1824 1782 Quidam,
1874 1712 2124 1767 homines

2230 498 2365 550 oculi
2401 497 2533 568 ejus.
2575 497 2712 565 Quia
2758 513 2874 552 ecce
2914 515 3008 568 ego
3048 500 3159 554 levo
3201 516 3414 554 manum
3456 516 3623 554 meam
3671 518 3802 575 super

2227 606 2334 655 eos,
2366 600 2412 645 et
2443 601 2595 645 erunt
2625 591 2816 662 praeda:
2841 592 2923 648 Itis
2950 596 3040 665 qui
3078 595 3360 650 serviebant
3396 595 3517 660 sibi,
3551 605 3598 649 et
3637 613 3803 669 cogno-

2228 684 2376 738 scetis
2405 685 2527 755 quia
2562 681 2820 740 Dominus
2849 687 3168 741 exercituum
3194 688 3332 742 misit
3362 705 3465 743 me.
3494 688 3634 744 LXX
3667 708 3679 743 :
3713 689 3752 745 0
3779 708 3802 746 ο

2228 775 2391 845 fugite
2422 775 2486 829 de
2512 784 2646 829 terra
2674 777 2967 844 Aquilonis,
3000 779 3130 833 dicit
3152 778 3431 844 Dominus,
3472 781 3595 851 quia
3622 783 3683 836 de
3699 799 3807 852 qua-

2227 877 2344 922 tuor
2363 870 2523 923 vcntis
2544 869 2657 923 caeli
2678 870 2999 940 congregabo
3026 888 3132 936 vos,
3154 872 3283 925 dicit
3305 871 3580 926 Dominus.
3608 870 3671 925 In
3695 874 3806 930 Sion

2226 961 2518 1031 salvamini,
2546 963 2634 1031 qui
2668 962 2911 1017 habitatis
2935 964 3102 1033 ﬁliam
3130 963 3237 1036 [AL
3267 965 3322 1019 in
3356 964 3496 1037 ﬁlia]
3525 963 3803 1038 Babylonis.

2228 1055 2359 1110 Hcce
2396 1058 2527 1110 enim
2572 1057 2699 1111 dicit
2743 1057 3001 1112 Dominus
3031 1059 3355 1131 omnipotens
3396 1076 3416 1114 :
3452 1069 3567 1132 post
3615 1061 3807 1131 gloriam

2229 1149 2368 1203 misit
2397 1166 2475 1205 me
2502 1149 2571 1203 ad
2593 1160 2767 1222 gentes
2796 1167 2913 1222 qua:
2951 1152 3303 1223 spoliaverunt
3333 1169 3419 1209 ros
3449 1169 3468 1207 .'
3497 1154 3619 1223 quia
3648 1156 3729 1222 qui
3751 1166 3809 1211 te-

2229 1243 2399 1313 tigerit
2445 1260 2551 1308 vos,
2601 1245 2752 1314 quasi
2803 1256 2825 1283 ο
2858 1246 2945 1315 qui
2986 1255 3163 1318 tangat
3210 1247 3467 1319 pupillam
3519 1248 3655 1302 oculi
3683 1252 3811 1323 ejus:

2230 1332 2365 1389 Ecce
2403 1353 2497 1405 ego
2542 1337 2762 1407 inferam
2796 1354 3008 1392 manum
3052 1355 3214 1393 meam
3255 1357 3412 1410 super
3459 1357 3568 1405 eos.
3603 1352 3649 1396 et
3685 1354 3810 1398 erunt

2230 1429 2424 1498 pra’dte
2445 1428 2528 1483 his
2567 1430 2654 1499 qui
2696 1430 2976 1485 servierant
3014 1433 3108 1495 eis,
3140 1441 3187 1486 et
3232 1434 3552 1503 cognoscetis
3579 1434 3695 1504 quia
3724 1434 3811 1489 Do-

2229 1522 2400 1576 minus
2428 1522 2749 1594 omnipotens
2780 1524 2922 1579 misit
2959 1541 3057 1579 me.
3093 1524 3269 1595 Plaga:
3297 1526 3470 1593 orbi~,
3496 1542 3633 1597 quas
3656 1528 3810 1585 Graeci

2228 1615 2505 1685 appellant
2530 1616 2771 1687 κλίματα,
2797 1616 2949 1685 juxta
2981 1617 3146 1672 situm
3172 1618 3480 1675 JeruSalem
3515 1621 3811 1691 intelligun-

2228 1717 2317 1763 tur
2336 1719 2387 1763 et
2428 1709 2638 1779 templi.
2671 1709 2881 1781 Assyrii
2909 1725 3043 1781 ergo
3069 1721 3123 1766 et
3152 1712 3459 1783 Babylonii,
3493 1712 3588 1784 qui
3616 1713 3707 1769 Dei
3735 1730 3813 1786 po-

523 1824 577 1871 et
606 1814 851 1884 jumenta
881 1813 1019 1867 duos
1051 1810 1279 1881 populos
1320 1811 1769 1879 interpretantur,
1815 1805 2127 1861 Judaeorum
2157 1802 2205 1862 Β
2237 1803 2421 1872 pulum
2446 1814 2824 1870 vastaverunt,
2858 1804 3102 1861 habitant
3125 1807 3177 1861 in
3211 1816 3355 1862 terra
3392 1808 3697 1878 Aquilonis.
3720 1810 3810 1866 De-

524 1917 684 1979 atqne
709 1907 1028 1973 Gentilium,
1060 1905 1205 1976 quod
1235 1904 1310 1959 illi
1339 1903 1430 1973 qui
1472 1903 1525 1957 in
1556 1903 1698 1973 Lege
1726 1901 1926 1956 versati
1960 1916 2125 1956 vene-

522 2004 631 2057 rint
677 2003 742 2056 ad
777 2002 933 2056 (idem
968 1998 1203 2064 Christi,
1243 1998 1491 2052 homines
1525 1995 1784 2066 appellati
1814 1994 1923 2049 sint
1969 2011 1982 2046 :
2028 2008 2126 2049 nos

522 2110 702 2153 autem
737 2098 823 2168 qui
852 2105 971 2166 post
1000 2094 1364 2149 idololatriam
1389 2093 1545 2163 quasi
1571 2092 1621 2144 in
1648 2089 1868 2145 deserto
1892 2087 2051 2157 Legis
2072 2098 2126 2143 et

523 2190 815 2247 solitudine
860 2188 1061 2243 fuimus
1107 2187 1520 2257 pr0plietarum,
1553 2193 1609 2239 et
1653 2185 1773 2254 ejus
1822 2183 2128 2251 recepimus

526 2285 857 2356 passionem,
895 2282 1136 2352 jumenta
1167 2279 1273 2335 dici
1307 2279 1623 2335 debeamus.
1667 2276 1777 2332 Alii
1822 2283 2003 2331 autem
2043 2290 2128 2330 ra-

522 2376 814 2433 tionabiles
837 2389 1083 2445 quosque
1107 2381 1161 2428 et
1188 2373 1590 2442 Seripturarum
1612 2369 1852 2427 eruditos
1874 2367 2124 2437 scientia,

526 2468 779 2523 homines
826 2467 1051 2537 intelligi
1102 2465 1296 2520 volunt
1339 2484 1351 2521 :
1389 2465 1638 2535 jumenta
1686 2478 1820 2519 vero
1851 2462 2129 2532 simplices

524 2578 776 2633 quosque
804 2560 1171 2625 credentium,
1200 2570 1254 2615 et
1283 2559 1350 2615 de
1383 2560 1466 2615 his
1497 2558 1603 2614 dici
1637 2575 1649 2612 :
1682 2557 1933 2612 Homines
1961 2561 2127 2628 etjn-

525 2664 698 2708 menta
734 2652 905 2707 salvos
928 2653 1088 2724 facies
1118 2651 1228 2723 (Al.
1262 2650 1534 2723 salvebis),
1572 2649 1795 2705 Domine
1817 2647 1939 2717 (Ps.
1962 2665 2125 2719 xxxv,

527 2750 605 2818 7).
656 2748 783 2802 Hu'c
826 2747 1094 2816 jnmenta,
1146 2753 1201 2799 et
1238 2744 1356 2801 hazc
1405 2744 1701 2799 animantia
1744 2742 2129 2798 audiuntboni

524 2841 762 2913 pastoris
793 2856 1005 2903 vocem,
1047 2848 1101 2895 et
1131 2848 1488 2911 cognoscunt,
1529 2847 1584 2894 et
1624 2846 1926 2909 sequuntur
1952 2853 2074 2893 eum
2107 2853 2121 2892 :

523 2933 619 3004 qui
664 2935 781 3002 ipse
828 2941 999 2989 estet
1033 2943 1238 3003 pastor.
1273 2933 1398 3004 quia
1444 2933 1581 3003 regit
1613 2947 1751 2996 nos;
1806 2942 1860 2987 et
1903 2929 2127 2997 ostium,

524 3029 650 3099 quia
684 3043 780 3097 per
821 3027 972 3080 illum
1010 3027 1064 3081 in
1097 3025 1420 3091 Ecclesium,
1451 3034 1506 3081 et
1537 3024 1604 3080 ad
1642 3024 1859 3080 Patrem
1892 3022 2133 3094 ingredi-

527 3135 652 3173 mur
699 3117 880 3190 (Joan.
914 3119 1002 3186 x);
1034 3126 1090 3173 et
1128 3132 1314 3173 murus
1346 3116 1485 3185 ignis
1525 3115 1580 3171 in
1621 3115 1871 3182 circuitu,
1912 3124 1971 3170 ut
2013 3131 2129 3171 cre-

2231 1896 2392 1965 nique
2432 1896 2484 1950 in
2529 1895 2764 1952 Jeremia
2795 1897 2951 1969 (Cap.
2986 1897 3026 1969 l)
3051 1944 3065 1967 ,
3100 1900 3206 1954 olla
3237 1917 3357 1971 qua:
3393 1902 3552 1971 juxta
3586 1902 3811 1960 Ezechiel

2232 1985 2386 2058 (Cap.
2434 1987 2587 2059 μιν)
2631 1989 2786 2059 plena
2836 2000 2919 2046 est
2961 1992 3218 2048 carnibus
3259 1993 3614 2067 (intelligitur
3657 2008 3812 2055 autem

2231 2080 2362 2135 urhs
2389 2080 2711 2154 Jerusalem)
2743 2098 2774 2139 a
2813 2084 2954 2141 facie
2999 2087 3289 2158 Aquilonis
3330 2091 3668 2147 accenditur.
3698 2093 3811 2162 Quia

2231 2174 2394 2245 igitur
2415 2175 2641 2246 angelus
2669 2188 3008 2248 pratceperat
3028 2180 3119 2251 qui
3145 2191 3465 2239 occurrerat
3496 2186 3685 2254 angelo
3705 2200 3812 2257 pro-

2233 2268 2475 2339 phetanti
2512 2271 2562 2323 in
2597 2269 2884 2341 Zacharia,
2920 2283 2978 2327 ut
3010 2274 3327 2346 loqueretur
3353 2277 3423 2332 ad
3471 2292 3696 2349 puerum
3738 2280 3814 2352 (ad

2232 2366 2700 2435 comparationem
2729 2368 2872 2422 enim
2896 2369 3160 2440 angelica:
3187 2370 3496 2443 dignitatis,
3529 2373 3703 2430 omnis
3729 2373 3814 2430 hu-

2234 2474 2389 2514 mana
2417 2468 2609 2515 natura
2632 2462 2865 2532 pueritia
2896 2478 3261 2532 nuncupatur,
3285 2469 3410 2539 quia
3445 2485 3560 2526 non
3589 2470 3751 2541 angeli
3771 2472 3814 2528 in

2235 2570 2355 2623 nos,
2396 2556 2490 2612 sed
2524 2572 2626 2613 nos
2658 2558 2710 2613 in
2753 2561 2979 2632 angelos
3012 2563 3376 2633 proficimus),
3408 2574 3469 2620 et
3497 2564 3699 2620 diceret
3739 2564 3812 2621 ei:

2233 2652 2434 2724 Absque
2464 2669 2611 2707 muro
2650 2654 2954 2709 ltabitabunt
2985 2656 3095 2728 [ΑΙ.
3138 2657 3486 2731 habitabitur]
3531 2658 3813 2727 Jerusalem,

2233 2752 2289 2798 et
2330 2744 2559 2815 reliqua.
2590 2744 2745 2801 Nunc
2776 2746 2917 2802 idetn
2950 2748 3016 2802 ad
3050 2762 3145 2804 eos
3176 2749 3234 2804 fit
3262 2765 3448 2807 sermo
3494 2751 3702 2806 Domini
3742 2752 3815 2822 qui

2236 2834 2479 2891 habitant
2520 2837 2571 2891 in
2617 2839 2930 2909 Aquilone:
2965 2850 3079 2896 uta
3123 2844 3304 2899 ventis
3343 2855 3586 2915 quatuor
3613 2860 3816 2915 congre-

2233 2938 2451 2999 gentur,
2489 2931 2541 2985 in
2574 2946 2710 3001 quos
2742 2931 2959 2989 fuerant
2991 2934 3045 2989 in
3077 2943 3189 2990 toto
3218 2937 3351 2992 orbe
3395 2936 3654 3007 dispersi,
3684 2946 3731 2993 et
3750 2954 3817 2993 re-
3874 2962 3878 2966 ·

2238 3033 2521 3079 vertantur
2550 3024 2603 3079 in
2636 3025 2768 3081 Sion
2816 3027 2910 3097 qui
2942 3026 3259 3084 habitabant
3299 3029 3351 3083 in
3401 3029 3697 3103 Babylone.
3737 3029 3814 3086 Vel

2233 3125 2382 3173 certe
2422 3118 2494 3173 ita
2535 3136 2547 3172 :
2581 3118 2684 3187 Qui
2725 3118 2778 3175 in
2827 3129 3062 3190 quatuor
3107 3121 3277 3193 plagis
3319 3120 3429 3193 (Al.
3474 3120 3677 3196 partes]
3711 3122 3815 3178 οωΙί

527 3211 724 3267 dentes
755 3220 809 3266 et
847 3211 1157 3267 habitantes
1202 3211 1252 3265 in
1286 3210 1467 3267 medio
1509 3208 1793 3265 calefaciat
1828 3208 1936 3283 (Al.
1986 3210 2129 3265 cale—
2153 3200 2201 3265 C
2234 3212 2465 3281 disper~i
2492 3212 2645 3278 estis,
2679 3211 2843 3283 fugite
2881 3214 2947 3269 de
2976 3223 3121 3269 terra
3150 3214 3459 3283 Aquilonis,
3507 3226 3582 3282 et,
3624 3232 3654 3269 ο
3682 3215 3811 3283 Sion,

530 3310 710 3379 ﬁant),
763 3311 853 3380 qui
901 3311 1053 3381 prius
1082 3310 1284 3382 frigore
1316 3308 1596 3365 charitatis
1645 3308 2029 3377 intepuerant,
2075 3314 2131 3360 et

532 3403 746 3473 possint
784 3404 977 3474 spiritu
1010 3419 1134 3459 esse
1176 3405 1470 3460 ferventes.
1507 3402 1688 3471 Lupus
1722 3410 1901 3454 autem
1934 3408 1989 3453 et
2023 3412 2129 3451 sae-

529 3496 783 3552 vissimas
810 3498 1012 3552 bestias
1044 3496 1135 3569 (de
1163 3496 1362 3567 quibus
1393 3496 1654 3567 scriptum
1685 3501 1770 3550 est
1801 3512 1811 3547 :
1848 3491 1930 3547 Ne
1956 3490 2131 3546 tradas

529 3589 699 3644 bestiis
726 3590 951 3642 animam
982 3589 1311 3658 conﬁtentem
1358 3588 1449 3642 tibi
1498 3587 1616 3657 (Ps.
1672 3602 1866 3654 Lxxut,
1911 3583 2002 3655 19)
2033 3601 2046 3635 :
2078 3590 2134 3637 et

529 3698 761 3755 quorum
794 3681 1003 3736 fruetus
1029 3690 1131 3747 est,
1164 3681 1369 3749 fenum,
1402 3682 1567 3751 ligna,
1593 3679 1790 3748 stipula
1825 3677 1868 3747 (l
1899 3674 2020 3731 Cor.
2050 3692 2127 3739 tu,

531 3776 625 3845 12)
685 3794 697 3830 :
732 3785 788 3831 et
817 3774 1048 3830 all‘erunt
1076 3774 1305 3829 tribulos
1333 3784 1388 3829 et
1416 3772 1622 3844 spinas)
1653 3786 1753 3826 suo
1784 3770 1908 3840 igne
1934 3783 2131 3825 consu-

531 3878 677 3931 mat;
708 3876 763 3923 et
802 3866 893 3938 qui
924 3866 1258 3921 adversariis
1289 3865 1428 3934 ignis
1458 3872 1562 3932 est,
1596 3864 1666 3919 sit
1712 3864 1765 3917 in
1807 3862 1985 3916 medio
2012 3875 2134 3915 cre-

529 3962 774 4014 dentium
797 3959 993 4029 gloria.
1020 3958 1174 4026 Quod
1199 3967 1376 4013 autem
1404 3973 1588 4012 murus
1609 3955 1909 4012 Jerusalem
1935 3955 2005 4008 sit
2028 3953 2132 4008 Do-

528 4053 733 4118 minus,
782 4060 833 4106 et
865 4052 916 4106 in
957 4051 1066 4106 alio
1110 4052 1231 4106 loco
1258 4051 1535 4120 legimus:
1580 4048 1785 4104 Montes
1818 4049 1871 4102 in
1916 4047 2131 4099 circuitu

529 4147 663 4209 eius,
708 4152 754 4198 et
783 4143 1033 4197 Dominus
1061 4144 1114 4197 in
1141 4143 1360 4197 circuitu
1383 4143 1558 4215 papuli
1583 4144 1663 4197 sui
1686 4139 1808 4212 (Ps.
1838 4156 2017 4203 cxxw,
2046 4138 2125 4209 2).

532 4246 559 4274 η
585 4237 710 4291 ιιῖρε
742 4236 922 4290 omnia
951 4234 1124 4290 Judaei
1154 4235 1254 4291 sub
1280 4237 1581 4309 ἠλειμμένῳ,
1609 4249 1772 4305 quem
1795 4232 1896 4287 sibi
1916 4246 2013 4301 spe
2038 4245 2131 4284 va-

530 4330 754 4384 nissima
796 4328 1205 4397 repromittunt,
1261 4337 1453 4399 putant
1490 4327 1781 4383 carnaliter
1829 4339 1951 4380 esse
1993 4339 2128 4379 ven-

532 4431 670 4487 tura,
700 4421 842 4491 quod
878 4431 1079 4475 tantam
1106 4420 1409 4475 Jerusalem
1440 4420 1690 4475 habitura
1722 4418 1794 4474 sit
1836 4416 2131 4474 beatitudi-

529 4531 677 4581 nem.
711 4516 874 4589 795
896 4525 954 4569 ut
985 4530 1095 4585 prce
1128 4515 1475 4570 multitudine
1499 4513 1779 4568 hominum
1807 4521 1861 4568 et
1882 4512 2126 4567 omnium

2233 3319 2356 3375 quae
2388 3319 2530 3358 nunc
2560 3302 2775 3358 habitas
2808 3304 2859 3358 in
2892 3305 3185 3376 Babylone,
3222 3306 3343 3377 fuge
3374 3316 3429 3362 et
3460 3317 3736 3363 revertere
3759 3308 3814 3363 ad

2234 3399 2520 3470 pristinam
2548 3397 2754 3453 sedem.
2791 3398 2946 3467 Quod
2978 3409 3159 3455 autem
3209 3400 3398 3467 tertio,
3432 3416 3567 3457 casu
3598 3404 3815 3458 vocativo

2236 3495 2433 3550 dicitur
2473 3512 2527 3562 ο,
2574 3495 2886 3551 exhortatio
2927 3495 2993 3551 ad
3043 3496 3226 3567 fugam
3254 3505 3359 3566 est,
3405 3504 3465 3551 ut
3499 3511 3605 3552 non
3644 3496 3811 3564 semel,

2233 3588 2399 3660 796
2425 3587 2518 3643 sed
2542 3587 2795 3644 crebrius
2818 3587 2884 3643 ad
2911 3588 3223 3660 fugiendum
3250 3589 3426 3644 sciant
3452 3603 3518 3644 se
3547 3602 3666 3643 esse
3690 3601 3813 3641 com-

2235 3680 2491 3734 monitos.
2526 3679 2827 3735 Dicendum
2860 3689 2913 3735 et
2955 3681 3117 3736 aliter
3148 3697 3160 3733 :
3195 3680 3394 3751 Aquilo
3424 3691 3625 3736 ventus
3661 3680 3812 3734 duris-

2234 3771 2405 3826 simus
2434 3781 2539 3840 est,
2573 3772 2663 3841 qni
2691 3771 2978 3827 durissima
3020 3772 3389 3828 habitatorum
3418 3787 3641 3827 suorum
3670 3770 3808 3827 corda

2234 3863 2383 3931 facit,
2417 3876 2472 3921 et
2512 3881 2540 3920 a
2574 3881 2681 3935 quo
2712 3866 3121 3922 succendunlur
3150 3868 3289 3922 mala
3324 3882 3492 3937 super
3524 3882 3708 3923 omnes
3734 3865 3809 3933 qui

2235 3953 2480 4011 habitant
2507 3957 2558 4011 in
2588 3966 2759 4023 terra,
2791 3966 2846 4012 et
2875 3957 2944 4012 ad
2976 3973 3139 4029 quem
3162 3958 3322 4028 juxta
3353 3959 3498 4014 hunc
3526 3962 3697 4030 ipsum
3722 3958 3809 4013 Za-

2234 4046 2473 4102 chariam
2517 4049 2835 4119 prophetam
2866 4091 2880 4115 ,
2913 4048 3270 4121 egrediuntur
3308 4051 3431 4121 equi
3478 4052 3644 4121 nigri,
3676 4061 3729 4106 ut
3763 4052 3806 4105 in

2234 4155 2326 4195 sua
2358 4142 2581 4210 regione
2615 4141 2916 4196 consistant
2949 4141 3135 4214 (Zach.
3184 4158 3200 4197 ι
3248 4153 3295 4197 et
3339 4143 3438 4213 v1).
3479 4144 3579 4199 Ille
3622 4156 3808 4214 quoque

2234 4233 2327 4302 qui
2360 4232 2413 4288 in
2446 4232 2583 4288 Isaia
2621 4235 3015 4305 gloriabundus
3042 4235 3257 4291 dixerat
3292 4254 3303 4289 :
3335 4234 3403 4290 In
3440 4236 3625 4291 caelum
3657 4251 3808 4289 ascen-

2234 4324 2377 4390 dam,
2407 4341 2562 4397 super
2588 4326 2758 4380 sidera
2789 4327 2901 4381 cteli
2926 4342 3122 4398 ponam
3151 4327 3393 4381 thronum
3423 4344 3616 4392 meum,
3655 4327 3807 4380 sedebo

2235 4420 2287 4473 in
2316 4429 2485 4473 monte
2514 4420 2745 4485 sublimi,
2787 4436 2943 4489 super
2971 4430 3167 4475 montes
3212 4421 3441 4475 excelsos
3485 4422 3542 4475 in
3581 4421 3807 4492 Aquilone

2236 4508 2392 4580 (Isai.
2418 4526 2530 4578 xw,
2551 4512 2665 4583 15),
2691 4512 2744 4567 in
2772 4511 3131 4583 frigidissimo
3155 4522 3423 4568 terrarum
3456 4513 3580 4568 loco
3606 4526 3806 4583 regnum

526 4609 921 4677 iumentorum,
955 4624 1171 4663 murum
1207 4607 1411 4662 habere
1440 4621 1547 4662 non
1581 4606 1783 4676 possit;
1818 4605 1910 4661 sed
1942 4620 2128 4660 murus
2155 4598 2210 4659 D
2235 4602 2438 4659 habere
2466 4619 2526 4659 se
2551 4604 2745 4673 jactat.
2779 4604 3035 4675 Legimus
3074 4607 3128 4660 in
3157 4607 3264 4661 alio
3296 4606 3417 4662 loco
3449 4623 3461 4660 :
3493 4606 3627 4661 Ecce
3659 4608 3806 4677 fumus

527 4703 597 4757 sit
626 4701 796 4772 ipsius
828 4702 1043 4756 Domini
1087 4701 1334 4755 defensio
1358 4741 1373 4768 ,
1403 4708 1456 4754 et
1483 4698 1629 4755 illius
1660 4699 1712 4753 in
1757 4698 1937 4754 medio
1972 4698 2127 4753 habi-

529 4796 692 4851 tantis
718 4797 887 4866 gloria
917 4795 1245 4866 perfruatur.

600 4887 778 4959 (Vet's.
814 4886 847 4943 6
878 4887 1057 4957 seqq.)
1087 4886 1131 4939 0
1155 4904 1183 4939 ο
1207 4887 1367 4957 fugite
1389 4886 1452 4940 de
1478 4896 1618 4941 terra
1655 4885 1925 4955 Aquilonis
1944 4926 1956 4949 ,
2001 4884 2125 4938 dicit

526 4981 782 5035 Dominus
814 4996 831 5034 :
859 4982 1102 5047 quoniam
1124 4979 1179 5033 in
1200 4990 1423 5050 quatuor
1452 4988 1624 5032 ventos
1648 4977 1759 5048 [ΑΙ.
1795 4974 1981 5046 uentis]
2009 4977 2124 5029 coeli

523 5075 745 5146 dispersi
776 5091 884 5140 vos,
919 5073 1042 5127 dicit
1074 5070 1349 5127 Doninus.
1389 5071 1433 5127 Ο
1464 5071 1615 5139 Sion,
1643 5069 1672 5108 ι)
1706 5086 1859 5140 surge
1875 5085 1989 5139 qua:
2028 5070 2123 5121 ha-

523 5170 653 5223 bitas
683 5167 823 5236 apud
853 5167 1023 5237 ﬁliam
1068 5165 1379 5237 Babylonis.
1412 5167 1547 5232 Quia
1578 5165 1686 5219 hare
1716 5164 1838 5218 dicit
1867 5161 2122 5217 Dominus

521 5261 861 5326 exercituum,
890 5269 1004 5329 post
1034 5258 1258 5331 gloriam
1285 5259 1424 5313 misit
1452 5275 1531 5314 me
1554 5258 1624 5313 ad
1634 5266 1831 5329 gentes,
1863 5272 1977 5328 qua:
2001 5272 2122 5325 spoo

588 5454 614 5482 ιι
645 5444 1007 5513 Quamplures
1038 5460 1171 5500 mss.
1212 5445 1581 5513 relinquentes
1623 5457 1814 5498 vocem
1864 5441 2107 5513 Graecam

513 5512 701 5583 legunt
745 5518 849 5571 hoc
888 5520 1051 5572 modo
1090 5534 1102 5570 :
1156 5515 1284 5570 Htec
1324 5517 1497 5570 omnia
1538 5513 1713 5569 Judati
1760 5513 1852 5568 sub
1895 5512 2106 5577 Messio,

512 5603 663 5657 quem
707 5587 984 5659 sibi,ﬁ_etc.
1033 5590 1090 5642 S.
1124 5588 1423 5659 Cygiranni
1470 5586 1789 5659 monasterii
1832 5584 2110 5652 exemplar

514 5674 617 5712 ms.
668 5667 787 5726 post
817 5657 1032 5721 Messio.
1072 5657 1353 5729 subjungit
1385 5674 1571 5713 vocem
1612 5658 1855 5713 Griecam
1885 5670 2127 5723 corrup-.

517 5739 646 5783 tam.
690 5729 967 5802 _Videjatn
998 5730 1145 5785 dicta
1190 5732 1257 5785 de
1283 5731 1502 5785 nomine
1530 5732 1843 5802 ἡλειμμένος.
1884 5729 1936 5783 in
1983 5740 2103 5798 cap.

506 5813 655 5854 xxvn
688 5799 859 5866 Isaiae,
898 5802 948 5856 in
983 5802 1125 5858 notis
1153 5804 1378 5859 nostris.
1416 5803 1595 5856 Mser.

2234 4695 2298 4749 ab
2324 4694 2579 4767 Aquilone
2608 4698 2743 4751 venit
2773 4695 2964 4769 (Ibid.,
2993 4698 3085 4768 3|)
3124 4716 3137 4752 :
3170 4706 3225 4754 et
3252 4699 3344 4769 qui
3374 4699 3564 4769 procul
3593 4714 3619 4752 a
3645 4706 3805 4753 sancta

2233 4789 2368 4844 urbe
2397 4789 2790 4857 discesserant,
2832 4790 3031 4846 dicitur
3055 4791 3124 4846 de
3154 4792 3234 4847 eis
3266 4809 3279 4845 :
3314 4790 3451 4846 Ecce
3483 4792 3572 4846 isti
3595 4792 3657 4845 de
3680 4792 3805 4860 longe

2231 4886 2441 4939 veniunt
2468 4885 2532 4939 ab
2578 4886 2832 4957 Aquilone
2859 4895 2907 4940 et
2934 4888 3065 4941 ntari
3095 4885 3281 4953 (Ibid.,
3308 4902 3460 4953 xm,
3492 4884 3605 4958 12).
3638 4885 3701 4940 Et
3726 4898 3805 4954 per

2228 4977 2525 5033 Jeremiam
2558 4978 2798 5048 Spiritus
2830 4987 3052 5035 sanctus
3093 4980 3357 5050 loquitur,
3397 4995 3693 5050 provocans
3723 4991 3802 5035 eos

2230 5070 2320 5141 qui
2353 5071 2407 5125 in
2431 5071 2746 5142 captivitate
2774 5068 2923 5140 sunt,
2960 5081 3018 5127 ut
3045 5072 3275 5128 redeant
3304 5073 3645 5129 Jerusalem:
3676 5070 3801 5125 Vade

2231 5173 2277 5215 et
2318 5162 2425 5231 lege
2465 5178 2723 5219 sermones
2762 5180 2902 5219 meos
2944 5165 3068 5219 istos
3102 5165 3171 5219 ad
3208 5165 3533 5234 Aquilonem,
3564 5175 3611 5219 et
3645 5166 3801 5220 dices:

2234 5256 2444 5311 Reverte
2469 5258 2537 5312 ad
2576 5275 2676 5325 me,
2721 5259 2972 5314 habitatio
2999 5259 3186 5330 Israel,
3222 5260 3348 5315 dicit
3380 5261 3634 5316 Dominus
3680 5260 3794 5333 (Jer.

2289 5436 2315 5475 ι)
2348 5438 2663 5513 Hieronymi
2708 5444 3112 5514 interpretatio,
3163 5447 3306 5519 fuge,
3354 5461 3454 5516 pro
3497 5464 3646 5521 surge
3672 5464 3691 5501 :
3729 5452 3798 5499 est

2215 5543 2393 5618 autem
2427 5538 2480 5592 in
2529 5540 2756 5618 Hebrzeo
2788 5525 3010 5618 71:53.1;
3037 5543 3206 5618 paulo
3225 5557 3452 5618 quoque
3501 5552 3659 5618 post,_
3680 5538 3798 5618 oculi

2218 5612 2331 5673 mei,
2366 5624 2464 5678 pro
2505 5613 2641 5685 oculi
2684 5615 2816 5684 ejus,
2864 5614 2917 5667 in
2952 5612 3177 5685 Vulgata
3223 5614 3541 5685 Hieronymi
3580 5615 3795 5669 editione

2216 5687 2321 5743 est,
2352 5696 2475 5735 eum
2506 5683 2767 5737 Hebraeus
2796 5692 2979 5739 tamen
3017 5683 3275 5751 prmferat
3301 5690 3434 5750 uir.

2290 5761 2313 5788 ε
2344 5752 2681 5827 Anteaerat,
2724 5755 2873 5826 quasi
2916 5764 3138 5827 tangat:
3170 5756 3309 5813 levia
3346 5763 3525 5815 autem
3564 5756 3613 5813 id
3642 5766 3791 5827 genus

2217 5823 2410 5879 menda
2440 5825 2587 5881 taciti
2618 5823 2819 5896 passim
2851 5823 3200 5898 castigamus.
