4028 6342
326 282 466 341 “33

1086 280 1741 341 COMMENTARIOIIUM
1785 280 1848 338 IN
1888 278 2297 339 ZACIIARIAM
2338 280 2467 339 LIB.
2511 281 2551 339 I.
2593 281 2749 339 CAP.
2790 283 2855 341 II.

3480 284 3621 341 MM

321 400 497 472 xm).
530 399 852 472 Praecipitur
887 400 1073 473 itaque
1121 400 1280 457 nobis
1324 400 1415 470 qui
1447 400 1811 456 habitavimus
1855 398 1922 456 ad
1950 401 2007 461 A
2028 400 2174 471 giam
2203 440 2220 468 ,
2258 400 2564 456 contrarias
2590 400 2779 472 accipe
2807 398 3161 461 fortitudines
3185 443 3202 470 ,
3233 418 3355 475 quae
3383 404 3628 476 quotidie

324 496 688 566 Aquilonem,
716 502 771 550 et
796 494 1035 551 calorem
1061 493 1326 550 Dominici
1357 492 1590 549 fervoris
1616 493 1921 563 amisimus,

324 589 418 654 qui
449 589 683 656 disnersi
723 604 911 643 sumus
952 589 1005 643 in
1045 588 1179 643 orbe
1218 596 1507 654 terrarum,
1540 597 1595 643 et
1622 587 1688 643 de
1728 588 1926 659 quibus

328 679 687 749 Evangelium
718 680 1001 749 prendit-at,
1028 681 1171 751 quod
1194 680 1246 735 in
1270 691 1505 752 quatuor
1528 691 1720 737 ventos
1748 681 1928 736 mittat

325 772 550 842 angelos
592 787 722 828 suos
780 772 1042 827 Dominus
1089 771 1286 842 (Marc.
1339 777 1481 845 xm),
1533 783 1588 830 et
1632 783 1928 845 congreget

327 884 450 939 nos,
484 878 540 923 et
578 870 668 938 qui
717 868 769 923 in
829 866 993 937 hujus
1031 867 1218 923 szeculi
1260 877 1285 904 α
1314 868 1462 923 vitiis
1508 880 1564 924 et
1609 869 1928 925 confusione

327 975 614 1017 versamur
648 979 659 1014 :
689 969 748 1015 ut
776 959 1049 1031 fugiamus
1093 960 1145 1015 in
1178 960 1305 1017 Sion
1339 960 1638 1016 Ecclesium
1685 962 1926 1028 Domini,

327 1066 384 1111 et
405 1054 629 1110 humilia
661 1055 1062 1126 relinquentes,
1096 1056 1150 1111 in
1178 1056 1396 1127 specula
1429 1055 1547 1126 ejus
1596 1066 1652 1111 et
1682 1049 1929 1112 sublimi-

328 1157 443 1203 tate
471 1148 784 1219 dogmatum
823 1148 1206 1204 consistamus.
1240 1150 1393 1218 Quod
1430 1163 1609 1205 autem
1639 1152 1923 1222 sequitur:

328 1245 461 1301 Hcec
504 1246 627 1300 dicit
674 1244 927 1300 Dominus
978 1248 1329 1315 exercituum,
1374 1257 1488 1319 post
1530 1247 1748 1319 gloriam
1790 1249 1929 1303 misit

326 1359 433 1410 me,
482 1352 536 1396 et
564 1342 797 1413 reliqua,
837 1357 940 1395 vox
985 1342 1279 1398 Salvatoris
1315 1343 1589 1414 loquentis
1630 1342 1922 1413 inducitur,

326 1435 419 1503 qui
465 1435 815 1503 omnipotens
844 1435 989 1490 Dens
1035 1451 1063 1489 a
1097 1435 1254 1491 Patre
1298 1436 1669 1505 omnipotente
1700 1436 1923 1490 missum

325 1543 387 1584 se
410 1544 536 1584 esse
563 1529 717 1595 dicit,
755 1544 861 1583 non
882 1529 1035 1597 juxta
1066 1528 1116 1582 id
1148 1527 1293 1598 quod
1316 1530 1664 1597 omnipotens
1690 1537 1803 1594 est;
1829 1528 1923 1584 sed

319 1622 478 1693 juxta
512 1622 563 1677 id
596 1622 740 1689 quod
771 1631 889 1692 post
932 1622 1161 1691 gloriam
1200 1622 1400 1678 missus
1427 1630 1529 1677 est.
1566 1622 1668 1690 Qui
1711 1639 1827 1675 cum
1868 1623 1923 1675 in

325 1718 497 1783 forma
525 1715 619 1769 Dei
648 1724 796 1781 esset,
838 1715 939 1769 n'on
974 1717 1211 1783 rapinam
1252 1714 1532 1769 arbitratus
1562 1724 1635 1769 est
1674 1713 1921 1785 aequalem

2028 504 2350 566 peccatores
2380 509 2499 549 suae
2531 494 2825 567 subjiciunt
2848 496 3111 567 potestati
3134 540 3148 564 ,
3182 505 3239 554 et
3260 496 3362 554 sibi
3390 512 3484 554 eos
3512 512 3633 555 ser-

2028 590 2144 644 vire
2171 588 2528 659 compellunt.

2098 682 2278 751 (Vers.
2312 683 2379 739 I0
2403 681 2586 755 seqq.)
2618 681 2806 737 Lauda
2835 691 2880 737 et
2910 682 3120 751 laetare,
3152 685 3266 755 filia
3297 683 3429 741 Sion
3450 726 3465 752 ,
3502 684 3627 757 quia

2027 790 2141 829 ecce
2166 791 2258 847 ego
2284 775 2456 841 venio,
2489 785 2536 829 et
2565 774 2805 830 habitabo
2833 776 2885 829 in
2919 776 3087 832 medio
3113 778 3211 845 tui,
3246 779 3319 832 ait
3346 776 3622 835 Dominus.

2028 867 2096 923 Et
2136 868 2544 940 applicabuntur
2585 880 2758 943 gentes
2796 871 2973 926 multa:
3011 870 3081 924 ad
3126 872 3407 927 Demittunt
3450 873 3505 927 in
3542 874 3628 930 die

2028 962 2121 1018 illa
2146 1008 2160 1032 ,
2202 972 2253 1019 et
2279 975 2428 1019 erunt
2458 963 2583 1017 ntihi
2612 964 2665 1017 in
2693 965 2943 1036 populum
2967 1005 2983 1031 ,
3036 974 3082 1020 et
3110 966 3354 1021 habitabo
3374 968 3427 1022 in
3456 969 3625 1023 medio

2029 1055 2134 1122 tui,
2163 1065 2211 1108 et
2247 1056 2375 1109 scies
2396 1055 2523 1126 quia
2550 1052 2806 1109 Dominus
2837 1057 3156 1111 exercituum
3180 1058 3321 1113 misit
3352 1074 3432 1113 me
3457 1058 3527 1112 ad
3554 1068 3619 1115 te.

2028 1147 2098 1203 Et
2138 1149 2416 1221 possidebit
2451 1149 2705 1204 Dominus
2733 1148 2929 1203 Judam
2968 1160 3169 1222 partem
3205 1168 3354 1206 suam
3395 1153 3449 1208 in
3488 1161 3626 1208 terra

2027 1243 2372 1309 sanctiﬁcata,
2405 1252 2450 1297 et
2479 1242 2633 1316 eliget
2663 1241 2836 1297 adhuc
2856 1242 3171 1299 Jerusalem.
3207 1244 3390 1301 LXX:
3423 1245 3626 1302 Lcetare

2028 1346 2075 1390 et
2098 1334 2436 1408 gaude,,ﬁlia
2456 1336 2587 1392 Sion
2610 1379 2624 1402 ,
2655 1338 2777 1409 quia
2804 1354 2919 1392 ecce
2948 1340 3172 1406 veniant,
3204 1348 3256 1394 et
3283 1340 3449 1413 798
3475 1339 3625 1395 habic

2028 1431 2147 1485 tabo
2177 1432 2230 1485 in
2262 1431 2432 1485 medio
2462 1431 2555 1499 tui,
2589 1431 2714 1485 dicit
2744 1431 3001 1487 Dominus
3025 1449 3045 1487 :
3059 1443 3106 1487 et
3121 1435 3419 1507 confugient
3450 1442 3625 1505 gentes

2028 1523 2206 1579 multa?
2234 1524 2305 1578 ad
2328 1522 2611 1579 Dominum
2636 1525 2690 1579 in
2712 1524 2795 1579 die
2815 1526 2931 1591 illa,
2961 1534 3007 1580 et
3031 1534 3180 1580 erunt
3205 1527 3252 1581 ei
3270 1527 3322 1581 in
3345 1527 3622 1598 populum,

2029 1627 2074 1673 et
2106 1619 2412 1673 habitabant
2449 1619 2504 1672 in
2542 1620 2711 1674 medio
2736 1621 2811 1673 tui
2857 1636 2873 1673 :
2923 1630 2971 1674 et
2999 1620 3127 1675 scies
3164 1621 3412 1691 quoniam
3444 1620 3626 1674 Domi-

2029 1726 2123 1765 nus
2153 1711 2469 1783 omnipotens
2493 1711 2633 1765 misit
2662 1727 2741 1765 me
2769 1712 2837 1763 ad
2866 1719 2914 1764 te
2934 1756 2948 1782 ,
2982 1720 3027 1765 et
3059 1711 3336 1782 possidebit
3365 1710 3623 1766 Dominus

320 1825 380 1863 se
406 1824 516 1863 esse
546 1807 677 1875 Deo,
719 1809 809 1862 sed
850 1810 1180 1881 semetipsum
1209 1809 1487 1864 exinanivit
1525 1813 1747 1881 formam
1788 1810 1922 1862 servi
1950 1792 1999 1853 Β
2026 1804 2222 1859 Judam
2256 1813 2453 1867 partem
2477 1820 2625 1859 suam
2664 1807 2717 1859 in
2747 1815 2886 1860 terra
2907 1817 3085 1860 sancta
3106 1847 3121 1873 ,
3167 1815 3215 1861 et
3252 1807 3404 1880 eliget
3447 1805 3621 1860 adhuc

320 1903 601 1972 accipiens,
643 1911 690 1956 et
727 1902 898 1973 factus
928 1912 1001 1957 est
1032 1902 1270 1957 obediens
1301 1902 1453 1957 Patri
1489 1918 1647 1973 usque
1682 1903 1750 1955 ad
1786 1918 1922 1955 mor-

323 2004 449 2061 tem,
498 2006 545 2049 et
600 2005 812 2049 mortem
860 1995 1031 2049 crucis
1080 1994 1305 2067 (Philip.
1343 2011 1402 2061 ιι,
1456 1993 1533 2068 6).
1565 1994 1678 2050 Nec
1725 1995 1918 2050 mirum

320 2088 467 2161 quod
497 2088 748 2146 Christus
775 2089 987 2144 dicatur
1008 2091 1379 2161 omnipotens,
1404 2105 1470 2145 ex
1503 2089 1658 2159 cujus
1684 2102 1918 2155 persona

321 2181 558 2253 legimus
587 2182 643 2236 in
664 2180 995 2255 Apocalypsi
1020 2180 1242 2237 Joannis
1268 2200 1280 2235 :
1312 2180 1443 2237 Haec
1472 2181 1596 2235 dicit
1627 2181 1765 2235 testis
1789 2180 1922 2250 ﬁde-

320 2277 409 2344 lis,
444 2278 651 2332 initium
681 2288 935 2332 creatures
977 2276 1096 2340 Dei,
1128 2279 1215 2347 qui
1244 2285 1341 2342 est,
1368 2286 1418 2331 et
1446 2285 1575 2340 erat,
1608 2284 1655 2329 et
1675 2283 1919 2329 venturus

319 2380 433 2435 est,
500 2370 757 2425 Dominus
795 2367 940 2425 Deus
1003 2371 1327 2440 omnipotens
1381 2370 1569 2441 (Apoc.
1623 2385 1673 2437 ι,
1730 2369 1799 2433 ι,
1836 2368 1916 2440 5).

319 2463 457 2519 Illud
504 2479 719 2535 quoque
750 2463 895 2535 quod
927 2464 980 2518 in
1012 2463 1275 2519 vicesimo
1322 2462 1483 2517 tertio
1530 2461 1740 2531 psalmo
1787 2459 1920 2531 legi-

318 2572 443 2614 mus
476 2575 489 2611 :
517 2558 705 2612 Levate
722 2565 923 2625 portas,
948 2556 1231 2629 principes,
1257 2564 1450 2610 vestras
1471 2596 1486 2621 ,
1512 2561 1560 2607 et
1612 2552 1773 2625 797
1816 2552 1921 2607 ele-

316 2651 513 2707 vamini
542 2693 558 2718 ,
640 2659 803 2723 portae
878 2650 1171 2714 wternales,
1226 2657 1273 2703 et
1320 2638 1549 2702 inlroibit
1601 2662 1694 2701 rea:
1737 2646 1919 2718 gloriw

320 2744 341 2816 (
366 2744 511 2800 Vers.
542 2746 573 2799 7
595 2742 616 2815 )
642 2761 657 2800 :
687 2758 1011 2815 rursumque
1036 2743 1104 2798 ab
1129 2742 1252 2798 aliis
1279 2740 1492 2813 angelis
1532 2740 1731 2796 dicitur
1759 2738 1915 2810 igno-

321 2839 568 2895 rantibus
590 2840 909 2911 mysterium
932 2839 1112 2893 carnis
1136 2836 1243 2911 (At.
1266 2833 1677 2907 incarnationis)
1706 2849 1917 2890 assum-

318 2942 427 3002 pta;
453 2946 470 2985 :
503 2930 633 3000 Quis
659 2942 733 2986 est
760 2932 855 2986 iste
885 2948 977 2987 rea:
1005 2931 1226 3002 gloriw?
1256 2929 1508 2984 Dominus
1533 2928 1778 2981 virtutum
1809 2927 1918 2998 ipse

319 3030 392 3077 est
419 3037 511 3076 rex
539 3024 724 3094 gloriae
747 3064 762 3090 ,
806 3023 1041 3078 refertur
1064 3021 1131 3075 ad
1163 3019 1464 3077 Christum.
1507 3018 1608 3074 Ubi
1637 3018 1783 3072 enim
1815 3032 1915 3073 nos

318 3116 548 3188 legimus
576 3114 833 3171 Dominus
860 3116 1129 3175 virtutum.
1164 3113 1216 3168 in
1248 3113 1516 3169 Hebraico
1542 3111 1805 3180 scriptum
1833 3118 1915 3165 est

2024 1897 2335 1955 Jerusalem.
2388 1899 2456 1955 Et
2491 1898 2608 1954 huic
2634 1899 2812 1955 adhuc
2839 1915 2905 1955 ex
2939 1914 3176 1970 persona
3206 1899 3418 1955 Domini
3449 1899 3622 1956 intel-

2024 1992 2237 2064 ligenda
2272 2008 2287 2047 :
2319 1992 2460 2063 quod
2489 1992 2736 2050 hortetur
2768 1994 3020 2063 populum
3044 2009 3197 2049 suum
3219 1992 3289 2049 de
3308 1994 3620 2065 captivitate

2024 2085 2077 2141 in
2105 2086 2289 2142 sedem
2323 2086 2605 2156 pristinam
2632 2086 2942 2141 restitutum
2972 2085 3213 2157 gaudere
3232 2096 3396 2155 atque
3419 2086 3617 2157 laetari,

2022 2178 2164 2248 quod
2192 2179 2307 2249 ipse
2338 2179 2602 2235 Dominus
2633 2179 2834 2246 veniat,
2866 2188 2923 2235 et
2949 2179 3155 2235 habitet
3184 2181 3235 2235 in
3264 2179 3445 2236 medio
3474 2180 3614 2251 ejus,

2021 2281 2078 2328 et
2099 2273 2282 2327 multae
2320 2283 2511 2344 gentes
2555 2274 2845 2329 creditura:
2883 2273 2993 2329 sint
3022 2274 3075 2329 in
3107 2288 3233 2329 eum
3262 2315 3278 2341 ,
3322 2273 3391 2329 de
3420 2274 3618 2345 quibus

2021 2365 2217 2422 dicitur
2242 2384 2257 2422 :
2292 2365 2513 2421 Postula
2543 2385 2575 2421 a
2604 2385 2703 2436 me,
2736 2378 2783 2422 et
2805 2368 2938 2421 dabo
2960 2369 3052 2423 tibi
3072 2378 3246 2442 gentes
3269 2367 3620 2423 htereditatem

2023 2469 2184 2525 tuam,
2218 2470 2262 2515 et
2295 2463 2671 2531 possessionem
2693 2471 2838 2516 tuam
2859 2463 3102 2518 terminos
3126 2472 3278 2518 terra:
3298 2459 3416 2534 (Ps.
3436 2477 3496 2526 tt,
3520 2461 3611 2533 8):

2020 2562 2074 2608 et
2103 2553 2307 2609 habitet
2333 2555 2386 2609 in
2421 2554 2602 2611 medio
2621 2556 2739 2626 ejus
2767 2555 2996 2628 loquens
3015 2556 3081 2611 ad
3107 2555 3403 2627 discipulos
3432 2573 3446 2611 :
3482 2553 3618 2610 Ecce

2020 2664 2117 2721 ego
2136 2648 2397 2704 vobiscum
2424 2666 2540 2703 sum
2569 2650 2804 2705 omnibus
2829 2650 3010 2705 diebus
3029 2693 3044 2715 ,
3087 2666 3248 2721 usque
3275 2650 3344 2705 ad
3373 2666 3617 2705 consum-

2021 2742 2292 2797 motionem
2321 2743 2499 2797 stuculi
2529 2742 2546 2803 l
2566 2741 2700 2797 Mat.
2729 2759 2929 2809 χχι-ιιι,
2956 2741 3080 2815 ΞΟ).
3108 2742 3179 2799 Ει
3210 2743 3485 2814 possideat
3512 2741 3617 2798 Do-

2020 2839 2196 2894 minus
2222 2838 2415 2895 Judam
2448 2849 2655 2911 partem
2695 2856 2847 2896 suam
2888 2843 3271 2911 conﬁtentem,
3315 2849 3371 2898 et
3391 2840 3619 2896 creden-

2019 2944 2127 2990 tem
2158 2935 2361 2990 nomini
2395 2950 2515 3003 suo,
2545 2945 2601 2991 et
2624 2951 2728 2991 non
2759 2936 2883 2993 alibi
2918 2936 3217 3007 possideat,
3248 2937 3350 2991 nisi
3384 2937 3436 2991 in
3469 2945 3615 2992 terra

2019 3037 2231 3097 sancta,
2260 3045 2386 3101 qua:
2414 3030 2809 3101 interpretatur
2842 3032 3083 3087 Ecclesia
3104 3072 3118 3096 ,
3148 3040 3203 3086 et
3239 3029 3410 3101 eligat
3437 3030 3617 3087 adhuc

2018 3121 2324 3177 Jerusalem
2345 3164 2361 3189 ,
2400 3137 2564 3195 quam
2595 3123 2885 3178 tentationi
2920 3123 2974 3178 in
3011 3121 3493 3195 persecutionibus
3521 3122 3618 3177 de-

317 3224 556 3266 sssso'ru
584 3209 832 3283 (manu).
863 3209 1005 3281 quod
1031 3224 1058 3263 a
1082 3207 1226 3263 LXX
1249 3205 1638 3277 interpretibus
1665 3205 1718 3259 in
1747 3205 1912 3258 omni-

2021 3215 2335 3285 reliqnerat.
2366 3191 2681 3272 Judteorum
2720 3217 2809 3271 alii
2857 3191 3051 3288 putant
3091 3217 3195 3272 sub
3220 3215 3527 3272 Zorobahel
3559 3229 3616 3271 et

318 3312 577 3373 potentem
618 3304 866 3357 vertitur.
916 3301 997 3357 Ex
1026 3317 1133 3372 quo
1161 3300 1550 3370 intelligimus,
1585 3297 1911 3367 ubicumque

318 3395 582 3453 Dominus
609 3395 866 3450 virtutum
899 3395 966 3450 de
986 3395 1204 3449 Christo
1232 3393 1449 3457 dicitur,
1481 3392 1909 3462 omnipotentem

316 3505 441 3546 eum
464 3490 665 3546 debere
696 3489 943 3559 intelligi.
978 3488 1089 3543 Nec
1127 3488 1323 3542 mirum
1355 3487 1400 3541 si
1425 3485 1677 3541 Christus
1700 3485 1911 3540 dicatur

317 3584 667 3653 omnipotens
701 3600 713 3636 ε
746 3579 844 3637 Cui
876 3582 1072 3636 tradita
1101 3591 1174 3635 est
1198 3580 1365 3634 omnis
1394 3587 1618 3649 potestas
1639 3579 1694 3631 in
1714 3578 1840 3632 ctelo
1862 3586 1911 3633 et

317 3677 368 3731 in
402 3687 539 3730 terra
569 3675 738 3747 (Mat.
766 3691 958 3741 xxvm,
996 3674 1123 3742 l8).
1166 3674 1230 3729 Et
1259 3675 1347 3744 qui
1378 3673 1543 3728 dicit:
1581 3672 1768 3726 Omnia
1797 3687 1913 3743 qua!

320 3770 493 3825 Patris
522 3781 661 3836 sunt,
694 3788 807 3825 mea
837 3781 956 3824 sunt
991 3768 1175 3842 (Joan.
1202 3784 1333 3835 xvll,
1370 3768 1482 3839 10).
1514 3768 1569 3822 Si
1594 3775 1772 3821 autem
1794 3782 1910 3822 om-

316 3863 403 3919 nia
434 3906 450 3931 ,
484 3863 536 3919 id
565 3874 647 3919 est
673 3908 687 3931 ,
721 3861 749 3901 δ
783 3863 927 3918 Deus
956 3879 1019 3917 ex
1050 3863 1163 3917 Deo
1184 3904 1199 3927 ,
1251 3861 1512 3915 Dominus
1537 3875 1604 3915 ex
1636 3859 1866 3914 Domino
1894 3902 1909 3926 ,

317 3956 502 4011 lumen
534 3955 602 4010 de
635 3954 839 4011 lumine
862 3997 877 4021 ,
908 3971 1038 4025 ergo
1079 3963 1133 4009 et
1158 3970 1225 4009 ex
1257 3955 1635 4021 omnipotente
1664 3953 1912 4023 omnipo-

317 4059 437 4105 tens
469 4068 483 4104 :
518 4065 695 4121 neque
721 4050 863 4104 enim
888 4050 1003 4105 lieri
1032 4059 1234 4119 p0test,
1261 4057 1322 4103 ut
1340 4064 1567 4120 quorum
1590 4064 1691 4103 una
1719 4056 1908 4105 natura

312 4154 397 4199 est
418 4185 434 4208 ,
479 4142 691 4198 diversa
728 4142 798 4197 sit
824 4142 1019 4213 gloria.
1046 4141 1239 4196 Missus
1268 4152 1352 4197 est
1377 4156 1504 4211 ergo
1535 4152 1653 4212 post
1681 4141 1908 4210 gloriam

311 4236 513 4291 divinae
560 4235 866 4306 majestatis
893 4234 958 4288 ad
983 4246 1175 4305 gentes
1203 4277 1217 4301 ,
1261 4250 1380 4304 quae
1409 4235 1786 4305 spoliaverunt
1814 4248 1910 4304 po-

314 4328 502 4400 pulum
528 4327 661 4392 Dei,
693 4336 750 4380 nt
775 4326 866 4397 qui
890 4341 986 4381 eos
1010 4325 1228 4381 fuerant
1249 4336 1375 4381 ante
1414 4326 1638 4396 pra-dati
1666 4367 1681 4393 ,
1712 4325 1909 4395 praeda:

312 4424 423 4478 sint
442 4422 807 4477 servientibus
831 4422 958 4485 sibi,
987 4431 1040 4477 et
1066 4422 1244 4476 omnis
1263 4420 1534 4489 quondam
1558 4421 1906 4476 servientimn

312 4518 465 4573 turba
499 4525 826 4585 cognoscat,
868 4515 1124 4586 quoniam
1154 4514 1504 4582 omnipotens
1528 4514 1672 4569 Deus
1702 4514 1909 4569 miserit

2011 3308 2165 3374 Jesu,
2198 3308 2370 3364 Esdra
2412 3320 2467 3364 et
2507 3309 2789 3377 Nehemia,
2831 3308 2949 3364 htec
3001 3325 3067 3365 ex
3120 3319 3274 3380 parte
3312 3309 3606 3379 completa,

2013 3401 2248 3457 maxime
2278 3401 2533 3471 quoniam
2563 3401 2863 3458 Jerusalem
2895 3400 3136 3473 eligitur,
3186 3409 3243 3456 et
3298 3400 3611 3471 possidetur

2011 3494 2178 3551 Judas
2232 3514 2245 3550 :
2289 3494 2412 3549 duae
2443 3495 2703 3551 videlicet
2734 3495 2910 3549 tribus
2936 3510 3060 3565 qnte
3104 3510 3340 3551 reversae
3380 3505 3504 3550 sunt
3545 3495 3614 3552 de

2011 3587 2327 3659 captivitate
2357 3588 2686 3660 Babylonica
2711 3630 2725 3654 ,
2758 3598 2812 3643 ct
2836 3589 3125 3659 appellatas
3154 3598 3281 3644 sunt
3306 3588 3474 3646 Judas
3499 3632 3514 3657 ,
3559 3599 3614 3646 et

2013 3695 2124 3736 non
2156 3680 2324 3736 Israel
2355 3723 2368 3747 ,
2411 3682 2501 3751 qui
2538 3680 2657 3753 [ΑΙ.
2690 3680 2859 3754 quia]
2906 3682 3046 3752 apud
3085 3681 3267 3736 Medos
3304 3681 3409 3737 huc
3440 3697 3611 3753 usque

2012 3785 2317 3830 versantur.
2346 3775 2453 3831 Alii
2486 3789 2616 3829 vero
2650 3774 2702 3828 in
2736 3774 2973 3830 futurum
2999 3773 3277 3839 dill‘erunt,
3308 3774 3452 3844 quod
3481 3784 3609 3831 tunc

2012 3866 2303 3920 creditura:
2330 3866 2438 3920 sint
2459 3877 2649 3937 gentes
2681 3866 2732 3919 in
2761 3880 2884 3920 eum
2916 3866 3008 3936 qui
3034 3867 3281 3921 mittatur
3300 3881 3329 3920 a
3353 3865 3608 3933 Domino,

2013 3967 2066 4012 et
2094 3958 2342 4027 eligenda
2388 3958 2461 4012 sit
2499 3958 2804 4013 Jerusalem
2832 4001 2846 4024 ,
2893 3973 3015 4013 cum
3048 3959 3232 4030 utique
3265 3959 3377 4029 jam
3420 3974 3611 4016 omnes

2011 4061 2201 4121 gentes
2239 4049 2588 4105 crediderunt
2638 4050 2690 4104 in
2734 4050 3028 4104 Dominum
3070 4050 3405 4106 Salvatorctn
3436 4092 3453 4119 ,
3508 4067 3610 4108 nec

2011 4144 2188 4215 possit
2211 4143 2335 4214 eligi
2369 4160 2489 4214 quae
2522 4144 2750 4198 omnino
2771 4142 3045 4200 destructa
3089 4152 3192 4200 est.
3232 4143 3400 4200 Recte
3425 4155 3608 4201 autem

2013 4250 2135 4308 post
2164 4237 2533 4308 captivitatem
2567 4236 2673 4292 lilia
2701 4238 2829 4293 Sion
2863 4250 3198 4309 provocatur
3226 4238 3292 4293 ad
3321 4239 3604 4309 gaudium,

2013 4328 2081 4384 de
2108 4344 2211 4400 qua
2252 4339 2307 4385 et
2335 4331 2386 4384 in
2422 4331 2631 4399 psalmo
2656 4329 2857 4384 dicitur
2887 4348 2899 4384 :
2931 4328 3060 4383 Cum
3086 4331 3389 4384 converterit
3418 4328 3607 4386 Domi-

2013 4439 2110 4477 nus
2139 4423 2486 4492 captivitatem
2514 4419 2541 4458 ἀ
2570 4420 2749 4493 populi
2776 4424 2892 4487 sui,
2925 4421 3195 4475 exsultabit
3225 4419 3412 4488 Jacob,
3438 4431 3485 4476 et
3513 4422 3608 4477 lar.

2013 4513 2203 4568 tabitur
2234 4513 2402 4567 Israel
2425 4511 2546 4582 (Ps.
2576 4528 2672 4579 LII,
2704 4512 2785 4581 7).

310 4625 458 4665 eum.
490 4578 645 4675 Quod
677 4578 859 4664 autem
884 4578 1020 4663 dicit
1047 4624 1060 4660 :
1093 4606 1198 4672 Qui
1228 4578 1447 4677 tetigerit
1479 4623 1589 4671 vos,
1619 4607 1785 4677 tangit
1813 4623 1910 4675 pu-
1935 4578 1988 4639 Ῐ)
2085 4605 2267 4673 (Vers.
2303 4578 2618 4676 13.)‘Sileat
2648 4578 2815 4657 omnis
2843 4618 2962 4657 caro
2990 4619 3021 4655 a
3046 4603 3179 4670 [acie
3212 4602 3457 4672 Domini,
3486 4607 3608 4675 quia

310 4702 495 4773 pillnm
524 4700 664 4755 oculi
693 4704 844 4772 ejus;
888 4708 1088 4754 tactum
1132 4712 1231 4769 pro
1278 4698 1566 4752 vexatione
1623 4708 1677 4751 et
1709 4698 1907 4766 injuria

310 4794 500 4864 accipe
528 4840 542 4861 ,
585 4794 735 4865 juxta
779 4792 911 4849 illud
947 4792 1091 4864 quod
1138 4791 1368 4861 legimus
1415 4809 1430 4845 :
1478 4791 1657 4846 Nolite
1701 4801 1911 4865 tangere

309 4889 530 4943 cltristos
578 4903 719 4941 meos
744 4933 759 4956 ,
806 4896 855 4940 et
895 4888 948 4939 in
991 4885 1258 4959 praphetis
1290 4886 1414 4939 meis
1440 4884 1600 4938 nolite
1626 4884 1911 4954 malignari

312 4977 428 5052 (Ps.
457 4993 571 5044 etv,
600 4977 712 5049 15).
740 4978 842 5046 Qui
870 4977 1015 5032 enim
1049 4986 1272 5032 sanctos
1298 4976 1508 5032 Domini
1536 4975 1795 5047 tetigerit,
1830 4977 1908 5031 sic

311 5082 394 5126 est
423 5072 577 5142 quasi
604 5086 805 5125 vexare
828 5071 1013 5138 cupiat
1041 5070 1301 5141 pupillam
1331 5070 1475 5125 oculi
1502 5070 1642 5139 ejus,
1677 5079 1733 5125 et
1756 5070 1907 5125 illum

310 5168 519 5222 nitatur
549 5166 697 5222 clara
727 5166 847 5222 luce
875 5166 1113 5237 privare,
1146 5167 1214 5223 de
1244 5183 1348 5234 qua
1378 5167 1701 5237 loquitur-in
1734 5167 1909 5222 Evan-

311 5261 459 5331 gelio
490 5278 502 5313 :
533 5258 641 5314 Vos
668 5261 787 5314 estis
820 5259 911 5313 lux
936 5260 1121 5313 mundi
1145 5258 1316 5331 (Mat.
1350 5278 1405 5327 v,
1438 5260 1559 5331 M).
1594 5259 1789 5314 Elevat
1814 5275 1910 5316 au-

312 5363 420 5409 tem
453 5353 599 5408 Deus
630 5369 853 5409 manum
890 5368 1076 5420 suam,
1111 5364 1166 5407 ut
1192 5354 1463 5425 percutiat
1493 5365 1685 5422 gentes
1714 5355 1911 5411 adver-

307 5448 509 5510 sarias,
536 5456 586 5501 et
618 5447 880 5517 populum
903 5462 1084 5510 suum,
1114 5456 1136 5484 ο
1162 5446 1251 5501 vel
1271 5446 1643 5502 inJerusalem
1664 5447 1906 5517 reducat,

310 5540 392 5595 vel
420 5542 471 5593 in
497 5539 818 5596 Ecclesiam.
868 5539 1071 5596 Gentes
1107 5539 1454 5595 adversariae
1481 5541 1637 5609 juxta
1664 5542 1909 5611 tropolo-

382 5689 407 5751 ἐι
438 5680 631 5749 Regii].
669 5694 795 5747 nts.,
822 5681 881 5751 in,
909 5681 1065 5751 hujus
1093 5679 1269 5734 saeculi
1302 5688 1451 5734 nocte
1483 5696 1767 5735 versamur.

379 5750 406 5826 lt
448 5751 684 5826 Nicaeum
703 5750 906 5820 Synodi
938 5752 1123 5826 verbis
1148 5753 1199 5826 in
1224 5751 1487 5823 Symbolo
1511 5751 1903 5826 Hieronymum

311 5825 413 5889 uti,
445 5824 611 5893 volgo
638 5833 848 5890 notum,
881 5834 935 5878 et
958 5822 1203 5879 Victorio
1234 5822 1478 5880 notatum
1512 5833 1617 5880 est.

2014 4699 2334 4753 consurrexit
2373 4698 2436 4753 de
2477 4696 2774 4750 habitacula
2804 4705 2988 4751 sancto
3010 4714 3124 4752 suo.
3158 4696 3304 4753 LXX
3347 4716 3361 4753 :
3410 4697 3611 4752 Timent

2013 4794 2179 4848 omnis
2207 4809 2328 4846 caro
2354 4809 2384 4845 a
2418 4792 2551 4863 facie
2578 4791 2813 4860 Domini,
2844 4793 3088 4862 quoniam
3118 4794 3342 4847 surrexit
3369 4792 3432 4846 de
3459 4792 3611 4846 nubi-

2014 4888 2106 4941 bus
2138 4886 2334 4941 sanctis
2360 4885 2489 4939 suis.
2522 4883 2655 4939 Cum
2681 4885 2797 4941 hsce
2831 4886 2899 4939 ita
2930 4900 2990 4942 se
3021 4887 3274 4951 habeant,
3306 4895 3361 4942 et
3392 4900 3607 4957 posses-

2011 4995 2171 5036 surus
2202 4981 2274 5034 sit
2303 4979 2564 5033 Dominus
2584 4977 2775 5034 Judam
2803 4992 3011 5050 partem
3044 4994 3218 5046 suam,
3252 4989 3306 5035 et
3332 4980 3611 5035 electurus

2014 5072 2314 5129 Jerusalem
2344 5115 2358 5139 ,
2408 5086 2570 5126 omne
2614 5071 2891 5125 hominum
2921 5085 3089 5141 genus
3117 5070 3330 5125 Domini
3356 5069 3614 5127 formidet

2015 5167 2307 5223 adventum
2328 5207 2341 5231 ,
2386 5165 2509 5236 quia
2540 5166 2781 5221 surrexit
2807 5165 2877 5220 de
2914 5164 3228 5220 habitaculo
3263 5174 3454 5221 sancto
3480 5181 3604 5220 suo.

2015 5260 2249 5329 Surgere
2274 5270 2453 5315 autem
2489 5258 2751 5313 Dominus
2779 5256 2944 5329 799
2971 5256 3191 5325 dicitur,
3224 5266 3280 5312 et
3307 5257 3463 5328 quasi
3495 5260 3609 5314 evio

2014 5354 2187 5425 gilare
2209 5352 2275 5407 de
2297 5365 2516 5417 somno,
2550 5349 2768 5420 quando
2791 5349 3074 5419 consurgit
3100 5350 3152 5403 in
3181 5350 3475 5405 vindictam
3508 5366 3606 5421 po-

2013 5448 2127 5521 puli
2160 5447 2267 5514 sui,
2296 5446 2447 5518 juxta
2480 5445 2617 5500 illttd
2641 5444 2784 5515 quod
2817 5444 3080 5514 scriptum
3105 5453 3189 5499 est
3218 5462 3231 5499 :
3265 5443 3526 5517 Exsurge,
3555 5455 3612 5501 ut

2013 5542 2138 5615 quid
2163 5540 2381 5606 dormis,
2413 5538 2634 5593 Domine
2657 5536 2779 5609 (Ps.
2801 5552 2956 5601 xutt,
2984 5535 3117 5609 τόν
3147 5538 3263 5592 sive
3287 5537 3435 5608 juxta
3465 5538 3608 5594 LXX

2091 5692 2113 5719 ε
2148 5681 2203 5736 Ιιι
2228 5679 2421 5751 Regio.
2458 5693 2615 5747 tnss.,
2646 5679 2723 5734 vel
2749 5676 3046 5733 Jerusalem
3076 5678 3297 5733 reducat
3339 5677 3395 5732 in
3428 5675 3613 5735 Eccle-

2011 5770 2300 5881 "admidem
2320 5824 2469 5895 juxta
2489 5823 2706 5896 vulgat.
2740 5823 2896 5894 edin,
2917 5825 3272 5896 captivitatem
3291 5821 3456 5895 plebis
3472 5838 3600 5882 sum.
