4050 6342
335 288 469 344 Ηὲἱτ

1075 279 1727 340 COMMENTARIDRUM
1759 278 1825 338 IN
1864 275 2279 336 ZACBARIAM
2319 277 2449 335 LIB.
2491 277 2534 335 l.
2575 275 2728 334 CAP.
2773 274 2837 332 111

3503 271 3640 331 uss
3671 341 3678 349 ι

328 403 553 469 Filium,
583 400 715 456 videt
761 410 810 454 et
851 396 1064 452 Patrem
1095 398 1280 468 (Joan.
1311 413 1419 462 XIV,
1451 395 1507 468 9)
1542 415 1556 450 :
1587 403 1642 450 et
1694 394 1800 449 iste
1845 402 1929 448 est
1957 389 2012 452 Α
2038 407 2154 448 rum
2183 391 2619 448 cimumvalletur
2645 391 2872 460 auxilio,
2895 391 3038 448 etab
3063 392 3210 448 omni
3240 391 3471 448 hostium
3498 390 3636 446 frau-

328 499 418 569 qtti
450 497 612 567 elegit
642 494 967 560 Jerusalem,
1015 492 1315 549 Ecclesiam
1345 507 1463 562 qua:
1494 504 1681 561 pacem
1717 486 1928 544 Domini

331 590 745 660 contemplatur.
779 587 970 643 Terris
1015 596 1194 642 autem
1223 585 1292 642 de
1324 585 1446 654 igne
1477 593 1688 647 erutus,
1737 579 1928 636 rectis-

328 684 466 738 sime
498 679 723 750 intelligi
759 687 958 750 potest,
1009 678 1102 749 qui
1145 692 1266 733 cum
1319 676 1373 732 in
1423 675 1699 747 Babylone
1742 672 1924 737 fuerit,

330 791 436 830 non
482 784 568 830 est
618 771 914 845 Babylonio
961 771 1083 844 igne
1125 779 1497 840 consumptus,
1553 785 1652 824 nec
1711 768 1926 822 ﬂamma

329 869 511 926 srrculi
546 868 705 940 hujus
747 875 999 924 attactus.
1034 865 1188 924 Unde
1219 874 1276 921 et
1305 867 1518 938 Moyses
1552 866 1602 919 in
1634 862 1927 918 solitudine

328 964 503 1022 cernit
532 963 796 1018 visionem
847 975 1118 1032 magnam,
1152 961 1204 1015 in
1235 975 1340 1030 qua
1369 958 1597 1014 ardebat
1648 957 1839 1022 rubus,
1873 965 1927 1010 et

329 1070 436 1112 non
463 1051 888 1110 comburebatur
910 1051 1107 1124 (Exod.
1134 1053 1234 1121 ιιι).
1263 1050 1358 1106 Hic
1378 1049 1537 1106 Jesus
1559 1057 1675 1104 erat
1704 1047 1925 1102 indutus

328 1147 570 1206 vestibus
588 1145 854 1212 sordidis;
873 1144 1104 1212 quicum
1126 1159 1230 1200 non
1259 1143 1474 1198 fecisset
1498 1151 1801 1212 peccatum,
1827 1156 1926 1212 pro

326 1241 484 1296 nobis
515 1247 794 1310 peccatum
823 1237 995 1294 iactus
1018 1245 1122 1304 est,
1153 1247 1200 1292 et
1232 1237 1338 1307 ipse
1365 1237 1690 1306 inﬁrmitates
1723 1245 1924 1290 nostras

323 1341 518 1403 portat,
538 1332 760 1406 302a
789 1348 883 1404 pro
912 1331 1054 1387 nobis
1083 1331 1243 1399 dolet,
1263 1341 1308 1386 et
1321 1347 1413 1385 nos
1443 1332 1791 1402 reputat'imus
1810 1347 1924 1384 eum

325 1443 431 1480 esse
452 1426 503 1480 in
527 1424 707 1480 dolore
727 1467 739 1488 ,
764 1434 810 1479 et
832 1425 882 1478 in
903 1426 1077 1496 plaga,
1105 1434 1151 1478 et
1173 1425 1224 1477 iu
1246 1425 1503 1497 angustia.
1531 1422 1558 1476 1
1563 1441 1652 1497 pse
1672 1440 1786 1479 vero
1807 1423 1922 1477 vul-

324 1527 532 1571 neratus
551 1525 648 1582 est,
671 1525 692 1551 ο
713 1526 923 1588 prapter
946 1526 1151 1588 peccata
1174 1526 1352 1571 nostra
1379 1515 1749 1588 (lsai.t.ttt,‘4).
1775 1517 1841 1570 Et
1869 1517 1924 1570 itt

322 1609 585 1679 Apo~tolo
618 1608 847 1678 legimus
881 1625 893 1661 :
929 1606 1163 1663 Christus
1193 1609 1405 1663 redemit
1438 1625 1528 1664 nos
1560 1609 1624 1662 de
1651 1607 1924 1662 maledicto

320 1702 492 1776 Legis,
541 1702 709 1772 factus
757 1717 850 1770 pro
883 1702 1028 1756 nobis
1059 1701 1392 1756 maledictum
1433 1700 1632 1775 (Galat.
1681 1717 1759 1770 ιιι,
1808 1701 1916 1772 15).

2034 485 2102 540 de
2130 501 2353 542 securus
2381 485 2470 540 sit.
2523 485 2680 542 Juxta
2714 493 2952 552 nostros,
2995 486 3087 558 qui
3119 486 3236 542 haec
3288 485 3468 542 omnia
3497 485 3642 543 refe8

2032 589 2159 635 runt
2185 579 2251 634 ad
2282 580 2565 636 Dominum
2600 575 2938 637 Salvatorem
2962 625 2975 649 ,
3007 580 3112 637 hoc
3138 573 3352 637 videtur
3381 594 3503 638 esse
3528 579 3632 636 dif-

2032 675 2194 742 ﬁcile,
2229 676 2371 744 qttod
2409 674 2536 731 Jesu
2581 677 2652 728 ab
2683 677 2874 745 angelo
2904 676 3101 731 dicitur
3133 693 3146 730 :
3177 675 3232 730 Si
3272 675 3630 731 ambulaverit

2034 769 2083 823 in
2107 768 2207 824 viis
2231 769 2464 834 Domini,
2489 776 2546 824 et
2569 767 2689 837 ejus
2717 777 2979 840 praecepta
3009 767 3328 837 servaverit,
3360 769 3474 838 ipse
3494 783 3630 838 quo-

2030 880 2134 934 que
2157 863 2365 932 judicet
2389 863 2608 918 domum
2635 863 2775 933 ejus,
2808 875 2863 919 et
2904 863 3175 920 custodiat
3204 863 3340 919 atria
3376 862 3539 930 illius,
3572 873 3629 921 et

2029 957 2121 1012 dt-t
2169 958 2216 1012 ei
2251 957 2509 1012 Dominus
2535 957 2877 1014 ambulantes
2907 957 2974 1012 de
3016 957 3097 1011 bis
3143 958 3232 1026 qui
3263 956 3519 1013 assistant
3549 957 3622 1011 ei.

2029 1051 2181 1119 Quod
2217 1049 2370 1106 facile
2395 1050 2642 1118 solvitur,
2687 1051 2730 1106 si
2759 1051 3164 1106 consideremus
3204 1066 3349 1114 eum,
3378 1051 3470 1122 qui
3517 1047 3626 1107 ior-

2030 1162 2171 1200 mam
2198 1147 2337 1201 servi
2370 1156 2453 1202 est
2479 1145 2731 1217 dignatus
2760 1159 3038 1200 assumere
3058 1143 3282 1218 (Philip.
3298 1143 3377 1214 tt).
3415 1143 3622 1200 Etcum

2029 1243 2168 1298 dives
2204 1251 2353 1308 esset,
2387 1257 2481 1313 pro
2514 1242 2660 1296 nobis
2687 1255 2884 1313 pauper
2915 1242 3082 1310 factus
3120 1248 3195 1294 est
3235 1241 3252 1307 (
3278 1237 3319 1294 ιι
3348 1237 3471 1295 Cor.
3503 1249 3618 1305 vttt,

2028 1333 2105 1406 9).
2133 1333 2403 1403 Quidquid
2446 1333 2606 1404 igitur
2634 1332 2701 1389 do
2730 1331 2989 1388 membris
3018 1331 3230 1393 dicitur.
3278 1321 3512 1387 refertur
3553 1327 3620 1386 ad

2029 1443 2228 1501 corpus
2261 1447 2272 1482 :
2302 1435 2484 1484 noster
2508 1425 2805 1496 profectus,
2829 1425 3044 1481 Domini
3071 1425 3294 1481 victoria
3324 1433 3426 1480 est.
3457 1423 3622 1480 Cum-

2029 1537 2132 1592 que
2167 1537 2266 1578 nos
2295 1521 2706 1592 pervenerimus
2746 1518 2799 1574 in
2826 1522 3000 1574 virum
3037 1518 3358 1589 perfectum,
3382 1517 3434 1573 itt
3468 1534 3624 1574 men-

2029 1633 2206 1672 suram
2241 1617 2414 1672 aetatis
2447 1615 2797 1686 plenitudinis
2843 1612 3041 1670 Clu-isti
3077 1612 3314 1686 (Ephes.
3349 1629 3400 1668 tv
3429 1613 3486 1685 ),
3532 1612 3622 1670 illo

2025 1710 2289 1779 iudicabit
2319 1709 2539 1765 domum
2573 1709 2688 1776 Dei,
2721 1707 3016 1763 secundum
3059 1706 3108 1760 id
3145 1705 3288 1774 quod
3332 1707 3622 1774 ApO>b0il|8

318 1795 416 1852 Hic
470 1795 522 1850 in
573 1794 832 1850 vicesimo
891 1797 1065 1864 primo
1118 1796 1328 1867 psalmo
1375 1796 1616 1864 loquitur
1645 1815 1657 1850 :
1694 1795 1865 1869 Longe
1887 1815 1916 1850 ιι
1945 1786 1996 1848 Β
2023 1802 2158 1858 dixit
2190 1821 2200 1856 ;
2249 1800 2486 1856 Christus
2528 1810 2700 1855 autem
2725 1802 2857 1855 sicut
2884 1799 3026 1870 ﬁlius
3056 1816 3210 1868 super
3240 1798 3450 1852 domum
3481 1799 3615 1867 ejus,

317 1887 486 1941 salute
513 1904 626 1941 mea
667 1887 820 1940 verba
868 1888 1174 1944 delictorum
1213 1906 1442 1943 meorum
1486 1889 1659 1961 (Psal.
1692 1906 1807 1956 xu,
1838 1891 1912 1959 i).

318 1979 386 2035 Et
417 1981 468 2032 in
498 1981 836 2049 sexagesimo
868 1990 1060 2036 octavo
1089 1981 1299 2052 psalmo
1329 1997 1344 2038 :
1392 1981 1548 2049 Deus,
1582 1994 1637 2038 tu
1664 1985 1762 2038 scis
1792 1983 1920 2038 insi-

317 2073 564 2145 pientium
594 2089 780 2142 meam,
814 2083 862 2126 et
913 2073 1100 2128 delicta
1147 2091 1258 2129 mea
1294 2093 1324 2128 a
1352 2084 1397 2130 te
1428 2092 1529 2130 non
1559 2086 1676 2130 sunt
1705 2077 1921 2131 abscon-

317 2163 428 2217 dita
455 2161 630 2236 (Psal.
667 2181 857 2231 vattt,
879 2164 1106 2237 6).Qua:
1139 2167 1397 2221 universa
1429 2166 1775 2237 appellantur
1803 2182 1921 2222 sor-

281 2289 284 2292 -
318 2255 446 2310 dida
477 2257 820 2321 vestimenta,
877 2268 932 2312 et
982 2257 1300 2314 auferentur
1340 2258 1409 2312 ab
1452 2273 1517 2312 eo
1547 2274 1669 2313 cum
1703 2269 1920 2328 peccata

321 2359 505 2406 nostra
550 2349 838 2417 deleverit,
891 2357 950 2404 ut
999 2349 1123 2421 quia
1175 2350 1266 2405 ille
1308 2349 1544 2405 sordidis
1576 2350 1797 2405 indutus
1841 2360 1923 2405 est

321 2446 584 2514 vestibus,
628 2460 726 2500 nos
773 2457 1120 2517 resurgentes
1150 2447 1200 2500 in
1233 2462 1298 2501 eo
1328 2447 1610 2501 audiamus
1641 2455 1761 2516 post
1789 2447 1921 2515 bap-

325 2541 482 2596 tisma
519 2559 531 2594 :
575 2539 814 2595 Candida
863 2542 962 2595 siut
1014 2558 1212 2612 semper
1263 2543 1558 2596 vestimenta
1615 2551 1704 2594 tua
1751 2539 1922 2611 (Eccl.

327 2650 400 2698 ις,
442 2631 498 2706 8)
548 2651 559 2686 :
609 2633 1056 2706 credentiumque
1105 2636 1282 2688 omnis
1338 2634 1580 2688 Ecclesia
1633 2633 1785 2687 audit
1830 2647 1925 2702 per

325 2724 518 2780 Isaiam
546 2741 561 2780 :
595 2725 890 2790 Lavamini,
938 2727 1118 2780 utumli
1149 2735 1310 2781 estote
1350 2724 1510 2797 (Isai.
1545 2743 1584 2793 ι,
1623 2725 1736 2797 16).
1769 2724 1833 2779 Et
1858 2724 1926 2780 de

237 2815 240 2818 ’
330 2818 440 2884 ipsa
485 2819 839 2886 propltetatur
884 2817 934 2870 itt
985 2817 1211 2872 Cantico
1261 2818 1594 2872 canticorum
1635 2837 1647 2871 :
1685 2817 1812 2884 ρηω
1854 2825 1926 2871 est

329 2913 426 2964 ista
457 2928 570 2983 qua:
598 2913 831 2966 ascendit
862 2911 1100 2966 dealba'a
1129 2909 1308 2985 (Cant.
1341 2928 1420 2979 ιιι,
1455 2910 1548 2984 6)?
1570 2910 1795 2988 Ποδήρην
1827 2929 1924 2966 att-

333 3012 460 3071 tetn,
506 3005 935 3058 incarnationem
972 3005 1089 3076 ejus
1117 3004 1326 3076 accipe,
1374 3020 1494 3074 qua:
1535 3003 1603 3059 de
1639 3016 1781 3059 terra
1822 3015 1926 3071 est,

331 3105 385 3152 et
413 3097 750 3169 signiﬁcatur
797 3098 851 3152 in
884 3098 1134 3168 pedibus.
1179 3096 1419 3154 Cidarim
1454 3100 1708 3153 mundam
1758 3116 1925 3171 super

332 3202 486 3264 caput
523 3191 690 3256 illius,
723 3193 1069 3264 splendorem
1099 3193 1296 3248 divinat
1327 3193 1627 3263 majestatis
1661 3194 1918 3264 intellige.
1949 3163 2000 3230 θ

336 3297 388 3338 ιιι
423 3301 558 3341 unus
578 3296 739 3358 atque
769 3286 908 3341 idem
938 3287 1235 3342 secundum
1274 3287 1551 3342 hominem
1591 3288 1810 3366 ποδήρη,
1840 3305 1926 3345 se-

334 3377 567 3432 cundum
601 3378 766 3432 Deum
797 3377 962 3432 cidari
990 3389 1211 3434 ornatus
1237 3395 1361 3434 esse
1389 3379 1658 3435 videatur.

409 3470 588 3540 (Vers.
618 3472 670 3536 6,
698 3468 780 3542 7.)
816 3470 878 3524 Et
909 3472 1122 3546 angelus
1150 3470 1357 3526 Domini
1379 3473 1574 3538 stabat,
1599 3483 1642 3527 et
1670 3483 1930 3526 contestan

338 3565 487 3618 butttr
513 3565 727 3638 angelus
783 3564 992 3620 Domini
1017 3563 1221 3633 Iesum,
1255 3564 1432 3619 dicens
1465 3581 1482 3618 :
1521 3563 1640 3620 "(cc
1663 3566 1788 3618 dicit
1825 3565 1930 3618 Do-

339 3659 507 3712 minus
547 3658 864 3712 exercituum
895 3674 911 3709 :
940 3656 1002 3712 Si
1049 3658 1102 3711 in
1151 3659 1242 3712 viis
1296 3660 1422 3712 meis
1470 3658 1832 3722 ambulat-eris,
1882 3667 1930 3712 et

338 3753 626 3806 custodiam
657 3769 821 3808 meam
863 3753 1190 3822 custodieris,
1220 3763 1274 3808 tu
1315 3771 1516 3825 quoque
1546 3755 1812 3827 judicnbis
1838 3756 1932 3808 do-

339 3864 479 3900 mum
503 3864 690 3910 meum,
712 3857 759 3900 et
788 3849 1042 3903 custodies
1070 3849 1205 3902 atria
1237 3865 1366 3918 mea,
1403 3859 1449 3903 et
1475 3850 1608 3904 dabo
1637 3851 1726 3903 tibi
1746 3851 1932 3904 ambu-

340 3943 502 3995 lantes
532 3941 594 3994 de
622 3939 702 3994 Itis
727 3941 816 4012 qui
845 3958 980 3994 nunc
1006 3939 1089 3994 hic
1116 3941 1384 3995 assistunt.
1411 3941 1555 3996 LXX
1590 3960 1603 3996 :
1631 3941 1699 3996 Et
1720 3944 1934 4014 angelus

345 4033 555 4086 Domini
606 4033 822 4088 stabat:
853 4044 900 4088 et
940 4035 1320 4088 contestabatur
1367 4035 1583 4105 angelus
1629 4033 1838 4090 Domini
1866 4037 1935 4090 ad

341 4128 540 4187 Iesum.
582 4129 756 4183 dicens
789 4145 806 4182 :
839 4127 971 4182 Ha’c
1012 4129 1136 4183 dicit
1173 4128 1425 4183 Dominus
1467 4130 1784 4198 omnipotens
1817 4147 1836 4184 :
1877 4129 1938 4183 Si

343 4227 396 4280 in
437 4227 531 4279 viis
563 4226 684 4279 meis
706 4225 1068 4292 ambulaveris,
1103 4233 1148 4278 et
1176 4234 1430 4296 praecepto
1458 4240 1570 4278 mea
1601 4223 1936 4291 custodieris,

345 4330 391 4374 et
419 4330 472 4372 ttt
492 4318 758 4391 judicabis
781 4318 989 4372 domum
1011 4332 1210 4382 meam;
1236 4328 1281 4370 et
1317 4317 1363 4370 si
1401 4317 1707 4370 custodieris
1749 4317 1940 4370 atrium

348 4427 544 4478 meum,
573 4410 708 4462 dabo
745 4409 837 4462 tibi
880 4411 966 4478 qui
1018 4416 1379 4462 conuersentur
1404 4407 1456 4460 in
1485 4408 1652 4461 medio
1692 4407 1937 4460 stantium

346 4507 577 4558 istorum.
646 4503 861 4562 llebrtei,
913 4512 1105 4572 coeptae
1167 4501 1637 4570 interpretationis
1689 4499 1938 4554 ordinem

348 4606 764 4667 prosequentes,
812 4596 886 4654 ad.
926 4597 1110 4651 Jesum
1143 4596 1308 4650 lilium
1358 4594 1588 4650 Josedec
1633 4595 1700 4649 ab
1747 4595 1941 4664 angelo

353 4691 562 4746 Domini
593 4691 708 4746 haec
731 4692 874 4746 dicta
901 4691 1208 4762 intelligunt
1242 4710 1252 4744 :
1284 4691 1427 4762 quod
1453 4699 1573 4759 post
1609 4689 1942 4744 oblationem

348 4785 578 4839 vestiunt
613 4783 987 4851 sordidarum,
1017 4795 1071 4838 et
1100 4784 1399 4838 restitutam
1435 4782 1619 4837 mundi
1653 4781 1950 4837 sacerdotii

349 4876 690 4946 dignitatem,
725 4876 1073 4946 praecipiatur
1102 4877 1152 4931 ei
1177 4877 1333 4946 juxta
1361 4876 1489 4929 illud
1517 4875 1663 4945 quod
1687 4877 1738 4929 in
1772 4875 1946 4930 Evan—

349 4968 489 5038 gelio
533 4967 798 5037 scriptum
841 4977 923 5022 est
955 4987 967 5023 :
1003 4965 1136 5023 Ecce
1163 4985 1323 5024 sanus
1362 4969 1530 5039 factus
1571 4985 1645 5036 es,
1673 4969 1810 5022 ultra
1841 4967 1950 5021 noli

351 5076 580 5128 peccare,
632 5076 692 5112 ne
738 5059 864 5125 quid
902 5061 996 5113 tibi
1047 5061 1269 5114 deterius
1312 5061 1406 5130 ﬁat
1443 5059 1621 5133 (Joan.
1654 5077 1707 5126 ν,
1744 5061 1866 5130 H);
1899 5070 1956 5118 ct

352 5153 748 5220 repromittitur
771 5156 820 5208 ei
855 5154 1160 5222 prtemiunt,
1189 5155 1234 5207 si
1259 5155 1312 5209 itt
1339 5155 1440 5208 viis
1465 5155 1676 5209 Dotnini
1711 5155 1954 5209 ambula-

351 5245 512 5311 verit,
560 5258 613 5301 et
653 5248 770 5317 ejus
815 5258 1086 5317 prmcepta
1127 5247 1456 5314 servaverit,
1479 5249 1619 5319 quod
1651 5259 1705 5305 et
1730 5252 1952 5320 ipsejn-

353 5340 457 5392 dett
507 5339 578 5392 sit
624 5338 818 5393 domus
849 5339 991 5410 ejus,
1029 5339 1079 5393 id
1109 5349 1215 5406 est,
1271 5341 1512 5408 pontifex
1543 5357 1858 5412 perseveret
1901 5344 1956 5400 in

356 5432 579 5498 templo,
633 5441 688 5487 et
736 5431 1008 5488 custodiat
1059 5433 1202 5488 atria
1247 5433 1396 5508 ejus,
1449 5442 1610 5506 atque
1664 5437 1952 5502 vestibula,

573 5533 626 5578 et
675 5525 768 5580 det
799 5526 846 5580 ei
905 5526 1166 5582 Dominus
1215 5541 1279 5581 es
1345 5529 1662 5599 angelorum
1727 5547 1958 5588 numero.

355 5620 467 5688 (qui
501 5633 567 5672 eo
595 5628 839 5688 tempore
869 5620 1084 5674 stabant
1113 5628 1238 5675 ante
1269 5633 1614 5691 conspectum
1650 5624 1791 5695 ejus)
1822 5642 1955 5696 quo-

429 5746 454 5774 ιι
484 5736 764 5790 Interserit.
788 5737 978 5806 Regia.
1021 5751 1156 5801 ms,
1181 5746 1388 5808 pttopter
1412 5738 1718 5808 iniquitates
1741 5751 1950 5797 nostras

356 5819 401 5864 et
425 5808 774 5875 inﬁrmitates,
803 5818 850 5862 et
881 5817 1109 5878 prapter,
1140 5817 1246 5864 etc.
1268 5810 1484 5864 ltectius
1516 5825 1686 5880 penes
1709 5811 1935 5886 Victor.,

2020 1898 2170 1969 cujus
2207 1896 2388 1950 domus
2415 1909 2594 1948 sumus
2635 1910 2728 1947 nos
2759 1890 2961 1964 (Hebr.
2996 1907 3076 1956 ιιι,
3101 1890 3200 1963 6).
3244 1891 3310 1945 Et
3347 1889 3416 1946 ad
3444 1889 3623 1944 Timo-

2022 1988 2208 2043 tlteunt
2234 2006 2244 2040 :
2279 1988 2339 2044 Si
2363 1986 2654 2054 tardavero,
2678 1994 2733 2040 ut
2749 1986 2881 2040 scias
2910 1983 3168 2053 quomodo
3188 1983 3370 2038 debeas
3390 1983 3446 2037 in
3465 1983 3621 2036 domo

2023 2082 2122 2137 Dei
2147 2082 2456 2148 conversari,
2485 2096 2601 2150 qua:
2625 2089 2696 2135 est
2729 2079 2961 2134 Ecclesia
2992 2077 3087 2134 Dei
3113 2079 3348 2142 viventis,
3380 2078 3618 2133 columna

2024 2188 2071 2232 et
2101 2179 2483 2248 ﬁrmamentum
2508 2174 2734 2230 veritatis
2767 2173 2810 2243 (Ι
2838 2167 2980 2229 Tim.
3010 2187 3090 2239 ιιι,
3127 2171 3237 2243 15).
3292 2173 3355 2226 Et
3397 2187 3502 2226 non
3530 2185 3620 2226 θοι

2025 2271 2133 2326 lum
2161 2270 2425 2341 judicabit
2448 2269 2666 2325 domum
2705 2265 2866 2339 ejus;
2912 2266 3007 2323 sed
3055 2259 3326 2322 custodiet
3351 2265 3486 2321 atria
3518 2263 3622 2320 Do-

2025 2364 2180 2430 mini,
2206 2363 2274 2420 de
2303 2363 2498 2433 quibus
2521 2363 2780 2431 scriptum
2812 2371 2896 2417 est
2928 2377 2942 2414 :
2985 2360 3215 2414 Adorate
3243 2357 3523 2414 Dominum
3564 2360 3620 2413 in

2024 2460 2158 2512 atrio
2184 2466 2361 2512 sancto
2412 2457 2521 2526 ejus
2572 2453 2703 2526 (Ps.
2736 2469 2922 2514 xxvttt,
2954 2451 3053 2522 2).
3096 2451 3370 2507 Jttdicabit
3413 2459 3617 2519 autem,

2025 2551 2146 2606 sive
2193 2548 2532 2620 dijudicabit,
2561 2545 2837 2602 dominum
2869 2545 3009 2615 ejus,
3054 2553 3108 2600 et
3139 2559 3237 2612 pro
3268 2544 3474 2600 meritis
3504 2544 3619 2599 sin-

2024 2644 2298 2714 gulorum,
2334 2640 2424 2696 alii
2453 2640 2590 2697 dans
2633 2639 2820 2695 decem
2866 2639 3133 2702 civitates,
3186 2646 3240 2692 et
3267 2637 3354 2692 alii
3385 2637 3624 2706 quinque

2028 2737 2181 2807 (Luc.
2211 2734 2351 2807 six),
2390 2745 2442 2790 et
2474 2734 2614 2788 alios
2639 2733 2694 2788 in
2727 2731 2970 2788 Ecclesia
2999 2731 3340 2786 constituens
3387 2729 3624 2800 prophe-

2031 2840 2132 2897 tas,
2180 2841 2234 2884 (ιι
2281 2830 2419 2883 alios
2465 2829 2766 2898 apostolos,
2799 2827 2933 2881 alios
2963 2827 3237 2893 doctores,
3287 2827 3422 2881 alios
3472 2827 3622 2897 signa

2030 2924 2290 2980 facientes
2317 2922 2374 2995 (ι
2402 2921 2525 2977 Cor.
2559 2920 2697 2991 sit),
2724 2921 2862 2975 alios
2894 2936 2989 2990 pro
3021 2919 3192 2975 oculis
3221 2918 3457 2987 habens,
3491 2917 3629 2974 alios

2029 3030 2127 3085 pro
2155 3014 2423 3078 manibus,
2459 3013 2596 3067 alios
2622 3027 2719 3082 pro
2746 3011 3006 3080 pedibus,
3035 3011 3184 3080 justa
3217 3008 3349 3064 illud
3377 3011 3520 3078 quod
3551 3010 3627 3066 leo

2031 3109 2206 3176 gintus
2240 3124 2252 3160 :
2287 3104 2427 3159 Deus
2456 3104 2593 3160 stetit
2625 3106 2678 3158 iu
2699 3121 2965 3176 synagoga
2995 3105 3227 3168 deorum,
3261 3105 3313 3157 in
3342 3103 3511 3157 medio
3532 3120 3628 3156 au—

2029 3211 2127 3254 tem
2166 3200 2288 3253 deos
2317 3198 2570 3271 dijudicut
2605 3195 2722 3267 (Ps.
2752 3211 2946 3261 Lxxxt,
2981 3193 3067 3266 1).
3115 3195 3270 3251 Dedit
3309 3207 3524 3266 quoque
3577 3197 3626 3252 ei

2031 3293 2098 3346 de
2125 3292 2438 3363 angelorum
2469 3306 2696 3346 numero
2727 3288 3028 3355 ministros,
3081 3289 3172 3358 qui
3222 3290 3274 3343 in
3301 3303 3466 3344 carne
3495 3304 3628 3344 eon-

2031 3387 2228 3452 stituti,
2258 3383 2463 3442 similes
2490 3385 2806 3454 angelorum
2837 3395 2958 3438 sunt
2985 3423 3000 3452 ,
3035 3393 3089 3438 et
3132 3383 3199 3440 de
3235 3383 3431 3454 quibus
3479 3388 3624 3452 Apo-

2033 3479 2206 3534 stolus
2233 3477 2552 3548 loquebatur
2588 3496 2600 3530 :
2646 3477 2838 3532 Noster
2866 3477 3217 3549 municipatus
3252 3478 3304 3530 in
3345 3476 3628 3531 caelestibus

2034 3583 2108 3629 est
2139 3571 2312 3646 (Phil.
2337 3588 2416 3639 ιιι,
2442 3571 2557 3643 90).
2587 3572 2644 3628 Si
2673 3572 2820 3626 enim
2851 3571 3032 3642 angeli
3062 3586 3170 3627 ιιοιι
3211 3571 3415 3626 nubunt
3457 3585 3634 3640 neque

2036 3669 2329 3730 nubntttur,
2348 3677 2401 3722 et
2425 3667 2516 3734 qui
2539 3667 2591 3720 in
2621 3666 2868 3736 virginali
2898 3667 3229 3722 continentia
3257 3675 3628 3736 perseverant,

2036 3763 2241 3818 similes
2264 3761 2578 3830 angelorum
2594 3770 2721 3816 sunt
2738 3759 2951 3832 (Matth.
2974 3760 3134 3830 χχιι),
3147 3776 3241 3814 cur
3260 3777 3364 3815 non
3385 3770 3636 3830 putemus

2037 3855 2297 3924 angelicae
2318 3855 2592 3926 dignitatis
2610 3855 2910 3924 apostolos.
2925 3863 2980 3911 et
2992 3864 3210 3910 sanctos
3223 3870 3466 3926 quosque
3481 3855 3637 3910 datos

2037 3949 2192 4017 Jesu,
2223 3949 2312 4020 qui
2343 3949 2602 4003 assistant
2629 3948 2680 4002 ei
2725 3949 2778 4001 in
2813 3948 3072 4011 Ecclesia,
3102 3956 3158 4004 et
3198 3963 3492 4015 antequam
3531 3947 3636 4002 ilu-

2038 4049 2286 4097 ctuautes
2306 4040 2540 4095 habeant
2561 4039 2742 4108 pedes.
2760 4039 2853 4094 sed
2875 4055 2997 4094 cum
3017 4050 3194 4095 stante
3212 4049 3356 4095 stent
3371 4039 3640 4094 Domino?

2113 4135 2294 4207 (Vers.
2323 4135 2379 4199 8,
2413 4134 2496 4204 9.)
2517 4133 2672 4199 Audi,
2702 4131 2828 4187 Iesu
2847 4134 3086 4188 sacerdos
3111 4151 3318 4204 magne,
3341 4145 3398 4188 tu
3414 4142 3462 4188 et
3485 4133 3644 4187 amici

2041 4229 2118 4282 tui
2138 4231 2228 4301 qui
2269 4228 2501 4284 habitant
2532 4245 2712 4283 coruus
2732 4241 2800 4294 te,
2845 4228 2968 4299 quia
2997 4229 3092 4283 uiri
3121 4227 3481 4298 porteudeutes
3502 4237 3647 4282 sunt.-

2045 4324 2179 4380 Ecce
2223 4321 2358 4376 enim
2405 4335 2502 4388 ego
2546 4320 2806 4374 adducam
2830 4317 3004 4392 805
3029 4335 3227 4374 servum
3255 4335 3426 4374 meum
3459 4319 3646 4374 Orien-

2045 4427 2170 4483 tem,
2201 4413 2324 4486 quin
2351 4429 2468 4466 ecce
2498 4411 2630 4484 lapis
2658 4427 2810 4482 quem
2839 4411 2960 4466 dedi
2990 4427 3170 4464 coruus
3195 4409 3344 4478 Jesu,
3381 4429 3536 4485 super
3568 4413 3650 4466 la-

2046 4509 2216 4580 pidem
2237 4521 2398 4559 unum
2425 4515 2616 4574 septem
2645 4503 2782 4558 oculi
2811 4511 2950 4556 sunt.
2980 4499 3125 4558 LXX
3154 4519 3167 4555 :
3197 4501 3332 4556 Audi
3357 4518 3499 4574 ergo,
3521 4501 3655 4559 Iesu

2047 4600 2290 4655 sacerdos
2339 4611 2548 4668 magne,
2575 4604 2620 4650 et
2650 4595 2872 4668 proximi
2901 4596 2977 4648 tui
3002 4596 3092 4665 qui
3120 4595 3298 4650 sedent
3325 4605 3444 4651 ante
3470 4597 3652 4667 faciem

2051 4705 2218 4757 tuam,
2264 4693 2386 4764 quia
2428 4690 2526 4744 uiri
2572 4690 2964 4764 τερατοσκόποι.
3006 4689 3060 4744 id
3128 4698 3241 4757 est,
3295 4699 3653 4760 portentorum

2047 4797 2357 4858 spectatores
2384 4796 2528 4849 sunt,
2557 4784 2680 4853 quia
2709 4800 2824 4838 ecce
2845 4800 2936 4858 ego
2967 4784 3227 4839 adducam
3260 4800 3462 4839 seruum
3486 4799 3658 4838 meum

2054 4879 2336 4942 Orientem,
2367 4879 2491 4948 quia
2519 4877 2658 4947 lapis
2678 4893 2830 4948 quem
2860 4877 2982 4931 dedi
3003 4887 3124 4931 ante
3145 4878 3330 4948 faciem
3349 4875 3476 4930 Jesu
3503 4892 3659 4944 super

2051 4973 2278 5046 lapidem
2308 4988 2496 5037 unum,
2524 4981 2714 5042 septem
2741 4971 2881 5024 oculi
2906 4981 3046 5025 sunt.
3097 4970 3282 5026 Nostri
3325 4971 3378 5024 in
3405 4970 3506 5023 hoc
3537 4969 3662 5024 loco

2054 5077 2331 5124 arctantur
2359 5083 2387 5122 a
2428 5065 2656 5132 ludatis,
2701 5065 2846 5136 quod
2883 5065 3035 5134 juxta
3063 5063 3506 5134 consequentiam
3543 5072 3663 5118 tex-

2059 5170 2281 5229 tumque
2309 5159 2582 5214 sermonis
2627 5158 2798 5229 magis
2825 5157 3060 5212 debeant
3087 5155 3276 5214 Jesum
3317 5155 3664 5211 sacerdotem

2059 5253 2364 5321 intelligere
2412 5252 2580 5306 tilium
2607 5251 2859 5314 .losedec,
2889 5265 3054 5318 qttam
3080 5249 3376 5304 Dominum
3409 5249 3662 5303 Salvato-

2063 5365 2198 5404 rent.
2235 5348 2290 5403 Si
2321 5346 2466 5402 enim
2497 5344 2564 5399 ad
2581 5345 2866 5399 Dominum
2899 5357 3079 5398 sermo
3100 5352 3284 5409 est,.et
3306 5341 3662 5397 adCltristum

2063 5442 2261 5496 dicitur
2293 5457 2305 5492 :
2332 5437 2498 5505 Audi,
2528 5437 2657 5491 Jesn
2691 5437 2930 5490 sacerdos
2957 5451 3142 5507 magae
3174 5452 3192 5490 :
3215 5435 3340 5503 quis
3362 5445 3442 5490 est
3468 5435 3536 5490 de
3555 5448 3668 5505 quo

2065 5533 2296 5589 infertur
2330 5552 2340 5586 :
2379 5529 2509 5586 Ecce
2534 5547 2625 5602 ego
2650 5529 2912 5584 adducam
2943 5545 3146 5583 seruum
3174 5545 3350 5582 meum
3377 5528 3670 5596 Orientem,

2065 5628 2154 5697 qui
2184 5627 2289 5680 alio
2320 5625 2537 5679 nomine
2570 5623 2706 5694 lapis
2733 5623 3069 5693 appellatur,
3100 5633 3154 5678 et
3182 5624 3339 5677 datus
3361 5631 3443 5677 est
3475 5636 3660 5676 coram

2051 5749 2266 5870 prop‘lsr
2294 5739 2598 5865 iniquitates
2618 5748 2856 5807 aestuas,
2894 5749 2948 5795 eo
2983 5739 3283 5810 inﬁrmatus
3329 5748 3406 5794 est
3449 5751 3659 5810 propter

2051 5829 2180 5870 νει-ε
2238 5826 2294 5870 ιι.
2324 5825 2354 5867 e
2417 5851 2432 5866 .

2047 5825 2294 5882 peccatu,
2324 5825 2432 5867 etc.
