  <div class='ocr_page' id='page_1' title='image "/cluster/home/n/w/nwhite01/storage/ocr_20150623/25/hvd.32044015471394/727.png"; bbox 0 0 4028 6342; ppageno 0'>
   <div class='ocr_carea' id='block_1_1' title="bbox 375 288 516 350">
    <p class='ocr_par' dir='ltr' id='par_1_1' title="bbox 375 288 516 350">
     <span class='ocr_line' id='line_1_1' title="bbox 375 288 516 350; baseline 0.007 -1"><span class='ocrx_word' id='word_1_1' title='bbox 375 288 516 350; x_wconf 71' lang='grc'><strong>1159</strong></span> 
     </span>
    </p>
   </div>
   <div class='ocr_carea' id='block_1_2' title="bbox 1620 288 2419 352">
    <p class='ocr_par' dir='ltr' id='par_1_2' title="bbox 1620 288 2419 352">
     <span class='ocr_line' id='line_1_2' title="bbox 1620 288 2419 352; baseline -0.004 -2"><span class='ocrx_word' id='word_1_2' title='bbox 1620 296 1680 350; x_wconf 90' lang='lat' dir='ltr'><strong>S.</strong></span> <span class='ocrx_word' id='word_1_3' title='bbox 1723 290 1998 352; x_wconf 85' lang='lat' dir='ltr'><strong>EUSEBII</strong></span> <span class='ocrx_word' id='word_1_4' title='bbox 2034 288 2419 349; x_wconf 80' lang='lat' dir='ltr'><strong>HIERONYMI</strong></span> 
     </span>
    </p>
   </div>
   <div class='ocr_carea' id='block_1_3' title="bbox 3534 291 3685 348">
    <p class='ocr_par' dir='ltr' id='par_1_3' title="bbox 3534 291 3685 348">
     <span class='ocr_line' id='line_1_3' title="bbox 3534 291 3685 348; baseline 0.007 -1"><span class='ocrx_word' id='word_1_5' title='bbox 3534 291 3685 348; x_wconf 70' lang='lat' dir='ltr'><strong>Hii)</strong></span> 
     </span>
    </p>
   </div>
   <div class='ocr_carea' id='block_1_4' title="bbox 370 406 3684 488">
    <p class='ocr_par' dir='ltr' id='par_1_4' title="bbox 370 406 3684 488">
     <span class='ocr_line' id='line_1_4' title="bbox 370 406 3684 488; baseline -0.002 -17"><span class='ocrx_word' id='word_1_6' title='bbox 370 412 522 482; x_wconf 83' lang='lat' dir='ltr'><strong>Jesu,</strong></span> <span class='ocrx_word' id='word_1_7' title='bbox 546 420 603 472; x_wconf 87' lang='lat' dir='ltr'><strong>et</strong></span> <span class='ocrx_word' id='word_1_8' title='bbox 632 429 795 488; x_wconf 82' lang='lat' dir='ltr'><strong>super</strong></span> <span class='ocrx_word' id='word_1_9' title='bbox 821 412 926 471; x_wconf 92' lang='lat' dir='ltr'><strong>hoe</strong></span> <span class='ocrx_word' id='word_1_10' title='bbox 951 413 1131 487; x_wconf 85' lang='lat' dir='ltr'><strong>lapide</strong></span> <span class='ocrx_word' id='word_1_11' title='bbox 1160 422 1371 485; x_wconf 88' lang='lat' dir='ltr'><strong>septem</strong></span> <span class='ocrx_word' id='word_1_12' title='bbox 1402 419 1531 470; x_wconf 90' lang='lat' dir='ltr'><strong>sunt</strong></span> <span class='ocrx_word' id='word_1_13' title='bbox 1558 410 1745 470; x_wconf 82' lang='lat' dir='ltr'><strong>oculi?</strong></span> <span class='ocrx_word' id='word_1_14' title='bbox 1785 412 1964 468; x_wconf 85' lang='lat' dir='ltr'><strong>Econ-</strong></span> <span class='ocrx_word' id='word_1_15' title='bbox 1991 411 2045 473; x_wconf 83' lang='lat' dir='ltr'><strong>A</strong></span> <span class='ocrx_word' id='word_1_16' title='bbox 2068 409 2412 476; x_wconf 85' lang='lat' dir='ltr'><strong>contriverit,</strong></span> <span class='ocrx_word' id='word_1_17' title='bbox 2457 423 2619 480; x_wconf 85' lang='lat' dir='ltr'><strong>quem</strong></span> <span class='ocrx_word' id='word_1_18' title='bbox 2677 408 2840 464; x_wconf 90' lang='lat' dir='ltr'><strong>etiam</strong></span> <span class='ocrx_word' id='word_1_19' title='bbox 2894 407 2947 463; x_wconf 89' lang='lat' dir='ltr'><strong>in</strong></span> <span class='ocrx_word' id='word_1_20' title='bbox 2990 406 3216 465; x_wconf 85' lang='lat' dir='ltr'><strong>Daniele</strong></span> <span class='ocrx_word' id='word_1_21' title='bbox 3242 407 3310 465; x_wconf 93' lang='lat' dir='ltr'><strong>de</strong></span> <span class='ocrx_word' id='word_1_22' title='bbox 3340 415 3530 465; x_wconf 89' lang='lat' dir='ltr'><strong>monte</strong></span> <span class='ocrx_word' id='word_1_23' title='bbox 3559 408 3684 466; x_wconf 87' lang='lat' dir='ltr'><strong>sine</strong></span> 
     </span>
    </p>
   </div>
   <div class='ocr_carea' id='block_1_5' title="bbox 371 506 1964 576">
    <p class='ocr_par' dir='ltr' id='par_1_5' title="bbox 371 506 1964 576">
     <span class='ocr_line' id='line_1_5' title="bbox 371 506 1964 576; baseline -0.003 -13"><span class='ocrx_word' id='word_1_24' title='bbox 371 508 543 563; x_wconf 85' lang='lat' dir='ltr'><strong>trario</strong></span> <span class='ocrx_word' id='word_1_25' title='bbox 572 509 742 564; x_wconf 80' lang='lat' dir='ltr'><strong>nostri</strong></span> <span class='ocrx_word' id='word_1_26' title='bbox 769 509 1012 566; x_wconf 90' lang='lat' dir='ltr'><strong>nituntur</strong></span> <span class='ocrx_word' id='word_1_27' title='bbox 1039 523 1310 576; x_wconf 82' lang='lat' dir='ltr'><strong>asserere,</strong></span> <span class='ocrx_word' id='word_1_28' title='bbox 1343 516 1398 564; x_wconf 89' lang='lat' dir='ltr'><strong>et</strong></span> <span class='ocrx_word' id='word_1_29' title='bbox 1417 510 1603 565; x_wconf 86' lang='lat' dir='ltr'><strong>Jesum</strong></span> <span class='ocrx_word' id='word_1_30' title='bbox 1626 506 1964 563; x_wconf 87' lang='lat' dir='ltr'><strong>sacerdotem</strong></span> 
     </span>
    </p>
   </div>
   <div class='ocr_carea' id='block_1_6' title="bbox 310 599 1970 674">
    <p class='ocr_par' dir='ltr' id='par_1_6' title="bbox 310 599 1970 674">
     <span class='ocr_line' id='line_1_6' title="bbox 310 599 1970 674; baseline 0 -18"><span class='ocrx_word' id='word_1_31' title='bbox 310 638 313 641; x_wconf 53' lang='grc' dir='ltr'><em>ν</em></span> <span class='ocrx_word' id='word_1_32' title='bbox 372 614 651 672; x_wconf 85' lang='lat' dir='ltr'><strong>magnum,</strong></span> <span class='ocrx_word' id='word_1_33' title='bbox 680 608 737 657; x_wconf 90' lang='lat' dir='ltr'><strong>et</strong></span> <span class='ocrx_word' id='word_1_34' title='bbox 765 601 1063 672; x_wconf 73' lang='lat' dir='ltr'><strong>Orientem,</strong></span> <span class='ocrx_word' id='word_1_35' title='bbox 1098 612 1153 658; x_wconf 93' lang='lat' dir='ltr'><strong>et</strong></span> <span class='ocrx_word' id='word_1_36' title='bbox 1183 601 1437 674; x_wconf 88' lang='lat' dir='ltr'><strong>lapidem,</strong></span> <span class='ocrx_word' id='word_1_37' title='bbox 1461 600 1755 657; x_wconf 86' lang='lat' dir='ltr'><strong>secundum</strong></span> <span class='ocrx_word' id='word_1_38' title='bbox 1787 599 1970 656; x_wconf 82' lang='lat' dir='ltr'><strong>diver-</strong></span> 
     </span>
    </p>
   </div>
   <div class='ocr_carea' id='block_1_7' title="bbox 374 693 1971 766">
    <p class='ocr_par' dir='ltr' id='par_1_7' title="bbox 374 693 1971 766">
     <span class='ocr_line' id='line_1_7' title="bbox 374 693 1971 766; baseline 0.001 -18"><span class='ocrx_word' id='word_1_39' title='bbox 374 706 466 748; x_wconf 86' lang='lat' dir='ltr'><strong>sas</strong></span> <span class='ocrx_word' id='word_1_40' title='bbox 509 693 894 766; x_wconf 86' lang='lat' dir='ltr'><strong>intelligentias</strong></span> <span class='ocrx_word' id='word_1_41' title='bbox 919 695 1194 752; x_wconf 82' lang='lat' dir='ltr'><strong>Christum</strong></span> <span class='ocrx_word' id='word_1_42' title='bbox 1225 694 1509 766; x_wconf 88' lang='lat' dir='ltr'><strong>appellari.</strong></span> <span class='ocrx_word' id='word_1_43' title='bbox 1549 694 1657 751; x_wconf 89' lang='lat' dir='ltr'><strong>Sed</strong></span> <span class='ocrx_word' id='word_1_44' title='bbox 1708 694 1809 748; x_wconf 93' lang='lat' dir='ltr'><strong>hoc</strong></span> <span class='ocrx_word' id='word_1_45' title='bbox 1837 707 1971 764; x_wconf 90' lang='lat' dir='ltr'><strong>quo-</strong></span> 
     </span>
    </p>
   </div>
   <div class='ocr_carea' id='block_1_8' title="bbox 373 785 1972 861">
    <p class='ocr_par' dir='ltr' id='par_1_8' title="bbox 373 785 1972 861">
     <span class='ocr_line' id='line_1_8' title="bbox 373 785 1972 861; baseline 0 -20"><span class='ocrx_word' id='word_1_46' title='bbox 373 785 541 842; x_wconf 88' lang='lat' dir='ltr'><strong>modo</strong></span> <span class='ocrx_word' id='word_1_47' title='bbox 583 786 651 844; x_wconf 90' lang='lat' dir='ltr'><strong>de</strong></span> <span class='ocrx_word' id='word_1_48' title='bbox 679 788 796 857; x_wconf 86' lang='lat' dir='ltr'><strong>ipso</strong></span> <span class='ocrx_word' id='word_1_49' title='bbox 827 787 935 861; x_wconf 81' lang='grc' dir='ltr'><strong>[Αι.</strong></span> <span class='ocrx_word' id='word_1_50' title='bbox 965 788 1168 861; x_wconf 88' lang='lat' dir='ltr'><strong>seipso]</strong></span> <span class='ocrx_word' id='word_1_51' title='bbox 1220 788 1434 843; x_wconf 86' lang='lat' dir='ltr'><strong>dicatur</strong></span> <span class='ocrx_word' id='word_1_52' title='bbox 1462 787 1528 843; x_wconf 90' lang='lat' dir='ltr'><strong>ad</strong></span> <span class='ocrx_word' id='word_1_53' title='bbox 1561 803 1683 843; x_wconf 88' lang='lat' dir='ltr'><strong>eum</strong></span> <span class='ocrx_word' id='word_1_54' title='bbox 1716 786 1874 859; x_wconf 90' lang='lat' dir='ltr'><strong>quasi</strong></span> <span class='ocrx_word' id='word_1_55' title='bbox 1902 786 1972 842; x_wconf 89' lang='lat' dir='ltr'><strong>de</strong></span> 
     </span>
    </p>
   </div>
   <div class='ocr_carea' id='block_1_9' title="bbox 375 877 1970 954">
    <p class='ocr_par' dir='ltr' id='par_1_9' title="bbox 375 877 1970 954">
     <span class='ocr_line' id='line_1_9' title="bbox 375 877 1970 954; baseline 0.002 -21"><span class='ocrx_word' id='word_1_56' title='bbox 375 877 571 943; x_wconf 85' lang='lat' dir='ltr'><strong>altero,</strong></span> <span class='ocrx_word' id='word_1_57' title='bbox 601 895 878 949; x_wconf 82' lang='lat' dir='ltr'><strong>exponere</strong></span> <span class='ocrx_word' id='word_1_58' title='bbox 907 882 1283 938; x_wconf 87' lang='lat' dir='ltr'><strong>difficillimum</strong></span> <span class='ocrx_word' id='word_1_59' title='bbox 1323 892 1425 938; x_wconf 83' lang='lat' dir='ltr'><strong>est.</strong></span> <span class='ocrx_word' id='word_1_60' title='bbox 1458 882 1562 952; x_wconf 87' lang='lat' dir='ltr'><strong>Qui</strong></span> <span class='ocrx_word' id='word_1_61' title='bbox 1593 882 1755 954; x_wconf 81' lang='lat' dir='ltr'><strong>igitur</strong></span> <span class='ocrx_word' id='word_1_62' title='bbox 1784 880 1970 937; x_wconf 83' lang='lat' dir='ltr'><strong>Jesum</strong></span> 
     </span>
    </p>
   </div>
   <div class='ocr_carea' id='block_1_10' title="bbox 374 972 1969 1049">
    <p class='ocr_par' dir='ltr' id='par_1_10' title="bbox 374 972 1969 1049">
     <span class='ocr_line' id='line_1_10' title="bbox 374 972 1969 1049; baseline 0.004 -22"><span class='ocrx_word' id='word_1_63' title='bbox 374 972 572 1028; x_wconf 84' lang='lat' dir='ltr'><strong>volunt</strong></span> <span class='ocrx_word' id='word_1_64' title='bbox 613 988 734 1030; x_wconf 89' lang='lat' dir='ltr'><strong>esse</strong></span> <span class='ocrx_word' id='word_1_65' title='bbox 790 975 959 1031; x_wconf 83' lang='lat' dir='ltr'><strong>filium</strong></span> <span class='ocrx_word' id='word_1_66' title='bbox 1009 975 1237 1033; x_wconf 88' lang='lat' dir='ltr'><strong>Josedec</strong></span> <span class='ocrx_word' id='word_1_67' title='bbox 1284 977 1624 1032; x_wconf 89' lang='lat' dir='ltr'><strong>sacerdotem</strong></span> <span class='ocrx_word' id='word_1_68' title='bbox 1675 992 1969 1049; x_wconf 87' lang='lat' dir='ltr'><strong>magnum,</strong></span> 
     </span>
    </p>
   </div>
   <div class='ocr_carea' id='block_1_11' title="bbox 379 1063 1974 1139">
    <p class='ocr_par' dir='ltr' id='par_1_11' title="bbox 379 1063 1974 1139">
     <span class='ocr_line' id='line_1_11' title="bbox 379 1063 1974 1139; baseline 0.004 -21"><span class='ocrx_word' id='word_1_69' title='bbox 379 1063 583 1121; x_wconf 89' lang='lat' dir='ltr'><strong>amicos</strong></span> <span class='ocrx_word' id='word_1_70' title='bbox 608 1066 725 1136; x_wconf 83' lang='lat' dir='ltr'><strong>ejus</strong></span> <span class='ocrx_word' id='word_1_71' title='bbox 753 1068 843 1139; x_wconf 90' lang='lat' dir='ltr'><strong>qui</strong></span> <span class='ocrx_word' id='word_1_72' title='bbox 892 1068 1157 1138; x_wconf 87' lang='lat' dir='ltr'><strong>habitant,</strong></span> <span class='ocrx_word' id='word_1_73' title='bbox 1192 1069 1281 1126; x_wconf 87' lang='lat' dir='ltr'><strong>vel</strong></span> <span class='ocrx_word' id='word_1_74' title='bbox 1319 1070 1513 1126; x_wconf 87' lang='lat' dir='ltr'><strong>sedent</strong></span> <span class='ocrx_word' id='word_1_75' title='bbox 1547 1085 1731 1126; x_wconf 90' lang='lat' dir='ltr'><strong>coram</strong></span> <span class='ocrx_word' id='word_1_76' title='bbox 1778 1085 1870 1139; x_wconf 88' lang='lat' dir='ltr'><strong>eo,</strong></span> <span class='ocrx_word' id='word_1_77' title='bbox 1918 1078 1974 1127; x_wconf 90' lang='lat' dir='ltr'><strong>et</strong></span> 
     </span>
    </p>
   </div>
   <div class='ocr_carea' id='block_1_12' title="bbox 376 1158 1968 1236">
    <p class='ocr_par' dir='ltr' id='par_1_12' title="bbox 376 1158 1968 1236">
     <span class='ocr_line' id='line_1_12' title="bbox 376 1158 1968 1236; baseline 0.006 -25"><span class='ocrx_word' id='word_1_78' title='bbox 376 1158 469 1228; x_wconf 91' lang='lat' dir='ltr'><strong>qui</strong></span> <span class='ocrx_word' id='word_1_79' title='bbox 496 1160 598 1215; x_wconf 89' lang='lat' dir='ltr'><strong>viri</strong></span> <span class='ocrx_word' id='word_1_80' title='bbox 631 1170 757 1215; x_wconf 88' lang='lat' dir='ltr'><strong>sunt</strong></span> <span class='ocrx_word' id='word_1_81' title='bbox 784 1164 1195 1233; x_wconf 87' lang='lat' dir='ltr'><strong>portendentes,</strong></span> <span class='ocrx_word' id='word_1_82' title='bbox 1225 1164 1523 1235; x_wconf 88' lang='lat' dir='ltr'><strong>discipulos</strong></span> <span class='ocrx_word' id='word_1_83' title='bbox 1551 1165 1669 1236; x_wconf 89' lang='lat' dir='ltr'><strong>ejus</strong></span> <span class='ocrx_word' id='word_1_84' title='bbox 1702 1166 1968 1235; x_wconf 69' lang='lat' dir='ltr'><strong>interpre~</strong></span> 
     </span>
    </p>
   </div>
   <div class='ocr_carea' id='block_1_13' title="bbox 380 1254 1977 1329">
    <p class='ocr_par' dir='ltr' id='par_1_13' title="bbox 380 1254 1977 1329">
     <span class='ocr_line' id='line_1_13' title="bbox 380 1254 1977 1329; baseline 0.006 -25"><span class='ocrx_word' id='word_1_85' title='bbox 380 1258 560 1306; x_wconf 88' lang='lat' dir='ltr'><strong>tantur</strong></span> <span class='ocrx_word' id='word_1_86' title='bbox 581 1261 636 1308; x_wconf 88' lang='lat' dir='ltr'><strong>et</strong></span> <span class='ocrx_word' id='word_1_87' title='bbox 669 1254 985 1325; x_wconf 88' lang='lat' dir='ltr'><strong>prophetas.</strong></span> <span class='ocrx_word' id='word_1_88' title='bbox 1023 1256 1305 1328; x_wconf 69' lang='lat' dir='ltr'><strong>Propheta:</strong></span> <span class='ocrx_word' id='word_1_89' title='bbox 1349 1258 1492 1313; x_wconf 89' lang='lat' dir='ltr'><strong>enim</strong></span> <span class='ocrx_word' id='word_1_90' title='bbox 1526 1258 1577 1312; x_wconf 90' lang='lat' dir='ltr'><strong>in</strong></span> <span class='ocrx_word' id='word_1_91' title='bbox 1610 1259 1820 1329; x_wconf 88' lang='lat' dir='ltr'><strong>signum</strong></span> <span class='ocrx_word' id='word_1_92' title='bbox 1850 1264 1977 1313; x_wconf 88' lang='lat' dir='ltr'><strong>sunt</strong></span> 
     </span>
    </p>
   </div>
   <div class='ocr_carea' id='block_1_14' title="bbox 380 1345 1977 1423">
    <p class='ocr_par' dir='ltr' id='par_1_14' title="bbox 380 1345 1977 1423">
     <span class='ocr_line' id='line_1_14' title="bbox 380 1345 1977 1423; baseline 0.006 -25"><span class='ocrx_word' id='word_1_93' title='bbox 380 1346 545 1415; x_wconf 89' lang='lat' dir='ltr'><strong>positi</strong></span> <span class='ocrx_word' id='word_1_94' title='bbox 568 1345 895 1404; x_wconf 87' lang='lat' dir='ltr'><strong>futurorum.</strong></span> <span class='ocrx_word' id='word_1_95' title='bbox 923 1351 1062 1419; x_wconf 86' lang='lat' dir='ltr'><strong>Quid</strong></span> <span class='ocrx_word' id='word_1_96' title='bbox 1093 1359 1174 1407; x_wconf 87' lang='lat' dir='ltr'><strong>est</strong></span> <span class='ocrx_word' id='word_1_97' title='bbox 1202 1352 1363 1422; x_wconf 78' lang='lat' dir='ltr'><strong>igitur</strong></span> <span class='ocrx_word' id='word_1_98' title='bbox 1390 1352 1533 1423; x_wconf 92' lang='lat' dir='ltr'><strong>quod</strong></span> <span class='ocrx_word' id='word_1_99' title='bbox 1556 1353 1716 1409; x_wconf 87' lang='lat' dir='ltr'><strong>Jesus</strong></span> <span class='ocrx_word' id='word_1_100' title='bbox 1738 1361 1793 1407; x_wconf 87' lang='lat' dir='ltr'><strong>et</strong></span> <span class='ocrx_word' id='word_1_101' title='bbox 1816 1353 1977 1408; x_wconf 85' lang='lat' dir='ltr'><strong>amici</strong></span> 
     </span>
    </p>
   </div>
   <div class='ocr_carea' id='block_1_15' title="bbox 384 1440 1980 1513">
    <p class='ocr_par' dir='ltr' id='par_1_15' title="bbox 384 1440 1980 1513">
     <span class='ocr_line' id='line_1_15' title="bbox 384 1440 1980 1513; baseline 0.006 -20"><span class='ocrx_word' id='word_1_102' title='bbox 384 1440 502 1509; x_wconf 85' lang='lat' dir='ltr'><strong>ejus</strong></span> <span class='ocrx_word' id='word_1_103' title='bbox 533 1453 800 1513; x_wconf 87' lang='lat' dir='ltr'><strong>coguntur</strong></span> <span class='ocrx_word' id='word_1_104' title='bbox 828 1444 1016 1501; x_wconf 90' lang='lat' dir='ltr'><strong>audire</strong></span> <span class='ocrx_word' id='word_1_105' title='bbox 1051 1465 1061 1500; x_wconf 91' lang='lat'><strong>:</strong></span> <span class='ocrx_word' id='word_1_106' title='bbox 1099 1446 1367 1501; x_wconf 82' lang='lat' dir='ltr'><strong>Adducam</strong></span> <span class='ocrx_word' id='word_1_107' title='bbox 1397 1464 1597 1502; x_wconf 85' lang='lat' dir='ltr'><strong>servum</strong></span> <span class='ocrx_word' id='word_1_108' title='bbox 1627 1464 1795 1502; x_wconf 89' lang='lat' dir='ltr'><strong>meum</strong></span> <span class='ocrx_word' id='word_1_109' title='bbox 1817 1449 1980 1502; x_wconf 88' lang='lat' dir='ltr'><strong>orien-</strong></span> 
     </span>
    </p>
   </div>
   <div class='ocr_carea' id='block_1_16' title="bbox 382 1536 1975 1613">
    <p class='ocr_par' dir='ltr' id='par_1_16' title="bbox 382 1536 1975 1613">
     <span class='ocr_line' id='line_1_16' title="bbox 382 1536 1975 1613; baseline 0.006 -27"><span class='ocrx_word' id='word_1_110' title='bbox 382 1542 503 1598; x_wconf 93' lang='lat' dir='ltr'><strong>tem,</strong></span> <span class='ocrx_word' id='word_1_111' title='bbox 532 1544 586 1589; x_wconf 91' lang='lat' dir='ltr'><strong>et</strong></span> <span class='ocrx_word' id='word_1_112' title='bbox 614 1536 868 1607; x_wconf 87' lang='lat' dir='ltr'><strong>reliqua?</strong></span> <span class='ocrx_word' id='word_1_113' title='bbox 898 1538 1071 1608; x_wconf 88' lang='lat' dir='ltr'><strong>Supra</strong></span> <span class='ocrx_word' id='word_1_114' title='bbox 1099 1539 1423 1611; x_wconf 85' lang='lat' dir='ltr'><strong>promiserat</strong></span> <span class='ocrx_word' id='word_1_115' title='bbox 1454 1539 1581 1612; x_wconf 82' lang='grc' dir='ltr'><strong>[ΑΙ.</strong></span> <span class='ocrx_word' id='word_1_116' title='bbox 1618 1540 1975 1613; x_wconf 81' lang='lat' dir='ltr'><strong>permiserat]</strong></span> 
     </span>
    </p>
   </div>
   <div class='ocr_carea' id='block_1_17' title="bbox 388 1625 1977 1705">
    <p class='ocr_par' dir='ltr' id='par_1_17' title="bbox 388 1625 1977 1705">
     <span class='ocr_line' id='line_1_17' title="bbox 388 1625 1977 1705; baseline 0.004 -23"><span class='ocrx_word' id='word_1_117' title='bbox 388 1625 532 1682; x_wconf 91' lang='lat' dir='ltr'><strong>Deus</strong></span> <span class='ocrx_word' id='word_1_118' title='bbox 562 1630 721 1686; x_wconf 85' lang='lat' dir='ltr'><strong>Jesus</strong></span> <span class='ocrx_word' id='word_1_119' title='bbox 770 1632 881 1687; x_wconf 84' lang='lat' dir='ltr'><strong>tilio</strong></span> <span class='ocrx_word' id='word_1_120' title='bbox 922 1633 1151 1690; x_wconf 84' lang='lat' dir='ltr'><strong>.losedec</strong></span> <span class='ocrx_word' id='word_1_121' title='bbox 1181 1634 1450 1690; x_wconf 84' lang='lat' dir='ltr'><strong>sacerdOti</strong></span> <span class='ocrx_word' id='word_1_122' title='bbox 1482 1650 1698 1704; x_wconf 81' lang='lat' dir='ltr'><strong>magno,</strong></span> <span class='ocrx_word' id='word_1_123' title='bbox 1748 1634 1889 1705; x_wconf 92' lang='lat' dir='ltr'><strong>quod</strong></span> <span class='ocrx_word' id='word_1_124' title='bbox 1932 1635 1977 1689; x_wconf 86' lang='lat' dir='ltr'><strong>si</strong></span> 
     </span>
    </p>
   </div>
   <div class='ocr_carea' id='block_1_18' title="bbox 382 1719 1975 1799">
    <p class='ocr_par' dir='ltr' id='par_1_18' title="bbox 382 1719 1975 1799">
     <span class='ocr_line' id='line_1_18' title="bbox 382 1719 1975 1799; baseline 0.006 -25"><span class='ocrx_word' id='word_1_125' title='bbox 382 1719 437 1774; x_wconf 90' lang='lat' dir='ltr'><strong>in</strong></span> <span class='ocrx_word' id='word_1_126' title='bbox 467 1720 568 1776; x_wconf 80' lang='lat' dir='ltr'><strong>viis</strong></span> <span class='ocrx_word' id='word_1_127' title='bbox 616 1722 735 1792; x_wconf 88' lang='lat' dir='ltr'><strong>ejus</strong></span> <span class='ocrx_word' id='word_1_128' title='bbox 763 1725 1118 1795; x_wconf 83' lang='lat' dir='ltr'><strong>ambulasset,</strong></span> <span class='ocrx_word' id='word_1_129' title='bbox 1151 1738 1205 1782; x_wconf 92' lang='lat' dir='ltr'><strong>et</strong></span> <span class='ocrx_word' id='word_1_130' title='bbox 1233 1728 1351 1798; x_wconf 82' lang='lat' dir='ltr'><strong>ejus</strong></span> <span class='ocrx_word' id='word_1_131' title='bbox 1379 1736 1653 1799; x_wconf 70' lang='lat' dir='ltr'><strong>prmcepta</strong></span> <span class='ocrx_word' id='word_1_132' title='bbox 1679 1738 1975 1795; x_wconf 85' lang='lat' dir='ltr'><strong>servasset,</strong></span> 
     </span>
    </p>
   </div>
   <div class='ocr_carea' id='block_1_19' title="bbox 2072 501 3263 576">
    <p class='ocr_par' dir='ltr' id='par_1_19' title="bbox 2072 501 3263 576">
     <span class='ocr_line' id='line_1_19' title="bbox 2072 501 3263 576; baseline -0.002 -17"><span class='ocrx_word' id='word_1_133' title='bbox 2072 505 2324 561; x_wconf 91' lang='lat' dir='ltr'><strong>manibus</strong></span> <span class='ocrx_word' id='word_1_134' title='bbox 2353 504 2641 576; x_wconf 74' lang='lat' dir='ltr'><strong>prtecisum</strong></span> <span class='ocrx_word' id='word_1_135' title='bbox 2676 503 2906 575; x_wconf 75' lang='lat' dir='ltr'><strong>legimus</strong></span> <span class='ocrx_word' id='word_1_136' title='bbox 2935 503 3099 575; x_wconf 87' lang='lat' dir='ltr'><strong>(Dan.</strong></span> <span class='ocrx_word' id='word_1_137' title='bbox 3133 501 3216 574; x_wconf 88' lang='grc' dir='ltr'><strong>ιι).</strong></span> <span class='ocrx_word' id='word_1_138' title='bbox 3260 536 3263 539; x_wconf 66' lang='grc'>‹</span> 
     </span>
    </p>
   </div>
   <div class='ocr_carea' id='block_1_20' title="bbox 2144 598 3683 673">
    <p class='ocr_par' dir='ltr' id='par_1_20' title="bbox 2144 598 3683 673">
     <span class='ocr_line' id='line_1_20' title="bbox 2144 598 3683 673; baseline 0.001 -20"><span class='ocrx_word' id='word_1_139' title='bbox 2144 599 2326 673; x_wconf 80' lang='lat' dir='ltr'><strong>(\‘ers.</strong></span> <span class='ocrx_word' id='word_1_140' title='bbox 2357 598 2473 670; x_wconf 90' lang='grc'><strong>10.)</strong></span> <span class='ocrx_word' id='word_1_141' title='bbox 2521 599 2650 655; x_wconf 84' lang='lat' dir='ltr'><strong>Ecce</strong></span> <span class='ocrx_word' id='word_1_142' title='bbox 2676 615 2769 671; x_wconf 80' lang='lat' dir='ltr'><strong>ego</strong></span> <span class='ocrx_word' id='word_1_143' title='bbox 2796 598 2991 654; x_wconf 74' lang='lat' dir='ltr'><strong>cwlabo</strong></span> <span class='ocrx_word' id='word_1_144' title='bbox 3023 598 3346 667; x_wconf 85' lang='lat' dir='ltr'><strong>sculpturam</strong></span> <span class='ocrx_word' id='word_1_145' title='bbox 3384 601 3523 671; x_wconf 86' lang='lat' dir='ltr'><strong>ejus,</strong></span> <span class='ocrx_word' id='word_1_146' title='bbox 3550 598 3683 654; x_wconf 84' lang='lat' dir='ltr'><strong>dicit</strong></span> 
     </span>
    </p>
   </div>
   <div class='ocr_carea' id='block_1_21' title="bbox 2072 693 3683 764">
    <p class='ocr_par' dir='ltr' id='par_1_21' title="bbox 2072 693 3683 764">
     <span class='ocr_line' id='line_1_21' title="bbox 2072 693 3683 764; baseline -0.003 -13"><span class='ocrx_word' id='word_1_147' title='bbox 2072 695 2330 751; x_wconf 80' lang='lat' dir='ltr'><strong>Dominus</strong></span> <span class='ocrx_word' id='word_1_148' title='bbox 2373 694 2725 760; x_wconf 66' lang='lat' dir='ltr'><strong>exercituum,</strong></span> <span class='ocrx_word' id='word_1_149' title='bbox 2770 701 2816 746; x_wconf 90' lang='lat' dir='ltr'><strong>et</strong></span> <span class='ocrx_word' id='word_1_150' title='bbox 2862 694 3102 764; x_wconf 81' lang='lat' dir='ltr'><strong>auferam</strong></span> <span class='ocrx_word' id='word_1_151' title='bbox 3140 693 3468 763; x_wconf 75' lang='lat' dir='ltr'><strong>iniquitatem</strong></span> <span class='ocrx_word' id='word_1_152' title='bbox 3526 703 3683 747; x_wconf 59' lang='lat' dir='ltr'><strong>terra</strong></span> 
     </span>
    </p>
   </div>
   <div class='ocr_carea' id='block_1_22' title="bbox 2070 787 3677 857">
    <p class='ocr_par' dir='ltr' id='par_1_22' title="bbox 2070 787 3677 857">
     <span class='ocr_line' id='line_1_22' title="bbox 2070 787 3677 857; baseline -0.001 -12"><span class='ocrx_word' id='word_1_153' title='bbox 2070 791 2216 845; x_wconf 88' lang='lat' dir='ltr'><strong>illius</strong></span> <span class='ocrx_word' id='word_1_154' title='bbox 2246 792 2299 844; x_wconf 89' lang='lat' dir='ltr'><strong>in</strong></span> <span class='ocrx_word' id='word_1_155' title='bbox 2319 790 2405 843; x_wconf 88' lang='lat' dir='ltr'><strong>die</strong></span> <span class='ocrx_word' id='word_1_156' title='bbox 2424 806 2549 843; x_wconf 89' lang='lat' dir='ltr'><strong>una.</strong></span> <span class='ocrx_word' id='word_1_157' title='bbox 2583 788 2652 843; x_wconf 90' lang='lat' dir='ltr'><strong>In</strong></span> <span class='ocrx_word' id='word_1_158' title='bbox 2673 788 2756 843; x_wconf 89' lang='lat' dir='ltr'><strong>die</strong></span> <span class='ocrx_word' id='word_1_159' title='bbox 2784 788 2879 842; x_wconf 89' lang='lat' dir='ltr'><strong>illa</strong></span> <span class='ocrx_word' id='word_1_160' title='bbox 2905 788 3029 842; x_wconf 82' lang='lat' dir='ltr'><strong>dicit</strong></span> <span class='ocrx_word' id='word_1_161' title='bbox 3054 787 3308 843; x_wconf 75' lang='lat' dir='ltr'><strong>Dominus</strong></span> <span class='ocrx_word' id='word_1_162' title='bbox 3333 790 3677 857; x_wconf 77' lang='lat' dir='ltr'><strong>exercituum,</strong></span> 
     </span>
    </p>
   </div>
   <div class='ocr_carea' id='block_1_23' title="bbox 2072 884 3679 952">
    <p class='ocr_par' dir='ltr' id='par_1_23' title="bbox 2072 884 3679 952">
     <span class='ocr_line' id='line_1_23' title="bbox 2072 884 3679 952; baseline 0 -14"><span class='ocrx_word' id='word_1_163' title='bbox 2072 884 2270 938; x_wconf 88' lang='lat' dir='ltr'><strong>vocabit</strong></span> <span class='ocrx_word' id='word_1_164' title='bbox 2301 885 2378 938; x_wconf 86' lang='lat' dir='ltr'><strong>vir</strong></span> <span class='ocrx_word' id='word_1_165' title='bbox 2406 884 2630 938; x_wconf 86' lang='lat' dir='ltr'><strong>anticum</strong></span> <span class='ocrx_word' id='word_1_166' title='bbox 2654 901 2829 952; x_wconf 87' lang='lat' dir='ltr'><strong>suum,</strong></span> <span class='ocrx_word' id='word_1_167' title='bbox 2863 886 3030 941; x_wconf 85' lang='lat' dir='ltr'><strong>subter</strong></span> <span class='ocrx_word' id='word_1_168' title='bbox 3057 884 3282 947; x_wconf 77' lang='lat' dir='ltr'><strong>vineam,</strong></span> <span class='ocrx_word' id='word_1_169' title='bbox 3311 893 3360 937; x_wconf 86' lang='lat' dir='ltr'><strong>et</strong></span> <span class='ocrx_word' id='word_1_170' title='bbox 3404 885 3580 938; x_wconf 91' lang='lat' dir='ltr'><strong>subter</strong></span> <span class='ocrx_word' id='word_1_171' title='bbox 3610 885 3679 951; x_wconf 77' lang='lat' dir='ltr'><strong>ﬁ-</strong></span> 
     </span>
    </p>
   </div>
   <div class='ocr_carea' id='block_1_24' title="bbox 2074 971 3678 1047">
    <p class='ocr_par' dir='ltr' id='par_1_24' title="bbox 2074 971 3678 1047">
     <span class='ocr_line' id='line_1_24' title="bbox 2074 971 3678 1047; baseline 0 -18"><span class='ocrx_word' id='word_1_172' title='bbox 2074 992 2211 1029; x_wconf 88' lang='lat' dir='ltr'><strong>cum.</strong></span> <span class='ocrx_word' id='word_1_173' title='bbox 2240 973 2383 1030; x_wconf 80' lang='lat' dir='ltr'><strong>LXX</strong></span> <span class='ocrx_word' id='word_1_174' title='bbox 2420 993 2431 1028; x_wconf 95' lang='lat'><strong>:</strong></span> <span class='ocrx_word' id='word_1_175' title='bbox 2468 974 2601 1029; x_wconf 82' lang='lat' dir='ltr'><strong>Ecce</strong></span> <span class='ocrx_word' id='word_1_176' title='bbox 2630 992 2722 1047; x_wconf 86' lang='lat' dir='ltr'><strong>ego</strong></span> <span class='ocrx_word' id='word_1_177' title='bbox 2751 976 2948 1046; x_wconf 76' lang='lat' dir='ltr'><strong>fodiant</strong></span> <span class='ocrx_word' id='word_1_178' title='bbox 2976 978 3177 1045; x_wconf 83' lang='lat' dir='ltr'><strong>foveam</strong></span> <span class='ocrx_word' id='word_1_179' title='bbox 3199 1015 3213 1040; x_wconf 88' lang='lat'><strong>,</strong></span> <span class='ocrx_word' id='word_1_180' title='bbox 3260 973 3385 1028; x_wconf 81' lang='lat' dir='ltr'><strong>dicit</strong></span> <span class='ocrx_word' id='word_1_181' title='bbox 3416 971 3678 1029; x_wconf 85' lang='lat' dir='ltr'><strong>Dominus</strong></span> 
     </span>
    </p>
   </div>
   <div class='ocr_carea' id='block_1_25' title="bbox 2075 1068 3682 1139">
    <p class='ocr_par' dir='ltr' id='par_1_25' title="bbox 2075 1068 3682 1139">
     <span class='ocr_line' id='line_1_25' title="bbox 2075 1068 3682 1139; baseline -0.001 -14"><span class='ocrx_word' id='word_1_182' title='bbox 2075 1071 2418 1139; x_wconf 87' lang='lat' dir='ltr'><strong>omnipotens,</strong></span> <span class='ocrx_word' id='word_1_183' title='bbox 2463 1080 2510 1124; x_wconf 89' lang='lat' dir='ltr'><strong>et</strong></span> <span class='ocrx_word' id='word_1_184' title='bbox 2561 1069 2888 1124; x_wconf 89' lang='lat' dir='ltr'><strong>contrectabo</strong></span> <span class='ocrx_word' id='word_1_185' title='bbox 2935 1085 3139 1124; x_wconf 90' lang='lat' dir='ltr'><strong>omnem</strong></span> <span class='ocrx_word' id='word_1_186' title='bbox 3165 1068 3488 1138; x_wconf 81' lang='lat' dir='ltr'><strong>iniquitatem</strong></span> <span class='ocrx_word' id='word_1_187' title='bbox 3525 1078 3682 1123; x_wconf 71' lang='lat' dir='ltr'><strong>terra!</strong></span> 
     </span>
    </p>
   </div>
   <div class='ocr_carea' id='block_1_26' title="bbox 2074 1162 3685 1229">
    <p class='ocr_par' dir='ltr' id='par_1_26' title="bbox 2074 1162 3685 1229">
     <span class='ocr_line' id='line_1_26' title="bbox 2074 1162 3685 1229; baseline -0.001 -12"><span class='ocrx_word' id='word_1_188' title='bbox 2074 1163 2215 1217; x_wconf 90' lang='lat' dir='ltr'><strong>illius</strong></span> <span class='ocrx_word' id='word_1_189' title='bbox 2243 1164 2295 1216; x_wconf 84' lang='lat' dir='ltr'><strong>in</strong></span> <span class='ocrx_word' id='word_1_190' title='bbox 2322 1164 2405 1217; x_wconf 88' lang='lat' dir='ltr'><strong>die</strong></span> <span class='ocrx_word' id='word_1_191' title='bbox 2435 1180 2555 1219; x_wconf 88' lang='lat' dir='ltr'><strong>uno.</strong></span> <span class='ocrx_word' id='word_1_192' title='bbox 2610 1162 2678 1217; x_wconf 87' lang='lat' dir='ltr'><strong>In</strong></span> <span class='ocrx_word' id='word_1_193' title='bbox 2709 1165 2793 1217; x_wconf 88' lang='lat' dir='ltr'><strong>die</strong></span> <span class='ocrx_word' id='word_1_194' title='bbox 2816 1162 2925 1229; x_wconf 84' lang='lat' dir='ltr'><strong>illo,</strong></span> <span class='ocrx_word' id='word_1_195' title='bbox 2962 1164 3091 1217; x_wconf 86' lang='lat' dir='ltr'><strong>dicit</strong></span> <span class='ocrx_word' id='word_1_196' title='bbox 3131 1162 3389 1217; x_wconf 82' lang='lat' dir='ltr'><strong>Dominus</strong></span> <span class='ocrx_word' id='word_1_197' title='bbox 3438 1164 3685 1229; x_wconf 82' lang='lat' dir='ltr'><strong>omnipo—</strong></span> 
     </span>
    </p>
   </div>
   <div class='ocr_carea' id='block_1_27' title="bbox 2076 1257 3681 1327">
    <p class='ocr_par' dir='ltr' id='par_1_27' title="bbox 2076 1257 3681 1327">
     <span class='ocr_line' id='line_1_27' title="bbox 2076 1257 3681 1327; baseline -0.002 -16"><span class='ocrx_word' id='word_1_198' title='bbox 2076 1268 2205 1321; x_wconf 84' lang='lat' dir='ltr'><strong>tens,</strong></span> <span class='ocrx_word' id='word_1_199' title='bbox 2251 1257 2447 1310; x_wconf 87' lang='lat' dir='ltr'><strong>vocabit</strong></span> <span class='ocrx_word' id='word_1_200' title='bbox 2476 1258 2829 1327; x_wconf 81' lang='lat' dir='ltr'><strong>unusquisque</strong></span> <span class='ocrx_word' id='word_1_201' title='bbox 2861 1258 3163 1327; x_wconf 71' lang='lat' dir='ltr'><strong>proximum</strong></span> <span class='ocrx_word' id='word_1_202' title='bbox 3198 1273 3346 1310; x_wconf 85' lang='lat' dir='ltr'><strong>suum</strong></span> <span class='ocrx_word' id='word_1_203' title='bbox 3386 1257 3559 1311; x_wconf 80' lang='lat' dir='ltr'><strong>subter</strong></span> <span class='ocrx_word' id='word_1_204' title='bbox 3598 1257 3681 1309; x_wconf 71' lang='lat' dir='ltr'><strong>vi-</strong></span> 
     </span>
    </p>
   </div>
   <div class='ocr_carea' id='block_1_28' title="bbox 2077 1348 3681 1421">
    <p class='ocr_par' dir='ltr' id='par_1_28' title="bbox 2077 1348 3681 1421">
     <span class='ocr_line' id='line_1_28' title="bbox 2077 1348 3681 1421; baseline -0.001 -17"><span class='ocrx_word' id='word_1_205' title='bbox 2077 1359 2176 1404; x_wconf 84' lang='lat' dir='ltr'><strong>tem</strong></span> <span class='ocrx_word' id='word_1_206' title='bbox 2208 1359 2255 1403; x_wconf 89' lang='lat' dir='ltr'><strong>et</strong></span> <span class='ocrx_word' id='word_1_207' title='bbox 2302 1348 2475 1403; x_wconf 86' lang='lat' dir='ltr'><strong>subter</strong></span> <span class='ocrx_word' id='word_1_208' title='bbox 2500 1350 2675 1418; x_wconf 81' lang='lat' dir='ltr'><strong>ﬁcum.</strong></span> <span class='ocrx_word' id='word_1_209' title='bbox 2708 1348 2885 1419; x_wconf 87' lang='lat' dir='ltr'><strong>Supra</strong></span> <span class='ocrx_word' id='word_1_210' title='bbox 2932 1349 3144 1404; x_wconf 79' lang='lat' dir='ltr'><strong>dixerat</strong></span> <span class='ocrx_word' id='word_1_211' title='bbox 3180 1367 3191 1402; x_wconf 90' lang='lat'><strong>:</strong></span> <span class='ocrx_word' id='word_1_212' title='bbox 3223 1366 3340 1404; x_wconf 88' lang='lat' dir='ltr'><strong>ecce</strong></span> <span class='ocrx_word' id='word_1_213' title='bbox 3368 1349 3504 1421; x_wconf 84' lang='lat' dir='ltr'><strong>lapis</strong></span> <span class='ocrx_word' id='word_1_214' title='bbox 3527 1365 3681 1420; x_wconf 85' lang='lat' dir='ltr'><strong>quem</strong></span> 
     </span>
    </p>
   </div>
   <div class='ocr_carea' id='block_1_29' title="bbox 2078 1443 3685 1517">
    <p class='ocr_par' dir='ltr' id='par_1_29' title="bbox 2078 1443 3685 1517">
     <span class='ocr_line' id='line_1_29' title="bbox 2078 1443 3685 1517; baseline -0.001 -18"><span class='ocrx_word' id='word_1_215' title='bbox 2078 1445 2197 1499; x_wconf 85' lang='lat' dir='ltr'><strong>dedi</strong></span> <span class='ocrx_word' id='word_1_216' title='bbox 2240 1461 2412 1499; x_wconf 89' lang='lat' dir='ltr'><strong>coram</strong></span> <span class='ocrx_word' id='word_1_217' title='bbox 2438 1443 2589 1512; x_wconf 84' lang='lat' dir='ltr'><strong>Jesu,</strong></span> <span class='ocrx_word' id='word_1_218' title='bbox 2636 1461 2789 1517; x_wconf 83' lang='lat' dir='ltr'><strong>super</strong></span> <span class='ocrx_word' id='word_1_219' title='bbox 2833 1444 3060 1516; x_wconf 86' lang='lat' dir='ltr'><strong>lapidem</strong></span> <span class='ocrx_word' id='word_1_220' title='bbox 3107 1460 3271 1498; x_wconf 88' lang='lat' dir='ltr'><strong>unum</strong></span> <span class='ocrx_word' id='word_1_221' title='bbox 3320 1454 3512 1515; x_wconf 81' lang='lat' dir='ltr'><strong>septem</strong></span> <span class='ocrx_word' id='word_1_222' title='bbox 3542 1444 3685 1498; x_wconf 87' lang='lat' dir='ltr'><strong>oculi</strong></span> 
     </span>
    </p>
   </div>
   <div class='ocr_carea' id='block_1_30' title="bbox 2078 1536 3681 1612">
    <p class='ocr_par' dir='ltr' id='par_1_30' title="bbox 2078 1536 3681 1612">
     <span class='ocr_line' id='line_1_30' title="bbox 2078 1536 3681 1612; baseline -0.001 -19"><span class='ocrx_word' id='word_1_223' title='bbox 2078 1546 2220 1593; x_wconf 85' lang='lat' dir='ltr'><strong>sunt.</strong></span> <span class='ocrx_word' id='word_1_224' title='bbox 2253 1536 2406 1592; x_wconf 86' lang='lat' dir='ltr'><strong>Nunc</strong></span> <span class='ocrx_word' id='word_1_225' title='bbox 2426 1545 2830 1608; x_wconf 84' lang='lat' dir='ltr'><strong>consequenter</strong></span> <span class='ocrx_word' id='word_1_226' title='bbox 2854 1539 3148 1612; x_wconf 77' lang='grc' dir='ltr'><strong>μεταφορὰν</strong></span> <span class='ocrx_word' id='word_1_227' title='bbox 3192 1548 3374 1592; x_wconf 77' lang='lat' dir='ltr'><strong>servat</strong></span> <span class='ocrx_word' id='word_1_228' title='bbox 3416 1552 3446 1591; x_wconf 93' lang='lat' dir='ltr'><strong>a</strong></span> <span class='ocrx_word' id='word_1_229' title='bbox 3476 1536 3681 1605; x_wconf 76' lang='lat' dir='ltr'><strong>lapide,</strong></span> 
     </span>
    </p>
   </div>
   <div class='ocr_carea' id='block_1_31' title="bbox 2079 1631 3688 1706">
    <p class='ocr_par' dir='ltr' id='par_1_31' title="bbox 2079 1631 3688 1706">
     <span class='ocr_line' id='line_1_31' title="bbox 2079 1631 3688 1706; baseline -0.001 -18"><span class='ocrx_word' id='word_1_230' title='bbox 2079 1643 2130 1688; x_wconf 88' lang='lat' dir='ltr'><strong>el</strong></span> <span class='ocrx_word' id='word_1_231' title='bbox 2160 1633 2294 1687; x_wconf 85' lang='lat' dir='ltr'><strong>dicit</strong></span> <span class='ocrx_word' id='word_1_232' title='bbox 2321 1651 2335 1686; x_wconf 89' lang='lat'><strong>:</strong></span> <span class='ocrx_word' id='word_1_233' title='bbox 2366 1631 2572 1687; x_wconf 78' lang='lat' dir='ltr'><strong>Cwlabo</strong></span> <span class='ocrx_word' id='word_1_234' title='bbox 2602 1634 2923 1706; x_wconf 83' lang='lat' dir='ltr'><strong>sculpturam</strong></span> <span class='ocrx_word' id='word_1_235' title='bbox 2972 1637 3086 1706; x_wconf 83' lang='lat' dir='ltr'><strong>ejus</strong></span> <span class='ocrx_word' id='word_1_236' title='bbox 3111 1649 3129 1699; x_wconf 90' lang='lat'><strong><em>;</em></strong></span> <span class='ocrx_word' id='word_1_237' title='bbox 3178 1633 3293 1688; x_wconf 81' lang='lat' dir='ltr'><strong>sive</strong></span> <span class='ocrx_word' id='word_1_238' title='bbox 3321 1632 3559 1698; x_wconf 76' lang='lat' dir='ltr'><strong>scalpam</strong></span> <span class='ocrx_word' id='word_1_239' title='bbox 3582 1648 3688 1686; x_wconf 71' lang='lat' dir='ltr'><strong>cce-</strong></span> 
     </span>
    </p>
   </div>
   <div class='ocr_carea' id='block_1_32' title="bbox 2081 1722 3689 1794">
    <p class='ocr_par' dir='ltr' id='par_1_32' title="bbox 2081 1722 3689 1794">
     <span class='ocr_line' id='line_1_32' title="bbox 2081 1722 3689 1794; baseline 0 -15"><span class='ocrx_word' id='word_1_240' title='bbox 2081 1725 2305 1779; x_wconf 88' lang='lat' dir='ltr'><strong>laturam</strong></span> <span class='ocrx_word' id='word_1_241' title='bbox 2332 1726 2493 1779; x_wconf 84' lang='lat' dir='ltr'><strong>illius.</strong></span> <span class='ocrx_word' id='word_1_242' title='bbox 2510 1725 2664 1793; x_wconf 88' lang='lat' dir='ltr'><strong>Quod</strong></span> <span class='ocrx_word' id='word_1_243' title='bbox 2687 1726 2831 1780; x_wconf 88' lang='lat' dir='ltr'><strong>enim</strong></span> <span class='ocrx_word' id='word_1_244' title='bbox 2854 1724 3119 1780; x_wconf 83' lang='lat' dir='ltr'><strong>Hebraice</strong></span> <span class='ocrx_word' id='word_1_245' title='bbox 3136 1724 3242 1779; x_wconf 80' lang='lat' dir='ltr'><strong>seri</strong></span> <span class='ocrx_word' id='word_1_246' title='bbox 3253 1736 3399 1794; x_wconf 90' lang='lat' dir='ltr'><strong>ptum</strong></span> <span class='ocrx_word' id='word_1_247' title='bbox 3428 1732 3513 1778; x_wconf 85' lang='lat' dir='ltr'><strong>est</strong></span> <span class='ocrx_word' id='word_1_248' title='bbox 3542 1722 3689 1779; x_wconf 66' lang='lat' dir='ltr'><strong>bus-</strong></span> 
     </span>
    </p>
   </div>
   <div class='ocr_carea' id='block_1_33' title="bbox 378 1806 1977 1892">
    <p class='ocr_par' dir='ltr' id='par_1_33' title="bbox 378 1809 1976 1892">
     <span class='ocr_line' id='line_1_33' title="bbox 378 1809 1976 1892; baseline 0.007 -27"><span class='ocrx_word' id='word_1_249' title='bbox 378 1809 496 1881; x_wconf 88' lang='lat' dir='ltr'><strong>ipse</strong></span> <span class='ocrx_word' id='word_1_250' title='bbox 536 1812 862 1884; x_wconf 88' lang='lat' dir='ltr'><strong>dijudicaret</strong></span> <span class='ocrx_word' id='word_1_251' title='bbox 890 1818 1111 1874; x_wconf 87' lang='lat' dir='ltr'><strong>domum</strong></span> <span class='ocrx_word' id='word_1_252' title='bbox 1141 1820 1291 1890; x_wconf 90' lang='lat' dir='ltr'><strong>ejus,</strong></span> <span class='ocrx_word' id='word_1_253' title='bbox 1327 1831 1376 1876; x_wconf 92' lang='lat' dir='ltr'><strong>et</strong></span> <span class='ocrx_word' id='word_1_254' title='bbox 1409 1822 1542 1875; x_wconf 90' lang='lat' dir='ltr'><strong>atria</strong></span> <span class='ocrx_word' id='word_1_255' title='bbox 1575 1821 1691 1892; x_wconf 89' lang='lat' dir='ltr'><strong>ejus</strong></span> <span class='ocrx_word' id='word_1_256' title='bbox 1737 1821 1976 1877; x_wconf 83' lang='lat' dir='ltr'><strong>custodi-</strong></span> 
     </span>
    </p>
   </div>
   <div class='ocr_carea' id='block_1_34' title="bbox 2085 1806 3688 1892">
    <p class='ocr_par' dir='ltr' id='par_1_34' title="bbox 2085 1818 3688 1890">
     <span class='ocr_line' id='line_1_34' title="bbox 2085 1818 3688 1890; baseline 0.001 -19"><span class='ocrx_word' id='word_1_257' title='bbox 2085 1833 2255 1873; x_wconf 71' lang='lat' dir='ltr'><strong>puare</strong></span> <span class='ocrx_word' id='word_1_258' title='bbox 2308 1832 2557 1873; x_wconf 74' lang='lat' dir='ltr'><strong>PHETHEE</strong></span> <span class='ocrx_word' id='word_1_259' title='bbox 2616 1818 2797 1890; x_wconf 64' lang='lat' dir='ltr'><strong>(mna</strong></span> <span class='ocrx_word' id='word_1_260' title='bbox 2833 1818 3051 1887; x_wconf 58' lang='grc' dir='ltr'><strong>ττι-πίω),</strong></span> <span class='ocrx_word' id='word_1_261' title='bbox 3112 1819 3306 1888; x_wconf 84' lang='lat' dir='ltr'><strong>Aquila</strong></span> <span class='ocrx_word' id='word_1_262' title='bbox 3340 1818 3688 1887; x_wconf 83' lang='lat' dir='ltr'><strong>interpreta-</strong></span> 
     </span>
    </p>
   </div>
   <div class='ocr_carea' id='block_1_35' title="bbox 380 1909 1982 1987">
    <p class='ocr_par' dir='ltr' id='par_1_35' title="bbox 380 1909 1982 1987">
     <span class='ocr_line' id='line_1_35' title="bbox 380 1909 1982 1987; baseline 0.007 -26"><span class='ocrx_word' id='word_1_263' title='bbox 380 1914 487 1971; x_wconf 86' lang='lat' dir='ltr'><strong>ret,</strong></span> <span class='ocrx_word' id='word_1_264' title='bbox 518 1917 573 1963; x_wconf 91' lang='lat' dir='ltr'><strong>et</strong></span> <span class='ocrx_word' id='word_1_265' title='bbox 598 1909 751 1966; x_wconf 89' lang='lat' dir='ltr'><strong>daret</strong></span> <span class='ocrx_word' id='word_1_266' title='bbox 793 1913 845 1969; x_wconf 92' lang='lat' dir='ltr'><strong>ei</strong></span> <span class='ocrx_word' id='word_1_267' title='bbox 892 1914 1170 1977; x_wconf 87' lang='lat' dir='ltr'><strong>ministros</strong></span> <span class='ocrx_word' id='word_1_268' title='bbox 1199 1917 1458 1987; x_wconf 74' lang='lat' dir='ltr'><strong>angelica:</strong></span> <span class='ocrx_word' id='word_1_269' title='bbox 1486 1917 1762 1987; x_wconf 84' lang='lat' dir='ltr'><strong>dignitatis</strong></span> <span class='ocrx_word' id='word_1_270' title='bbox 1795 1935 1807 1970; x_wconf 88' lang='lat'><strong>:</strong></span> <span class='ocrx_word' id='word_1_271' title='bbox 1838 1932 1982 1972; x_wconf 92' lang='lat' dir='ltr'><strong>nunc</strong></span> 
     </span>
    </p>
   </div>
   <div class='ocr_carea' id='block_1_36' title="bbox 381 1996 1983 2081">
    <p class='ocr_par' dir='ltr' id='par_1_36' title="bbox 381 1996 1983 2081">
     <span class='ocr_line' id='line_1_36' title="bbox 381 1996 1983 2081; baseline 0.009 -28"><span class='ocrx_word' id='word_1_272' title='bbox 381 1996 430 2053; x_wconf 88' lang='lat' dir='ltr'><strong>ei</strong></span> <span class='ocrx_word' id='word_1_273' title='bbox 457 1998 587 2054; x_wconf 90' lang='lat' dir='ltr'><strong>dicit</strong></span> <span class='ocrx_word' id='word_1_274' title='bbox 609 2009 664 2055; x_wconf 90' lang='lat' dir='ltr'><strong>et</strong></span> <span class='ocrx_word' id='word_1_275' title='bbox 688 2004 875 2059; x_wconf 84' lang='lat' dir='ltr'><strong>amicis</strong></span> <span class='ocrx_word' id='word_1_276' title='bbox 909 2005 1071 2072; x_wconf 84' lang='lat' dir='ltr'><strong>illius,</strong></span> <span class='ocrx_word' id='word_1_277' title='bbox 1105 2009 1320 2079; x_wconf 89' lang='lat' dir='ltr'><strong>plenam</strong></span> <span class='ocrx_word' id='word_1_278' title='bbox 1352 2009 1687 2075; x_wconf 83' lang='lat' dir='ltr'><strong>felicitatem,</strong></span> <span class='ocrx_word' id='word_1_279' title='bbox 1720 2018 1775 2065; x_wconf 92' lang='lat' dir='ltr'><strong>et</strong></span> <span class='ocrx_word' id='word_1_280' title='bbox 1803 2010 1983 2081; x_wconf 87' lang='lat' dir='ltr'><strong>perfe-</strong></span> 
     </span>
    </p>
   </div>
   <div class='ocr_carea' id='block_1_37' title="bbox 380 2093 1984 2172">
    <p class='ocr_par' dir='ltr' id='par_1_37' title="bbox 380 2093 1984 2172">
     <span class='ocr_line' id='line_1_37' title="bbox 380 2093 1984 2172; baseline 0.011 -28"><span class='ocrx_word' id='word_1_281' title='bbox 380 2097 524 2145; x_wconf 85' lang='lat' dir='ltr'><strong>ctam</strong></span> <span class='ocrx_word' id='word_1_282' title='bbox 574 2093 967 2153; x_wconf 87' lang='lat' dir='ltr'><strong>beatitudinem</strong></span> <span class='ocrx_word' id='word_1_283' title='bbox 1017 2110 1141 2157; x_wconf 90' lang='lat' dir='ltr'><strong>tunc</strong></span> <span class='ocrx_word' id='word_1_284' title='bbox 1187 2101 1444 2168; x_wconf 86' lang='lat' dir='ltr'><strong>futuram,</strong></span> <span class='ocrx_word' id='word_1_285' title='bbox 1505 2102 1724 2172; x_wconf 88' lang='lat' dir='ltr'><strong>quando</strong></span> <span class='ocrx_word' id='word_1_286' title='bbox 1771 2105 1984 2161; x_wconf 84' lang='lat' dir='ltr'><strong>venerit</strong></span> 
     </span>
    </p>
   </div>
   <div class='ocr_carea' id='block_1_38' title="bbox 381 2181 1981 2265">
    <p class='ocr_par' dir='ltr' id='par_1_38' title="bbox 381 2181 1981 2265">
     <span class='ocr_line' id='line_1_38' title="bbox 381 2181 1981 2265; baseline 0.011 -29"><span class='ocrx_word' id='word_1_287' title='bbox 381 2181 600 2251; x_wconf 87' lang='lat' dir='ltr'><strong>Oriens,</strong></span> <span class='ocrx_word' id='word_1_288' title='bbox 631 2189 700 2246; x_wconf 91' lang='lat' dir='ltr'><strong>de</strong></span> <span class='ocrx_word' id='word_1_289' title='bbox 730 2206 836 2262; x_wconf 93' lang='lat' dir='ltr'><strong>quo</strong></span> <span class='ocrx_word' id='word_1_290' title='bbox 865 2194 1125 2265; x_wconf 84' lang='lat' dir='ltr'><strong>scriptum</strong></span> <span class='ocrx_word' id='word_1_291' title='bbox 1147 2207 1235 2252; x_wconf 88' lang='lat' dir='ltr'><strong>est</strong></span> <span class='ocrx_word' id='word_1_292' title='bbox 1268 2213 1282 2249; x_wconf 92' lang='lat'><strong>:</strong></span> <span class='ocrx_word' id='word_1_293' title='bbox 1315 2196 1449 2252; x_wconf 88' lang='lat' dir='ltr'><strong>Ecce</strong></span> <span class='ocrx_word' id='word_1_294' title='bbox 1476 2198 1554 2251; x_wconf 83' lang='lat' dir='ltr'><strong>vir</strong></span> <span class='ocrx_word' id='word_1_295' title='bbox 1585 2197 1770 2254; x_wconf 81' lang='lat' dir='ltr'><strong>Oriens</strong></span> <span class='ocrx_word' id='word_1_296' title='bbox 1798 2215 1981 2255; x_wconf 87' lang='lat' dir='ltr'><strong>nomen</strong></span> 
     </span>
    </p>
   </div>
   <div class='ocr_carea' id='block_1_39' title="bbox 381 2280 1979 2366">
    <p class='ocr_par' dir='ltr' id='par_1_39' title="bbox 381 2280 1979 2366">
     <span class='ocr_line' id='line_1_39' title="bbox 381 2280 1979 2366; baseline 0.011 -35"><span class='ocrx_word' id='word_1_297' title='bbox 381 2280 497 2351; x_wconf 87' lang='lat' dir='ltr'><strong>ejus</strong></span> <span class='ocrx_word' id='word_1_298' title='bbox 530 2280 729 2352; x_wconf 75' lang='lat' dir='ltr'><strong>(lac/1.</strong></span> <span class='ocrx_word' id='word_1_299' title='bbox 764 2302 836 2351; x_wconf 88' lang='lat' dir='ltr'><strong>vt,</strong></span> <span class='ocrx_word' id='word_1_300' title='bbox 877 2287 1000 2359; x_wconf 77' lang='grc'><strong>12).</strong></span> <span class='ocrx_word' id='word_1_301' title='bbox 1033 2289 1097 2345; x_wconf 86' lang='lat' dir='ltr'><strong>Et</strong></span> <span class='ocrx_word' id='word_1_302' title='bbox 1126 2291 1179 2346; x_wconf 89' lang='lat' dir='ltr'><strong>in</strong></span> <span class='ocrx_word' id='word_1_303' title='bbox 1208 2290 1468 2348; x_wconf 85' lang='lat' dir='ltr'><strong>Malachia</strong></span> <span class='ocrx_word' id='word_1_304' title='bbox 1503 2311 1515 2347; x_wconf 85' lang='lat'><strong>:</strong></span> <span class='ocrx_word' id='word_1_305' title='bbox 1548 2292 1760 2347; x_wconf 87' lang='lat' dir='ltr'><strong>Orietur</strong></span> <span class='ocrx_word' id='word_1_306' title='bbox 1785 2294 1839 2348; x_wconf 89' lang='lat' dir='ltr'><strong>in</strong></span> <span class='ocrx_word' id='word_1_307' title='bbox 1870 2294 1979 2366; x_wconf 75' lang='grc' dir='ltr'><strong>[ΑΙ.</strong></span> 
     </span>
    </p>
   </div>
   <div class='ocr_carea' id='block_1_40' title="bbox 389 2374 1982 2459">
    <p class='ocr_par' dir='ltr' id='par_1_40' title="bbox 389 2374 1982 2459">
     <span class='ocr_line' id='line_1_40' title="bbox 389 2374 1982 2459; baseline 0.01 -34"><span class='ocrx_word' id='word_1_308' title='bbox 389 2380 529 2427; x_wconf 86' lang='lat' dir='ltr'><strong>tacet</strong></span> <span class='ocrx_word' id='word_1_309' title='bbox 556 2374 631 2447; x_wconf 76' lang='lat' dir='ltr'><strong>in]</strong></span> <span class='ocrx_word' id='word_1_310' title='bbox 656 2378 793 2433; x_wconf 84' lang='lat' dir='ltr'><strong>vobis</strong></span> <span class='ocrx_word' id='word_1_311' title='bbox 826 2380 1120 2437; x_wconf 83' lang='lat' dir='ltr'><strong>timentibus</strong></span> <span class='ocrx_word' id='word_1_312' title='bbox 1142 2400 1327 2439; x_wconf 88' lang='lat' dir='ltr'><strong>nomen</strong></span> <span class='ocrx_word' id='word_1_313' title='bbox 1359 2401 1528 2440; x_wconf 87' lang='lat' dir='ltr'><strong>meum</strong></span> <span class='ocrx_word' id='word_1_314' title='bbox 1551 2387 1630 2439; x_wconf 90' lang='lat' dir='ltr'><strong>sol</strong></span> <span class='ocrx_word' id='word_1_315' title='bbox 1660 2386 1904 2459; x_wconf 73' lang='lat' dir='ltr'><strong>justitiaz,</strong></span> <span class='ocrx_word' id='word_1_316' title='bbox 1935 2396 1982 2441; x_wconf 90' lang='lat' dir='ltr'><strong>et</strong></span> 
     </span>
    </p>
   </div>
   <div class='ocr_carea' id='block_1_41' title="bbox 378 2464 1979 2547">
    <p class='ocr_par' dir='ltr' id='par_1_41' title="bbox 378 2464 1979 2547">
     <span class='ocr_line' id='line_1_41' title="bbox 378 2464 1979 2547; baseline 0.009 -32"><span class='ocrx_word' id='word_1_317' title='bbox 378 2464 575 2519; x_wconf 81' lang='lat' dir='ltr'><strong>sanitas</strong></span> <span class='ocrx_word' id='word_1_318' title='bbox 605 2468 659 2521; x_wconf 89' lang='lat' dir='ltr'><strong>in</strong></span> <span class='ocrx_word' id='word_1_319' title='bbox 691 2472 869 2536; x_wconf 88' lang='lat' dir='ltr'><strong>pennis</strong></span> <span class='ocrx_word' id='word_1_320' title='bbox 899 2474 1009 2543; x_wconf 86' lang='lat' dir='ltr'><strong>ejus</strong></span> <span class='ocrx_word' id='word_1_321' title='bbox 1042 2473 1247 2545; x_wconf 73' lang='lat' dir='ltr'><strong>(Mala.</strong></span> <span class='ocrx_word' id='word_1_322' title='bbox 1280 2491 1356 2542; x_wconf 83' lang='lat' dir='ltr'><strong>IV,</strong></span> <span class='ocrx_word' id='word_1_323' title='bbox 1384 2476 1473 2547; x_wconf 78' lang='grc'><strong>2).</strong></span> <span class='ocrx_word' id='word_1_324' title='bbox 1508 2477 1575 2531; x_wconf 86' lang='lat' dir='ltr'><strong>Et</strong></span> <span class='ocrx_word' id='word_1_325' title='bbox 1603 2477 1654 2531; x_wconf 93' lang='lat' dir='ltr'><strong>in</strong></span> <span class='ocrx_word' id='word_1_326' title='bbox 1683 2477 1933 2532; x_wconf 84' lang='lat' dir='ltr'><strong>Numeris</strong></span> <span class='ocrx_word' id='word_1_327' title='bbox 1967 2495 1979 2530; x_wconf 94' lang='lat'>:</span> 
     </span>
    </p>
   </div>
   <div class='ocr_carea' id='block_1_42' title="bbox 381 2552 1979 2642">
    <p class='ocr_par' dir='ltr' id='par_1_42' title="bbox 381 2552 1979 2642">
     <span class='ocr_line' id='line_1_42' title="bbox 381 2552 1979 2642; baseline 0.011 -37"><span class='ocrx_word' id='word_1_328' title='bbox 381 2552 591 2609; x_wconf 84' lang='lat' dir='ltr'><strong>Orietur</strong></span> <span class='ocrx_word' id='word_1_329' title='bbox 634 2560 786 2615; x_wconf 81' lang='lat' dir='ltr'><strong>stella</strong></span> <span class='ocrx_word' id='word_1_330' title='bbox 826 2578 889 2617; x_wconf 82' lang='lat' dir='ltr'><strong>ea:</strong></span> <span class='ocrx_word' id='word_1_331' title='bbox 912 2562 1100 2631; x_wconf 84' lang='lat' dir='ltr'><strong>Jacob,</strong></span> <span class='ocrx_word' id='word_1_332' title='bbox 1132 2575 1179 2621; x_wconf 85' lang='lat' dir='ltr'><strong>et</strong></span> <span class='ocrx_word' id='word_1_333' title='bbox 1204 2574 1230 2603; x_wconf 71' lang='grc' dir='ltr'>α</span> <span class='ocrx_word' id='word_1_334' title='bbox 1259 2566 1415 2623; x_wconf 84' lang='lat' dir='ltr'><strong>homo</strong></span> <span class='ocrx_word' id='word_1_335' title='bbox 1456 2584 1522 2625; x_wconf 78' lang='lat' dir='ltr'><strong>ea:</strong></span> <span class='ocrx_word' id='word_1_336' title='bbox 1564 2568 1733 2623; x_wconf 81' lang='lat' dir='ltr'><strong>Israel</strong></span> <span class='ocrx_word' id='word_1_337' title='bbox 1775 2568 1979 2642; x_wconf 82' lang='lat' dir='ltr'><strong>(Nunt.</strong></span> 
     </span>
    </p>
   </div>
   <div class='ocr_carea' id='block_1_43' title="bbox 378 2650 1984 2732">
    <p class='ocr_par' dir='ltr' id='par_1_43' title="bbox 378 2650 1984 2732">
     <span class='ocr_line' id='line_1_43' title="bbox 378 2650 1984 2732; baseline 0.012 -33"><span class='ocrx_word' id='word_1_338' title='bbox 378 2657 546 2713; x_wconf 77' lang='lat' dir='ltr'><strong>xxiv,</strong></span> <span class='ocrx_word' id='word_1_339' title='bbox 591 2650 729 2724; x_wconf 84' lang='grc'><strong>17).</strong></span> <span class='ocrx_word' id='word_1_340' title='bbox 790 2653 845 2709; x_wconf 95' lang='lat' dir='ltr'><strong>In</strong></span> <span class='ocrx_word' id='word_1_341' title='bbox 900 2654 1197 2728; x_wconf 82' lang='lat' dir='ltr'><strong>Evangelio</strong></span> <span class='ocrx_word' id='word_1_342' title='bbox 1240 2675 1456 2732; x_wconf 90' lang='lat' dir='ltr'><strong>quoque</strong></span> <span class='ocrx_word' id='word_1_343' title='bbox 1515 2662 1857 2731; x_wconf 88' lang='lat' dir='ltr'><strong>apertissime</strong></span> <span class='ocrx_word' id='word_1_344' title='bbox 1916 2662 1984 2719; x_wconf 87' lang='lat' dir='ltr'><strong>de</strong></span> 
     </span>
    </p>
   </div>
   <div class='ocr_carea' id='block_1_44' title="bbox 377 2734 1983 2823">
    <p class='ocr_par' dir='ltr' id='par_1_44' title="bbox 377 2734 1983 2823">
     <span class='ocr_line' id='line_1_44' title="bbox 377 2734 1983 2823; baseline 0.012 -33"><span class='ocrx_word' id='word_1_345' title='bbox 377 2734 595 2793; x_wconf 90' lang='lat' dir='ltr'><strong>Christo</strong></span> <span class='ocrx_word' id='word_1_346' title='bbox 665 2744 892 2815; x_wconf 86' lang='lat' dir='ltr'><strong>legimus</strong></span> <span class='ocrx_word' id='word_1_347' title='bbox 947 2767 961 2803; x_wconf 89' lang='lat'><strong>:</strong></span> <span class='ocrx_word' id='word_1_348' title='bbox 1021 2748 1090 2805; x_wconf 87' lang='lat' dir='ltr'><strong>In</strong></span> <span class='ocrx_word' id='word_1_349' title='bbox 1140 2753 1323 2823; x_wconf 85' lang='lat' dir='ltr'><strong>quibus</strong></span> <span class='ocrx_word' id='word_1_350' title='bbox 1378 2755 1601 2810; x_wconf 79' lang='lat' dir='ltr'><strong>visitabit</strong></span> <span class='ocrx_word' id='word_1_351' title='bbox 1654 2771 1748 2809; x_wconf 88' lang='lat' dir='ltr'><strong>nos</strong></span> <span class='ocrx_word' id='word_1_352' title='bbox 1800 2755 1983 2810; x_wconf 84' lang='lat' dir='ltr'><strong>Oriens</strong></span> 
     </span>
    </p>
   </div>
   <div class='ocr_carea' id='block_1_45' title="bbox 378 2832 1984 2915">
    <p class='ocr_par' dir='ltr' id='par_1_45' title="bbox 378 2832 1984 2915">
     <span class='ocr_line' id='line_1_45' title="bbox 378 2832 1984 2915; baseline 0.014 -34"><span class='ocrx_word' id='word_1_353' title='bbox 378 2843 444 2883; x_wconf 79' lang='lat' dir='ltr'><strong>ea:</strong></span> <span class='ocrx_word' id='word_1_354' title='bbox 486 2832 593 2886; x_wconf 89' lang='lat' dir='ltr'><strong>alto</strong></span> <span class='ocrx_word' id='word_1_355' title='bbox 626 2850 641 2888; x_wconf 88' lang='lat'><strong><em>:</em></strong></span> <span class='ocrx_word' id='word_1_356' title='bbox 687 2834 999 2898; x_wconf 88' lang='lat' dir='ltr'><strong>Illuminare</strong></span> <span class='ocrx_word' id='word_1_357' title='bbox 1037 2861 1123 2898; x_wconf 91' lang='lat' dir='ltr'><strong>eos</strong></span> <span class='ocrx_word' id='word_1_358' title='bbox 1167 2847 1331 2915; x_wconf 86' lang='lat' dir='ltr'><strong>quiin</strong></span> <span class='ocrx_word' id='word_1_359' title='bbox 1376 2846 1597 2902; x_wconf 83' lang='lat' dir='ltr'><strong>tenebris</strong></span> <span class='ocrx_word' id='word_1_360' title='bbox 1620 2858 1666 2903; x_wconf 90' lang='lat' dir='ltr'><strong>et</strong></span> <span class='ocrx_word' id='word_1_361' title='bbox 1712 2850 1763 2903; x_wconf 90' lang='lat' dir='ltr'><strong>in</strong></span> <span class='ocrx_word' id='word_1_362' title='bbox 1805 2850 1984 2904; x_wconf 87' lang='lat' dir='ltr'><strong>umbra</strong></span> 
     </span>
    </p>
   </div>
   <div class='ocr_carea' id='block_1_46' title="bbox 376 2929 1984 3013">
    <p class='ocr_par' dir='ltr' id='par_1_46' title="bbox 376 2929 1984 3013">
     <span class='ocr_line' id='line_1_46' title="bbox 376 2929 1984 3013; baseline 0.014 -37"><span class='ocrx_word' id='word_1_363' title='bbox 376 2929 557 2982; x_wconf 84' lang='lat' dir='ltr'><strong>mortis</strong></span> <span class='ocrx_word' id='word_1_364' title='bbox 599 2930 796 2999; x_wconf 86' lang='lat' dir='ltr'><strong>sedent,</strong></span> <span class='ocrx_word' id='word_1_365' title='bbox 843 2936 913 2989; x_wconf 89' lang='lat' dir='ltr'><strong>ad</strong></span> <span class='ocrx_word' id='word_1_366' title='bbox 965 2936 1264 3012; x_wconf 86' lang='lat' dir='ltr'><strong>dirigendos</strong></span> <span class='ocrx_word' id='word_1_367' title='bbox 1304 2943 1456 3013; x_wconf 83' lang='lat' dir='ltr'><strong>pedes</strong></span> <span class='ocrx_word' id='word_1_368' title='bbox 1504 2953 1707 3008; x_wconf 81' lang='lat' dir='ltr'><strong>nostros</strong></span> <span class='ocrx_word' id='word_1_369' title='bbox 1750 2945 1803 2999; x_wconf 89' lang='lat' dir='ltr'><strong>in</strong></span> <span class='ocrx_word' id='word_1_370' title='bbox 1848 2946 1984 2999; x_wconf 82' lang='lat' dir='ltr'><strong>viam</strong></span> 
     </span>
    </p>
   </div>
   <div class='ocr_carea' id='block_1_47' title="bbox 377 3020 1983 3105">
    <p class='ocr_par' dir='ltr' id='par_1_47' title="bbox 377 3020 1983 3105">
     <span class='ocr_line' id='line_1_47' title="bbox 377 3020 1983 3105; baseline 0.014 -35"><span class='ocrx_word' id='word_1_371' title='bbox 377 3021 520 3087; x_wconf 82' lang='lat' dir='ltr'><strong>pacis</strong></span> <span class='ocrx_word' id='word_1_372' title='bbox 551 3020 703 3092; x_wconf 86' lang='lat' dir='ltr'><strong>(Luc.</strong></span> <span class='ocrx_word' id='word_1_373' title='bbox 738 3042 775 3091; x_wconf 87' lang='grc' dir='ltr'><strong>ι,</strong></span> <span class='ocrx_word' id='word_1_374' title='bbox 806 3027 921 3099; x_wconf 89' lang='grc'><strong>78).</strong></span> <span class='ocrx_word' id='word_1_375' title='bbox 982 3032 1082 3099; x_wconf 82' lang='lat' dir='ltr'><strong>Qui</strong></span> <span class='ocrx_word' id='word_1_376' title='bbox 1134 3033 1331 3090; x_wconf 86' lang='lat' dir='ltr'><strong>Oriens</strong></span> <span class='ocrx_word' id='word_1_377' title='bbox 1375 3036 1491 3105; x_wconf 90' lang='lat' dir='ltr'><strong>ipse</strong></span> <span class='ocrx_word' id='word_1_378' title='bbox 1542 3037 1742 3092; x_wconf 83' lang='lat' dir='ltr'><strong>dicitur</strong></span> <span class='ocrx_word' id='word_1_379' title='bbox 1795 3047 1850 3093; x_wconf 87' lang='lat' dir='ltr'><strong>et</strong></span> <span class='ocrx_word' id='word_1_380' title='bbox 1904 3038 1983 3092; x_wconf 85' lang='lat' dir='ltr'><strong>la-</strong></span> 
     </span>
    </p>
   </div>
   <div class='ocr_carea' id='block_1_48' title="bbox 382 3110 1979 3200">
    <p class='ocr_par' dir='ltr' id='par_1_48' title="bbox 382 3110 1979 3200">
     <span class='ocr_line' id='line_1_48' title="bbox 382 3110 1979 3200; baseline 0.015 -38"><span class='ocrx_word' id='word_1_381' title='bbox 382 3110 465 3177; x_wconf 83' lang='lat' dir='ltr'><strong>pis</strong></span> <span class='ocrx_word' id='word_1_382' title='bbox 524 3115 797 3179; x_wconf 79' lang='lat' dir='ltr'><strong>augularis</strong></span> <span class='ocrx_word' id='word_1_383' title='bbox 850 3120 1090 3193; x_wconf 84' lang='lat' dir='ltr'><strong>(Ephes.</strong></span> <span class='ocrx_word' id='word_1_384' title='bbox 1117 3125 1236 3198; x_wconf 86' lang='grc' dir='ltr'><strong>ιι),</strong></span> <span class='ocrx_word' id='word_1_385' title='bbox 1292 3127 1416 3199; x_wconf 85' lang='lat' dir='ltr'><strong>quia</strong></span> <span class='ocrx_word' id='word_1_386' title='bbox 1467 3130 1733 3200; x_wconf 87' lang='lat' dir='ltr'><strong>populum</strong></span> <span class='ocrx_word' id='word_1_387' title='bbox 1777 3141 1979 3187; x_wconf 92' lang='lat' dir='ltr'><strong>utrum-</strong></span> 
     </span>
    </p>
   </div>
   <div class='ocr_carea' id='block_1_49' title="bbox 380 3204 2055 3294">
    <p class='ocr_par' dir='ltr' id='par_1_49' title="bbox 380 3204 2055 3294">
     <span class='ocr_line' id='line_1_49' title="bbox 380 3204 2055 3294; baseline 0.014 -34"><span class='ocrx_word' id='word_1_388' title='bbox 380 3219 489 3276; x_wconf 90' lang='lat' dir='ltr'><strong>que</strong></span> <span class='ocrx_word' id='word_1_389' title='bbox 513 3210 675 3283; x_wconf 78' lang='lat'><strong>805</strong></span> <span class='ocrx_word' id='word_1_390' title='bbox 719 3215 1034 3289; x_wconf 87' lang='lat' dir='ltr'><strong>conjungat,</strong></span> <span class='ocrx_word' id='word_1_391' title='bbox 1072 3230 1124 3276; x_wconf 91' lang='lat' dir='ltr'><strong>et</strong></span> <span class='ocrx_word' id='word_1_392' title='bbox 1167 3221 1304 3277; x_wconf 93' lang='lat' dir='ltr'><strong>duos</strong></span> <span class='ocrx_word' id='word_1_393' title='bbox 1333 3224 1569 3294; x_wconf 90' lang='lat' dir='ltr'><strong>parietes</strong></span> <span class='ocrx_word' id='word_1_394' title='bbox 1597 3226 1650 3279; x_wconf 94' lang='lat' dir='ltr'><strong>in</strong></span> <span class='ocrx_word' id='word_1_395' title='bbox 1692 3240 1853 3280; x_wconf 89' lang='lat' dir='ltr'><strong>unam</strong></span> <span class='ocrx_word' id='word_1_396' title='bbox 1885 3226 1982 3282; x_wconf 88' lang='lat' dir='ltr'><strong>do-</strong></span> <span class='ocrx_word' id='word_1_397' title='bbox 2009 3204 2055 3268; x_wconf 61' lang='grc' dir='ltr'><strong>(ἶ</strong></span> 
     </span>
    </p>
   </div>
   <div class='ocr_carea' id='block_1_50' title="bbox 382 3309 1982 3389">
    <p class='ocr_par' dir='ltr' id='par_1_50' title="bbox 382 3309 1982 3389">
     <span class='ocr_line' id='line_1_50' title="bbox 382 3309 1982 3389; baseline 0.014 -36"><span class='ocrx_word' id='word_1_398' title='bbox 382 3314 530 3356; x_wconf 89' lang='lat' dir='ltr'><strong>mum</strong></span> <span class='ocrx_word' id='word_1_399' title='bbox 555 3309 834 3365; x_wconf 90' lang='lat' dir='ltr'><strong>consociet</strong></span> <span class='ocrx_word' id='word_1_400' title='bbox 869 3329 881 3366; x_wconf 94' lang='lat'>:</span> <span class='ocrx_word' id='word_1_401' title='bbox 912 3312 1010 3368; x_wconf 87' lang='lat' dir='ltr'><strong>Hic</strong></span> <span class='ocrx_word' id='word_1_402' title='bbox 1039 3330 1144 3370; x_wconf 87' lang='lat' dir='ltr'><strong>non</strong></span> <span class='ocrx_word' id='word_1_403' title='bbox 1176 3316 1530 3373; x_wconf 88' lang='lat' dir='ltr'><strong>credentibus</strong></span> <span class='ocrx_word' id='word_1_404' title='bbox 1575 3319 1711 3389; x_wconf 85' lang='lat' dir='ltr'><strong>lapis</strong></span> <span class='ocrx_word' id='word_1_405' title='bbox 1742 3319 1982 3375; x_wconf 89' lang='lat' dir='ltr'><strong>scandali</strong></span> 
     </span>
    </p>
   </div>
   <div class='ocr_carea' id='block_1_51' title="bbox 383 3397 1983 3484">
    <p class='ocr_par' dir='ltr' id='par_1_51' title="bbox 383 3397 1983 3484">
     <span class='ocr_line' id='line_1_51' title="bbox 383 3397 1983 3484; baseline 0.011 -34"><span class='ocrx_word' id='word_1_406' title='bbox 383 3404 488 3461; x_wconf 87' lang='lat' dir='ltr'><strong>est,</strong></span> <span class='ocrx_word' id='word_1_407' title='bbox 517 3397 585 3453; x_wconf 89' lang='lat' dir='ltr'><strong>de</strong></span> <span class='ocrx_word' id='word_1_408' title='bbox 613 3416 720 3470; x_wconf 91' lang='lat' dir='ltr'><strong>quo</strong></span> <span class='ocrx_word' id='word_1_409' title='bbox 746 3412 802 3458; x_wconf 87' lang='lat' dir='ltr'><strong>et</strong></span> <span class='ocrx_word' id='word_1_410' title='bbox 833 3404 887 3460; x_wconf 87' lang='lat' dir='ltr'><strong>in</strong></span> <span class='ocrx_word' id='word_1_411' title='bbox 921 3406 1153 3465; x_wconf 89' lang='lat' dir='ltr'><strong>Psalmis</strong></span> <span class='ocrx_word' id='word_1_412' title='bbox 1180 3410 1382 3466; x_wconf 89' lang='lat' dir='ltr'><strong>dicitur</strong></span> <span class='ocrx_word' id='word_1_413' title='bbox 1413 3430 1423 3465; x_wconf 90' lang='lat'>:</span> <span class='ocrx_word' id='word_1_414' title='bbox 1457 3411 1705 3484; x_wconf 84' lang='lat' dir='ltr'><strong>Lapidem</strong></span> <span class='ocrx_word' id='word_1_415' title='bbox 1726 3430 1875 3484; x_wconf 86' lang='lat' dir='ltr'><strong>quem</strong></span> <span class='ocrx_word' id='word_1_416' title='bbox 1900 3430 1983 3469; x_wconf 90' lang='lat' dir='ltr'><strong>re-</strong></span> 
     </span>
    </p>
   </div>
   <div class='ocr_carea' id='block_1_52' title="bbox 383 3490 1981 3577">
    <p class='ocr_par' dir='ltr' id='par_1_52' title="bbox 383 3490 1981 3577">
     <span class='ocr_line' id='line_1_52' title="bbox 383 3490 1981 3577; baseline 0.011 -35"><span class='ocrx_word' id='word_1_417' title='bbox 383 3490 729 3561; x_wconf 84' lang='lat' dir='ltr'><strong>probaverunt</strong></span> <span class='ocrx_word' id='word_1_418' title='bbox 758 3498 1099 3571; x_wconf 76' lang='lat' dir='ltr'><strong>wdiﬁcantes,</strong></span> <span class='ocrx_word' id='word_1_419' title='bbox 1127 3503 1214 3558; x_wconf 82' lang='lat' dir='ltr'><strong>hic</strong></span> <span class='ocrx_word' id='word_1_420' title='bbox 1237 3506 1404 3576; x_wconf 90' lang='lat' dir='ltr'><strong>factus</strong></span> <span class='ocrx_word' id='word_1_421' title='bbox 1428 3514 1503 3559; x_wconf 88' lang='lat' dir='ltr'><strong>est</strong></span> <span class='ocrx_word' id='word_1_422' title='bbox 1526 3505 1581 3559; x_wconf 89' lang='lat' dir='ltr'><strong>in</strong></span> <span class='ocrx_word' id='word_1_423' title='bbox 1598 3507 1949 3577; x_wconf 83' lang='lat' dir='ltr'><strong>caputaaguli</strong></span> <span class='ocrx_word' id='word_1_424' title='bbox 1965 3523 1981 3559; x_wconf 88' lang='lat'><strong><em>:</em></strong></span> 
     </span>
    </p>
   </div>
   <div class='ocr_carea' id='block_1_53' title="bbox 382 3581 1982 3671">
    <p class='ocr_par' dir='ltr' id='par_1_53' title="bbox 382 3581 1982 3671">
     <span class='ocr_line' id='line_1_53' title="bbox 382 3581 1982 3671; baseline 0.012 -36"><span class='ocrx_word' id='word_1_425' title='bbox 382 3582 425 3635; x_wconf 83' lang='grc' dir='ltr'><em>Α</em></span> <span class='ocrx_word' id='word_1_426' title='bbox 457 3581 684 3642; x_wconf 89' lang='lat' dir='ltr'><strong>Domino</strong></span> <span class='ocrx_word' id='word_1_427' title='bbox 712 3590 906 3649; x_wconf 80' lang='lat' dir='ltr'><strong>factum</strong></span> <span class='ocrx_word' id='word_1_428' title='bbox 936 3605 1010 3649; x_wconf 89' lang='lat' dir='ltr'><strong>est</strong></span> <span class='ocrx_word' id='word_1_429' title='bbox 1030 3597 1171 3651; x_wconf 84' lang='lat' dir='ltr'><strong>istud</strong></span> <span class='ocrx_word' id='word_1_430' title='bbox 1200 3596 1318 3671; x_wconf 90' lang='lat' dir='ltr'><strong>(Ps.</strong></span> <span class='ocrx_word' id='word_1_431' title='bbox 1343 3613 1512 3666; x_wconf 85' lang='lat' dir='ltr'><strong>cxvu,</strong></span> <span class='ocrx_word' id='word_1_432' title='bbox 1538 3597 1630 3664; x_wconf 73' lang='lat'><strong>2&#39;2,</strong></span> <span class='ocrx_word' id='word_1_433' title='bbox 1660 3598 1776 3668; x_wconf 73' lang='grc'><strong>25).</strong></span> <span class='ocrx_word' id='word_1_434' title='bbox 1806 3598 1982 3667; x_wconf 82' lang='lat' dir='ltr'><strong>Super</strong></span> 
     </span>
    </p>
   </div>
   <div class='ocr_carea' id='block_1_54' title="bbox 384 3673 1983 3763">
    <p class='ocr_par' dir='ltr' id='par_1_54' title="bbox 384 3673 1983 3763">
     <span class='ocr_line' id='line_1_54' title="bbox 384 3673 1983 3763; baseline 0.013 -34"><span class='ocrx_word' id='word_1_435' title='bbox 384 3673 529 3733; x_wconf 92' lang='lat' dir='ltr'><strong>hunc</strong></span> <span class='ocrx_word' id='word_1_436' title='bbox 557 3680 787 3751; x_wconf 86' lang='lat' dir='ltr'><strong>lapidem</strong></span> <span class='ocrx_word' id='word_1_437' title='bbox 823 3698 1029 3759; x_wconf 82' lang='lat' dir='ltr'><strong>septem</strong></span> <span class='ocrx_word' id='word_1_438' title='bbox 1057 3692 1197 3746; x_wconf 90' lang='lat' dir='ltr'><strong>oculi</strong></span> <span class='ocrx_word' id='word_1_439' title='bbox 1226 3702 1371 3754; x_wconf 87' lang='lat' dir='ltr'><strong>sunt,</strong></span> <span class='ocrx_word' id='word_1_440' title='bbox 1399 3693 1469 3749; x_wconf 92' lang='lat' dir='ltr'><strong>de</strong></span> <span class='ocrx_word' id='word_1_441' title='bbox 1504 3694 1699 3763; x_wconf 82' lang='lat' dir='ltr'><strong>quibus</strong></span> <span class='ocrx_word' id='word_1_442' title='bbox 1737 3693 1983 3762; x_wconf 83' lang='lat' dir='ltr'><strong>loquitur</strong></span> 
     </span>
    </p>
   </div>
   <div class='ocr_carea' id='block_1_55' title="bbox 383 3770 1983 3859">
    <p class='ocr_par' dir='ltr' id='par_1_55' title="bbox 383 3770 1983 3859">
     <span class='ocr_line' id='line_1_55' title="bbox 383 3770 1983 3859; baseline 0.01 -34"><span class='ocrx_word' id='word_1_443' title='bbox 383 3770 550 3829; x_wconf 84' lang='lat' dir='ltr'><strong>Isaias</strong></span> <span class='ocrx_word' id='word_1_444' title='bbox 582 3793 593 3829; x_wconf 93' lang='lat'>:</span> <span class='ocrx_word' id='word_1_445' title='bbox 628 3776 781 3835; x_wconf 75' lang='lat' dir='ltr'><strong>Exiet</strong></span> <span class='ocrx_word' id='word_1_446' title='bbox 820 3784 964 3857; x_wconf 84' lang='lat' dir='ltr'><strong>virga</strong></span> <span class='ocrx_word' id='word_1_447' title='bbox 991 3786 1055 3839; x_wconf 90' lang='lat' dir='ltr'><strong>de</strong></span> <span class='ocrx_word' id='word_1_448' title='bbox 1080 3787 1255 3842; x_wconf 82' lang='lat' dir='ltr'><strong>radice</strong></span> <span class='ocrx_word' id='word_1_449' title='bbox 1282 3786 1450 3855; x_wconf 69' lang='lat' dir='ltr'><strong>Iesse,</strong></span> <span class='ocrx_word' id='word_1_450' title='bbox 1489 3797 1537 3841; x_wconf 88' lang='lat' dir='ltr'><strong>et</strong></span> <span class='ocrx_word' id='word_1_451' title='bbox 1567 3791 1666 3859; x_wconf 84' lang='lat' dir='ltr'><strong>ﬂos</strong></span> <span class='ocrx_word' id='word_1_452' title='bbox 1711 3788 1773 3842; x_wconf 89' lang='lat' dir='ltr'><strong>de</strong></span> <span class='ocrx_word' id='word_1_453' title='bbox 1806 3790 1983 3842; x_wconf 86' lang='lat' dir='ltr'><strong>radice</strong></span> 
     </span>
    </p>
   </div>
   <div class='ocr_carea' id='block_1_56' title="bbox 387 3866 1976 3950">
    <p class='ocr_par' dir='ltr' id='par_1_56' title="bbox 387 3866 1976 3950">
     <span class='ocr_line' id='line_1_56' title="bbox 387 3866 1976 3950; baseline 0.01 -35"><span class='ocrx_word' id='word_1_454' title='bbox 387 3866 499 3934; x_wconf 84' lang='lat' dir='ltr'><strong>ejus</strong></span> <span class='ocrx_word' id='word_1_455' title='bbox 526 3872 802 3941; x_wconf 83' lang='lat' dir='ltr'><strong>ascendet,</strong></span> <span class='ocrx_word' id='word_1_456' title='bbox 858 3885 904 3929; x_wconf 89' lang='lat' dir='ltr'><strong>et</strong></span> <span class='ocrx_word' id='word_1_457' title='bbox 943 3879 1219 3947; x_wconf 87' lang='lat' dir='ltr'><strong>requiescet</strong></span> <span class='ocrx_word' id='word_1_458' title='bbox 1264 3894 1421 3947; x_wconf 87' lang='lat' dir='ltr'><strong>super</strong></span> <span class='ocrx_word' id='word_1_459' title='bbox 1448 3896 1563 3933; x_wconf 89' lang='lat' dir='ltr'><strong>eum</strong></span> <span class='ocrx_word' id='word_1_460' title='bbox 1605 3879 1817 3950; x_wconf 84' lang='lat' dir='ltr'><strong>spiritus</strong></span> <span class='ocrx_word' id='word_1_461' title='bbox 1858 3878 1976 3947; x_wconf 88' lang='lat' dir='ltr'><strong>Dei,</strong></span> 
     </span>
    </p>
   </div>
   <div class='ocr_carea' id='block_1_57' title="bbox 384 3959 1982 4044">
    <p class='ocr_par' dir='ltr' id='par_1_57' title="bbox 384 3959 1982 4044">
     <span class='ocr_line' id='line_1_57' title="bbox 384 3959 1982 4044; baseline 0.011 -36"><span class='ocrx_word' id='word_1_462' title='bbox 384 3959 599 4028; x_wconf 84' lang='lat' dir='ltr'><strong>spiritus</strong></span> <span class='ocrx_word' id='word_1_463' title='bbox 624 3965 894 4031; x_wconf 74' lang='lat' dir='ltr'><strong>sapientia:</strong></span> <span class='ocrx_word' id='word_1_464' title='bbox 920 3977 966 4021; x_wconf 90' lang='lat' dir='ltr'><strong>et</strong></span> <span class='ocrx_word' id='word_1_465' title='bbox 1008 3969 1384 4040; x_wconf 75' lang='lat' dir='ltr'><strong>intelligentirc,</strong></span> <span class='ocrx_word' id='word_1_466' title='bbox 1427 3972 1639 4044; x_wconf 86' lang='lat' dir='ltr'><strong>spiritus</strong></span> <span class='ocrx_word' id='word_1_467' title='bbox 1682 3972 1886 4026; x_wconf 84' lang='lat' dir='ltr'><strong>consilii</strong></span> <span class='ocrx_word' id='word_1_468' title='bbox 1935 3985 1982 4026; x_wconf 82' lang='lat' dir='ltr'><strong>et</strong></span> 
     </span>
    </p>
   </div>
   <div class='ocr_carea' id='block_1_58' title="bbox 384 4050 1983 4134">
    <p class='ocr_par' dir='ltr' id='par_1_58' title="bbox 384 4050 1983 4134">
     <span class='ocr_line' id='line_1_58' title="bbox 384 4050 1983 4134; baseline 0.013 -36"><span class='ocrx_word' id='word_1_469' title='bbox 384 4050 732 4118; x_wconf 77' lang='lat' dir='ltr'><strong>fortitudinis,</strong></span> <span class='ocrx_word' id='word_1_470' title='bbox 777 4059 990 4125; x_wconf 85' lang='lat' dir='ltr'><strong>spiritus</strong></span> <span class='ocrx_word' id='word_1_471' title='bbox 1037 4063 1266 4118; x_wconf 74' lang='lat' dir='ltr'><strong>scientia:</strong></span> <span class='ocrx_word' id='word_1_472' title='bbox 1313 4074 1357 4117; x_wconf 88' lang='lat' dir='ltr'><strong>et</strong></span> <span class='ocrx_word' id='word_1_473' title='bbox 1396 4064 1621 4134; x_wconf 89' lang='lat' dir='ltr'><strong>pietatis,</strong></span> <span class='ocrx_word' id='word_1_474' title='bbox 1664 4072 1711 4119; x_wconf 88' lang='lat' dir='ltr'><strong>et</strong></span> <span class='ocrx_word' id='word_1_475' title='bbox 1755 4066 1983 4131; x_wconf 82' lang='lat' dir='ltr'><strong>implebit</strong></span> 
     </span>
    </p>
   </div>
   <div class='ocr_carea' id='block_1_59' title="bbox 386 4146 1981 4231">
    <p class='ocr_par' dir='ltr' id='par_1_59' title="bbox 386 4146 1981 4231">
     <span class='ocr_line' id='line_1_59' title="bbox 386 4146 1981 4231; baseline 0.014 -39"><span class='ocrx_word' id='word_1_476' title='bbox 386 4156 501 4194; x_wconf 86' lang='lat' dir='ltr'><strong>eum</strong></span> <span class='ocrx_word' id='word_1_477' title='bbox 524 4146 738 4214; x_wconf 80' lang='lat' dir='ltr'><strong>spiritus</strong></span> <span class='ocrx_word' id='word_1_478' title='bbox 767 4152 967 4208; x_wconf 86' lang='lat' dir='ltr'><strong>timoris</strong></span> <span class='ocrx_word' id='word_1_479' title='bbox 998 4154 1097 4210; x_wconf 89' lang='lat' dir='ltr'><strong>Dei</strong></span> <span class='ocrx_word' id='word_1_480' title='bbox 1121 4154 1253 4227; x_wconf 86' lang='lat' dir='ltr'><strong>(Isa.</strong></span> <span class='ocrx_word' id='word_1_481' title='bbox 1284 4174 1360 4224; x_wconf 79' lang='lat' dir='ltr'><strong>xi,</strong></span> <span class='ocrx_word' id='word_1_482' title='bbox 1392 4159 1414 4212; x_wconf 88' lang='grc'><strong>1</strong></span> <span class='ocrx_word' id='word_1_483' title='bbox 1447 4158 1632 4231; x_wconf 87' lang='lat' dir='ltr'><strong>seqq.).</strong></span> <span class='ocrx_word' id='word_1_484' title='bbox 1666 4159 1766 4226; x_wconf 88' lang='lat' dir='ltr'><strong>Qui</strong></span> <span class='ocrx_word' id='word_1_485' title='bbox 1798 4174 1981 4215; x_wconf 85' lang='lat' dir='ltr'><strong>sacer-</strong></span> 
     </span>
    </p>
   </div>
   <div class='ocr_carea' id='block_1_60' title="bbox 383 4231 1979 4319">
    <p class='ocr_par' dir='ltr' id='par_1_60' title="bbox 383 4231 1979 4319">
     <span class='ocr_line' id='line_1_60' title="bbox 383 4231 1979 4319; baseline 0.013 -32"><span class='ocrx_word' id='word_1_486' title='bbox 383 4231 566 4290; x_wconf 88' lang='lat' dir='ltr'><strong>dotem</strong></span> <span class='ocrx_word' id='word_1_487' title='bbox 590 4254 867 4313; x_wconf 84' lang='lat' dir='ltr'><strong>magnum,</strong></span> <span class='ocrx_word' id='word_1_488' title='bbox 882 4256 936 4301; x_wconf 92' lang='lat' dir='ltr'><strong>et</strong></span> <span class='ocrx_word' id='word_1_489' title='bbox 956 4250 1161 4303; x_wconf 90' lang='lat' dir='ltr'><strong>amicos</strong></span> <span class='ocrx_word' id='word_1_490' title='bbox 1183 4250 1299 4319; x_wconf 87' lang='lat' dir='ltr'><strong>ejus</strong></span> <span class='ocrx_word' id='word_1_491' title='bbox 1316 4251 1601 4307; x_wconf 88' lang='lat' dir='ltr'><strong>Dominum</strong></span> <span class='ocrx_word' id='word_1_492' title='bbox 1617 4252 1979 4319; x_wconf 86' lang='lat' dir='ltr'><strong>Salvatorem,</strong></span> 
     </span>
    </p>
   </div>
   <div class='ocr_carea' id='block_1_61' title="bbox 386 4329 1981 4420">
    <p class='ocr_par' dir='ltr' id='par_1_61' title="bbox 386 4329 1981 4420">
     <span class='ocr_line' id='line_1_61' title="bbox 386 4329 1981 4420; baseline 0.015 -39"><span class='ocrx_word' id='word_1_493' title='bbox 386 4337 443 4381; x_wconf 91' lang='lat' dir='ltr'><strong>et</strong></span> <span class='ocrx_word' id='word_1_494' title='bbox 484 4329 783 4403; x_wconf 73' lang='lat' dir='ltr'><strong>discipulos</strong></span> <span class='ocrx_word' id='word_1_495' title='bbox 830 4338 974 4396; x_wconf 88' lang='lat' dir='ltr'><strong>illius</strong></span> <span class='ocrx_word' id='word_1_496' title='bbox 1024 4342 1249 4415; x_wconf 84' lang='lat' dir='ltr'><strong>intelligi</strong></span> <span class='ocrx_word' id='word_1_497' title='bbox 1280 4345 1468 4401; x_wconf 87' lang='lat' dir='ltr'><strong>volunt</strong></span> <span class='ocrx_word' id='word_1_498' title='bbox 1497 4346 1644 4401; x_wconf 91' lang='lat' dir='ltr'><strong>viros</strong></span> <span class='ocrx_word' id='word_1_499' title='bbox 1672 4348 1981 4420; x_wconf 76' lang='grc' dir='ltr'><strong>τερατοσκὸ-</strong></span> 
     </span>
    </p>
   </div>
   <div class='ocr_carea' id='block_1_62' title="bbox 382 4434 1983 4509">
    <p class='ocr_par' dir='ltr' id='par_1_62' title="bbox 382 4434 1983 4509">
     <span class='ocr_line' id='line_1_62' title="bbox 382 4434 1983 4509; baseline 0.007 -25"><span class='ocrx_word' id='word_1_500' title='bbox 382 4443 535 4487; x_wconf 80' lang='grc' dir='ltr'><strong>πους.</strong></span> <span class='ocrx_word' id='word_1_501' title='bbox 567 4437 621 4481; x_wconf 88' lang='lat' dir='ltr'><strong>et</strong></span> <span class='ocrx_word' id='word_1_502' title='bbox 651 4434 1061 4503; x_wconf 85' lang='lat' dir='ltr'><strong>portendentes,</strong></span> <span class='ocrx_word' id='word_1_503' title='bbox 1093 4438 1173 4494; x_wconf 89' lang='lat' dir='ltr'><strong>sic</strong></span> <span class='ocrx_word' id='word_1_504' title='bbox 1198 4440 1493 4508; x_wconf 76' lang='lat' dir='ltr'><strong>accipiunt,</strong></span> <span class='ocrx_word' id='word_1_505' title='bbox 1520 4441 1663 4495; x_wconf 90' lang='lat' dir='ltr'><strong>utad</strong></span> <span class='ocrx_word' id='word_1_506' title='bbox 1708 4440 1983 4509; x_wconf 72' lang='lat' dir='ltr'><strong>apOstolos</strong></span> 
     </span>
    </p>
   </div>
   <div class='ocr_carea' id='block_1_63' title="bbox 385 4515 1983 4606">
    <p class='ocr_par' dir='ltr' id='par_1_63' title="bbox 385 4515 1983 4606">
     <span class='ocr_line' id='line_1_63' title="bbox 385 4515 1983 4606; baseline 0.006 -26"><span class='ocrx_word' id='word_1_507' title='bbox 385 4515 496 4580; x_wconf 72' lang='grc' dir='ltr'><strong>(Αι-</strong></span> <span class='ocrx_word' id='word_1_508' title='bbox 528 4519 842 4596; x_wconf 77' lang='lat' dir='ltr'><strong>diseipulos)</strong></span> <span class='ocrx_word' id='word_1_509' title='bbox 873 4531 1135 4598; x_wconf 87' lang='lat' dir='ltr'><strong>referant,</strong></span> <span class='ocrx_word' id='word_1_510' title='bbox 1166 4535 1253 4604; x_wconf 92' lang='lat' dir='ltr'><strong>qui</strong></span> <span class='ocrx_word' id='word_1_511' title='bbox 1282 4532 1401 4603; x_wconf 89' lang='lat' dir='ltr'><strong>ejus</strong></span> <span class='ocrx_word' id='word_1_512' title='bbox 1424 4536 1652 4606; x_wconf 82' lang='lat' dir='ltr'><strong>mystica</strong></span> <span class='ocrx_word' id='word_1_513' title='bbox 1680 4535 1834 4603; x_wconf 82' lang='lat' dir='ltr'><strong>signa</strong></span> <span class='ocrx_word' id='word_1_514' title='bbox 1860 4549 1983 4604; x_wconf 91' lang='lat' dir='ltr'><strong>per-</strong></span> 
     </span>
    </p>
   </div>
   <div class='ocr_carea' id='block_1_64' title="bbox 387 4602 2063 4699">
    <p class='ocr_par' dir='ltr' id='par_1_64' title="bbox 387 4602 2063 4699">
     <span class='ocr_line' id='line_1_64' title="bbox 387 4602 2063 4699; baseline 0.011 -35"><span class='ocrx_word' id='word_1_515' title='bbox 387 4614 757 4682; x_wconf 84' lang='lat' dir='ltr'><strong>spexerint,et</strong></span> <span class='ocrx_word' id='word_1_516' title='bbox 780 4636 844 4677; x_wconf 86' lang='lat' dir='ltr'><strong>ex</strong></span> <span class='ocrx_word' id='word_1_517' title='bbox 870 4626 1224 4692; x_wconf 61' lang='lat' dir='ltr'><strong>praesentibus</strong></span> <span class='ocrx_word' id='word_1_518' title='bbox 1252 4627 1430 4683; x_wconf 86' lang='lat' dir='ltr'><strong>futura</strong></span> <span class='ocrx_word' id='word_1_519' title='bbox 1455 4628 1832 4699; x_wconf 80' lang='lat' dir='ltr'><strong>cognoverint,</strong></span> <span class='ocrx_word' id='word_1_520' title='bbox 1853 4627 1978 4682; x_wconf 91' lang='lat' dir='ltr'><strong>dum</strong></span> <span class='ocrx_word' id='word_1_521' title='bbox 2009 4602 2063 4664; x_wconf 81' lang='lat' dir='ltr'><strong>D</strong></span> 
     </span>
    </p>
   </div>
   <div class='ocr_carea' id='block_1_65' title="bbox 383 4700 1979 4792">
    <p class='ocr_par' dir='ltr' id='par_1_65' title="bbox 383 4700 1979 4792">
     <span class='ocr_line' id='line_1_65' title="bbox 383 4700 1979 4792; baseline 0.013 -36"><span class='ocrx_word' id='word_1_522' title='bbox 383 4700 438 4756; x_wconf 84' lang='lat' dir='ltr'><strong>in</strong></span> <span class='ocrx_word' id='word_1_523' title='bbox 470 4718 534 4759; x_wconf 88' lang='lat' dir='ltr'><strong>eo</strong></span> <span class='ocrx_word' id='word_1_524' title='bbox 554 4710 644 4776; x_wconf 92' lang='lat' dir='ltr'><strong>qui</strong></span> <span class='ocrx_word' id='word_1_525' title='bbox 672 4726 701 4764; x_wconf 92' lang='lat' dir='ltr'><strong>a</strong></span> <span class='ocrx_word' id='word_1_526' title='bbox 724 4714 1001 4773; x_wconf 86' lang='lat' dir='ltr'><strong>nativitate</strong></span> <span class='ocrx_word' id='word_1_527' title='bbox 1027 4734 1203 4775; x_wconf 67' lang='lat' dir='ltr'><strong>caecus</strong></span> <span class='ocrx_word' id='word_1_528' title='bbox 1230 4719 1329 4775; x_wconf 89' lang='lat' dir='ltr'><strong>fuit</strong></span> <span class='ocrx_word' id='word_1_529' title='bbox 1353 4718 1536 4792; x_wconf 79' lang='lat' dir='ltr'><strong>(Joan.</strong></span> <span class='ocrx_word' id='word_1_530' title='bbox 1556 4720 1652 4789; x_wconf 83' lang='lat' dir='ltr'><strong>Ix),</strong></span> <span class='ocrx_word' id='word_1_531' title='bbox 1673 4720 1860 4776; x_wconf 89' lang='lat' dir='ltr'><strong>oculos</strong></span> <span class='ocrx_word' id='word_1_532' title='bbox 1888 4735 1979 4776; x_wconf 87' lang='lat' dir='ltr'><strong>re-</strong></span> 
     </span>
    </p>
   </div>
   <div class='ocr_carea' id='block_1_66' title="bbox 380 4798 1975 4883">
    <p class='ocr_par' dir='ltr' id='par_1_66' title="bbox 380 4798 1975 4883">
     <span class='ocr_line' id='line_1_66' title="bbox 380 4798 1975 4883; baseline 0.012 -32"><span class='ocrx_word' id='word_1_533' title='bbox 380 4798 602 4856; x_wconf 82' lang='lat' dir='ltr'><strong>Stitutos</strong></span> <span class='ocrx_word' id='word_1_534' title='bbox 642 4818 807 4875; x_wconf 87' lang='lat' dir='ltr'><strong>super</strong></span> <span class='ocrx_word' id='word_1_535' title='bbox 838 4812 1037 4879; x_wconf 91' lang='lat' dir='ltr'><strong>p0pulo</strong></span> <span class='ocrx_word' id='word_1_536' title='bbox 1063 4814 1345 4883; x_wconf 84' lang='lat' dir='ltr'><strong>gentilium</strong></span> <span class='ocrx_word' id='word_1_537' title='bbox 1366 4815 1819 4882; x_wconf 81' lang='lat' dir='ltr'><strong>interpretantur.</strong></span> <span class='ocrx_word' id='word_1_538' title='bbox 1848 4812 1975 4867; x_wconf 88' lang='lat' dir='ltr'><strong>etin</strong></span> 
     </span>
    </p>
   </div>
   <div class='ocr_carea' id='block_1_67' title="bbox 384 4891 1975 4976">
    <p class='ocr_par' dir='ltr' id='par_1_67' title="bbox 384 4891 1975 4976">
     <span class='ocr_line' id='line_1_67' title="bbox 384 4891 1975 4976; baseline 0.01 -35"><span class='ocrx_word' id='word_1_539' title='bbox 384 4891 616 4949; x_wconf 79' lang='lat' dir='ltr'><strong>muliere</strong></span> <span class='ocrx_word' id='word_1_540' title='bbox 655 4900 916 4969; x_wconf 83' lang='lat' dir='ltr'><strong>sanguine</strong></span> <span class='ocrx_word' id='word_1_541' title='bbox 946 4902 1217 4961; x_wconf 82' lang='lat' dir='ltr'><strong>defluente</strong></span> <span class='ocrx_word' id='word_1_542' title='bbox 1247 4904 1477 4976; x_wconf 85' lang='lat' dir='ltr'><strong>(Matth.</strong></span> <span class='ocrx_word' id='word_1_543' title='bbox 1511 4920 1567 4959; x_wconf 79' lang='grc' dir='ltr'><strong>ιχ</strong></span> <span class='ocrx_word' id='word_1_544' title='bbox 1600 4906 1640 4975; x_wconf 91' lang='grc'><strong>),</strong></span> <span class='ocrx_word' id='word_1_545' title='bbox 1677 4903 1975 4959; x_wconf 86' lang='lat' dir='ltr'><strong>Ecclesiam</strong></span> 
     </span>
    </p>
   </div>
   <div class='ocr_carea' id='block_1_68' title="bbox 380 4980 1974 5066">
    <p class='ocr_par' dir='ltr' id='par_1_68' title="bbox 380 4980 1974 5066">
     <span class='ocr_line' id='line_1_68' title="bbox 380 4980 1974 5066; baseline 0.01 -32"><span class='ocrx_word' id='word_1_546' title='bbox 380 4980 689 5043; x_wconf 86' lang='lat' dir='ltr'><strong>edisserunt</strong></span> <span class='ocrx_word' id='word_1_547' title='bbox 713 4994 992 5064; x_wconf 86' lang='lat' dir='ltr'><strong>sanguinis</strong></span> <span class='ocrx_word' id='word_1_548' title='bbox 1022 4998 1275 5066; x_wconf 88' lang='lat' dir='ltr'><strong>operibus</strong></span> <span class='ocrx_word' id='word_1_549' title='bbox 1318 4997 1619 5053; x_wconf 89' lang='lat' dir='ltr'><strong>liberatam.</strong></span> <span class='ocrx_word' id='word_1_550' title='bbox 1653 4998 1766 5051; x_wconf 84' lang='lat' dir='ltr'><strong>Hoc</strong></span> <span class='ocrx_word' id='word_1_551' title='bbox 1795 5008 1974 5051; x_wconf 83' lang='lat' dir='ltr'><strong>autem</strong></span> 
     </span>
    </p>
   </div>
   <div class='ocr_carea' id='block_1_69' title="bbox 378 5074 1969 5160">
    <p class='ocr_par' dir='ltr' id='par_1_69' title="bbox 378 5074 1969 5160">
     <span class='ocr_line' id='line_1_69' title="bbox 378 5074 1969 5160; baseline 0.011 -37"><span class='ocrx_word' id='word_1_552' title='bbox 378 5074 522 5141; x_wconf 87' lang='lat' dir='ltr'><strong>quod</strong></span> <span class='ocrx_word' id='word_1_553' title='bbox 554 5082 838 5150; x_wconf 80' lang='lat' dir='ltr'><strong>sequitur:</strong></span> <span class='ocrx_word' id='word_1_554' title='bbox 868 5088 991 5157; x_wconf 86' lang='lat' dir='ltr'><strong>quia</strong></span> <span class='ocrx_word' id='word_1_555' title='bbox 1020 5105 1135 5142; x_wconf 89' lang='lat' dir='ltr'><strong>ecce</strong></span> <span class='ocrx_word' id='word_1_556' title='bbox 1160 5090 1293 5159; x_wconf 86' lang='lat' dir='ltr'><strong>lapis</strong></span> <span class='ocrx_word' id='word_1_557' title='bbox 1314 5106 1462 5160; x_wconf 90' lang='lat' dir='ltr'><strong>quem</strong></span> <span class='ocrx_word' id='word_1_558' title='bbox 1490 5090 1610 5143; x_wconf 83' lang='lat' dir='ltr'><strong>dedi</strong></span> <span class='ocrx_word' id='word_1_559' title='bbox 1631 5106 1800 5143; x_wconf 87' lang='lat' dir='ltr'><strong>coram</strong></span> <span class='ocrx_word' id='word_1_560' title='bbox 1824 5088 1969 5157; x_wconf 82' lang='lat' dir='ltr'><strong>Jcsu,</strong></span> 
     </span>
    </p>
   </div>
   <div class='ocr_carea' id='block_1_70' title="bbox 376 5175 1978 5254">
    <p class='ocr_par' dir='ltr' id='par_1_70' title="bbox 376 5175 1978 5254">
     <span class='ocr_line' id='line_1_70' title="bbox 376 5175 1978 5254; baseline 0.013 -37"><span class='ocrx_word' id='word_1_561' title='bbox 376 5178 654 5227; x_wconf 84' lang='lat' dir='ltr'><strong>amatores</strong></span> <span class='ocrx_word' id='word_1_562' title='bbox 684 5175 927 5235; x_wconf 74' lang='lat' dir='ltr'><strong>historia:</strong></span> <span class='ocrx_word' id='word_1_563' title='bbox 953 5181 1033 5236; x_wconf 91' lang='lat' dir='ltr'><strong>sic</strong></span> <span class='ocrx_word' id='word_1_564' title='bbox 1059 5183 1128 5238; x_wconf 86' lang='lat' dir='ltr'><strong>de</strong></span> <span class='ocrx_word' id='word_1_565' title='bbox 1158 5181 1375 5237; x_wconf 84' lang='lat' dir='ltr'><strong>Christo</strong></span> <span class='ocrx_word' id='word_1_566' title='bbox 1403 5183 1737 5254; x_wconf 85' lang='lat' dir='ltr'><strong>intelligunt,</strong></span> <span class='ocrx_word' id='word_1_567' title='bbox 1775 5195 1831 5238; x_wconf 90' lang='lat' dir='ltr'><strong>ut</strong></span> <span class='ocrx_word' id='word_1_568' title='bbox 1856 5192 1978 5253; x_wconf 91' lang='lat' dir='ltr'><strong>post</strong></span> 
     </span>
    </p>
   </div>
   <div class='ocr_carea' id='block_1_71' title="bbox 376 5258 1973 5332">
    <p class='ocr_par' dir='ltr' id='par_1_71' title="bbox 376 5258 1973 5332">
     <span class='ocr_line' id='line_1_71' title="bbox 376 5258 1973 5332; baseline 0.012 -20"><span class='ocrx_word' id='word_1_569' title='bbox 376 5258 561 5317; x_wconf 83' lang='lat' dir='ltr'><strong>Jesum</strong></span> <span class='ocrx_word' id='word_1_570' title='bbox 622 5267 791 5324; x_wconf 83' lang='lat' dir='ltr'><strong>filium</strong></span> <span class='ocrx_word' id='word_1_571' title='bbox 837 5272 1065 5330; x_wconf 84' lang='lat' dir='ltr'><strong>Josedec</strong></span> <span class='ocrx_word' id='word_1_572' title='bbox 1104 5274 1381 5331; x_wconf 88' lang='lat' dir='ltr'><strong>Christum</strong></span> <span class='ocrx_word' id='word_1_573' title='bbox 1427 5276 1611 5331; x_wconf 87' lang='lat' dir='ltr'><strong>dicant</strong></span> <span class='ocrx_word' id='word_1_574' title='bbox 1664 5285 1973 5332; x_wconf 85' lang='lat' dir='ltr'><strong>venturum.</strong></span> 
     </span>
    </p>
   </div>
   <div class='ocr_carea' id='block_1_72' title="bbox 377 5350 1975 5439">
    <p class='ocr_par' dir='ltr' id='par_1_72' title="bbox 377 5350 1975 5439">
     <span class='ocr_line' id='line_1_72' title="bbox 377 5350 1975 5439; baseline 0.011 -34"><span class='ocrx_word' id='word_1_575' title='bbox 377 5350 491 5408; x_wconf 87' lang='lat' dir='ltr'><strong>lloc</strong></span> <span class='ocrx_word' id='word_1_576' title='bbox 513 5358 657 5413; x_wconf 91' lang='lat' dir='ltr'><strong>enim</strong></span> <span class='ocrx_word' id='word_1_577' title='bbox 686 5376 810 5418; x_wconf 88' lang='lat' dir='ltr'><strong>esse</strong></span> <span class='ocrx_word' id='word_1_578' title='bbox 831 5380 1016 5422; x_wconf 89' lang='lat' dir='ltr'><strong>coram</strong></span> <span class='ocrx_word' id='word_1_579' title='bbox 1041 5367 1190 5434; x_wconf 84' lang='lat' dir='ltr'><strong>Jesn,</strong></span> <span class='ocrx_word' id='word_1_580' title='bbox 1226 5368 1275 5423; x_wconf 90' lang='lat' dir='ltr'><strong>id</strong></span> <span class='ocrx_word' id='word_1_581' title='bbox 1299 5378 1405 5437; x_wconf 90' lang='lat' dir='ltr'><strong>est,</strong></span> <span class='ocrx_word' id='word_1_582' title='bbox 1432 5369 1484 5424; x_wconf 93' lang='lat' dir='ltr'><strong>in</strong></span> <span class='ocrx_word' id='word_1_583' title='bbox 1513 5381 1813 5438; x_wconf 83' lang='lat' dir='ltr'><strong>conspectu</strong></span> <span class='ocrx_word' id='word_1_584' title='bbox 1834 5369 1975 5439; x_wconf 90' lang='lat' dir='ltr'><strong>ejus,</strong></span> 
     </span>
    </p>
   </div>
   <div class='ocr_carea' id='block_1_73' title="bbox 374 5451 1970 5532">
    <p class='ocr_par' dir='ltr' id='par_1_73' title="bbox 374 5451 1970 5532">
     <span class='ocr_line' id='line_1_73' title="bbox 374 5451 1970 5532; baseline 0.009 -33"><span class='ocrx_word' id='word_1_585' title='bbox 374 5454 431 5501; x_wconf 89' lang='lat' dir='ltr'><strong>et</strong></span> <span class='ocrx_word' id='word_1_586' title='bbox 456 5460 582 5505; x_wconf 87' lang='lat' dir='ltr'><strong>ante</strong></span> <span class='ocrx_word' id='word_1_587' title='bbox 610 5451 828 5525; x_wconf 80' lang='lat' dir='ltr'><strong>faciem,</strong></span> <span class='ocrx_word' id='word_1_588' title='bbox 859 5467 916 5514; x_wconf 90' lang='lat' dir='ltr'><strong>ut</strong></span> <span class='ocrx_word' id='word_1_589' title='bbox 940 5459 1115 5516; x_wconf 91' lang='lat' dir='ltr'><strong>futura</strong></span> <span class='ocrx_word' id='word_1_590' title='bbox 1144 5460 1433 5531; x_wconf 87' lang='lat' dir='ltr'><strong>significet,</strong></span> <span class='ocrx_word' id='word_1_591' title='bbox 1478 5470 1532 5517; x_wconf 88' lang='lat' dir='ltr'><strong>et</strong></span> <span class='ocrx_word' id='word_1_592' title='bbox 1559 5461 1817 5532; x_wconf 88' lang='lat' dir='ltr'><strong>appellari</strong></span> <span class='ocrx_word' id='word_1_593' title='bbox 1847 5476 1970 5517; x_wconf 89' lang='lat' dir='ltr'><strong>eum</strong></span> 
     </span>
    </p>
   </div>
   <div class='ocr_carea' id='block_1_74' title="bbox 371 5536 1973 5626">
    <p class='ocr_par' dir='ltr' id='par_1_74' title="bbox 371 5536 1973 5626">
     <span class='ocr_line' id='line_1_74' title="bbox 371 5536 1973 5626; baseline 0.009 -30"><span class='ocrx_word' id='word_1_594' title='bbox 371 5536 611 5611; x_wconf 85' lang='lat' dir='ltr'><strong>lapidem</strong></span> <span class='ocrx_word' id='word_1_595' title='bbox 640 5562 740 5617; x_wconf 92' lang='lat' dir='ltr'><strong>pro</strong></span> <span class='ocrx_word' id='word_1_596' title='bbox 764 5549 1107 5622; x_wconf 87' lang='lat' dir='ltr'><strong>fortitudine,</strong></span> <span class='ocrx_word' id='word_1_597' title='bbox 1132 5565 1187 5609; x_wconf 90' lang='lat' dir='ltr'><strong>et</strong></span> <span class='ocrx_word' id='word_1_598' title='bbox 1211 5555 1427 5623; x_wconf 87' lang='lat' dir='ltr'><strong>robore,</strong></span> <span class='ocrx_word' id='word_1_599' title='bbox 1458 5569 1569 5626; x_wconf 90' lang='lat' dir='ltr'><strong>quo</strong></span> <span class='ocrx_word' id='word_1_600' title='bbox 1598 5554 1780 5610; x_wconf 90' lang='lat' dir='ltr'><strong>omnia</strong></span> <span class='ocrx_word' id='word_1_601' title='bbox 1807 5569 1973 5625; x_wconf 87' lang='lat' dir='ltr'><strong>regna</strong></span> 
     </span>
    </p>
   </div>
   <div class='ocr_carea' id='block_1_75' title="bbox 453 5742 1559 5819">
    <p class='ocr_par' dir='ltr' id='par_1_75' title="bbox 453 5742 1559 5819">
     <span class='ocr_line' id='line_1_75' title="bbox 453 5742 1559 5819; baseline 0.008 -24"><span class='ocrx_word' id='word_1_602' title='bbox 453 5756 479 5819; x_wconf 51' lang='grc' dir='ltr'><em>ᾳ</em></span> <span class='ocrx_word' id='word_1_603' title='bbox 504 5742 696 5819; x_wconf 51' lang='lat' dir='ltr'><strong>Elegia.</strong></span> <span class='ocrx_word' id='word_1_604' title='bbox 729 5755 932 5819; x_wconf 80' lang='lat' dir='ltr'><strong>ms.,__et</strong></span> <span class='ocrx_word' id='word_1_605' title='bbox 952 5756 1226 5819; x_wconf 84' lang='lat' dir='ltr'><strong>consurget</strong></span> <span class='ocrx_word' id='word_1_606' title='bbox 1246 5747 1420 5811; x_wconf 80' lang='lat' dir='ltr'><strong>homo,</strong></span> <span class='ocrx_word' id='word_1_607' title='bbox 1450 5756 1559 5804; x_wconf 88' lang='lat' dir='ltr'><strong>etc.</strong></span> 
     </span>
    </p>
   </div>
   <div class='ocr_carea' id='block_1_76' title="bbox 452 5814 1975 5889">
    <p class='ocr_par' dir='ltr' id='par_1_76' title="bbox 452 5814 1975 5889">
     <span class='ocr_line' id='line_1_76' title="bbox 452 5814 1975 5889; baseline 0.002 -20"><span class='ocrx_word' id='word_1_608' title='bbox 452 5817 478 5853; x_wconf 68' lang='grc' dir='ltr'><strong>υ</strong></span> <span class='ocrx_word' id='word_1_609' title='bbox 509 5816 658 5869; x_wconf 80' lang='lat' dir='ltr'><strong>Idem</strong></span> <span class='ocrx_word' id='word_1_610' title='bbox 679 5831 809 5883; x_wconf 89' lang='lat' dir='ltr'><strong>ms.,</strong></span> <span class='ocrx_word' id='word_1_611' title='bbox 842 5817 1083 5886; x_wconf 77' lang='lat' dir='ltr'><strong>Maphete</strong></span> <span class='ocrx_word' id='word_1_612' title='bbox 1103 5814 1428 5889; x_wconf 65' lang='lat' dir='ltr'><strong>phaetehme;</strong></span> <span class='ocrx_word' id='word_1_613' title='bbox 1456 5828 1567 5875; x_wconf 88' lang='lat' dir='ltr'><strong>tum</strong></span> <span class='ocrx_word' id='word_1_614' title='bbox 1596 5815 1802 5887; x_wconf 59' lang='lat' dir='ltr'><strong>Aquila‘</strong></span> <span class='ocrx_word' id='word_1_615' title='bbox 1825 5814 1975 5872; x_wconf 65' lang='lat' dir='ltr'><strong>Grat—</strong></span> 
     </span>
    </p>
   </div>
   <div class='ocr_carea' id='block_1_77' title="bbox 2086 1909 3691 1986">
    <p class='ocr_par' dir='ltr' id='par_1_77' title="bbox 2086 1909 3691 1986">
     <span class='ocr_line' id='line_1_77' title="bbox 2086 1909 3691 1986; baseline -0.002 -18"><span class='ocrx_word' id='word_1_616' title='bbox 2086 1923 2174 1968; x_wconf 87' lang='lat' dir='ltr'><strong>tus</strong></span> <span class='ocrx_word' id='word_1_617' title='bbox 2202 1922 2285 1968; x_wconf 89' lang='lat' dir='ltr'><strong>est</strong></span> <span class='ocrx_word' id='word_1_618' title='bbox 2314 1912 2581 1986; x_wconf 70' lang='grc' dir='ltr'><strong>διαγλύψω</strong></span> <span class='ocrx_word' id='word_1_619' title='bbox 2610 1909 2831 1984; x_wconf 71' lang='grc' dir='ltr'><strong>ἄνοιγμα</strong></span> <span class='ocrx_word' id='word_1_620' title='bbox 2854 1915 3033 1980; x_wconf 74' lang='grc' dir='ltr'><strong>αὐτῆς,</strong></span> <span class='ocrx_word' id='word_1_621' title='bbox 3064 1911 3117 1967; x_wconf 77' lang='lat' dir='ltr'><strong>id</strong></span> <span class='ocrx_word' id='word_1_622' title='bbox 3139 1921 3246 1977; x_wconf 90' lang='lat' dir='ltr'><strong>est,</strong></span> <span class='ocrx_word' id='word_1_623' title='bbox 3280 1914 3513 1984; x_wconf 72' lang='lat' dir='ltr'><strong>scalpam</strong></span> <span class='ocrx_word' id='word_1_624' title='bbox 3535 1928 3691 1984; x_wconf 77' lang='lat' dir='ltr'><strong>aper-</strong></span> 
     </span>
    </p>
   </div>
   <div class='ocr_carea' id='block_1_78' title="bbox 2087 2003 3693 2078">
    <p class='ocr_par' dir='ltr' id='par_1_78' title="bbox 2087 2003 3693 2078">
     <span class='ocr_line' id='line_1_78' title="bbox 2087 2003 3693 2078; baseline 0 -19"><span class='ocrx_word' id='word_1_625' title='bbox 2087 2016 2255 2059; x_wconf 89' lang='lat' dir='ltr'><strong>turam</strong></span> <span class='ocrx_word' id='word_1_626' title='bbox 2310 2009 2423 2078; x_wconf 86' lang='lat' dir='ltr'><strong>ejus</strong></span> <span class='ocrx_word' id='word_1_627' title='bbox 2472 2022 2490 2060; x_wconf 91' lang='lat'><em>:</em></span> <span class='ocrx_word' id='word_1_628' title='bbox 2536 2005 2839 2061; x_wconf 83' lang='lat' dir='ltr'><strong>Theodotio</strong></span> <span class='ocrx_word' id='word_1_629' title='bbox 2886 2016 2939 2061; x_wconf 93' lang='lat' dir='ltr'><strong>et</strong></span> <span class='ocrx_word' id='word_1_630' title='bbox 2994 2004 3397 2077; x_wconf 83' lang='lat' dir='ltr'><strong>Symmachus,</strong></span> <span class='ocrx_word' id='word_1_631' title='bbox 3448 2003 3693 2073; x_wconf 76' lang='lat' dir='ltr'><strong>scalpam</strong></span> 
     </span>
    </p>
   </div>
   <div class='ocr_carea' id='block_1_79' title="bbox 2084 2097 3691 2172">
    <p class='ocr_par' dir='ltr' id='par_1_79' title="bbox 2084 2097 3691 2172">
     <span class='ocr_line' id='line_1_79' title="bbox 2084 2097 3691 2172; baseline -0.002 -17"><span class='ocrx_word' id='word_1_632' title='bbox 2084 2100 2403 2170; x_wconf 68' lang='lat' dir='ltr'><strong>sculptura»:</strong></span> <span class='ocrx_word' id='word_1_633' title='bbox 2429 2102 2561 2172; x_wconf 81' lang='lat' dir='ltr'><strong>ejus.</strong></span> <span class='ocrx_word' id='word_1_634' title='bbox 2590 2098 2655 2153; x_wconf 83' lang='lat' dir='ltr'><strong>Et</strong></span> <span class='ocrx_word' id='word_1_635' title='bbox 2675 2106 2759 2153; x_wconf 88' lang='lat' dir='ltr'><strong>est</strong></span> <span class='ocrx_word' id='word_1_636' title='bbox 2785 2113 2987 2154; x_wconf 89' lang='lat' dir='ltr'><strong>sensus</strong></span> <span class='ocrx_word' id='word_1_637' title='bbox 3012 2116 3024 2151; x_wconf 89' lang='lat'><strong>:</strong></span> <span class='ocrx_word' id='word_1_638' title='bbox 3056 2098 3223 2170; x_wconf 72' lang='lat'><strong>806</strong></span> <span class='ocrx_word' id='word_1_639' title='bbox 3250 2097 3417 2152; x_wconf 88' lang='lat' dir='ltr'><strong>Istum</strong></span> <span class='ocrx_word' id='word_1_640' title='bbox 3448 2097 3691 2168; x_wconf 81' lang='lat' dir='ltr'><strong>lapidem</strong></span> 
     </span>
    </p>
   </div>
   <div class='ocr_carea' id='block_1_80' title="bbox 2084 2190 3694 2259">
    <p class='ocr_par' dir='ltr' id='par_1_80' title="bbox 2084 2190 3694 2259">
     <span class='ocr_line' id='line_1_80' title="bbox 2084 2190 3694 2259; baseline -0.001 -12"><span class='ocrx_word' id='word_1_641' title='bbox 2084 2194 2254 2248; x_wconf 77' lang='lat' dir='ltr'><strong>clavis</strong></span> <span class='ocrx_word' id='word_1_642' title='bbox 2302 2193 2498 2259; x_wconf 89' lang='lat' dir='ltr'><strong>crucis,</strong></span> <span class='ocrx_word' id='word_1_643' title='bbox 2537 2202 2592 2248; x_wconf 91' lang='lat' dir='ltr'><strong>et</strong></span> <span class='ocrx_word' id='word_1_644' title='bbox 2635 2192 2819 2248; x_wconf 88' lang='lat' dir='ltr'><strong>lancea</strong></span> <span class='ocrx_word' id='word_1_645' title='bbox 2852 2192 3037 2247; x_wconf 91' lang='lat' dir='ltr'><strong>militis</strong></span> <span class='ocrx_word' id='word_1_646' title='bbox 3066 2190 3260 2246; x_wconf 83' lang='lat' dir='ltr'><strong>faciam</strong></span> <span class='ocrx_word' id='word_1_647' title='bbox 3291 2190 3599 2257; x_wconf 85' lang='lat' dir='ltr'><strong>vulnerari,</strong></span> <span class='ocrx_word' id='word_1_648' title='bbox 3636 2200 3694 2247; x_wconf 87' lang='lat' dir='ltr'><strong>et</strong></span> 
     </span>
    </p>
   </div>
   <div class='ocr_carea' id='block_1_81' title="bbox 2085 2286 3695 2358">
    <p class='ocr_par' dir='ltr' id='par_1_81' title="bbox 2085 2286 3695 2358">
     <span class='ocr_line' id='line_1_81' title="bbox 2085 2286 3695 2358; baseline -0.001 -14"><span class='ocrx_word' id='word_1_649' title='bbox 2085 2287 2141 2344; x_wconf 85' lang='lat' dir='ltr'><strong>in</strong></span> <span class='ocrx_word' id='word_1_650' title='bbox 2175 2288 2318 2343; x_wconf 90' lang='lat' dir='ltr'><strong>illius</strong></span> <span class='ocrx_word' id='word_1_651' title='bbox 2352 2288 2599 2358; x_wconf 79' lang='lat' dir='ltr'><strong>passione</strong></span> <span class='ocrx_word' id='word_1_652' title='bbox 2643 2288 2884 2344; x_wconf 86' lang='lat' dir='ltr'><strong>auferam</strong></span> <span class='ocrx_word' id='word_1_653' title='bbox 2920 2288 3262 2358; x_wconf 86' lang='lat' dir='ltr'><strong>iniquitatem</strong></span> <span class='ocrx_word' id='word_1_654' title='bbox 3308 2297 3467 2342; x_wconf 73' lang='lat' dir='ltr'><strong>terra:</strong></span> <span class='ocrx_word' id='word_1_655' title='bbox 3512 2286 3566 2341; x_wconf 89' lang='lat' dir='ltr'><strong>iu</strong></span> <span class='ocrx_word' id='word_1_656' title='bbox 3599 2286 3695 2343; x_wconf 86' lang='lat' dir='ltr'><strong>die</strong></span> 
     </span>
    </p>
   </div>
   <div class='ocr_carea' id='block_1_82' title="bbox 2086 2380 3693 2453">
    <p class='ocr_par' dir='ltr' id='par_1_82' title="bbox 2086 2380 3693 2453">
     <span class='ocr_line' id='line_1_82' title="bbox 2086 2380 3693 2453; baseline 0 -16"><span class='ocrx_word' id='word_1_657' title='bbox 2086 2397 2212 2445; x_wconf 87' lang='lat' dir='ltr'><strong>una,</strong></span> <span class='ocrx_word' id='word_1_658' title='bbox 2249 2381 2317 2437; x_wconf 88' lang='lat' dir='ltr'><strong>de</strong></span> <span class='ocrx_word' id='word_1_659' title='bbox 2342 2397 2445 2453; x_wconf 87' lang='lat' dir='ltr'><strong>qua</strong></span> <span class='ocrx_word' id='word_1_660' title='bbox 2478 2382 2737 2451; x_wconf 84' lang='lat' dir='ltr'><strong>scriptum</strong></span> <span class='ocrx_word' id='word_1_661' title='bbox 2766 2392 2848 2438; x_wconf 91' lang='lat' dir='ltr'><strong>est</strong></span> <span class='ocrx_word' id='word_1_662' title='bbox 2886 2397 2900 2435; x_wconf 90' lang='lat'><strong>:</strong></span> <span class='ocrx_word' id='word_1_663' title='bbox 2945 2380 3076 2437; x_wconf 67' lang='lat' dir='ltr'><strong>Hac</strong></span> <span class='ocrx_word' id='word_1_664' title='bbox 3116 2391 3193 2435; x_wconf 85' lang='lat' dir='ltr'><strong>est</strong></span> <span class='ocrx_word' id='word_1_665' title='bbox 3238 2382 3347 2436; x_wconf 85' lang='lat' dir='ltr'><strong>dies</strong></span> <span class='ocrx_word' id='word_1_666' title='bbox 3379 2397 3537 2451; x_wconf 89' lang='lat' dir='ltr'><strong>quam</strong></span> <span class='ocrx_word' id='word_1_667' title='bbox 3562 2383 3693 2453; x_wconf 82' lang='lat' dir='ltr'><strong>fecit</strong></span> 
     </span>
    </p>
   </div>
   <div class='ocr_carea' id='block_1_83' title="bbox 2085 2473 3690 2547">
    <p class='ocr_par' dir='ltr' id='par_1_83' title="bbox 2085 2473 3690 2547">
     <span class='ocr_line' id='line_1_83' title="bbox 2085 2473 3690 2547; baseline 0.002 -19"><span class='ocrx_word' id='word_1_668' title='bbox 2085 2473 2364 2541; x_wconf 87' lang='lat' dir='ltr'><strong>Dominus,</strong></span> <span class='ocrx_word' id='word_1_669' title='bbox 2390 2476 2703 2531; x_wconf 74' lang='lat' dir='ltr'><strong>cxsultemus</strong></span> <span class='ocrx_word' id='word_1_670' title='bbox 2730 2485 2775 2530; x_wconf 90' lang='lat' dir='ltr'><strong>et</strong></span> <span class='ocrx_word' id='word_1_671' title='bbox 2805 2475 3036 2531; x_wconf 80' lang='lat' dir='ltr'><strong>lwtemur</strong></span> <span class='ocrx_word' id='word_1_672' title='bbox 3058 2476 3112 2529; x_wconf 89' lang='lat' dir='ltr'><strong>in</strong></span> <span class='ocrx_word' id='word_1_673' title='bbox 3142 2491 3201 2529; x_wconf 86' lang='lat' dir='ltr'><strong>ea</strong></span> <span class='ocrx_word' id='word_1_674' title='bbox 3226 2474 3536 2547; x_wconf 82' lang='lat' dir='ltr'><strong>(Ps.cxvu,</strong></span> <span class='ocrx_word' id='word_1_675' title='bbox 3567 2473 3690 2546; x_wconf 75' lang='grc'><strong>24).</strong></span> 
     </span>
    </p>
   </div>
   <div class='ocr_carea' id='block_1_84' title="bbox 2086 2567 3693 2641">
    <p class='ocr_par' dir='ltr' id='par_1_84' title="bbox 2086 2567 3693 2641">
     <span class='ocr_line' id='line_1_84' title="bbox 2086 2567 3693 2641; baseline -0.001 -16"><span class='ocrx_word' id='word_1_676' title='bbox 2086 2569 2143 2625; x_wconf 86' lang='grc' dir='ltr'><strong>1η</strong></span> <span class='ocrx_word' id='word_1_677' title='bbox 2174 2570 2261 2624; x_wconf 88' lang='lat' dir='ltr'><strong>die</strong></span> <span class='ocrx_word' id='word_1_678' title='bbox 2285 2571 2373 2625; x_wconf 95' lang='lat' dir='ltr'><strong>illa</strong></span> <span class='ocrx_word' id='word_1_679' title='bbox 2407 2569 2675 2641; x_wconf 83' lang='lat' dir='ltr'><strong>passionis</strong></span> <span class='ocrx_word' id='word_1_680' title='bbox 2702 2569 2929 2637; x_wconf 88' lang='lat' dir='ltr'><strong>Christi,</strong></span> <span class='ocrx_word' id='word_1_681' title='bbox 2953 2569 3170 2625; x_wconf 88' lang='lat' dir='ltr'><strong>vocabit</strong></span> <span class='ocrx_word' id='word_1_682' title='bbox 3191 2572 3275 2624; x_wconf 89' lang='lat' dir='ltr'><strong>vir</strong></span> <span class='ocrx_word' id='word_1_683' title='bbox 3294 2569 3385 2640; x_wconf 92' lang='lat' dir='ltr'><strong>qui</strong></span> <span class='ocrx_word' id='word_1_684' title='bbox 3418 2567 3693 2639; x_wconf 84' lang='lat' dir='ltr'><strong>perfectus</strong></span> 
     </span>
    </p>
   </div>
   <div class='ocr_carea' id='block_1_85' title="bbox 2087 2663 3693 2734">
    <p class='ocr_par' dir='ltr' id='par_1_85' title="bbox 2087 2663 3693 2734">
     <span class='ocr_line' id='line_1_85' title="bbox 2087 2663 3693 2734; baseline 0 -14"><span class='ocrx_word' id='word_1_685' title='bbox 2087 2675 2170 2721; x_wconf 91' lang='lat' dir='ltr'><strong>est</strong></span> <span class='ocrx_word' id='word_1_686' title='bbox 2200 2665 2250 2719; x_wconf 90' lang='lat' dir='ltr'><strong>in</strong></span> <span class='ocrx_word' id='word_1_687' title='bbox 2282 2664 2522 2734; x_wconf 90' lang='lat' dir='ltr'><strong>Christo,</strong></span> <span class='ocrx_word' id='word_1_688' title='bbox 2557 2674 2611 2721; x_wconf 90' lang='lat' dir='ltr'><strong>et</strong></span> <span class='ocrx_word' id='word_1_689' title='bbox 2638 2679 2760 2720; x_wconf 92' lang='lat' dir='ltr'><strong>cum</strong></span> <span class='ocrx_word' id='word_1_690' title='bbox 2792 2664 3055 2734; x_wconf 78' lang='lat' dir='ltr'><strong>apostolis</strong></span> <span class='ocrx_word' id='word_1_691' title='bbox 3094 2665 3161 2719; x_wconf 90' lang='lat' dir='ltr'><strong>ad</strong></span> <span class='ocrx_word' id='word_1_692' title='bbox 3194 2663 3488 2720; x_wconf 70' lang='lat' dir='ltr'><strong>Dominicxe</strong></span> <span class='ocrx_word' id='word_1_693' title='bbox 3517 2664 3693 2720; x_wconf 86' lang='lat' dir='ltr'><strong>benc-</strong></span> 
     </span>
    </p>
   </div>
   <div class='ocr_carea' id='block_1_86' title="bbox 2086 2758 3695 2830">
    <p class='ocr_par' dir='ltr' id='par_1_86' title="bbox 2086 2758 3695 2830">
     <span class='ocr_line' id='line_1_86' title="bbox 2086 2758 3695 2830; baseline 0.001 -18"><span class='ocrx_word' id='word_1_694' title='bbox 2086 2760 2339 2814; x_wconf 66' lang='lat' dir='ltr'><strong>volentiat</strong></span> <span class='ocrx_word' id='word_1_695' title='bbox 2366 2760 2580 2814; x_wconf 90' lang='lat' dir='ltr'><strong>culmen</strong></span> <span class='ocrx_word' id='word_1_696' title='bbox 2613 2759 2881 2825; x_wconf 88' lang='lat' dir='ltr'><strong>ascendit,</strong></span> <span class='ocrx_word' id='word_1_697' title='bbox 2914 2759 3224 2830; x_wconf 74' lang='lat' dir='ltr'><strong>proximum</strong></span> <span class='ocrx_word' id='word_1_698' title='bbox 3251 2772 3435 2825; x_wconf 87' lang='lat' dir='ltr'><strong>suum,</strong></span> <span class='ocrx_word' id='word_1_699' title='bbox 3460 2758 3547 2814; x_wconf 90' lang='lat' dir='ltr'><strong>vel</strong></span> <span class='ocrx_word' id='word_1_700' title='bbox 3568 2773 3695 2814; x_wconf 63' lang='lat' dir='ltr'><strong>creo</strong></span> 
     </span>
    </p>
   </div>
   <div class='ocr_carea' id='block_1_87' title="bbox 2086 2851 3696 2924">
    <p class='ocr_par' dir='ltr' id='par_1_87' title="bbox 2086 2851 3696 2924">
     <span class='ocr_line' id='line_1_87' title="bbox 2086 2851 3696 2924; baseline 0.001 -18"><span class='ocrx_word' id='word_1_701' title='bbox 2086 2851 2281 2908; x_wconf 88' lang='lat' dir='ltr'><strong>dentes</strong></span> <span class='ocrx_word' id='word_1_702' title='bbox 2306 2868 2370 2908; x_wconf 83' lang='lat' dir='ltr'><strong>ex</strong></span> <span class='ocrx_word' id='word_1_703' title='bbox 2402 2851 2623 2918; x_wconf 69' lang='lat' dir='ltr'><strong>Judazis,</strong></span> <span class='ocrx_word' id='word_1_704' title='bbox 2654 2852 2738 2907; x_wconf 88' lang='lat' dir='ltr'><strong>vel</strong></span> <span class='ocrx_word' id='word_1_705' title='bbox 2769 2861 2918 2907; x_wconf 87' lang='lat' dir='ltr'><strong>certe</strong></span> <span class='ocrx_word' id='word_1_706' title='bbox 2945 2852 3228 2923; x_wconf 85' lang='lat' dir='ltr'><strong>gentiliqu</strong></span> <span class='ocrx_word' id='word_1_707' title='bbox 3253 2852 3539 2924; x_wconf 88' lang='lat' dir='ltr'><strong>populum,</strong></span> <span class='ocrx_word' id='word_1_708' title='bbox 3568 2854 3696 2908; x_wconf 83' lang='lat' dir='ltr'><strong>sub-</strong></span> 
     </span>
    </p>
   </div>
   <div class='ocr_carea' id='block_1_88' title="bbox 2088 2943 3692 3017">
    <p class='ocr_par' dir='ltr' id='par_1_88' title="bbox 2088 2943 3692 3017">
     <span class='ocr_line' id='line_1_88' title="bbox 2088 2943 3692 3017; baseline 0.002 -18"><span class='ocrx_word' id='word_1_709' title='bbox 2088 2952 2174 2999; x_wconf 89' lang='lat' dir='ltr'><strong>ter</strong></span> <span class='ocrx_word' id='word_1_710' title='bbox 2194 2944 2407 3000; x_wconf 92' lang='lat' dir='ltr'><strong>vineam</strong></span> <span class='ocrx_word' id='word_1_711' title='bbox 2439 2961 2557 3015; x_wconf 77' lang='lat' dir='ltr'><strong>qua:</strong></span> <span class='ocrx_word' id='word_1_712' title='bbox 2596 2944 2900 3015; x_wconf 88' lang='lat' dir='ltr'><strong>appellatur</strong></span> <span class='ocrx_word' id='word_1_713' title='bbox 2922 2943 3119 3014; x_wconf 89' lang='lat' dir='ltr'><strong>Sorec,</strong></span> <span class='ocrx_word' id='word_1_714' title='bbox 3152 2956 3205 3001; x_wconf 91' lang='lat' dir='ltr'><strong>et</strong></span> <span class='ocrx_word' id='word_1_715' title='bbox 3231 2945 3300 3002; x_wconf 91' lang='lat' dir='ltr'><strong>de</strong></span> <span class='ocrx_word' id='word_1_716' title='bbox 3331 2962 3435 3017; x_wconf 89' lang='lat' dir='ltr'><strong>qua</strong></span> <span class='ocrx_word' id='word_1_717' title='bbox 3466 2946 3601 3002; x_wconf 92' lang='lat' dir='ltr'><strong>dicit</strong></span> <span class='ocrx_word' id='word_1_718' title='bbox 3633 2947 3692 3003; x_wconf 87' lang='lat' dir='ltr'><strong>in</strong></span> 
     </span>
    </p>
   </div>
   <div class='ocr_carea' id='block_1_89' title="bbox 2087 3036 3694 3112">
    <p class='ocr_par' dir='ltr' id='par_1_89' title="bbox 2087 3036 3694 3112">
     <span class='ocr_line' id='line_1_89' title="bbox 2087 3036 3694 3112; baseline 0.003 -19"><span class='ocrx_word' id='word_1_719' title='bbox 2087 3036 2385 3108; x_wconf 83' lang='lat' dir='ltr'><strong>Evangelio</strong></span> <span class='ocrx_word' id='word_1_720' title='bbox 2410 3056 2421 3092; x_wconf 91' lang='lat'><strong><em>:</em></strong></span> <span class='ocrx_word' id='word_1_721' title='bbox 2459 3037 2574 3110; x_wconf 88' lang='lat' dir='ltr'><strong>Ego</strong></span> <span class='ocrx_word' id='word_1_722' title='bbox 2596 3055 2710 3093; x_wconf 87' lang='lat' dir='ltr'><strong>sum</strong></span> <span class='ocrx_word' id='word_1_723' title='bbox 2739 3040 2851 3093; x_wconf 84' lang='lat' dir='ltr'><strong>vitis</strong></span> <span class='ocrx_word' id='word_1_724' title='bbox 2880 3037 3061 3110; x_wconf 83' lang='lat' dir='ltr'><strong>(Joan.</strong></span> <span class='ocrx_word' id='word_1_725' title='bbox 3092 3056 3182 3108; x_wconf 89' lang='lat' dir='ltr'><strong>xv,</strong></span> <span class='ocrx_word' id='word_1_726' title='bbox 3216 3040 3289 3110; x_wconf 86' lang='grc'><strong>1),</strong></span> <span class='ocrx_word' id='word_1_727' title='bbox 3325 3049 3382 3096; x_wconf 90' lang='lat' dir='ltr'><strong>et</strong></span> <span class='ocrx_word' id='word_1_728' title='bbox 3406 3041 3562 3112; x_wconf 81' lang='lat' dir='ltr'><strong>cujus</strong></span> <span class='ocrx_word' id='word_1_729' title='bbox 3583 3042 3694 3098; x_wconf 79' lang='lat' dir='ltr'><strong>l&#39;ru-</strong></span> 
     </span>
    </p>
   </div>
   <div class='ocr_carea' id='block_1_90' title="bbox 2086 3132 3694 3205">
    <p class='ocr_par' dir='ltr' id='par_1_90' title="bbox 2086 3132 3694 3205">
     <span class='ocr_line' id='line_1_90' title="bbox 2086 3132 3694 3205; baseline 0.002 -18"><span class='ocrx_word' id='word_1_730' title='bbox 2086 3139 2205 3187; x_wconf 91' lang='lat' dir='ltr'><strong>ctus</strong></span> <span class='ocrx_word' id='word_1_731' title='bbox 2230 3132 2465 3187; x_wconf 71' lang='lat' dir='ltr'><strong>lmtilicat</strong></span> <span class='ocrx_word' id='word_1_732' title='bbox 2492 3148 2588 3186; x_wconf 91' lang='lat' dir='ltr'><strong>cor</strong></span> <span class='ocrx_word' id='word_1_733' title='bbox 2616 3132 2889 3188; x_wconf 90' lang='lat' dir='ltr'><strong>hominis:</strong></span> <span class='ocrx_word' id='word_1_734' title='bbox 2923 3141 2977 3188; x_wconf 86' lang='lat' dir='ltr'><strong>et</strong></span> <span class='ocrx_word' id='word_1_735' title='bbox 3010 3133 3198 3188; x_wconf 91' lang='lat' dir='ltr'><strong>subter</strong></span> <span class='ocrx_word' id='word_1_736' title='bbox 3234 3133 3418 3200; x_wconf 86' lang='lat' dir='ltr'><strong>ﬁcum,</strong></span> <span class='ocrx_word' id='word_1_737' title='bbox 3450 3133 3694 3205; x_wconf 83' lang='lat' dir='ltr'><strong>Spiritus</strong></span> 
     </span>
    </p>
   </div>
   <div class='ocr_carea' id='block_1_91' title="bbox 2086 3227 3691 3298">
    <p class='ocr_par' dir='ltr' id='par_1_91' title="bbox 2086 3227 3691 3298">
     <span class='ocr_line' id='line_1_91' title="bbox 2086 3227 3691 3298; baseline 0.002 -17"><span class='ocrx_word' id='word_1_738' title='bbox 2086 3228 2257 3281; x_wconf 87' lang='lat' dir='ltr'><strong>sancti</strong></span> <span class='ocrx_word' id='word_1_739' title='bbox 2291 3242 2449 3297; x_wconf 90' lang='lat' dir='ltr'><strong>poma</strong></span> <span class='ocrx_word' id='word_1_740' title='bbox 2476 3227 2890 3294; x_wconf 88' lang='lat' dir='ltr'><strong>dulcissima,ut</strong></span> <span class='ocrx_word' id='word_1_741' title='bbox 2914 3238 3117 3282; x_wconf 86' lang='lat' dir='ltr'><strong>aeterna</strong></span> <span class='ocrx_word' id='word_1_742' title='bbox 3151 3243 3283 3298; x_wconf 87' lang='lat' dir='ltr'><strong>pace</strong></span> <span class='ocrx_word' id='word_1_743' title='bbox 3314 3228 3691 3297; x_wconf 85' lang='lat' dir='ltr'><strong>requiescant,</strong></span> 
     </span>
    </p>
   </div>
   <div class='ocr_carea' id='block_1_92' title="bbox 2085 3320 3691 3389">
    <p class='ocr_par' dir='ltr' id='par_1_92' title="bbox 2085 3320 3691 3389">
     <span class='ocr_line' id='line_1_92' title="bbox 2085 3320 3691 3389; baseline 0.001 -14"><span class='ocrx_word' id='word_1_744' title='bbox 2085 3328 2142 3375; x_wconf 90' lang='lat' dir='ltr'><strong>et</strong></span> <span class='ocrx_word' id='word_1_745' title='bbox 2170 3334 2479 3389; x_wconf 85' lang='lat' dir='ltr'><strong>compressa</strong></span> <span class='ocrx_word' id='word_1_746' title='bbox 2510 3320 2781 3375; x_wconf 88' lang='lat' dir='ltr'><strong>seditione</strong></span> <span class='ocrx_word' id='word_1_747' title='bbox 2828 3320 3013 3375; x_wconf 92' lang='lat' dir='ltr'><strong>mundi</strong></span> <span class='ocrx_word' id='word_1_748' title='bbox 3043 3330 3099 3376; x_wconf 92' lang='lat' dir='ltr'><strong>et</strong></span> <span class='ocrx_word' id='word_1_749' title='bbox 3125 3335 3319 3376; x_wconf 89' lang='lat' dir='ltr'><strong>cruore</strong></span> <span class='ocrx_word' id='word_1_750' title='bbox 3358 3320 3691 3377; x_wconf 80' lang='lat' dir='ltr'><strong>bellatorum</strong></span> 
     </span>
    </p>
   </div>
   <div class='ocr_carea' id='block_1_93' title="bbox 2086 3412 3693 3487">
    <p class='ocr_par' dir='ltr' id='par_1_93' title="bbox 2086 3412 3693 3487">
     <span class='ocr_line' id='line_1_93' title="bbox 2086 3412 3693 3487; baseline 0.002 -21"><span class='ocrx_word' id='word_1_751' title='bbox 2086 3412 2196 3485; x_wconf 80' lang='grc' dir='ltr'><strong>[ΑΙ.</strong></span> <span class='ocrx_word' id='word_1_752' title='bbox 2225 3412 2527 3484; x_wconf 87' lang='lat' dir='ltr'><strong>bellorum]</strong></span> <span class='ocrx_word' id='word_1_753' title='bbox 2556 3455 2570 3480; x_wconf 91' lang='lat'><strong>,</strong></span> <span class='ocrx_word' id='word_1_754' title='bbox 2600 3414 2774 3467; x_wconf 88' lang='lat' dir='ltr'><strong>sciant</strong></span> <span class='ocrx_word' id='word_1_755' title='bbox 2806 3429 2865 3468; x_wconf 90' lang='lat' dir='ltr'><strong>se</strong></span> <span class='ocrx_word' id='word_1_756' title='bbox 2894 3427 3015 3469; x_wconf 91' lang='lat' dir='ltr'><strong>esse</strong></span> <span class='ocrx_word' id='word_1_757' title='bbox 3042 3413 3145 3468; x_wconf 90' lang='lat' dir='ltr'><strong>sub</strong></span> <span class='ocrx_word' id='word_1_758' title='bbox 3175 3428 3304 3485; x_wconf 85' lang='lat' dir='ltr'><strong>rege</strong></span> <span class='ocrx_word' id='word_1_759' title='bbox 3324 3456 3338 3476; x_wconf 89' lang='lat'><strong>.</strong></span> <span class='ocrx_word' id='word_1_760' title='bbox 3373 3415 3533 3483; x_wconf 91' lang='lat' dir='ltr'><strong>cujus</strong></span> <span class='ocrx_word' id='word_1_761' title='bbox 3564 3430 3693 3487; x_wconf 81' lang='lat' dir='ltr'><strong>my-</strong></span> 
     </span>
    </p>
   </div>
   <div class='ocr_carea' id='block_1_94' title="bbox 2084 3506 3692 3578">
    <p class='ocr_par' dir='ltr' id='par_1_94' title="bbox 2084 3506 3692 3578">
     <span class='ocr_line' id='line_1_94' title="bbox 2084 3506 3692 3578; baseline 0.002 -16"><span class='ocrx_word' id='word_1_762' title='bbox 2084 3509 2217 3563; x_wconf 90' lang='lat' dir='ltr'><strong>stice</strong></span> <span class='ocrx_word' id='word_1_763' title='bbox 2246 3507 2298 3561; x_wconf 95' lang='lat' dir='ltr'><strong>in</strong></span> <span class='ocrx_word' id='word_1_764' title='bbox 2332 3506 2623 3563; x_wconf 85' lang='lat' dir='ltr'><strong>Salomone</strong></span> <span class='ocrx_word' id='word_1_765' title='bbox 2656 3522 2853 3563; x_wconf 89' lang='lat' dir='ltr'><strong>nomen</strong></span> <span class='ocrx_word' id='word_1_766' title='bbox 2885 3516 2970 3563; x_wconf 90' lang='lat' dir='ltr'><strong>est</strong></span> <span class='ocrx_word' id='word_1_767' title='bbox 3017 3508 3184 3578; x_wconf 89' lang='lat' dir='ltr'><strong>pacis.</strong></span> <span class='ocrx_word' id='word_1_768' title='bbox 3233 3507 3311 3562; x_wconf 90' lang='lat' dir='ltr'><strong>De</strong></span> <span class='ocrx_word' id='word_1_769' title='bbox 3362 3507 3463 3563; x_wconf 90' lang='lat' dir='ltr'><strong>hac</strong></span> <span class='ocrx_word' id='word_1_770' title='bbox 3492 3508 3692 3565; x_wconf 83' lang='lat' dir='ltr'><strong>eadem</strong></span> 
     </span>
    </p>
   </div>
   <div class='ocr_carea' id='block_1_95' title="bbox 2085 3600 3696 3665">
    <p class='ocr_par' dir='ltr' id='par_1_95' title="bbox 2085 3600 3696 3665">
     <span class='ocr_line' id='line_1_95' title="bbox 2085 3600 3696 3665; baseline 0.001 -10"><span class='ocrx_word' id='word_1_771' title='bbox 2085 3600 2329 3655; x_wconf 89' lang='lat' dir='ltr'><strong>sessione</strong></span> <span class='ocrx_word' id='word_1_772' title='bbox 2358 3600 2551 3656; x_wconf 87' lang='lat' dir='ltr'><strong>subter</strong></span> <span class='ocrx_word' id='word_1_773' title='bbox 2583 3600 2816 3665; x_wconf 87' lang='lat' dir='ltr'><strong>vineam,</strong></span> <span class='ocrx_word' id='word_1_774' title='bbox 2851 3610 2904 3655; x_wconf 92' lang='lat' dir='ltr'><strong>et</strong></span> <span class='ocrx_word' id='word_1_775' title='bbox 2944 3600 3129 3655; x_wconf 90' lang='lat' dir='ltr'><strong>subter</strong></span> <span class='ocrx_word' id='word_1_776' title='bbox 3176 3600 3358 3665; x_wconf 83' lang='lat' dir='ltr'><strong>ﬁcum,</strong></span> <span class='ocrx_word' id='word_1_777' title='bbox 3393 3601 3558 3655; x_wconf 90' lang='lat' dir='ltr'><strong>etiam</strong></span> <span class='ocrx_word' id='word_1_778' title='bbox 3591 3602 3696 3657; x_wconf 74' lang='lat' dir='ltr'><strong>Mi-</strong></span> 
     </span>
    </p>
   </div>
   <div class='ocr_carea' id='block_1_96' title="bbox 2084 3689 3693 3762">
    <p class='ocr_par' dir='ltr' id='par_1_96' title="bbox 2084 3689 3693 3762">
     <span class='ocr_line' id='line_1_96' title="bbox 2084 3689 3693 3762; baseline 0.001 -16"><span class='ocrx_word' id='word_1_779' title='bbox 2084 3690 2268 3746; x_wconf 72' lang='lat' dir='ltr'><strong>chmas</strong></span> <span class='ocrx_word' id='word_1_780' title='bbox 2321 3692 2580 3760; x_wconf 81' lang='lat' dir='ltr'><strong>propheta</strong></span> <span class='ocrx_word' id='word_1_781' title='bbox 2620 3701 3039 3762; x_wconf 84' lang='lat' dir='ltr'><strong>commemorat,</strong></span> <span class='ocrx_word' id='word_1_782' title='bbox 3072 3690 3263 3746; x_wconf 91' lang='lat' dir='ltr'><strong>dicens</strong></span> <span class='ocrx_word' id='word_1_783' title='bbox 3306 3709 3319 3745; x_wconf 89' lang='lat'><strong>:</strong></span> <span class='ocrx_word' id='word_1_784' title='bbox 3374 3689 3441 3744; x_wconf 87' lang='lat' dir='ltr'><strong>In</strong></span> <span class='ocrx_word' id='word_1_785' title='bbox 3483 3693 3567 3746; x_wconf 81' lang='lat' dir='ltr'><strong>die</strong></span> <span class='ocrx_word' id='word_1_786' title='bbox 3592 3693 3693 3747; x_wconf 88' lang='lat' dir='ltr'><strong>illa</strong></span> 
     </span>
    </p>
   </div>
   <div class='ocr_carea' id='block_1_97' title="bbox 2084 3784 3696 3857">
    <p class='ocr_par' dir='ltr' id='par_1_97' title="bbox 2084 3784 3696 3857">
     <span class='ocr_line' id='line_1_97' title="bbox 2084 3784 3696 3857; baseline 0 -18"><span class='ocrx_word' id='word_1_787' title='bbox 2084 3784 2280 3839; x_wconf 77' lang='lat' dir='ltr'><strong>vocabit</strong></span> <span class='ocrx_word' id='word_1_788' title='bbox 2298 3787 2639 3857; x_wconf 82' lang='lat' dir='ltr'><strong>unusquisque</strong></span> <span class='ocrx_word' id='word_1_789' title='bbox 2667 3786 2981 3855; x_wconf 71' lang='lat' dir='ltr'><strong>proximum,</strong></span> <span class='ocrx_word' id='word_1_790' title='bbox 3013 3793 3062 3839; x_wconf 90' lang='lat' dir='ltr'><strong>et</strong></span> <span class='ocrx_word' id='word_1_791' title='bbox 3094 3785 3307 3854; x_wconf 82' lang='lat' dir='ltr'><strong>fratrem</strong></span> <span class='ocrx_word' id='word_1_792' title='bbox 3334 3801 3489 3839; x_wconf 84' lang='lat' dir='ltr'><strong>suum</strong></span> <span class='ocrx_word' id='word_1_793' title='bbox 3513 3786 3696 3839; x_wconf 83' lang='lat' dir='ltr'><strong>subter</strong></span> 
     </span>
    </p>
   </div>
   <div class='ocr_carea' id='block_1_98' title="bbox 2084 3879 3686 3952">
    <p class='ocr_par' dir='ltr' id='par_1_98' title="bbox 2084 3879 3686 3952">
     <span class='ocr_line' id='line_1_98' title="bbox 2084 3879 3686 3952; baseline 0.002 -20"><span class='ocrx_word' id='word_1_794' title='bbox 2084 3881 2262 3950; x_wconf 77' lang='lat' dir='ltr'><strong>ﬁcum,</strong></span> <span class='ocrx_word' id='word_1_795' title='bbox 2297 3891 2340 3934; x_wconf 89' lang='lat' dir='ltr'><strong>et</strong></span> <span class='ocrx_word' id='word_1_796' title='bbox 2368 3881 2567 3934; x_wconf 78' lang='lat' dir='ltr'><strong>vineam</strong></span> <span class='ocrx_word' id='word_1_797' title='bbox 2597 3896 2763 3946; x_wconf 86' lang='lat' dir='ltr'><strong>suam,</strong></span> <span class='ocrx_word' id='word_1_798' title='bbox 2800 3888 2846 3933; x_wconf 88' lang='lat' dir='ltr'><strong>et</strong></span> <span class='ocrx_word' id='word_1_799' title='bbox 2875 3895 2979 3933; x_wconf 88' lang='lat' dir='ltr'><strong>non</strong></span> <span class='ocrx_word' id='word_1_800' title='bbox 3009 3879 3103 3934; x_wconf 89' lang='lat' dir='ltr'><strong>erit</strong></span> <span class='ocrx_word' id='word_1_801' title='bbox 3131 3880 3220 3949; x_wconf 88' lang='lat' dir='ltr'><strong>qui</strong></span> <span class='ocrx_word' id='word_1_802' title='bbox 3247 3889 3498 3934; x_wconf 75' lang='lat' dir='ltr'><strong>exterreat</strong></span> <span class='ocrx_word' id='word_1_803' title='bbox 3526 3879 3686 3952; x_wconf 79' lang='lat' dir='ltr'><strong>(Mic.</strong></span> 
     </span>
    </p>
   </div>
   <div class='ocr_carea' id='block_1_99' title="bbox 2085 3971 3688 4043">
    <p class='ocr_par' dir='ltr' id='par_1_99' title="bbox 2085 3971 3688 4043">
     <span class='ocr_line' id='line_1_99' title="bbox 2085 3971 3688 4043; baseline 0.001 -16"><span class='ocrx_word' id='word_1_804' title='bbox 2085 3988 2158 4038; x_wconf 83' lang='lat' dir='ltr'><strong>tv,</strong></span> <span class='ocrx_word' id='word_1_805' title='bbox 2191 3972 2269 4043; x_wconf 70' lang='grc'><strong>4).</strong></span> <span class='ocrx_word' id='word_1_806' title='bbox 2302 3973 2454 4039; x_wconf 87' lang='lat' dir='ltr'><strong>Quod</strong></span> <span class='ocrx_word' id='word_1_807' title='bbox 2482 3985 2660 4027; x_wconf 82' lang='lat' dir='ltr'><strong>autem</strong></span> <span class='ocrx_word' id='word_1_808' title='bbox 2692 3973 2952 4041; x_wconf 90' lang='lat' dir='ltr'><strong>scriptum</strong></span> <span class='ocrx_word' id='word_1_809' title='bbox 2986 3982 3070 4025; x_wconf 81' lang='lat' dir='ltr'><strong>est</strong></span> <span class='ocrx_word' id='word_1_810' title='bbox 3095 3972 3246 4041; x_wconf 84' lang='lat' dir='ltr'><strong>juxta</strong></span> <span class='ocrx_word' id='word_1_811' title='bbox 3280 3971 3641 4043; x_wconf 82' lang='lat' dir='ltr'><strong>Septuaginta</strong></span> <span class='ocrx_word' id='word_1_812' title='bbox 3674 3992 3688 4029; x_wconf 91' lang='lat'><strong>:</strong></span> 
     </span>
    </p>
   </div>
   <div class='ocr_carea' id='block_1_100' title="bbox 2085 4065 3693 4137">
    <p class='ocr_par' dir='ltr' id='par_1_100' title="bbox 2085 4065 3693 4137">
     <span class='ocr_line' id='line_1_100' title="bbox 2085 4065 3693 4137; baseline -0.001 -18"><span class='ocrx_word' id='word_1_813' title='bbox 2085 4065 2219 4119; x_wconf 83' lang='lat' dir='ltr'><strong>Ecce</strong></span> <span class='ocrx_word' id='word_1_814' title='bbox 2262 4084 2353 4137; x_wconf 90' lang='lat' dir='ltr'><strong>ego</strong></span> <span class='ocrx_word' id='word_1_815' title='bbox 2399 4067 2597 4136; x_wconf 83' lang='lat' dir='ltr'><strong>fodiam</strong></span> <span class='ocrx_word' id='word_1_816' title='bbox 2646 4067 2867 4137; x_wconf 82' lang='lat' dir='ltr'><strong>foveam,</strong></span> <span class='ocrx_word' id='word_1_817' title='bbox 2913 4080 3198 4135; x_wconf 87' lang='lat' dir='ltr'><strong>possumus</strong></span> <span class='ocrx_word' id='word_1_818' title='bbox 3243 4065 3445 4119; x_wconf 79' lang='lat' dir='ltr'><strong>fossam</strong></span> <span class='ocrx_word' id='word_1_819' title='bbox 3488 4068 3573 4121; x_wconf 77' lang='lat' dir='ltr'><strong>vel</strong></span> <span class='ocrx_word' id='word_1_820' title='bbox 3603 4065 3693 4120; x_wconf 82' lang='lat' dir='ltr'><strong>fo-</strong></span> 
     </span>
    </p>
   </div>
   <div class='ocr_carea' id='block_1_101' title="bbox 2087 4155 3689 4226">
    <p class='ocr_par' dir='ltr' id='par_1_101' title="bbox 2087 4155 3689 4226">
     <span class='ocr_line' id='line_1_101' title="bbox 2087 4155 3689 4226; baseline 0 -14"><span class='ocrx_word' id='word_1_821' title='bbox 2087 4170 2261 4219; x_wconf 83' lang='lat' dir='ltr'><strong>veam,</strong></span> <span class='ocrx_word' id='word_1_822' title='bbox 2293 4172 2389 4224; x_wconf 89' lang='lat' dir='ltr'><strong>pro</strong></span> <span class='ocrx_word' id='word_1_823' title='bbox 2415 4157 2698 4225; x_wconf 88' lang='lat' dir='ltr'><strong>sculptura</strong></span> <span class='ocrx_word' id='word_1_824' title='bbox 2728 4156 2923 4224; x_wconf 84' lang='lat' dir='ltr'><strong>lapidis</strong></span> <span class='ocrx_word' id='word_1_825' title='bbox 2963 4155 3267 4226; x_wconf 88' lang='lat' dir='ltr'><strong>intelligere</strong></span> <span class='ocrx_word' id='word_1_826' title='bbox 3298 4173 3311 4208; x_wconf 91' lang='lat'><strong>:</strong></span> <span class='ocrx_word' id='word_1_827' title='bbox 3342 4171 3506 4211; x_wconf 91' lang='lat' dir='ltr'><strong>omne</strong></span> <span class='ocrx_word' id='word_1_828' title='bbox 3535 4158 3689 4213; x_wconf 90' lang='lat' dir='ltr'><strong>enim</strong></span> 
     </span>
    </p>
   </div>
   <div class='ocr_carea' id='block_1_102' title="bbox 2085 4246 3693 4317">
    <p class='ocr_par' dir='ltr' id='par_1_102' title="bbox 2085 4246 3693 4317">
     <span class='ocr_line' id='line_1_102' title="bbox 2085 4246 3693 4317; baseline 0.002 -17"><span class='ocrx_word' id='word_1_829' title='bbox 2085 4248 2229 4316; x_wconf 90' lang='lat' dir='ltr'><strong>quod</strong></span> <span class='ocrx_word' id='word_1_830' title='bbox 2262 4249 2524 4317; x_wconf 87' lang='lat' dir='ltr'><strong>sculpitur</strong></span> <span class='ocrx_word' id='word_1_831' title='bbox 2553 4259 2607 4303; x_wconf 88' lang='lat' dir='ltr'><strong>et</strong></span> <span class='ocrx_word' id='word_1_832' title='bbox 2641 4247 2862 4303; x_wconf 88' lang='lat' dir='ltr'><strong>foditur.</strong></span> <span class='ocrx_word' id='word_1_833' title='bbox 2896 4247 3098 4302; x_wconf 86' lang='lat' dir='ltr'><strong>Tamen</strong></span> <span class='ocrx_word' id='word_1_834' title='bbox 3131 4248 3176 4301; x_wconf 91' lang='lat' dir='ltr'><strong>si</strong></span> <span class='ocrx_word' id='word_1_835' title='bbox 3206 4246 3328 4315; x_wconf 89' lang='lat' dir='ltr'><strong>quis</strong></span> <span class='ocrx_word' id='word_1_836' title='bbox 3360 4258 3416 4303; x_wconf 88' lang='lat' dir='ltr'><strong>et</strong></span> <span class='ocrx_word' id='word_1_837' title='bbox 3456 4261 3693 4304; x_wconf 86' lang='lat' dir='ltr'><strong>conten-</strong></span> 
     </span>
    </p>
   </div>
   <div class='ocr_carea' id='block_1_103' title="bbox 2088 4339 3693 4412">
    <p class='ocr_par' dir='ltr' id='par_1_103' title="bbox 2088 4339 3693 4412">
     <span class='ocr_line' id='line_1_103' title="bbox 2088 4339 3693 4412; baseline 0.001 -14"><span class='ocrx_word' id='word_1_838' title='bbox 2088 4340 2281 4398; x_wconf 89' lang='lat' dir='ltr'><strong>tiosius</strong></span> <span class='ocrx_word' id='word_1_839' title='bbox 2321 4342 2555 4397; x_wconf 90' lang='lat' dir='ltr'><strong>noluerit</strong></span> <span class='ocrx_word' id='word_1_840' title='bbox 2601 4342 2703 4397; x_wconf 91' lang='lat' dir='ltr'><strong>hoc</strong></span> <span class='ocrx_word' id='word_1_841' title='bbox 2740 4340 2948 4397; x_wconf 80' lang='lat' dir='ltr'><strong>referre</strong></span> <span class='ocrx_word' id='word_1_842' title='bbox 2973 4339 3040 4395; x_wconf 89' lang='lat' dir='ltr'><strong>ad</strong></span> <span class='ocrx_word' id='word_1_843' title='bbox 3079 4339 3351 4410; x_wconf 89' lang='lat' dir='ltr'><strong>lapidem;</strong></span> <span class='ocrx_word' id='word_1_844' title='bbox 3401 4341 3495 4395; x_wconf 90' lang='lat' dir='ltr'><strong>sed</strong></span> <span class='ocrx_word' id='word_1_845' title='bbox 3529 4344 3693 4412; x_wconf 82' lang='lat' dir='ltr'><strong>quasi</strong></span> 
     </span>
    </p>
   </div>
   <div class='ocr_carea' id='block_1_104' title="bbox 2087 4433 3690 4506">
    <p class='ocr_par' dir='ltr' id='par_1_104' title="bbox 2087 4433 3690 4506">
     <span class='ocr_line' id='line_1_104' title="bbox 2087 4433 3690 4506; baseline 0.001 -18"><span class='ocrx_word' id='word_1_846' title='bbox 2087 4438 2363 4506; x_wconf 84' lang='lat' dir='ltr'><strong>proprium</strong></span> <span class='ocrx_word' id='word_1_847' title='bbox 2401 4434 2600 4489; x_wconf 86' lang='lat' dir='ltr'><strong>habere</strong></span> <span class='ocrx_word' id='word_1_848' title='bbox 2631 4433 2979 4503; x_wconf 86' lang='lat' dir='ltr'><strong>principium,</strong></span> <span class='ocrx_word' id='word_1_849' title='bbox 3028 4447 3292 4502; x_wconf 88' lang='lat' dir='ltr'><strong>suamque</strong></span> <span class='ocrx_word' id='word_1_850' title='bbox 3329 4434 3690 4499; x_wconf 87' lang='lat' dir='ltr'><strong>sententiam,</strong></span> 
     </span>
    </p>
   </div>
   <div class='ocr_carea' id='block_1_105' title="bbox 2087 4524 3692 4596">
    <p class='ocr_par' dir='ltr' id='par_1_105' title="bbox 2087 4524 3692 4596">
     <span class='ocr_line' id='line_1_105' title="bbox 2087 4524 3692 4596; baseline 0 -14"><span class='ocrx_word' id='word_1_851' title='bbox 2087 4527 2329 4582; x_wconf 84' lang='lat' dir='ltr'><strong>dicamus</strong></span> <span class='ocrx_word' id='word_1_852' title='bbox 2357 4527 2522 4583; x_wconf 91' lang='lat' dir='ltr'><strong>Deum</strong></span> <span class='ocrx_word' id='word_1_853' title='bbox 2571 4526 2998 4596; x_wconf 90' lang='lat' dir='ltr'><strong>omnipotentem</strong></span> <span class='ocrx_word' id='word_1_854' title='bbox 3032 4525 3084 4578; x_wconf 90' lang='lat' dir='ltr'><strong>in</strong></span> <span class='ocrx_word' id='word_1_855' title='bbox 3136 4524 3226 4579; x_wconf 92' lang='lat' dir='ltr'><strong>die</strong></span> <span class='ocrx_word' id='word_1_856' title='bbox 3258 4526 3527 4593; x_wconf 89' lang='lat' dir='ltr'><strong>passionis</strong></span> <span class='ocrx_word' id='word_1_857' title='bbox 3556 4525 3692 4582; x_wconf 88' lang='lat' dir='ltr'><strong>Filii</strong></span> 
     </span>
    </p>
   </div>
   <div class='ocr_carea' id='block_1_106' title="bbox 2086 4619 3688 4691">
    <p class='ocr_par' dir='ltr' id='par_1_106' title="bbox 2086 4619 3688 4691">
     <span class='ocr_line' id='line_1_106' title="bbox 2086 4619 3688 4691; baseline -0.001 -15"><span class='ocrx_word' id='word_1_858' title='bbox 2086 4621 2190 4686; x_wconf 90' lang='lat' dir='ltr'><strong>sui,</strong></span> <span class='ocrx_word' id='word_1_859' title='bbox 2239 4621 2351 4676; x_wconf 90' lang='lat' dir='ltr'><strong>sive</strong></span> <span class='ocrx_word' id='word_1_860' title='bbox 2389 4621 2485 4691; x_wconf 90' lang='lat' dir='ltr'><strong>(ut</strong></span> <span class='ocrx_word' id='word_1_861' title='bbox 2527 4620 2697 4675; x_wconf 65' lang='lat' dir='ltr'><strong>Judaei</strong></span> <span class='ocrx_word' id='word_1_862' title='bbox 2730 4628 2952 4690; x_wconf 88' lang='lat' dir='ltr'><strong>putant,</strong></span> <span class='ocrx_word' id='word_1_863' title='bbox 3009 4621 3061 4672; x_wconf 92' lang='lat' dir='ltr'><strong>in</strong></span> <span class='ocrx_word' id='word_1_864' title='bbox 3112 4619 3305 4674; x_wconf 85' lang='lat' dir='ltr'><strong>ultimo</strong></span> <span class='ocrx_word' id='word_1_865' title='bbox 3335 4619 3441 4674; x_wconf 90' lang='lat' dir='ltr'><strong>fine</strong></span> <span class='ocrx_word' id='word_1_866' title='bbox 3471 4621 3688 4687; x_wconf 89' lang='lat' dir='ltr'><strong>mundi,</strong></span> 
     </span>
    </p>
   </div>
   <div class='ocr_carea' id='block_1_107' title="bbox 2086 4710 3689 4783">
    <p class='ocr_par' dir='ltr' id='par_1_107' title="bbox 2086 4710 3689 4783">
     <span class='ocr_line' id='line_1_107' title="bbox 2086 4710 3689 4783; baseline 0.003 -17"><span class='ocrx_word' id='word_1_867' title='bbox 2086 4712 2659 4783; x_wconf 79' lang='lat' dir='ltr'><strong>quandojudicaturus</strong></span> <span class='ocrx_word' id='word_1_868' title='bbox 2688 4711 2990 4782; x_wconf 88' lang='lat' dir='ltr'><strong>advenerit)</strong></span> <span class='ocrx_word' id='word_1_869' title='bbox 3018 4710 3253 4766; x_wconf 71' lang='lat' dir='ltr'><strong>effodere</strong></span> <span class='ocrx_word' id='word_1_870' title='bbox 3274 4721 3328 4766; x_wconf 89' lang='lat' dir='ltr'><strong>et</strong></span> <span class='ocrx_word' id='word_1_871' title='bbox 3358 4713 3409 4767; x_wconf 91' lang='lat' dir='ltr'><strong>in</strong></span> <span class='ocrx_word' id='word_1_872' title='bbox 3440 4713 3689 4771; x_wconf 90' lang='lat' dir='ltr'><strong>medium</strong></span> 
     </span>
    </p>
   </div>
   <div class='ocr_carea' id='block_1_108' title="bbox 2088 4806 3689 4877">
    <p class='ocr_par' dir='ltr' id='par_1_108' title="bbox 2088 4806 3689 4877">
     <span class='ocr_line' id='line_1_108' title="bbox 2088 4806 3689 4877; baseline 0.002 -18"><span class='ocrx_word' id='word_1_873' title='bbox 2088 4806 2334 4877; x_wconf 86' lang='lat' dir='ltr'><strong>proferre</strong></span> <span class='ocrx_word' id='word_1_874' title='bbox 2370 4822 2532 4875; x_wconf 79' lang='lat' dir='ltr'><strong>opera</strong></span> <span class='ocrx_word' id='word_1_875' title='bbox 2566 4807 2924 4877; x_wconf 80' lang='lat' dir='ltr'><strong>singulorum,</strong></span> <span class='ocrx_word' id='word_1_876' title='bbox 2976 4815 3032 4863; x_wconf 87' lang='lat' dir='ltr'><strong>et</strong></span> <span class='ocrx_word' id='word_1_877' title='bbox 3078 4815 3417 4862; x_wconf 84' lang='lat' dir='ltr'><strong>contrectare</strong></span> <span class='ocrx_word' id='word_1_878' title='bbox 3457 4809 3689 4865; x_wconf 78' lang='lat' dir='ltr'><strong>univer-</strong></span> 
     </span>
    </p>
   </div>
   <div class='ocr_carea' id='block_1_109' title="bbox 2085 4900 3686 4970">
    <p class='ocr_par' dir='ltr' id='par_1_109' title="bbox 2085 4900 3686 4970">
     <span class='ocr_line' id='line_1_109' title="bbox 2085 4900 3686 4970; baseline 0.003 -17"><span class='ocrx_word' id='word_1_879' title='bbox 2085 4912 2199 4953; x_wconf 89' lang='lat' dir='ltr'><strong>sam</strong></span> <span class='ocrx_word' id='word_1_880' title='bbox 2251 4908 2447 4953; x_wconf 87' lang='lat' dir='ltr'><strong>terram</strong></span> <span class='ocrx_word' id='word_1_881' title='bbox 2490 4900 2541 4953; x_wconf 89' lang='lat' dir='ltr'><strong>in</strong></span> <span class='ocrx_word' id='word_1_882' title='bbox 2586 4900 2673 4954; x_wconf 87' lang='lat' dir='ltr'><strong>die</strong></span> <span class='ocrx_word' id='word_1_883' title='bbox 2700 4900 2889 4970; x_wconf 91' lang='lat' dir='ltr'><strong>judicii</strong></span> <span class='ocrx_word' id='word_1_884' title='bbox 2942 4921 2951 4952; x_wconf 91' lang='lat'>:</span> <span class='ocrx_word' id='word_1_885' title='bbox 2996 4900 3148 4963; x_wconf 88' lang='lat' dir='ltr'><strong>hanc</strong></span> <span class='ocrx_word' id='word_1_886' title='bbox 3192 4902 3339 4956; x_wconf 84' lang='lat' dir='ltr'><strong>enim</strong></span> <span class='ocrx_word' id='word_1_887' title='bbox 3387 4917 3506 4957; x_wconf 76' lang='lat' dir='ltr'><strong>esse</strong></span> <span class='ocrx_word' id='word_1_888' title='bbox 3535 4903 3686 4958; x_wconf 87' lang='lat' dir='ltr'><strong>diem</strong></span> 
     </span>
    </p>
   </div>
   <div class='ocr_carea' id='block_1_110' title="bbox 2086 4991 3689 5062">
    <p class='ocr_par' dir='ltr' id='par_1_110' title="bbox 2086 4991 3689 5062">
     <span class='ocr_line' id='line_1_110' title="bbox 2086 4991 3689 5062; baseline 0.002 -18"><span class='ocrx_word' id='word_1_889' title='bbox 2086 5005 2270 5056; x_wconf 87' lang='lat' dir='ltr'><strong>unam,</strong></span> <span class='ocrx_word' id='word_1_890' title='bbox 2302 4999 2358 5044; x_wconf 92' lang='lat' dir='ltr'><strong>et</strong></span> <span class='ocrx_word' id='word_1_891' title='bbox 2399 4993 2450 5045; x_wconf 92' lang='lat' dir='ltr'><strong>in</strong></span> <span class='ocrx_word' id='word_1_892' title='bbox 2490 4991 2577 5045; x_wconf 91' lang='lat' dir='ltr'><strong>die</strong></span> <span class='ocrx_word' id='word_1_893' title='bbox 2610 4991 2699 5045; x_wconf 90' lang='lat' dir='ltr'><strong>illa</strong></span> <span class='ocrx_word' id='word_1_894' title='bbox 2729 5007 3173 5062; x_wconf 87' lang='lat' dir='ltr'><strong>unumquemque</strong></span> <span class='ocrx_word' id='word_1_895' title='bbox 3204 5002 3548 5055; x_wconf 88' lang='lat' dir='ltr'><strong>sanctorum,</strong></span> <span class='ocrx_word' id='word_1_896' title='bbox 3595 5010 3689 5048; x_wconf 80' lang='lat' dir='ltr'><strong>so-</strong></span> 
     </span>
    </p>
   </div>
   <div class='ocr_carea' id='block_1_111' title="bbox 2082 5083 3688 5152">
    <p class='ocr_par' dir='ltr' id='par_1_111' title="bbox 2082 5083 3688 5152">
     <span class='ocr_line' id='line_1_111' title="bbox 2082 5083 3688 5152; baseline 0.002 -15"><span class='ocrx_word' id='word_1_897' title='bbox 2082 5083 2196 5137; x_wconf 88' lang='lat' dir='ltr'><strong>cios</strong></span> <span class='ocrx_word' id='word_1_898' title='bbox 2225 5097 2353 5137; x_wconf 90' lang='lat' dir='ltr'><strong>suos</strong></span> <span class='ocrx_word' id='word_1_899' title='bbox 2396 5091 2451 5136; x_wconf 90' lang='lat' dir='ltr'><strong>et</strong></span> <span class='ocrx_word' id='word_1_900' title='bbox 2494 5084 2718 5147; x_wconf 88' lang='lat' dir='ltr'><strong>amicos,</strong></span> <span class='ocrx_word' id='word_1_901' title='bbox 2754 5083 2843 5152; x_wconf 91' lang='lat' dir='ltr'><strong>qui</strong></span> <span class='ocrx_word' id='word_1_902' title='bbox 2874 5095 2927 5138; x_wconf 88' lang='lat' dir='ltr'><strong>et</strong></span> <span class='ocrx_word' id='word_1_903' title='bbox 2958 5084 3057 5152; x_wconf 85' lang='lat' dir='ltr'><strong>ipsi</strong></span> <span class='ocrx_word' id='word_1_904' title='bbox 3084 5092 3210 5138; x_wconf 92' lang='lat' dir='ltr'><strong>sunt</strong></span> <span class='ocrx_word' id='word_1_905' title='bbox 3255 5084 3452 5149; x_wconf 88' lang='lat' dir='ltr'><strong>sancti,</strong></span> <span class='ocrx_word' id='word_1_906' title='bbox 3484 5099 3688 5141; x_wconf 86' lang='lat' dir='ltr'><strong>vocare</strong></span> 
     </span>
    </p>
   </div>
   <div class='ocr_carea' id='block_1_112' title="bbox 2082 5176 3550 5248">
    <p class='ocr_par' dir='ltr' id='par_1_112' title="bbox 2082 5176 3550 5248">
     <span class='ocr_line' id='line_1_112' title="bbox 2082 5176 3550 5248; baseline 0.001 -17"><span class='ocrx_word' id='word_1_907' title='bbox 2082 5177 2149 5231; x_wconf 87' lang='lat' dir='ltr'><strong>ad</strong></span> <span class='ocrx_word' id='word_1_908' title='bbox 2177 5178 2442 5246; x_wconf 87' lang='lat' dir='ltr'><strong>requiem,</strong></span> <span class='ocrx_word' id='word_1_909' title='bbox 2474 5184 2530 5231; x_wconf 91' lang='lat' dir='ltr'><strong>et</strong></span> <span class='ocrx_word' id='word_1_910' title='bbox 2557 5192 2781 5245; x_wconf 86' lang='lat' dir='ltr'><strong>Operum</strong></span> <span class='ocrx_word' id='word_1_911' title='bbox 2814 5192 3036 5231; x_wconf 88' lang='lat' dir='ltr'><strong>suorum</strong></span> <span class='ocrx_word' id='word_1_912' title='bbox 3068 5176 3267 5232; x_wconf 87' lang='lat' dir='ltr'><strong>virtute</strong></span> <span class='ocrx_word' id='word_1_913' title='bbox 3293 5176 3550 5248; x_wconf 84' lang='lat' dir='ltr'><strong>gaudere.</strong></span> 
     </span>
    </p>
   </div>
   <div class='ocr_carea' id='block_1_113' title="bbox 2154 5270 3689 5344">
    <p class='ocr_par' dir='ltr' id='par_1_113' title="bbox 2154 5270 3689 5344">
     <span class='ocr_line' id='line_1_113' title="bbox 2154 5270 3689 5344; baseline 0.002 -18"><span class='ocrx_word' id='word_1_914' title='bbox 2154 5270 2310 5341; x_wconf 83' lang='lat' dir='ltr'><strong>(Cap.</strong></span> <span class='ocrx_word' id='word_1_915' title='bbox 2344 5271 2431 5325; x_wconf 87' lang='lat' dir='ltr'><strong>IV.</strong></span> <span class='ocrx_word' id='word_1_916' title='bbox 2466 5302 2525 5311; x_wconf 95' lang='lat'><strong>—</strong></span> <span class='ocrx_word' id='word_1_917' title='bbox 2563 5271 2719 5326; x_wconf 86' lang='lat' dir='ltr'><strong>Vers.</strong></span> <span class='ocrx_word' id='word_1_918' title='bbox 2744 5273 2821 5343; x_wconf 84' lang='grc'><strong>1.)</strong></span> <span class='ocrx_word' id='word_1_919' title='bbox 2856 5270 2922 5325; x_wconf 84' lang='lat' dir='ltr'><strong>Et</strong></span> <span class='ocrx_word' id='word_1_920' title='bbox 2948 5288 3179 5326; x_wconf 77' lang='lat' dir='ltr'><strong>reversus</strong></span> <span class='ocrx_word' id='word_1_921' title='bbox 3204 5281 3276 5325; x_wconf 86' lang='lat' dir='ltr'><strong>est</strong></span> <span class='ocrx_word' id='word_1_922' title='bbox 3304 5272 3525 5344; x_wconf 84' lang='lat' dir='ltr'><strong>angelus</strong></span> <span class='ocrx_word' id='word_1_923' title='bbox 3547 5316 3562 5339; x_wconf 94' lang='lat'><strong>,</strong></span> <span class='ocrx_word' id='word_1_924' title='bbox 3596 5278 3689 5343; x_wconf 85' lang='lat' dir='ltr'><strong>qui</strong></span> 
     </span>
    </p>
   </div>
   <div class='ocr_carea' id='block_1_114' title="bbox 2081 5364 3687 5435">
    <p class='ocr_par' dir='ltr' id='par_1_114' title="bbox 2081 5364 3687 5435">
     <span class='ocr_line' id='line_1_114' title="bbox 2081 5364 3687 5435; baseline 0.002 -19"><span class='ocrx_word' id='word_1_925' title='bbox 2081 5364 2384 5435; x_wconf 78' lang='lat' dir='ltr'><strong>loquebatur</strong></span> <span class='ocrx_word' id='word_1_926' title='bbox 2417 5364 2467 5417; x_wconf 88' lang='lat' dir='ltr'><strong>in</strong></span> <span class='ocrx_word' id='word_1_927' title='bbox 2495 5380 2594 5429; x_wconf 89' lang='lat' dir='ltr'><strong>me,</strong></span> <span class='ocrx_word' id='word_1_928' title='bbox 2615 5373 2661 5419; x_wconf 88' lang='lat' dir='ltr'><strong>et</strong></span> <span class='ocrx_word' id='word_1_929' title='bbox 2684 5364 2949 5418; x_wconf 80' lang='lat' dir='ltr'><strong>suscitavit</strong></span> <span class='ocrx_word' id='word_1_930' title='bbox 2974 5380 3051 5418; x_wconf 85' lang='lat' dir='ltr'><strong>me</strong></span> <span class='ocrx_word' id='word_1_931' title='bbox 3079 5364 3229 5434; x_wconf 90' lang='lat' dir='ltr'><strong>quasi</strong></span> <span class='ocrx_word' id='word_1_932' title='bbox 3260 5364 3428 5417; x_wconf 79' lang='lat' dir='ltr'><strong>rirum</strong></span> <span class='ocrx_word' id='word_1_933' title='bbox 3455 5365 3542 5435; x_wconf 85' lang='lat' dir='ltr'><strong>qui</strong></span> <span class='ocrx_word' id='word_1_934' title='bbox 3565 5382 3687 5421; x_wconf 86' lang='lat' dir='ltr'><strong>sus-</strong></span> 
     </span>
    </p>
   </div>
   <div class='ocr_carea' id='block_1_115' title="bbox 2083 5455 3678 5527">
    <p class='ocr_par' dir='ltr' id='par_1_115' title="bbox 2083 5455 3678 5527">
     <span class='ocr_line' id='line_1_115' title="bbox 2083 5455 3678 5527; baseline -0.001 -16"><span class='ocrx_word' id='word_1_935' title='bbox 2083 5460 2272 5513; x_wconf 85' lang='lat' dir='ltr'><strong>citatur</strong></span> <span class='ocrx_word' id='word_1_936' title='bbox 2301 5460 2364 5511; x_wconf 87' lang='lat' dir='ltr'><strong>de</strong></span> <span class='ocrx_word' id='word_1_937' title='bbox 2389 5474 2569 5527; x_wconf 77' lang='lat' dir='ltr'><strong>somno</strong></span> <span class='ocrx_word' id='word_1_938' title='bbox 2588 5474 2702 5512; x_wconf 90' lang='lat' dir='ltr'><strong>suo.</strong></span> <span class='ocrx_word' id='word_1_939' title='bbox 2736 5456 2881 5512; x_wconf 80' lang='lat' dir='ltr'><strong>LXX</strong></span> <span class='ocrx_word' id='word_1_940' title='bbox 2915 5475 2927 5510; x_wconf 89' lang='lat'><strong>:</strong></span> <span class='ocrx_word' id='word_1_941' title='bbox 2965 5455 3031 5509; x_wconf 87' lang='lat' dir='ltr'><strong>Et</strong></span> <span class='ocrx_word' id='word_1_942' title='bbox 3061 5474 3291 5511; x_wconf 78' lang='lat' dir='ltr'><strong>reversus</strong></span> <span class='ocrx_word' id='word_1_943' title='bbox 3321 5466 3395 5512; x_wconf 86' lang='lat' dir='ltr'><strong>est</strong></span> <span class='ocrx_word' id='word_1_944' title='bbox 3431 5458 3678 5527; x_wconf 80' lang='lat' dir='ltr'><strong>angelus,</strong></span> 
     </span>
    </p>
   </div>
   <div class='ocr_carea' id='block_1_116' title="bbox 2076 5551 3679 5626">
    <p class='ocr_par' dir='ltr' id='par_1_116' title="bbox 2076 5551 3679 5626">
     <span class='ocr_line' id='line_1_116' title="bbox 2076 5551 3679 5626; baseline -0.002 -18"><span class='ocrx_word' id='word_1_945' title='bbox 2076 5554 2168 5626; x_wconf 83' lang='lat' dir='ltr'><strong>qui</strong></span> <span class='ocrx_word' id='word_1_946' title='bbox 2193 5552 2491 5626; x_wconf 86' lang='lat' dir='ltr'><strong>loquebatur</strong></span> <span class='ocrx_word' id='word_1_947' title='bbox 2517 5554 2569 5607; x_wconf 86' lang='lat' dir='ltr'><strong>in</strong></span> <span class='ocrx_word' id='word_1_948' title='bbox 2598 5568 2699 5619; x_wconf 86' lang='lat' dir='ltr'><strong>me,</strong></span> <span class='ocrx_word' id='word_1_949' title='bbox 2750 5562 2798 5607; x_wconf 86' lang='lat' dir='ltr'><strong>et</strong></span> <span class='ocrx_word' id='word_1_950' title='bbox 2843 5553 3107 5607; x_wconf 79' lang='lat' dir='ltr'><strong>suscitavit</strong></span> <span class='ocrx_word' id='word_1_951' title='bbox 3155 5568 3234 5607; x_wconf 81' lang='lat' dir='ltr'><strong>nte</strong></span> <span class='ocrx_word' id='word_1_952' title='bbox 3279 5553 3412 5607; x_wconf 87' lang='lat' dir='ltr'><strong>sicut</strong></span> <span class='ocrx_word' id='word_1_953' title='bbox 3440 5551 3679 5607; x_wconf 80' lang='lat' dir='ltr'><strong>suscitari</strong></span> 
     </span>
    </p>
   </div>
   <div class='ocr_carea' id='block_1_117' title="bbox 2078 5738 3362 5816">
    <p class='ocr_par' dir='ltr' id='par_1_117' title="bbox 2078 5738 3362 5816">
     <span class='ocr_line' id='line_1_117' title="bbox 2078 5738 3362 5816; baseline -0.009 -13"><span class='ocrx_word' id='word_1_954' title='bbox 2078 5760 2201 5803; x_wconf 91' lang='lat' dir='ltr'><strong>cum</strong></span> <span class='ocrx_word' id='word_1_955' title='bbox 2231 5753 2461 5815; x_wconf 88' lang='lat' dir='ltr'><strong>textum,</strong></span> <span class='ocrx_word' id='word_1_956' title='bbox 2503 5744 2858 5816; x_wconf 87' lang='lat' dir='ltr'><strong>verbumque,</strong></span> <span class='ocrx_word' id='word_1_957' title='bbox 2887 5741 2943 5797; x_wconf 90' lang='lat' dir='ltr'><strong>id</strong></span> <span class='ocrx_word' id='word_1_958' title='bbox 2970 5748 3067 5805; x_wconf 86' lang='lat' dir='ltr'><strong>est,</strong></span> <span class='ocrx_word' id='word_1_959' title='bbox 3099 5738 3362 5811; x_wconf 68' lang='lat' dir='ltr'><strong>praeterit.</strong></span> 
     </span>
    </p>
   </div>
  </div>
