4028 6342
298 326 433 383 “4|

1059 322 1714 386 COMMENTARIOlIUM
1759 327 1823 385 IN
1866 322 2271 385 ZACIIARIAM
2312 322 2441 381 LIB.
2482 326 2523 381 l.
2565 325 2717 382 CAP.
2761 321 2851 383 Ν.

3464 326 3603 389 1442

296 440 431 495 solet
456 441 609 495 homo
638 443 702 495 de
726 458 905 496 somno
945 457 1058 497 suo.
1106 442 1225 512 Quo
1255 443 1402 498 enim
1450 443 1684 511 abierat,
1720 453 1780 500 ut
1811 459 1899 501 re-
1926 446 1980 506 Α
2005 458 2139 509 meo,
2172 443 2300 497 dicit
2332 442 2606 498 Dominus.
2652 443 2907 498 Dicamus
2935 441 3101 515 igitur
3128 443 3338 516 singula
3382 462 3606 516 per-cur.

298 544 633 601 verteretur,
693 537 929 591 maxime
981 538 1071 606 qui
1119 538 1447 608 loquebatur
1499 539 1550 593 in
1611 539 1898 609 propheta,

296 636 355 683 et
412 630 616 697 abeque
672 644 739 683 eo
792 629 847 683 in
893 643 1001 700 quo
1056 629 1385 700 loquebatur
1427 644 1551 686 esse
1600 646 1704 686 non
1742 640 1899 701 pote-

296 728 404 775 rat.
437 719 545 775 Sed
574 721 1020 793 quotiescumque
1048 720 1282 777 humana
1303 721 1570 793 fragilitas
1596 737 1708 778 suae
1737 723 1902 777 relin-

296 813 485 882 quitur
508 812 899 879 imbecillitati,
934 814 1027 870 Dei
1062 814 1169 886 [Αἰ.
1200 814 1365 887 Deus]
1397 832 1425 871 a
1456 817 1609 871 nobis
1653 827 1708 872 et
1737 831 1902 888 ange-

298 905 479 963 lorum
535 907 654 979 ejus
701 908 959 964 auxilium
1001 910 1164 981 807
1218 910 1368 967 abire
1411 912 1741 967 credendum
1792 920 1897 968 est.

298 999 445 1069 Ergo
474 1010 531 1055 et
564 1000 829 1071 propheta
851 1012 1076 1071 stupore
1105 1017 1313 1073 magna:
1349 1003 1575 1059 visionis
1616 1005 1896 1072 attonitus,

300 1103 413 1149 tota
447 1103 629 1149 mente
668 1094 936 1164 torpebat,
988 1104 1043 1150 et
1082 1095 1292 1151 clarum
1341 1096 1583 1152 veritatis
1613 1096 1795 1151 lumen
1823 1096 1903 1150 vi-

299 1186 434 1243 dere
460 1202 568 1242 non
600 1196 815 1258 poterat
848 1207 861 1243 :
892 1187 1033 1243 unde
1061 1205 1091 1244 a
1120 1188 1334 1245 visione
1366 1188 1641 1261 praeterita
1670 1190 1904 1245 suscita-

301 1290 391 1337 tur
417 1282 484 1337 ad
511 1282 671 1337 aliam
704 1281 968 1338 visionem
995 1284 1146 1353 quasi
1175 1281 1245 1338 de
1271 1298 1464 1339 somno
1504 1283 1768 1354 evigilans
1794 1328 1809 1352 ,
1845 1292 1903 1339 ut

297 1375 483 1431 videat
508 1376 651 1447 quod
678 1377 883 1431 clausis
912 1377 1085 1432 oculis
1131 1391 1237 1433 non
1277 1376 1516 1433 videbat.
1564 1378 1813 1432 Dicamus
1848 1387 1903 1433 et

298 1467 478 1524 aliter.
529 1468 880 1525 Proverbium
928 1469 1235 1527 Salomonis
1280 1471 1653 1527 testimonium
1680 1480 1762 1527 cst
1792 1489 1804 1525 :
1840 1472 1903 1527 Si

297 1562 518 1632 sederis,
548 1562 735 1633 absque
763 1565 943 1620 timore
968 1566 1071 1620 eris
1094 1581 1111 1620 :
1138 1566 1183 1619 si
1212 1574 1385 1619 autem
1408 1565 1703 1633 dormieris,
1734 1565 1902 1619 dulci-

298 1663 378 1708 ter
408 1655 654 1722 dormies,
686 1664 733 1710 et
778 1673 879 1711 non
921 1657 1120 1712 timebis
1162 1667 1409 1712 terrorem
1458 1659 1903 1729 supervenientem

297 1746 413 1813 tibi,
462 1764 556 1802 nec
600 1748 819 1820 impetus
844 1750 1123 1821 impiorum
1152 1751 1448 1822 ingruentes
1475 1756 1494 1822 (
1524 1750 1682 1806 Prov.
1722 1768 1801 1820 tn,
1831 1752 1902 1807 2'5

2004 544 2207 601 rentes,
2241 534 2469 604 primum
2501 534 2624 604 quid
2656 535 2907 591 videatur
2932 534 3197 604 Hebraeis,
3250 553 3278 590 a
3310 538 3507 609 quibus
3546 538 3602 595 itt

2003 628 2175 684 veteri
2205 628 2554 685 Testamento
2591 629 2790 685 eruditi
2835 644 3021 685 sumus
3055 648 3068 683 :
3119 629 3317 688 deinde
3354 649 3452 702 per
3502 633 3602 690 hos

2003 721 2157 792 quasi
2186 722 2385 792 gradus
2420 720 2488 776 ad
2518 720 2777 778 Ecclesia:
2806 721 3040 778 culmina
3072 721 3183 795 [ΑΙ.
3213 723 3422 796 limina]
3468 740 3601 781 con-

2004 814 2350 870 scendamus.
2394 813 2794 871 Candelabrum
2827 830 3053 871 aureum
3081 816 3341 885 solidum,
3372 816 3602 890 Legem,

2005 906 2057 963 id
2082 917 2188 972 est,
2217 909 2364 979 νόμον
2406 906 2855 978 interpretantur.
2908 908 3236 979 Lampadem
3280 918 3459 965 autem
3489 952 3504 977 ,
3550 909 3606 967 id

2003 1009 2088 1056 est
2130 999 2399 1054 ﬂammam
2433 1000 2486 1055 in
2513 1002 2718 1056 vertice
2766 999 3080 1058 candelabri
3122 1000 3393 1057 lucentem
3442 1010 3607 1073 atque

2005 1090 2320 1163 fulgentem,
2355 1091 2653 1158 Christum,
2682 1094 2773 1163 qui
2804 1103 2964 1163 caput
2986 1092 3144 1163 Legis
3173 1093 3266 1163 sit,
3300 1104 3353 1151 et
3384 1109 3604 1151 omnem

2004 1186 2263 1241 mundum
2288 1186 2578 1243 illuminet.
2617 1187 2841 1259 Septem
2874 1187 3127 1245 lucernas
3156 1205 3324 1260 super
3352 1189 3607 1246 candela-

2005 1278 2191 1348 brum,
2224 1290 2431 1352 septem
2461 1281 2663 1353 gratias
2686 1281 2919 1351 Spiritus
2945 1282 3146 1350 sancti,
3194 1283 3263 1338 de
3293 1283 3488 1353 quibus
3514 1299 3609 1340 su-

2004 1388 2102 1443 pra
2135 1372 2389 1441 diximus,
2426 1373 2569 1442 quod
2603 1376 2653 1428 in
2708 1374 2888 1444 lapide
2918 1390 3029 1430 uno
3058 1386 3267 1448 septem
3300 1376 3441 1431 oculi
3471 1377 3600 1433 sint.

2003 1462 2149 1518 Nulli
2180 1465 2323 1519 enim
2352 1464 2572 1521 dubium
2593 1466 2720 1537 quin
2740 1465 2875 1534 Lex,
2899 1466 3105 1538 Spiritu
3131 1478 3319 1524 sancto
3346 1467 3610 1536 dictante,

2004 1560 2309 1629 conscripta
2336 1560 2426 1615 sit.
2476 1560 2696 1630 Septem
2746 1570 2926 1617 autem
2982 1561 3249 1618 inlusoria
3304 1563 3358 1619 in
3413 1564 3611 1634 quibus

2005 1654 2187 1709 oleum
2215 1653 2306 1720 sit,
2337 1654 2484 1724 quod
2513 1654 2832 1710 mittaturin
2851 1657 3124 1723 lucernas,
3146 1673 3270 1728 quae
3296 1672 3462 1727 super
3482 1673 3612 1714 can-

2006 1746 2236 1803 delabro
2266 1746 2503 1816 luceant,
2548 1748 2651 1804 hoc
2700 1748 2925 1819 intelligi
2970 1750 3177 1815 volunt,
3224 1760 3433 1820 septem
3474 1750 3610 1807 istas

297 1850 348 1894 et
373 1840 565 1911 seqq).
596 1840 701 1909 Qui
734 1842 835 1897 hoc
876 1857 1069 1898 somno
1096 1843 1405 1913 dormieris,
1455 1854 1511 1900 et
1553 1844 1785 1900 audierit
1822 1845 1905 1900 di-
1934 1843 1980 1904 Β
2008 1839 2210 1910 gratias
2240 1840 2308 1895 de
2336 1840 2477 1896 ccelo
2516 1840 2584 1895 ad
2619 1840 2866 1897 homines
2905 1857 3001 1913 per
3026 1842 3223 1914 Legem
3248 1842 3609 1900 descendere.

296 1943 449 1990 ctum
479 1932 548 1990 de
576 1949 637 1990 se
664 1936 808 2007 quod
840 1937 1101 2007 scriptum
1151 1937 1222 1995 de
1266 1938 1471 1994 Lazaro
1518 1941 1746 2011 legimus
1784 1960 1794 1993 :
1841 1941 1903 1997 Si

299 2027 517 2096 dormit,
549 2030 722 2084 salvus
752 2032 850 2085 erit
872 2030 1056 2103 (Joan.
1084 2048 1160 2098 ιι,
1185 2032 1301 2103 12),
1322 2035 1521 2104 poterit
1541 2047 1764 2092 cantare
1778 2049 1902 2091 eum

298 2135 503 2189 sponsa
538 2140 550 2175 :
580 2120 696 2194 Ego
716 2122 941 2191 dormio,
974 2134 1020 2178 et
1049 2142 1136 2180 cor
1154 2142 1321 2181 meum
1342 2126 1523 2198 vigilat
1551 2127 1799 2197 (Cant.v,
1822 2127 1901 2200 ‘2).

302 2215 599 2273 Videamus
626 2233 756 2289 ergo
787 2220 854 2275 ad
879 2235 999 2291 quae
1029 2221 1447 2293 contemplanda
1479 2223 1632 2294 quasi
1664 2223 1730 2279 de
1759 2238 1904 2280 som-

300 2324 378 2367 no
406 2311 672 2382 propheta
692 2323 1006 2385 consurgat.

378 2403 563 2475 (Vers.
594 2404 630 2458 2
652 2407 835 2478 seqq.)
884 2405 953 2460 Et
987 2408 1120 2461 dixit
1148 2409 1216 2461 ad
1246 2425 1346 2477 me,
1379 2409 1503 2480 quid
1534 2421 1589 2463 tu
1618 2409 1809 2465 vides?
1856 2421 1905 2466 et

302 2495 464 2550 dixi:
515 2495 657 2563 Vidi,
698 2508 745 2552 et
784 2514 897 2553 ecce
942 2500 1311 2554 candelabrum
1358 2517 1573 2556 aureum
1616 2511 1800 2571 totunt,
1857 2512 1905 2558 et

302 2592 505 2662 tenipas
529 2594 643 2665 ejus
667 2609 824 2663 super
861 2605 1016 2664 caput
1052 2596 1214 2666 ipsius
1258 2612 1278 2650 :
1326 2608 1376 2652 et
1431 2606 1626 2664 septem
1679 2599 1905 2653 lucerna:

302 2687 415 2756 ejus
444 2701 599 2753 super
627 2683 762 2739 illud
792 2701 812 2739 :
849 2696 1041 2757 septem
1066 2696 1112 2742 et
1138 2697 1330 2757 septem
1359 2689 1615 2760 infusoria
1656 2690 1903 2757 lucernis,

302 2792 421 2848 qua:
442 2787 587 2832 erant
606 2794 761 2851 super
789 2788 941 2851 caput
981 2782 1115 2851 ejus.
1149 2779 1219 2834 Et
1246 2782 1365 2836 dum
1387 2782 1534 2838 oliva:
1563 2799 1715 2855 super
1743 2784 1900 2854 illud,

304 2886 414 2926 una
441 2889 473 2926 a
502 2873 694 2929 dextris
725 2875 1002 2945 lampadis,
1025 2886 1070 2930 et
1102 2892 1208 2931 una
1232 2894 1264 2930 a
1291 2878 1516 2932 sinistris
1546 2880 1680 2948 ejus.
1729 2878 1794 2933 Et
1822 2896 1906 2934 re-

303 2966 515 3035 spondi,
548 2975 595 3020 et
629 2966 713 3020 aio
750 2967 820 3019 ad
858 2967 1120 3037 angelum,
1151 2969 1241 3039 qui
1268 2968 1572 3037 loquebatur
1611 2970 1664 3023 in
1690 2986 1793 3037 me,
1825 2971 1906 3023 di-

305 3074 466 3114 cens:
504 3058 642 3125 Quid
661 3069 779 3114 sunt
809 3061 950 3127 lucc,
979 3060 1188 3115 domine
1205 3061 1275 3114 nti
1298 3060 1323 3114 ξ)
1350 3059 1419 3115 Ει
1450 3062 1717 3133 respondit
1748 3079 1908 3134 auge-

307 3152 389 3207 lus
418 3154 505 3222 qui
546 3152 849 3222 loquebatur
876 3154 932 3207 in
968 3169 1069 3221 me,
1103 3161 1149 3208 et
1177 3152 1309 3208 dixit
1356 3153 1425 3206 ad
1459 3170 1537 3207 me
1569 3169 1587 3207 :
1637 3153 1906 3224 Numquid

2009 1931 2156 1987 Duas
2182 1941 2364 1988 autem
2393 1933 2568 1988 olivas
2594 1949 2761 2005 super
2787 1934 3173 1991 candelabrum
3218 1951 3250 1991 a
3291 1948 3445 2009 parte
3474 1938 3610 1995 dex-

2008 2033 2121 2080 tera
2150 2033 2205 2080 et
2234 2024 2477 2095 sinistra,
2512 2026 2651 2082 inter
2682 2043 2817 2097 quas
2845 2027 3022 2113 media
3046 2028 3258 2101 lampas
3281 2029 3480 2098 luceat,
3506 2030 3611 2088 Lc-

2006 2132 2127 2189 gem
2161 2118 2537 2189 etProphetas
2564 2120 3012 2192 interpretantur.
3062 2122 3305 2194 Cumque
3331 2127 3605 2197 propheta

2007 2220 2287 2267 narrasset
2342 2213 2611 2269 visionem
2656 2229 2845 2281 suam,
2887 2216 3139 2273 nesciens
3190 2218 3316 2289 quid
3371 2218 3605 2287 videret,

2008 2304 2309 2377 interrogat
2335 2308 2588 2379 angelum
2617 2309 2927 2380 loquentem
2957 2311 3011 2367 in
3037 2326 3097 2368 se
3117 2354 3132 2379 ,
3164 2327 3384 2370 sensum
3416 2315 3608 2372 videli-

2006 2407 2094 2455 cet
2122 2415 2151 2453 a
2175 2398 2288 2455 Deo
2318 2400 2698 2457 illuminatum.
2731 2401 2836 2459 Iste
2854 2403 2998 2458 enim
3026 2404 3255 2475 angelus
3284 2417 3474 2463 noster
3494 2415 3601 2478 est,

2007 2492 2097 2563 qui
2116 2492 2409 2563 prudenter
2438 2494 2769 2567 intelligens,
2801 2496 2895 2551 Dei
2926 2496 3088 2553 nobis
3116 2498 3320 2553 indicat
3351 2499 3608 2555 volunta-

2009 2594 2140 2652 tem,
2168 2594 2224 2641 et
2247 2584 2379 2641 dicit
2411 2605 2424 2641 :
2462 2587 2602 2656 Quid
2632 2598 2749 2643 sunt
2776 2588 2918 2658 hinc,
2950 2589 3159 2644 domine
3198 2591 3267 2646 mi
3288 2593 3314 2645 ?
3362 2592 3609 2663 Angelus

2006 2691 2187 2736 autem
2218 2697 2327 2736 non
2358 2681 2614 2752 explanat
2640 2683 2902 2740 visionem
2947 2684 3249 2755 prophetae,
3300 2697 3353 2741 ut
3388 2695 3612 2759 rogatus

2008 2776 2076 2831 ab
2103 2790 2169 2831 eo
2196 2774 2407 2845 luerat;
2441 2776 2537 2833 sed
2559 2778 2986 2850 interrogantem
3018 2796 3234 2837 rursum
3262 2781 3561 2855 interrogat
3592 2802 3605 2840 :

2007 2867 2144 2924 Num
2174 2869 2392 2942 ignoras
2422 2871 2551 2942 quid
2578 2872 2687 2928 sint
2717 2871 2877 2929 haec?
2911 2874 3031 2942 Quo
3076 2876 3464 2947 respondente,
3513 2894 3611 2936 ne-

2007 2963 2127 3017 scio
2160 2982 2172 3017 :
2202 2965 2365 3020 etiam
2393 2966 2510 3034 ipse
2540 2966 2863 3037 respondit;
2897 2966 3012 3022 Hoc
3058 2976 3131 3023 est
3160 2970 3364 3024 verbum
3397 2969 3613 3027 Domini

2010 3057 2076 3111 ad
2104 3055 2395 3111 Zorobabel
2425 3058 2602 3111 dicens
2628 3074 2644 3111 :
2676 3057 2799 3113 Non
2824 3059 2875 3113 in
2906 3061 3155 3128 exercitu,
3195 3078 3285 3115 nec
3315 3064 3366 3116 in
3394 3062 3608 3132 robore,

2010 3149 2099 3203 sed
2126 3150 2177 3202 in
2205 3150 2393 3221 spiritu
2422 3166 2552 3217 meo,
2587 3150 2709 3204 dicit
2734 3150 3011 3207 Dominus.
3048 3152 3240 3209 Sermo
3271 3169 3403 3226 ergo
3429 3154 3613 3210 Domi-

308 3246 475 3300 nescis
505 3244 632 3311 quid
667 3256 787 3301 sunt
828 3246 937 3302 luet:
958 3248 983 3302 ?
1006 3256 1053 3301 et
1084 3247 1196 3302 dixi
1228 3264 1245 3301 :
1292 3264 1425 3315 non,
1456 3249 1661 3302 domine
1693 3250 1783 3302 mi.
1832 3247 1902 3302 Et
1931 3239 1976 3303 C
2010 3244 2062 3297 ni
2089 3242 2154 3297 ad
2184 3242 2504 3309 Zorobahel,
2535 3244 2625 3314 qui
2650 3243 2863 3299 locutus
2894 3254 2979 3300 est
3006 3259 3113 3300 non
3140 3246 3193 3300 in
3218 3246 3485 3316 exercitu,
3512 3262 3613 3303 ne-

306 3338 599 3408 respondit,
629 3348 678 3393 et
703 3340 777 3393 ait
807 3340 876 3394 ad
905 3356 1004 3407 me,
1033 3341 1206 3395 dicens
1236 3357 1252 3395 :
1286 3339 1404 3396 Hoc
1428 3351 1501 3397 est
1548 3342 1754 3395 verbum
1792 3340 1905 3396 Do-

308 3433 435 3485 mini
475 3431 544 3485 ad
583 3430 887 3500 Zorobabel,
932 3434 1155 3489 dicens:
1187 3433 1309 3488 Non
1354 3435 1405 3488 in
1446 3435 1696 3503 exercitu,
1727 3450 1817 3489 nec
1850 3435 1906 3489 in

308 3525 524 3591 robore;
546 3525 639 3580 sed
668 3527 722 3581 in
748 3527 937 3597 spiritu
965 3544 1097 3594 meo,
1124 3528 1245 3581 dicit
1274 3525 1531 3584 Dominus
1557 3530 1903 3584 exercituum:

314 3618 442 3685 Quis
491 3627 568 3683 tu,
619 3634 762 3672 mons
802 3636 1003 3691 magne,
1035 3635 1208 3674 coram
1237 3618 1525 3675 Zorobabel
1566 3622 1619 3675 in
1649 3622 1907 3692 planum?

313 3722 360 3765 et
402 3713 578 3767 educet
623 3711 856 3782 lapidem
894 3714 1223 3785 primarium,
1271 3724 1318 3769 et
1362 3716 1647 3786 extrquabit
1685 3716 1906 3785 gratiam

312 3809 495 3877 gratia:
515 3810 647 3878 ejus.
680 3806 823 3863 LXX
847 3826 859 3862 :
888 3807 958 3863 Et
985 3809 1116 3864 dixit
1140 3810 1208 3863 ad
1236 3826 1339 3877 me,
1382 3811 1508 3880 quid
1537 3819 1592 3864 tu
1621 3811 1758 3865 vides
1779 3811 1806 3864 Ρ
1838 3810 1908 3865 Et

312 3900 423 3954 dixi
470 3917 485 3952 :
542 3900 683 3968 Vidi,
724 3913 770 3956 et
818 3918 933 3957 ecce
984 3902 1350 3956 candelabrum
1390 3919 1603 3957 aureum
1646 3913 1826 3970 totum,
1861 3911 1909 3958 et

315 3993 515 4064 lampas
563 4004 587 4030 ιι
619 4011 773 4064 super
797 4010 943 4061 eum;
993 4006 1040 4048 et
1070 4006 1259 4067 septem
1289 3996 1524 4050 lucernas
1555 4012 1710 4068 super
1750 3997 1905 4066 illud,

314 4097 361 4141 et
387 4096 577 4157 septem
603 4087 859 4158 infusoria
884 4087 1233 4157 lucernarum,
1263 4105 1378 4161 qua:
1404 4099 1551 4145 erant
1575 4108 1729 4163 super
1752 4091 1904 4148 illud.

314 4177 385 4234 Et
408 4196 520 4235 ecce
539 4180 657 4236 duce
683 4182 827 4237 olirte
852 4198 1007 4254 super
1031 4183 1183 4248 illud,
1210 4199 1315 4236 una
1345 4200 1375 4238 a
1400 4184 1595 4240 dextris
1622 4183 1907 4255 lampadis,

316 4288 368 4333 et
412 4295 516 4332 una
541 4296 571 4331 a
600 4279 822 4333 sinistris
851 4296 869 4333 :
896 4289 944 4333 et
970 4280 1303 4355 interrogavi,
1335 4288 1382 4335 et
1418 4282 1530 4337 dixi
1570 4282 1639 4337 ad
1669 4284 1913 4357 angelum

315 4372 404 4443 qui
434 4372 736 4443 loquebatur
764 4374 817 4427 in
845 4389 946 4442 me,
976 4374 1152 4429 dicens
1181 4390 1199 4428 :
1250 4374 1387 4441 Quid
1414 4384 1534 4430 sunt
1560 4377 1690 4443 hac,
1725 4374 1914 4430 Domi-

319 4485 385 4525 ne
406 4471 429 4524 ?
452 4468 866 4539 respoudensque
882 4468 1097 4540 angelus
1119 4469 1207 4538 qui
1236 4468 1537 4540 loquebatur
1560 4471 1615 4524 in
1641 4486 1745 4535 me,
1779 4470 1914 4526 dixit

317 4564 388 4618 ad
407 4579 489 4619 me
516 4578 536 4619 :
564 4562 686 4618 Non
718 4564 981 4635 cognoscis
1009 4562 1132 4633 quid
1156 4571 1277 4617 sunt
1303 4562 1457 4619 litvo?
1486 4563 1551 4617 Et
1580 4562 1690 4618 dixi
1714 4580 1731 4617 :
1765 4563 1911 4634 Non,

2006 3353 2114 3408 que
2145 3338 2197 3392 in
2226 3337 2458 3404 robore;
2490 3338 2585 3394 sed
2617 3339 2669 3393 in
2700 3340 2896 3409 Spiritu
2924 3356 3067 3406 inec),
3088 3339 3207 3412 ipse
3234 3350 3320 3399 est
3344 3344 3613 3413 interpre-

2010 3432 2142 3486 tatio
2172 3431 2400 3487 visionis
2438 3449 2450 3484 :
2483 3448 2591 3487 non
2614 3432 2951 3499 inexercitn,
2985 3449 3162 3506 neque
3190 3434 3241 3489 in
3266 3434 3613 3494 multitudine

2008 3524 2363 3591 bellatorum;
2393 3526 2488 3581 sed
2517 3527 2569 3581 in
2599 3526 2793 3598 spiritu
2826 3526 2918 3581 Dei
2945 3527 3225 3583 reductum
3252 3528 3536 3600 populum,
3560 3539 3615 3588 et

2009 3619 2227 3689 plenius
2258 3618 2655 3689 reducendum,
2685 3628 2740 3677 et
2769 3621 3115 3678 adversarios
3143 3637 3264 3679 esse
3295 3625 3606 3682 vasmndos.

2007 3713 2175 3784 809
2198 3712 2460 3783 Quodque
2479 3714 2756 3785 sequitur:
2781 3714 2907 3780 Quis
2934 3728 3011 3783 tu,
3040 3732 3183 3770 mons
3204 3733 3408 3788 magne,
3434 3733 3613 3774 coram

2009 3803 2295 3860 Zorobabel
2322 3807 2374 3859 in
2401 3806 2648 3876 planum;
2669 3807 2735 3862 ad
2758 3807 3032 3862 diabolum
3052 3807 3254 3864 dictum
3279 3808 3611 3881 intelligunt,

2011 3900 2105 3972 qui
2152 3901 2325 3957 stabat
2374 3915 2405 3955 a
2452 3900 2661 3957 dextris
2688 3900 2837 3970 lesu,
2870 3911 2928 3958 ut
2958 3902 3337 3961 adversaretur
3366 3905 3440 3974 ei,
3473 3914 3526 3962 et
3558 3922 3622 3963 se

2013 3993 2262 4050 elevabat
2291 4002 2481 4050 contra
2505 3992 2804 4050 Zorobabel
2834 4006 2886 4051 et
2920 3995 3177 4067 populum
3200 3996 3536 4055 indecorum.
3556 3999 3615 4056 In

2014 4088 2235 4159 planum
2261 4096 2440 4144 autem
2472 4102 2664 4144 versus
2693 4097 2748 4144 et
2767 4086 3081 4145 humiliatus
3108 4099 3222 4148 est:
3254 4102 3310 4147 et
3332 4091 3434 4148 sub
3462 4092 3615 4164 pedi-

2017 4182 2116 4237 bus
2152 4183 2297 4252 jacet
2320 4181 2509 4249 lsrael,
2543 4183 2668 4254 quia
2698 4182 2895 4239 educet
2933 4182 3077 4241 Deus
3120 4184 3354 4258 lapidem
3409 4187 3617 4257 prima-

2017 4276 2181 4345 rium,
2207 4275 2481 4333 Christum
2510 4276 2707 4334 Filium
2733 4294 2890 4334 suum
2916 4278 3011 4351 qui
3038 4293 3253 4351 semper
3283 4282 3486 4337 auxilio
3516 4281 3622 4339 luit

2018 4370 2219 4441 populo
2249 4370 2432 4427 Israel.
2468 4368 2537 4425 Et
2559 4370 2731 4442 gratia
2759 4371 2899 4440 ejus,
2928 4369 2980 4426 id
3030 4380 3138 4437 est,
3185 4370 3381 4442 lapidis
3426 4372 3482 4429 iu
3521 4389 3619 4430 eos

2016 4476 2153 4533 quos
2175 4461 2386 4517 reduxit
2407 4461 2477 4517 de
2500 4462 2843 4533 captivitate,
2872 4460 3179 4532 exaequabit
3195 4463 3425 4533 gratiam
3452 4480 3615 4536 quam

2020 4553 2074 4608 in
2108 4562 2288 4623 patres
2313 4569 2499 4610 eorum
2529 4567 2749 4625 semper
2776 4554 3051 4611 exercuit.
3098 4553 3223 4610 [hec
3250 4556 3319 4611 ab
3370 4557 3618 4617 llebratis

319 4656 548 4711 domine.
606 4654 676 4709 Et
720 4655 982 4728 respondit
1019 4665 1069 4709 et
1117 4655 1189 4709 ait
1230 4655 1297 4708 ad
1328 4671 1405 4709 me
1433 4653 1607 4710 dicens
1632 4670 1649 4709 :
1697 4653 1807 4711 Iste
1840 4665 1913 4711 est
1940 4642 1995 4705 D
2019 4647 2163 4703 dicta
2194 4649 2518 4717 reperimus.
2554 4646 2709 4703 Nunc
2737 4646 2867 4717 quid
2894 4648 2965 4703 ab
2990 4647 3374 4706 ecclesiasticis
3401 4652 3531 4708 viris
3562 4652 3621 4712 in

319 4767 489 4805 sermo
519 4748 725 4803 Domini
749 4749 817 4802 ad
844 4746 1131 4803 Zorobabel
1149 4789 1163 4815 ,
1197 4748 1373 4803 dicens
1402 4764 1419 4802 :
1451 4747 1577 4803 Non
1618 4749 1671 4803 in
1701 4749 1915 4820 fortitu-

322 4843 443 4898 dine
465 4858 672 4913 magna,
696 4858 857 4913 neque
892 4843 945 4895 in
975 4842 1179 4909 robore,
1210 4843 1300 4896 sed
1324 4843 1382 4896 in
1415 4842 1602 4913 spiritu
1629 4858 1761 4910 meo,
1792 4843 1920 4898 dicit

322 4935 576 4993 Dominus
605 4935 930 5005 omnipotens
963 4952 982 4990 :
1030 4935 1159 5002 Quis
1183 4951 1235 4989 es
1265 4944 1343 5003 tu,
1377 4951 1527 4990 mons
1558 4950 1766 5009 magne,
1799 4945 1918 4990 ante

323 5032 509 5101 faciem
552 5029 856 5098 Zorobabel,
899 5038 956 5083 ut
1004 5030 1279 5103 corrigas?
1326 5038 1374 5083 et
1426 5028 1643 5085 educam
1692 5029 1918 5100 lapidem

321 5124 490 5197 808
515 5123 829 5179 hereditatis
858 5139 874 5175 :
902 5122 1246 5194 aequalitatem
1284 5122 1470 5195 gratia:
1517 5122 1735 5193 gratiam
1778 5123 1915 5190 ejus.

323 5218 565 5290 Angelus
600 5218 692 5287 qui
733 5216 1014 5273 suscitavit
1060 5216 1379 5272 Zachariam
1412 5219 1564 5288 quasi
1606 5217 1676 5273 de
1723 5232 1916 5274 somno

323 5310 603 5367 hominem
633 5317 1075 5381 consurgentem,
1124 5310 1421 5381 interrogat
1450 5308 1581 5379 quid
1613 5308 1829 5375 viderit,
1864 5317 1922 5364 ut

324 5405 418 5461 illo
449 5403 835 5475 respondente,
884 5412 939 5458 et
980 5403 1284 5473 ignorante,
1334 5413 1390 5457 et
1436 5402 1750 5457 sciscitante
1791 5401 1921 5473 quid

325 5510 537 5564 cernat,
568 5507 732 5569 atque
760 5500 974 5554 dicente
1004 5516 1016 5552 :
1052 5496 1193 5563 Quid
1235 5506 1356 5552 sunt
1394 5495 1532 5561 hcce,
1564 5496 1770 5551 domine
1801 5496 1870 5550 mi
1897 5496 1924 5551 .9

326 5595 612 5650 audiamus
639 5592 709 5648 ab
737 5608 804 5649 eo
848 5610 863 5648 :
908 5592 1026 5647 Hoc
1055 5602 1130 5647 est
1159 5591 1367 5646 verbum
1395 5589 1609 5645 Domini
1656 5590 1725 5643 ad
1756 5589 1925 5646 Zoro-

329 5692 476 5749 babel
506 5708 524 5745 :
556 5689 681 5746 Non
709 5691 764 5746 in
800 5690 1044 5759 exercitu,
1084 5705 1176 5745 nec
1200 5688 1255 5743 in
1278 5686 1498 5754 robore;
1529 5686 1617 5741 sed
1653 5686 1707 5740 in
1735 5686 1925 5758 spiritu

2022 4739 2439 4796 Commentariis
2459 4738 2717 4810 scriptum
2737 4738 2829 4807 sit,
2846 4739 3203 4799 disseramus.
3222 4741 3621 4801 Candelabrum

2028 4832 2137 4905 (At.
2168 4831 2375 4904 autem)
2394 4847 2617 4890 aureum
2640 4833 2708 4890 de
2728 4848 2860 4890 auro
2882 4834 3175 4907 purissimo
3206 4836 3507 4895 Ecclesiam
3542 4840 3624 4896 in-

2022 4928 2293 4999 telligunt,
2325 4943 2447 4999 quae
2477 4929 2531 4984 in
2564 4929 2861 5002 Scripturis
2886 4932 3090 4988 sanctis
3113 4947 3341 4990 sensum
3379 4949 3443 4990 ac
3470 4950 3624 4991 men-

2023 5032 2131 5079 tem
2156 5021 2325 5093 magis
2342 5037 2502 5094 quam
2520 5021 2683 5080 verba
2702 5024 2984 5095 perquirit.
3008 5023 3164 5093 Quod
3185 5040 3364 5083 autem
3386 5027 3440 5082 in
3460 5042 3624 5085 sensu

2025 5131 2215 5171 aurum
2263 5116 2582 5187 accipiatur,
2624 5118 2924 5189 posteriora
2948 5127 3004 5174 et
3034 5118 3244 5176 humeri
3272 5120 3538 5179 columba:
3565 5124 3621 5179 in

2021 5208 2360 5281 sexagesimo
2407 5209 2639 5280 septimo
2677 5210 2889 5281 psalmo
2911 5209 3233 5266 ostendunt:
3272 5228 3395 5284 qua:
3425 5212 3625 5271 dicun-

2025 5312 2112 5360 tur
2146 5303 2264 5360 auri
2308 5307 2493 5361 virore
2530 5302 2648 5360 sive
2692 5303 2902 5376 fulgore
2930 5302 3165 5361 radiare.
3205 5303 3536 5377 Lampadem
3570 5317 3627 5366 et

2024 5398 2126 5470 ipsi
2166 5398 2438 5455 Christum
2488 5398 2830 5469 intelligunt,
2880 5396 3025 5469 quod
3054 5399 3229 5455 luceat
3273 5398 3329 5456 in
3359 5400 3624 5472 Ecclesia,

2024 5493 2113 5564 qui
2130 5492 2199 5549 de
2219 5494 2399 5565 seipso
2421 5493 2653 5550 dicebat:
2680 5491 2849 5549 Nemo
2870 5495 3135 5550 lucernam
3148 5497 3403 5567 accendit,
3423 5506 3469 5552 et
3485 5498 3631 5568 ponit

2025 5604 2138 5643 eam
2162 5588 2255 5644 sub
2281 5588 2454 5643 modio
2485 5585 2675 5662 (Matt.
2705 5602 2761 5656 v,
2794 5585 2905 5661 15),
2939 5587 3041 5644 hoc
3079 5597 3189 5657 est,
3229 5589 3330 5646 sub
3370 5605 3629 5648 mensura

2027 5683 2218 5756 Legis;
2270 5683 2367 5741 sed
2412 5697 2581 5754 super
2624 5680 3038 5750 candelabrum,
3088 5682 3141 5740 id
3186 5692 3303 5751 est,
3352 5683 3630 5758 Evangelii

404 5865 429 5894 ι
463 5854 737 5911 Victorius
780 5850 1027 5920 corrigit,
1070 5865 1223 5922 super
1264 5845 1422 5919 illud,
1454 5844 1663 5904 scilicet
1694 5843 2079 5902 candelabrum.
2108 5840 2246 5897 Tum
2275 5839 2468 5913 Regio.
2496 5854 2623 5907 ms.,
2646 5848 2696 5896 et
2718 5848 2911 5913 septem
2939 5840 3184 5912 lucernis,
3214 5840 3272 5899 in
3295 5851 3463 5901 recto.
