4050 6342
308 314 444 372 1418

1052 298 1703 378 conuenraato‘nun
1742 296 1809 372 is
1850 296 2258 374 ZACliARlAlii
2297 316 2430 375 LIB.
2469 318 2511 376 ι.
2553 317 2707 377 esp.
2754 316 2842 374 vr.

3462 294 3600 372 ista

304 433 454 484 tium.
501 430 655 487 Sicut
690 433 834 489 enim
874 422 1037 508 812
1077 442 1328 491 stantium
1368 434 1436 491 ab
1479 437 1601 505 igne
1642 424 1748 489 alia
1778 448 1895 487 me-
1921 422 1975 489 Ἀ
2001 432 2119 503 quae
2144 432 2408 489 Hebraice
2425 414 2899 505 sunruoaoriilzll.
2926 431 3289 505 Sinthuroth]
3314 434 3598 507 (ἣτ’-ΝΒ).

304 525 427 579 talia
456 524 721 594 defendit,
766 539 822 584 et
858 544 978 584 cum
1020 529 1091 584 sit
1130 528 1321 585 natura
1354 544 1427 585 tes
1460 529 1773 595 ferrumque
1801 522 1899 580 du-

299 617 611 681 rissimum,
653 619 699 673 si
740 620 945 692 absque
983 630 1177 676 stanno
1218 620 1377 677 fuerit
1408 666 1421 687 ,
1465 622 1641 675 uritur
1681 628 1734 673 ct
1780 632 1899 673 ere-

301 721 503 778 matur;
540 715 618 768 sic
647 714 827 769 omnis
854 715 1166 783 angelorum
1199 718 1252 770 et
1294 714 1573 769 hominum
1618 712 1893 779 fortitudo,

296 805 339 860 si
382 823 485 861 non
529 807 777 862 habuerit
816 792 1075 862 auxilium
1109 792 1440 876 Salvatoris,
1477 806 1743 863 imbecilla
1775 822 1898 876 pro-

299 898 457 951 batur
497 906 551 953 et
594 897 820 969 fragilis.
866 898 1026 969 Lapis
1066 904 1242 956 autem
1284 894 1408 961 iste.
1452 900 1503 954 id
1544 906 1646 965 est,
1692 914 1891 966 massa,

295 990 389 1061 qui
426 991 565 1060 apud
606 992 866 1048 Hebraeos
908 1011 1063 1049 anon.
1094 995 1371 1059 scribitur,
1405 992 1455 1047 id
1488 1000 1591 1061 est,
1625 996 1892 1057 stanneus,

297 1088 680 1160 ἐτυμο).ογεῖται
717 1091 1069 1167 ἀποχωρὶζων
1096 1130 1110 1154 ,
1154 1088 1205 1144 id
1237 1096 1318 1143 est
1350 1074 1618 1159 separaris,
1649 1097 1705 1142 et
1730 1104 1897 1141 secer-

296 1196 440 1246 nens,
474 1192 529 1235 ut
561 1182 835 1248 quomodo
864 1192 1116 1236 stannnm
1144 1183 1309 1237 mixta
1338 1188 1393 1237 et
1422 1180 1721 1235 adulterata
1755 1178 1898 1233 inter

294 1287 353 1326 se
381 1288 479 1342 per
509 1275 684 1344 ignem
719 1275 935 1328 metalla
965 1274 1253 1330 dissociat:
1300 1275 1370 1329 ita
1424 1268 1683 1328 Dominus
1731 1276 1895 1329 Verus

300 1366 558 1433 probator
586 1375 641 1421 et
671 1374 936 1439 χωνευτὴς
974 1369 1041 1424 ab
1071 1382 1205 1422 auro
1256 1376 1311 1422 et
1355 1368 1580 1438 argento
1626 1366 1892 1423 bonorum

293 1473 517 1524 Operam
561 1476 633 1515 tes
675 1463 926 1517 vitiorum
970 1460 1357 1533 plumbumque
1397 1462 1676 1525 secernat,
1711 1458 1766 1515 iit
1798 1477 1896 1532 pu-

292 1566 411 1606 rum
441 1566 630 1606 aurum
661 1566 939 1609 remaneat
970 1562 1024 1609 et
1054 1563 1358 1625 argentum.
1390 1554 1523 1609 Aliis
1553 1555 1738 1610 verbis
1765 1557 1897 1610 ἀπο-

294 1646 535 1717 χωρίζων
576 1645 677 1700 iste
716 1653 769 1700 et
809 1658 1091 1716 separator
1132 1650 1179 1701 in
1241 1647 1535 1717 Evangelia
1591 1634 1889 1702 scribitur:

292 1734 455 1805 Cujus
482 1737 817 1791 ventilabrum
837 1740 891 1792 in
917 1757 1208 1803 manusua,
1241 1751 1285 1793 et
1310 1740 1417 1811 ipse
1446 1722 1685 1811 purgabit
1717 1756 1893 1794 aream

295 1844 479 1894 suam,
522 1839 569 1882 et
607 1830 865 1900 separabit
891 1834 1064 1901 paleas
1088 1849 1118 1884 a
1148 1832 1317 1885 tritico
1351 1831 1514 1903 (Luc.
1550 1848 1626 1898 tn,
1664 1832 1770 1903 i7},
1805 1832 1894 1901 qui

290 1922 491 1975 clamat.
538 1936 633 1992 per
672 1922 1004 1979 Jeremiam:
1052 1925 1193 1992 Quid
1232 1925 1390 1993 paleis
1430 1926 1496 1979 ad
1536 1926 1895 1997 frumentum?

291 2016 415 2069 dicit
455 2015 709 2071 Dominus
750 2017 893 2089 (Jer.
928 2024 1080 2084 nm,
1112 2021 1226 2087 28).
1264 2008 1407 2072 Multi
1440 2008 1751 2074 nostrorum
1781 2022 1891 2073 ma-

292 2127 392 2167 nus
423 2112 744 2181 Zorobabel,
788 2112 879 2182 qui
920 2114 1229 2169 fundaverit
1267 2113 1511 2179 domum,
1543 2126 1594 2167 et
1630 2112 1745 2184 ipse
1772 2114 1894 2183 per-

293 2207 478 2261 fecerit
501 2221 642 2273 eam,
676 2205 951 2262 Christum
986 2209 1433 2278 interpretantur.
1474 2196 1628 2277 Quod
1666 2208 1711 2263 si
1753 2212 1891 2263 reci-

292 2301 503 2370 pimus,
545 2314 805 2369 cogemur
843 2314 1119 2372 exponere
1157 2302 1287 2373 quid
1327 2303 1397 2357 sit
1439 2304 1574 2372 lapis
1633 2311 1893 2356 stanneus

292 2394 345 2449 in
388 2410 548 2449 manu
587 2395 910 2451 Zorobabel.
953 2396 1140 2466 Neque
1178 2396 1323 2451 enim
1354 2396 1404 2451 in
1447 2412 1609 2451 manu
1647 2386 1847 2451 Christi
1876 2436 1891 2460 ,

291 2488 542 2543 Christus
580 2488 720 2542 alius
758 2484 1145 2558 approbandus
1183 2490 1302 2544 est?
1332 2490 1482 2545 Licet
1508 2491 1724 2561 quidam
1761 2492 1895 2561 lapi-

278 2580 414 2634 -dem
463 2588 746 2636 stanneum
805 2596 1004 2651 corpus
1067 2582 1277 2635 Domini
1339 2586 1692 2652 acceperint,
1748 2584 1891 2654 quod

295 2675 456 2727 nullis
496 2683 838 2742 peccatorum
880 2674 1045 2730 fuerit
1084 2676 1311 2730 maculis
1357 2670 1691 2732 sordidatum
1720 2720 1733 2743 ,
1794 2688 1894 2732 nec

293 2769 543 2838 plumbus
575 2778 830 2834 vocetur,
863 2768 959 2824 sed
988 2780 1239 2824 stannum
1271 2772 1649 2839 purissimum;
1673 2771 1893 2841 Septem

296 2864 475 2917 autem
516 2864 704 2918 oculos
730 2905 744 2930 ,
790 2862 879 2931 qui
919 2861 1233 2917 discurrunt
1269 2862 1322 2917 in
1357 2865 1609 2918 Universa
1643 2873 1809 2931 terra,
1840 2872 1897 2919 et

295 2965 487 3011 cuneta
529 2955 847 3023 dijudicanr,
889 2968 1051 3025 supra
1091 2957 1482 3025 exposuimus,
1526 2964 1732 3025 Septem
1775 2971 1897 3011 esse

297 3047 552 3115 spiritus:
595 3056 649 3102 et
686 3048 829 3118 quod
873 3049 1036 3103 Deum
1080 3046 1211 3101 nihd
1256 3049 1454 3111 lateat,
1505 3048 1597 3119 qui
1646 3060 1699 3102 et
1751 3060 1895 3118 prte—

299 3141 581 3193 teritornm
610 3181 623 3203 ,
665 3147 721 3195 et
760 3140 1104 3209 praesentium
1133 3180 1147 3206 ,
1190 3150 1244 3195 et
1293 3138 1595 3195 futurorum
1644 3140 1897 3195 conscius

298 3243 419 3297 est,
461 3240 515 3285 et
554 3231 733 3286 reddit
777 3232 1067 3301 unicuique
1107 3232 1403 3287 secundum
1436 3246 1602 3301 opera
1632 3247 1745 3295 sua,
1784 3242 1895 3288 maé
1923 3198 1975 3271 δ

298 3324 440 3377 xime
468 3339 588 3377 eum
633 3325 683 3377 in
729 3338 957 3394 persona
998 3323 1303 3392 separantis
1345 3324 1515 3380 bonos
1554 3342 1583 3379 a
1625 3325 1802 3392 malis,
1846 3336 1901 3382 et

300 3414 612 3470 eontlatoris
655 3416 957 3471 advenerit.

372 3506 560 3578 (Vers.
595 3509 656 3562 11
691 3509 867 3578 seqq.)
905 3507 968 3562 Et
999 3511 1263 3580 respondi,
1289 3520 1335 3564 et
1358 3511 1468 3565 dixi
1486 3512 1557 3565 ad
1579 3528 1726 3570 eum:
1762 3513 1901 3579 Quid

298 3611 417 3653 sunt
441 3601 555 3655 dum
573 3601 721 3655 olivw
748 3603 861 3656 ista:
884 3603 953 3655 ad
974 3606 1236 3658 dexteram
1264 3605 1580 3673 candelabri,
1608 3618 1654 3660 et
1680 3609 1748 3662 ad
1770 3612 1901 3665 siui—

300 3702 459 3748 stram
480 3699 620 3767 ejus?
639 3696 703 3749 Et
725 3698 965 3767 respondi
983 3701 1223 3765 secundo,
1244 3709 1291 3753 et
1333 3700 1442 3753 diri
1476 3702 1547 3753 ad
1587 3719 1726 3757 eum:
1760 3705 1902 3771 Quid

298 3802 413 3843 sunt
446 3793 561 3844 dua:
590 3792 742 3861 spica:
773 3778 1020 3845 olivarum
1040 3833 1053 3856 ,
1086 3809 1200 3863 qua!
1227 3804 1345 3847 sunt
1375 3797 1533 3865 juxta
1575 3798 1683 3868 [AL
1722 3798 1899 3869 super]

301 3886 403 3935 duo
430 3893 599 3936 rostra
630 3900 809 3949 aurea,
837 3885 891 3937 in
913 3885 1094 3954 quibus
1119 3894 1239 3939 sunt
1268 3885 1549 3954 sulfusoriu
1571 3904 1632 3944 ea:
1654 3880 1813 3945 auro?
1832 3890 1902 3944 Et

299 3974 370 4027 ait
398 3974 466 4027 ad
497 3991 573 4028 me
594 3975 766 4029 dicens
792 3992 808 4030 :
842 3975 1115 4047 Numquid
1144 3980 1308 4032 nescis
1336 3980 1458 4049 quid
1487 3989 1604 4034 sunt
1644 3981 1791 4037 haec?
1830 3982 1903 4037 Et

301 4068 439 4134 dixi,
465 4086 592 4137 non,
621 4071 829 4125 domine
860 4072 947 4124 mi.
982 4069 1050 4124 Et
1078 4072 1239 4127 dixit:
1264 4071 1364 4127 Isti
1391 4084 1508 4128 sunt
1529 4077 1634 4129 duo
1656 4077 1754 4147 lilii
1777 4079 1899 4144 olei,

301 4162 388 4229 qui
436 4162 682 4215 assistunt
733 4160 1060 4217 Dominatori
1108 4164 1360 4221 universa:
1406 4177 1575 4222 terrae.
1618 4167 1799 4223 LXX:
1834 4167 1903 4222 Et

301 4254 561 4325 respondi,
609 4264 655 4308 et
684 4256 793 4309 dixi
819 4257 886 4310 ad
906 4273 1066 4314 eum:
1100 4256 1236 4324 Quid
1263 4271 1381 4313 sunt
1409 4260 1526 4315 duae
1556 4260 1701 4316 olivae
1733 4263 1842 4317 ista:
1871 4281 1905 4317 a

303 4348 497 4400 dextris
520 4349 837 4415 candelabri,
854 4361 902 4404 et
924 4368 955 4403 a
973 4352 1223 4407 sinistris?
1243 4352 1309 4407 Et
1328 4355 1637 4429 interregari
1654 4359 1902 4421 secundo,

304 4446 348 4490 et
374 4438 482 4490 dixi
503 4438 569 4489 ad
589 4454 701 4492 eum
724 4456 741 4497 :
767 4440 906 4503 Quid
935 4453 1052 4495 sunt
1092 4443 1194 4497 duo
1230 4448 1364 4499 rami
1402 4449 1677 4515 olivarum,
1722 4451 1810 4519 qui
1852 4450 1908 4503 in

308 4530 540 4582 manibus
570 4530 733 4601 813
760 4532 985 4586 duarum
1006 4535 1210 4589 narium
1232 4553 1504 4593 aureorum
1528 4550 1647 4594 sunt
1669 4582 1684 4606 ,
1718 4552 1765 4595 et
1790 4554 1910 4613 qua:

307 4622 589 4689 infundunt
620 4634 666 4675 et
707 4624 981 4678 retrahunt
1012 4626 1294 4693 suffusoria
1336 4646 1515 4685 aurea.
1556 4631 1627 4686 Et
1664 4635 1794 4688 dixit
1838 4639 1911 4691 ad

309 4730 389 4767 me
423 4729 441 4766 :
476 4713 657 4769 Nescis
705 4716 831 4786 quid
872 4726 991 4770 sunt
1030 4717 1182 4772 hmo?
1230 4730 1279 4773 et
1315 4722 1428 4775 dixi
1460 4739 1478 4775 :
1522 4723 1906 4798 Nequaquam,

312 4805 535 4860 domine.
589 4805 657 4860 Et
702 4808 774 4861 ait
808 4825 825 4862 :
853 4806 953 4862 Isti
981 4819 1102 4863 sunt
1136 4812 1245 4865 duo
1282 4813 1383 4883 ﬁlii
1413 4816 1742 4886 pittguedinis
1766 4862 1779 4882 ,
1820 4823 1911 4890 qui

309 4902 557 4954 assistunt
592 4902 810 4956 Domino
847 4905 1095 4959 universae
1138 4914 1313 4961 terrai.
1358 4908 1735 4981 Interrogante
1775 4930 1904 4984 pre-

313 4992 471 5060 pheta
505 4993 634 5062 quid
664 4994 1036 5063 significarent
1080 4996 1201 5053 duae
1239 4999 1431 5067 olivae,
1457 5018 1689 5073 quarum
1732 5007 1906 5064 altera

311 5086 490 5142 stabat
520 5087 586 5141 ad
619 5088 865 5144 dextram
890 5091 1204 5147 candelabri
1229 5138 1243 5162 ,
1289 5094 1459 5151 altera
1493 5099 1558 5153 ad
1585 5100 1861 5157 sinistram
1888 5145 1908 5172 ,

312 5179 575 5236 Dominus
621 5185 738 5239 sive
789 5187 1013 5255 angelus
1058 5187 1270 5242 Domini
1322 5192 1493 5246 noluit
1554 5199 1907 5266 respondere.

314 5271 470 5338 Quod
505 5276 769 5345 propheta
805 5278 1143 5349 intelligens,
1174 5284 1414 5338 secundo
1457 5287 1764 5343 sciscitatur
1788 5333 1800 5353 ,
1856 5300 1913 5346 et

315 5366 449 5420 dicit
484 5384 494 5418 :
528 5368 666 5435 Quid
691 5380 818 5425 sunt
842 5370 961 5426 dua:
991 5372 1156 5443 Spicze
1188 5375 1302 5430 ista:
1333 5377 1620 5444 olivarum,
1656 5382 1771 5438 sive
1802 5383 1915 5439 duo

316 5462 491 5515 rami?
533 5463 602 5519 de
646 5466 945 5521 minoribus
984 5469 1350 5539 interrogans,
1403 5477 1659 5544 quoniam
1704 5480 1908 5549 majora

315 5554 504 5610 audire
552 5573 654 5611 non
705 5561 921 5614 meruit.
973 5561 1090 5615 Duo
1142 5575 1321 5617 autem
1377 5567 1461 5641 isti
1493 5572 1626 5625 rami
1672 5583 1797 5627 sunt
1857 5576 1909 5630 in

316 5666 476 5705 manu
509 5652 736 5707 duarum
767 5656 977 5711 narium
1005 5698 1021 5723 ,
1050 5656 1164 5714 sive
1189 5650 1355 5731 super
1381 5661 1489 5719 duo
1510 5678 1687 5721 rostra
1718 5678 1906 5739 aurea,

394 5846 420 5875 ει
458 5835 684 5893 Confer.
716 5839 874 5909 epist.
909 5839 977 5894 57
1006 5841 1071 5896 ad
1105 5841 1419 5902 Pammach.
1456 5848 1607 5904 nhm.
1643 5847 1732 5903 H.

2002 524 2192 582 Grteee
2220 530 2521 605 μυξωτῆρες
2548 528 2911 595 appellantur,
2950 526 3039 596 qui
3070 536 3121 582 et
3155 527 3255 597 ipsi
3288 526 3393 579 duo
3425 529 3597 599 μυξω-

2002 629 2175 691 τῆρες,
2206 636 2372 688 super
2401 616 2535 689 quos
2569 618 2691 675 duae
2718 620 2877 687 spica:
2908 627 3057 687 sunt,
3090 620 3170 673 vel
3197 620 3303 673 dUt)
3339 619 3473 672 rami
3500 617 3602 671 oli-

2002 726 2194 765 varum
2220 711 2287 765 de
2308 727 2442 766 auro
2472 710 2768 782 puris'simo
2791 722 2936 765 sunt.
2956 708 3199 781 Cumque
3222 719 3275 765 et
3298 698 3365 765 de
3387 709 3602 764 duobus

2004 803 2167 857 ramis
2200 802 2465 876 propheta
2506 804 2813 877 Qumreret,
2846 811 2901 861 et
2926 796 3141 860 rursum
3176 805 3603 875 interrogaretur

2002 896 2068 951 ab
2092 897 2308 968 angelo,
2344 898 2655 955 utrninnam
2690 900 2857 954 seiret
2889 900 3013 966 quid
3046 894 3153 953 duo
3176 892 3603 969 ramisigniiica-

2003 988 2154 1055 rent,
2188 997 2242 1044 et
2271 988 2357 1044 ille
2386 990 2611 1047 dixisset
2647 1012 2659 1046 :
2694 1008 2828 1055 non,
2863 984 3085 1046 Domine
3117 1008 3133 1045 :
3182 991 3459 1061 respondit
3500 1008 3597 1045 au-

2000 1083 2155 1151 gelus
2188 1080 2403 1139 Domini
2432 1104 2443 1139 :
2471 1082 2570 1139 Isti
2591 1095 2709 1139 sunt
2741 1078 2842 1140 duo
2874 1084 2976 1156 ﬁlii
3004 1085 3121 1151 olei,
3155 1098 3211 1140 ut
3242 1076 3599 1158 Symmaehtis

2002 1174 2212 1244 voluit;
2263 1175 2380 1232 sive
2425 1187 2450 1215 ει
2484 1179 2907 1246 ζστιλπνὸτηέὸς,
2961 1168 3018 1233 ut
3075 1170 3470 1248 interpretatus
3520 1190 3602 1234 est

2001 1270 2228 1339 Aquila,
2273 1268 2325 1326 id
2366 1283 2447 1325 est
2473 1314 2485 1336 ,
2518 1271 2807 1345 splendoris
2839 1262 2963 1327 :vel
3008 1276 3304 1339 ποὶοτητος,
3337 1272 3441 1327 hoc
3472 1281 3557 1327 est
3582 1314 3597 1340 ,

2000 1364 2329 1435 pinguedinis
2354 1411 2366 1435 ,
2396 1374 2454 1420 ut
2483 1364 2770 1443 verterunt
2800 1358 3155 1436 Septuaginta
3194 1386 3205 1419 :
3248 1376 3336 1420 aut
3366 1366 3601 1440 λαμπρό-

2000 1462 2174 1526 ιὶ-ητος,
2214 1456 2269 1512 id
2303 1458 2407 1523 est,
2440 1450 2717 1525 claritatis,
2746 1454 2803 1515 ut
2834 1450 3141 1515 Theodmio
3174 1462 3446 1515 transtulit
3475 1477 3487 1513 :
3512 1461 3601 1530 qui

1999 1550 2251 1607 assistith
2275 1551 2603 1608 Dominatori
2630 1556 2883 1609 universa:
2905 1566 3072 1609 teme.
3102 1554 3179 1610 De
3208 1544 3417 1609 duabus
3443 1540 3602 1609 olivis

1999 1645 2121 1713 qua:
2154 1644 2307 1700 'er'atit
2330 1644 2395 1699 ad
2424 1642 2703 1701 dexteram
2732 1640 3000 1717 lampadis
3032 1660 3081 1703 et
3113 1634 3408 1710 Sinistrum.
3441 1652 3599 1716 supra

2001 1736 2253 1807 legimus.
2302 1738 2364 1793 Et
2400 1738 2604 1815 ideirco
2638 1758 2779 1796 nunc
2812 1741 3151 1813 interrogans
3180 1746 3343 1813 super
3369 1746 3450 1798 his
3482 1740 3601 1813 pto-

1926 1804 1978 1884 Β
2008 1831 2193 1899 pheta,
2230 1822 2337 1885 non
2363 1824 2605 1888 meretur
2632 1834 2839 1899 audire,
2873 1836 2995 1903 quia
3024 1838 3204 1904 priora
3235 1855 3337 1890 non
3374 1836 3599 1900 retinet,

2002 1922 2121 1978 sive
2144 1924 2290 1993 Quod
2325 1918 2395 1979 ibi
2424 1922 2715 1981 obscu‘rins
2743 1922 2945 1982 dictum
2976 1938 3058 1983 est
3088 1971 3099 1994 ,
3132 1930 3235 1995 hie
3263 1924 3603 1984 manifestius

2000 2014 2189 2073 audire
2220 2002 2522 2086 desiderat,
2546 2012 2638 2075 aut
2664 2014 2814 2077 certe
2843 2008 3062 2077 silentid
3088 2012 3263 2093 angeli
3290 2010 3603 2077 etinfutatttt'

2001 2108 2118 2179 eius
2152 2108 2487 2181 pertinacia,
2535 2108 2678 2183 quod
2730 2116 2932 2185 majora
2973 2130 3033 2171 se
3074 2114 3214 2171 seire
3261 2106 3598 2180 contendat,

2001 2198 2330 2275 quamquam
2380 2206 2588 2261 ilebrazi
2622 2200 2745 2262 ideo
2791 2202 2911 2262 eum
2942 2206 3010 2261 de
3056 2198 3214 2263 olivis
3266 2204 3606 2277 interrogau-

2002 2296 2134 2366 tam,
2171 2298 2299 2353 nihil
2334 2288 2554 2356 audisse
2583 2302 2930 2367 confirment,
2976 2301 3099 2371 quia
3134 2318 3238 2356 non
3269 2292 3406 2356 bene
3432 2300 3605 2356 inter-

2004 2386 2255 2461 iugavit,
2290 2394 2391 2446 nec
2416 2386 2587 2448 tolum
2629 2388 2903 2463 qtiresierit
2953 2388 3095 2464 quod
3134 2386 3279 2449 scire
3319 2390 3604 2450 debuerat.

2004 2480 2253 2553 Denique
2284 2478 2470 2553 postea
2496 2476 2708 2557 plenius
2732 2482 3037 2541 sciseitatur
3060 2476 3291 2552 addens,
3317 2480 3494 2556 Spieas
3518 2474 3605 2541 vel

2001 2574 2187 2631 rai‘nos
2214 2574 2500 2641 olivarum,
2529 2574 2593 2633 de
2623 2572 2818 2647 quibus
2847 2574 3010 2650 supra
3040 2582 3287 2635 tacuerat
3316 2597 3329 2639 :
3364 2578 3436 2634 ibi
3460 2576 3602 2634 enim

2001 2664 2142 2724 dixit
2186 2687 2199 2726 :
2253 2670 2393 2738 Quid
2421 2682 2541 2725 sunt
2569 2671 2690 2727 dum
2725 2668 2875 2727 oliva:
2923 2672 3075 2726 istm?
3125 2670 3215 2726 hic
3254 2662 3557 2741 inlerrngat
3591 2689 3605 2731 ;

2005 2762 2146 2830 Quid
2174 2770 2292 2819 sunt
2332 2766 2449 2820 dua:
2479 2768 2637 2835 spicw
2666 2758 2964 2820 olirarum?
2994 2773 3347 2845 μεταφορικῶς
3378 2765 3516 2837 quod
3552 2763 3604 2820 in

2006 2858 2209 2914 morem"
2235 2854 2505 2929 spicarum
2533 2859 2558 2898 δ
2586 2858 2745 2915 recta:
2773 2854 2880 2915 sint
2910 2858 3156 2923 arbores,
3184 2868 3237 2914 et
3258 2863 3417 2930 quasi
3443 2861 3608 2928 spica:

2002 2948 2225 3019 aristis,
2259 2940 2337 3007 sic
2363 2949 2480 3006 ista}
2512 2948 2657 3007 vallo
2683 2950 2915 3019 quodam
2946 2942 3225 3007 ratud'rum
3260 2954 3419 3021 atque
3447 2946 3610 3007 folio-

2004 3044 2126 3099 runi
2162 3048 2317 3101 tectae
2347 3042 2458 3100 Sint
2480 3038 2535 3101 et
2566 3048 2616 3101 in
2647 3046 2883 3102 sublime
2910 3050 3215 3118 surgentes.
3264 3042 3408 3102 Duas
3439 3042 3611 3103 olivas

2002 3137 2225 3209 quidam
2271 3155 2302 3194 e
2349 3138 2548 3194 nostris
2592 3138 2761 3213 814
2792 3138 2987 3195 Filium
3033 3134 3501 3211 interpretantur,
3557 3148 3612 3195 et

2006 3228 2269 3303 Spiritum
2301 3226 2581 3298 sanctum,
2616 3244 2671 3289 et
2701 3234 2941 3290 mediam
2971 3218 3273 3304 Ianipadem
3311 3224 3477 3287 Deum
3511 3224 3610 3288 Pa-

2008 3330 2169 3385 trem.
2200 3328 2306 3386 Sed
2338 3328 2522 3384 nescio
2552 3324 2830 3402 quomodo
2854 3329 3057 3397 absque
3086 3320 3440 3398 blasphemia,
3476 3327 3613 3383 alte-

2010 3424 2129 3480 rnm'
2160 3424 2187 3479 εἰ
2219 3420 2452 3496 dextris,
2486 3425 2716 3479 alterum
2746 3424 3017 3493 accipiant
3043 3439 3072 3478 a
3107 3422 3365 3478 sinistris.
3413 3416 3613 3478 [latinas

2008 3516 2247 3593 qudqdc,
2280 3521 2395 3577 sive
2427 3523 2606 3590 spicas
2636 3521 2926 3583 olivarum,
2960 3520 3391 3575 incarnationem
3424 3502 3612 3574 Stiiva-

2010 3604 2146 3670 tOris
2190 3616 2249 3670 et
2270 3608 2679 3669 Sitiiilitiidinem
2700 3612 2966 3669 eolumbm
2993 3610 3234 3682 Spiritus
3262 3612 3440 3667 sancti
3467 3613 3613 3667 edis-

2010 3717 2243 3777 serunt,
2301 3708 2430 3779 quia
2482 3700 2619 3762 iotas
2658 3707 2833 3761 olivas
2865 3707 3048 3761 videre
3103 3704 3462 3777 nequeamus,
3513 3706 3609 3761 sed

2014 3804 2222 3871 partem
2254 3790 2544 3871 quamdam
2568 3808 2645 3867 et,
2676 3807 2732 3853 ut
2760 3800 2829 3854 ita
2855 3798 3052 3863 dicunt,
3074 3784 3413 3855 'ramusculns
3433 3801 3614 3879 incar-

2012 3896 2252 3953 nationis
2274 3886 2501 3964 Christi,
2540 3907 2594 3951 et
2620 3886 2947 3965 ostensionis
2987 3884 3224 3965 Spiriitis
3257 3890 3429 3949 sancti
3457 3890 3613 3949 nobis

2012 4005 2136 4047 esse
2168 3992 2521 4046 menstratos.
2556 3974 2662 4043 Adii
2705 3984 2811 4043 duo
2844 3972 3157 4059 inieiligunt
3183 3970 3551 4065 Testanteiitaj,
3585 4002 3613 4039 a

2013 4072 2225 4140 dextris
2255 4078 2612 4154 Evangeliu'm
2633 4124 2647 4148 ,
2681 4097 2709 4135 a
2734 4074 2971 4136 sinistris
3006 4079 3238 4152 Legem,
3283 4096 3347 4135 eo
3388 4078 3527 4152 quod
3560 4078 3615 4134 in

2013 4168 2191 4234 altera
2220 4172 2521 4250 spirituatis
2551 4160 2745 4233 setisus
2775 4170 2865 4243 sit,
2897 4175 2948 4230 in
2978 4174 3155 4230 altero
3187 4166 3491 4244 corporalis
3520 4190 3533 4231 :
3563 4181 3617 4229 et

2014 4273 2156 4344 Quod
2198 4268 2300 4328 nee
2330 4264 2497 4327 totum
2530 4270 2880 4341 Evangelium
2906 4315 2919 4339 ,
2946 4272 3049 4325 nec
3081 4278 3248 4325 totam
3280 4260 3491 4347 Legem
3518 4264 3619 4323 eit-

2017 4358 2243 4437 pldnare
2277 4360 2568 4437 possmus,
2595 4374 2645 4421 et
2682 4358 2815 4419 nunc
2844 4382 2907 4420 ea:
2940 4376 3085 4435 parte
3132 4352 3538 4436 coquoscamuS,
3572 4364 3619 4418 et

2018 4470 2083 4513 ex
2109 4467 2259 4529 parte
2281 4446 2640 4529 prop/retentus
2669 4455 2723 4527 (l
2747 4457 2861 4511 Cor.
2891 4452 3005 4510 lim.
3036 4455 3113 4527 9),
3140 4456 3193 4510 et
3222 4454 3454 4535 nea-dunt
3496 4468 3622 4535 pos-

2016 4552 2190 4606 simus
2218 4542 2529 4620 intelligere
2552 4548 2697 4619 quod
2726 4548 3027 4619 perfectum
3058 4542 3161 4603 est.
3198 4542 3337 4604 Sunt
3369 4547 3458 4619 qui
3482 4545 3623 4603 duos

2018 4658 2204 4700 ramos
2233 4642 2496 4721 olivarum
2523 4642 2604 4698 vel
2630 4642 2768 4697 duas
2797 4641 2998 4711 spicas,
3026 4634 3079 4697 et
3108 4622 3247 4697 illius
3282 4640 3624 4721 pinguedinis

2023 4732 2110 4791 vel
2155 4716 2494 4806 Splendoris,
2540 4720 2907 4790 sacerdOtium
2950 4720 3381 4805 interpretentur
3430 4746 3483 4791 et
3522 4716 3625 4817 Le-

2019 4824 2142 4901 gem
2170 4838 2187 4896 ,’
2235 4845 2357 4900 qua:
2389 4820 2664 4899 praebeant
2696 4827 2947 4899 gaudium
2988 4820 3258 4885 universm
3290 4816 3471 4885 terrzii.
3517 4816 3629 4885 Alii

2025 4920 2210 4977 Enoeii
2242 4924 2293 4977 ei
2328 4922 2524 4989 Eiiam,
2556 4928 2786 4993 quorum
2817 4910 2955 4978 alier
2986 4922 3040 4978 in
3070 4906 3335 4994 pitrputio
3359 4970 3371 4993 ,
3402 4912 3540 4980 alter
3570 4912 3625 4981 in

2020 5010 2434 5073 circumcisione
2467 5008 2666 5089 placuit
2692 5006 2821 5082 Deli,
2853 5014 2907 5073 et
2935 5004 3055 5073 cum
3088 5004 3322 5089 corpore
3354 5000 3541 5090 iapins
3570 5014 3622 5076 in

2020 5110 2218 5170 coelum
2250 5116 2333 5169 est
2366 5111 2543 5185 (Gen.
2575 5102 2627 5181 v,
2662 5112 2751 5169 etl
2782 5113 2915 5185 Reg.
2951 5102 2987 5169 ii
3015 5116 3053 5185 ).
3087 5113 3191 5169 Pro
3224 5106 3535 5183 Splendore,
3571 5100 3627 5171 ét

2020 5200 2167 5274 oleo;
2201 5215 2253 5261 et
2283 5188 2629 5277 pinguedine,
2657 5200 2711 5261 et
2736 5207 2999 5268 claritate.
3021 5207 3076 5261 in
3098 5192 3364 5263 Heliraico
3398 5209 3625 5279 legimus

2018 5302 2174 5357 15m
2207 5299 2416 5373 (“1.13”),
2437 5299 2590 5369 juxta
2619 5298 2752 5355 illud
2785 5294 2933 5370 quod
2966 5296 3031 5355 de
3058 5298 3258 5370 gaudio
3288 5292 3338 5355 ei
3370 5300 3627 5359 felicitate

2022 5386 2334 5465 sanctorum
2360 5393 2412 5447 in
2437 5386 2667 5449 Psalmis
2692 5380 2953 5462 scriptum
2984 5396 3099 5447 est:
3136 5378 3541 5471 Inebriabuntur
3562 5390 3626 5448 ab

2023 5468 2275 5553 ubertate,
2303 5487 2417 5540 sive
2444 5474 2759 5558 pinguedine
2781 5482 2967 5539 domus
2988 5494 3092 5539 tua:
3112 5484 3127 5553 (
3146 5484 3297 5539 Psal.
3333 5474 3504 5563 sxsv,
3532 5468 3587 5558 9)
3614 5507 3627 5541 :

2024 5582 2205 5642 πιότης
2242 5579 2359 5653 [ΑΙ.
2379 5577 2652 5650 memmi
2684 5579 2827 5633 enim
2876 5578 3045 5649 magis
3074 5580 3439 5651 pinguedinem
3469 5596 3630 5653 quam

2027 5668 2310 5730 ubertatem
2343 5684 2522 5730 sanat.
2555 5674 2679 5729 llmc
2706 5685 2763 5728 ut
2795 5674 3102 5745 quivimus‘,‘
3139 5676 3192 5729 et
3219 5684 3278 5730 ut
3302 5672 3447 5731 vires
3478 5676 3629 5748 inge-

2113 5849 2141 5889 δ
2181 5828 2529 5908 “ardeatinis
2556 5830 2810 5908 retinuii.
2851 5834 2994 5909 lecta:
3021 5832 3123 5908 sint
3150 5854 3380 5910 arbores.
