4028 6342
476 283 615 345 illi

1726 285 1787 342 S.
1830 278 2526 361 EUSEBIIEBIERONYMI

3623 282 3765 353 ξίιιε

475 402 614 460 nioli
642 400 813 458 nostri
857 400 1003 457 ferre
1054 406 1374 471 potuerunt,
1420 398 1588 456 loculi
1620 414 1807 456 sumus
1836 447 1849 471 ,
1893 411 1948 457 et
1972 401 2078 457 lle-
2100 403 2157 464 Α
2182 418 2363 457 carnes
2396 399 2598 475 (Deut.
2631 414 2801 467 xxx",
2833 397 2904 455 42
2930 397 2971 468 ).
3003 398 3071 454 Ει
3100 400 3225 470 quia
3249 398 3389 455 Deus
3416 398 3626 467 angelis
3654 416 3768 467 pec-

476 495 744 550 brteorum
776 504 828 550 et
855 501 1165 549 nostrorum
1184 494 1360 549 varias
1388 492 1676 563 opiniones
1696 494 1936 550 breviter
1960 509 2081 564 per-

480 589 817 657 stringentcs
843 630 857 653 ,
886 587 931 643 si
961 588 1081 659 quis
1112 588 1302 643 melius
1348 588 1519 644 immo
1543 588 1725 644 verius
1753 588 1954 646 dixerit
1981 631 1996 656 ,
2028 595 2084 645 et

482 696 582 738 nos
608 680 844 738 libenter
872 678 1190 737 melioribus
1221 681 1642 752 acquiescimus.

550 773 731 844 (Cap.
767 773 831 828 ν.
860 801 931 815 —-
962 772 1119 829 Vers.
1160 774 1184 827 l
1220 776 1406 845 seqq.)
1440 772 1507 827 Et
1546 789 1827 829 conversus
1856 790 2002 844 sum,
2037 783 2085 829 et

479 866 643 924 levavi
676 868 853 924 oculos
877 885 1037 937 meos,
1066 877 1115 923 et
1144 868 1274 937 vidi,
1309 877 1355 921 et
1384 885 1497 923 ecce
1529 868 1768 924 volumen
1799 866 2009 935 volans,
2038 876 2085 923 et

479 964 614 1019 dixit
643 963 713 1017 ad
742 980 821 1018 me
846 979 864 1016 :
898 962 1038 1031 Quid
1059 973 1115 1016 tu
1146 962 1331 1017 vides?
1355 962 1421 1016 Et
1446 962 1560 1017 dixi
1587 979 1603 1015 :
1631 962 1744 1035 Ego
1772 963 1919 1017 video
1940 961 2087 1016 volu-

482 1072 599 1111 men
630 1055 813 1110 volans
845 1072 863 1109 :
892 1055 1162 1126 longitudo
1192 1056 1311 1126 ejus
1339 1055 1521 1128 viginti
1547 1054 1859 1122 cubitorum,
1890 1065 1937 1109 et
1968 1054 2085 1108 lati-

484 1150 610 1202 tudo
642 1151 753 1220 ejus
777 1149 951 1202 decem
992 1148 1305 1205 cubitorum.
1340 1146 1409 1201 Et
1439 1148 1575 1202 dixit
1600 1147 1669 1201 ad
1694 1165 1771 1203 me
1803 1164 1820 1202 :
1852 1145 1979 1202 Haec
2014 1156 2088 1202 est

481 1243 779 1298 maledictio
796 1258 914 1316 qua:
935 1243 1232 1315 egredietur
1253 1259 1407 1315 super
1425 1242 1609 1314 faciem
1631 1242 1888 1296 universa:
1905 1250 2054 1295 terra:
2068 1258 2087 1296 .'

488 1337 611 1408 quia
640 1338 808 1391 omnis
840 1338 945 1408 fur,
978 1337 1112 1392 sicut
1140 1336 1213 1390 ibi
1242 1337 1491 1406 scriptum
1521 1344 1617 1402 est,
1639 1334 1971 1408 judicabitur
1990 1378 2005 1402 ,
2040 1341 2091 1388 et

486 1429 653 1486 omnis
673 1431 862 1501 jurans
897 1447 961 1485 ex
1003 1430 1097 1484 hoc
1126 1430 1370 1484 similiter
1388 1428 1734 1503 judicabitur.
1768 1427 2005 1481 Educam
2025 1425 2091 1480 il—

485 1521 577 1577 lud
599 1565 615 1591 ,
640 1523 765 1578 dicit
797 1523 1057 1578 Dominus
1098 1525 1448 1593 exercituum,
1481 1531 1528 1578 et
1565 1524 1733 1578 veniet
1763 1522 1831 1576 ad
1879 1522 2089 1577 domum

479 1620 509 1689 f
512 1617 646 1687 uris,
694 1626 743 1673 et
770 1617 839 1671 ad
862 1618 1071 1673 domum
1111 1619 1345 1692 jurantis
1373 1618 1425 1671 in
1457 1618 1661 1672 nomine
1691 1632 1805 1671 meo
1828 1616 2090 1671 mendaci-

483 1722 583 1775 ter,
615 1720 659 1766 et
682 1712 1081 1767 commorabitur
1104 1713 1159 1767 in
1182 1713 1352 1767 medio
1380 1713 1565 1767 domus
1587 1716 1723 1786 ejus.
1752 1722 1799 1767 et
1822 1719 2088 1767 consumet

2182 493 2433 550 cantibus
2463 508 2569 548 non
2603 492 2868 564 pepercit,
2894 492 2984 562 qui
3010 491 3376 563 propriovitio
3408 491 3768 546 habitaculum

2183 588 2478 661 perdidere
2505 588 2733 644 caeleste
2754 629 2770 655 ,
2803 587 2927 642 ideo
2959 589 3074 657 ipse
3101 586 3233 642 dicit
3263 602 3361 658 per
3390 586 3584 641 lsaiam
3615 603 3628 639 :
3656 583 3769 639 Ine-

2185 680 2381 735 briatus
2428 688 2501 734 est
2542 680 2755 751 gladius
2794 696 2938 735 meus
2979 681 3031 734 in
3073 678 3201 735 creto
3234 679 3253 750 (
3284 677 3418 733 lsai.
3448 693 3652 743 xxxiv,
3683 674 3769 746 5).

2184 771 2385 829 Gladio
2414 773 2558 827 enim
2590 773 2891 828 interibunt
2916 772 3083 845 816
3110 786 3303 827 omnes
3334 779 3655 842 peccatores
3688 785 3775 839 po-

2187 867 2319 938 puli,
2347 882 2463 921 ‘non
2514 868 2701 937 utique
2732 866 2915 937 gladio
2944 865 3217 936 corporali
3250 866 3269 935 (
3302 863 3575 934 siquidem
3606 862 3774 917 multa:

2187 972 2243 1020 et
2270 961 2506 1017 diversm
2534 958 2736 1034 praeter
2762 959 3001 1030 gladium
3033 958 3100 1014 ad
3123 972 3354 1013 mortem
3373 957 3470 1012 size
3495 952 3774 1025 sunt),sed

2186 1056 2368 1127 gladio
2399 1055 2668 1124 spirituali
2692 1097 2706 1120 ,
2735 1071 2839 1124 quo
2871 1052 3212 1124 percutieudi
3242 1061 3370 1106 sunt
3400 1049 3491 1121 qui
3524 1065 3630 1103 non
3658 1063 3774 1118 egeo

2188 1159 2317 1206 runt
2353 1149 2733 1222 paenitentiam
2754 1193 2768 1217 ,
2800 1155 2857 1203 et
2884 1147 3080 1218 quibus
3108 1147 3477 1201 comminatur
3496 1141 3775 1199 Psalmista

2191 1243 2578 1313 proclamans:
2604 1241 2727 1296 Nisi
2757 1240 3151 1306 convertamini,
3171 1239 3406 1313 gladium
3432 1254 3589 1291 suum
3619 1235 3774 1288 ribra-

2192 1337 2261 1391 bit
2294 1353 2310 1389 :
2339 1352 2520 1390 arcum
2548 1353 2699 1390 suum
2731 1335 2966 1400 tetendit,
2994 1342 3039 1388 et
3074 1333 3277 1405 paravit
3304 1331 3453 1385 illum
3479 1346 3498 1385 :
3531 1337 3579 1384 et
3607 1329 3657 1382 in
3679 1328 3778 1399 ipso

2193 1430 2401 1499 paravit
2426 1446 2549 1483 vasa
2578 1428 2754 1483 mortis
2777 1425 2951 1499 (Psal.
2972 1443 3069 1493 vn,
3090 1427 3159 1482 l3
3178 1436 3225 1479 et
3250 1423 3363 1496 14).
3384 1424 3450 1479 Ει
3475 1424 3528 1477 in
3556 1421 3779 1478 Jeremia

2192 1524 2421 1597 legimus
2454 1542 2467 1577 :
2504 1523 2781 1595 Usquequo
2823 1522 3019 1577 secabis
3057 1538 3266 1586 nmero,
3300 1520 3389 1574 vel
3432 1516 3642 1590 gladius
3678 1513 3779 1569 Do-

2193 1619 2358 1671 mini?
2394 1616 2669 1688 Usquequo
2701 1633 2800 1670 non
2824 1614 3098 1688 quiescas?
3137 1624 3429 1668 convertere
3468 1612 3521 1664 in
3553 1609 3779 1678 vaginam

2192 1720 2337 1765 tuam
2368 1708 2506 1782 (Jer.
2534 1724 2701 1771 van,
2734 1709 2812 1779 6).
2846 1706 2956 1764 Iste
2982 1706 3195 1779 gladius
3226 1722 3334 1762 non
3366 1704 3544 1760 solum
3578 1703 3683 1756 falx
3704 1716 3781 1772 ap-

482 1820 626 1871 eam,
674 1815 724 1861 et
753 1804 898 1876 ligna
927 1809 1076 1879 ejus,
1122 1813 1169 1859 et
1200 1803 1399 1877 lapides
1426 1804 1591 1878 815
1621 1805 1755 1875 ejus.
1792 1802 1937 1859 LXX
1973 1820 1985 1856 :
2021 1801 2087 1856 Et
2113 1793 2163 1853 B
2192 1804 2451 1874 pellatur,
2488 1819 2608 1873 qua:
2640 1803 2847 1867 fenum,
2880 1800 3164 1871 stipulam,
3197 1800 3496 1871 spiuasque
3524 1794 3779 1859 succidit;

484 1915 760 1955 conversus
806 1917 921 1955 sum
945 1941 960 1965 ,
990 1910 1039 1955 et
1071 1899 1232 1954 levavi
1258 1900 1433 1954 oculos
1461 1916 1595 1954 meos
1620 1942 1635 1965 ,
1671 1906 1718 1952 et
1748 1898 1854 1952 vidi
1901 1896 2088 1968 falcem

483 1992 760 2047 volantem.
796 1989 865 2045 Et
894 1991 1029 2046 dixit
1058 1992 1128 2045 ad
1166 2007 1248 2045 me
1280 2007 1298 2045 :
1332 1991 1476 2059 Quid
1513 1999 1569 2045 tu
1613 1989 1795 2044 vides?
1833 1988 1899 2043 Et
1925 1988 2038 2043 dixi
2069 2002 2088 2040 :

481 2079 599 2156 Ego
619 2083 767 2138 video
796 2083 983 2155 falcem
1014 2082 1297 2150 volantem,
1324 2082 1668 2157 longitudinis
1700 2082 1991 2137 cubitorum
2015 2080 2089 2133 vi-

482 2176 636 2248 ginti,
668 2184 714 2230 et
745 2176 1040 2231 latitudinis
1066 2174 1360 2230 cubitorum
1390 2174 1587 2230 decem.
1623 2173 1692 2228 Et
1719 2174 1849 2228 dixit
1875 2174 1942 2227 ad
1968 2185 2087 2227 me:

481 2265 615 2323 Haec
635 2277 708 2324 est
738 2268 1037 2324 maledictio
1065 2284 1182 2341 qua:
1208 2267 1468 2341 egreditur
1508 2283 1666 2339 super
1694 2266 1881 2338 faciem.
1922 2262 2089 2319 omnis

481 2373 632 2420 terra:
657 2380 676 2418 :
707 2366 829 2433 quia
859 2365 1027 2418 omnis
1050 2363 1136 2434 fur
1165 2378 1228 2418 ex
1258 2364 1354 2417 hoc
1383 2377 1546 2432 usque
1573 2360 1640 2414 ad
1670 2369 1884 2414 mortem
1905 2357 2089 2430 punie-

481 2464 568 2510 tur
590 2497 605 2522 ,
639 2466 687 2511 et
713 2458 882 2512 omnis
914 2458 1158 2529 perjurus
1192 2472 1255 2511 ex
1290 2455 1388 2511 hoc
1426 2472 1589 2528 usque
1619 2455 1687 2509 ad
1716 2462 1929 2508 mortem
1970 2468 2091 2507 cru-

484 2548 728 2604 ciabitur.
756 2548 822 2603 Et
848 2549 1068 2604 educam
1097 2549 1255 2615 illud,
1285 2550 1411 2604 dicit
1437 2547 1694 2605 Dominus
1723 2549 2045 2615 omnipotens
2067 2587 2083 2613 ,

486 2652 535 2698 et
566 2644 895 2715 ingredietur
931 2643 986 2698 in
1015 2644 1226 2698 domum
1269 2644 1401 2715 furis
1423 2686 1438 2709 ,
1466 2653 1514 2699 et
1538 2645 1747 2699 domum
1774 2642 2006 2717 jurantis
2036 2642 2091 2695 in

484 2738 692 2793 nomine
723 2754 834 2793 meo
864 2738 1201 2806 mendaciter,
1228 2746 1274 2793 et
1304 2738 1585 2807 requiescet
1627 2738 1678 2791 in
1708 2737 1877 2791 medio
1907 2739 2089 2789 domus

483 2831 598 2903 ejus
618 2872 631 2897 ,
663 2842 710 2885 et
732 2840 998 2887 consumet
1029 2848 1147 2887 eum
1167 2872 1183 2899 ,
1214 2842 1259 2887 et
1291 2832 1433 2904 ligna
1459 2832 1567 2905 ejus
1592 2874 1608 2899 ,
1643 2840 1690 2885 et
1725 2830 1928 2900 lapides
1953 2832 2085 2902 ejus.

485 2926 829 2996 Conversus,
869 2925 1047 2996 inquit
1089 2924 1352 2997 propheta
1372 2966 1387 2992 ,
1417 2925 1483 2979 ad
1515 2923 1678 2980 aliam
1705 2924 1972 2980 visionem
1992 2963 2005 2988 ,
2036 2929 2091 2977 et

484 3034 513 3073 ει
545 3019 685 3076 Ιαειὶε
710 3028 874 3090 atque
901 3018 1153 3075 felicibus
1198 3020 1385 3079 oculos
1416 3031 1566 3074 meos
1590 3016 1658 3073 ad
1685 3014 1930 3073 tristiora
1960 3028 2086 3071 sus-

488 3114 686 3171 tollens
709 3158 724 3182 ,
758 3129 928 3171 cerno
956 3115 1212 3170 volumen
1247 3114 1440 3170 volans
1469 3122 1497 3151 α
1523 3112 1668 3184 quod
1706 3112 1969 3168 Hebraice
1998 3109 2086 3165 di-

483 3208 625 3265 citur
647 3225 896 3266 IEGBLLA
922 3206 942 3281 [
964 3208 1051 3263 Al.
1084 3205 1350 3279 Gemell.]
1383 3190 1602 3279 (352D),
1636 3205 1783 3262 etab
1807 3204 2001 3274 Aquila
2034 3212 2090 3260 et
2116 3188 2162 3251 (ἶ

486 3300 871 3359 'l‘beodotione
900 3317 1117 3358 versum
1150 3311 1235 3357 est
1275 3300 1485 3378 διφθέρα
1513 3342 1527 3366 ,
1575 3316 1605 3355 a
1654 3298 1980 3373 Symmacho
2007 3318 2091 3353 κε-

484 3397 659 3470 φαλὶς,
688 3398 741 3452 id
773 3405 859 3453 est
886 3439 901 3467 ,
932 3396 1221 3466 capitulum
1241 3438 1254 3461 ,
1282 3396 1436 3465 juxta
1463 3394 1595 3450 illud
1621 3394 1764 3465 quod
1799 3395 1850 3448 in
1880 3392 2089 3463 psalmo

485 3488 716 3560 legimus
740 3504 753 3542 :
787 3486 856 3543 In
885 3489 1114 3560 capitulo
1138 3487 1258 3541 libri
1279 3490 1529 3560 scriptum
1550 3496 1623 3542 est
1644 3489 1706 3542 de
1720 3485 1936 3549 melPs.
1964 3500 2086 3555 χιχ,

486 3579 520 3636 8
545 3582 599 3652 );
631 3581 745 3637 sive
781 3580 933 3652 juxta
968 3580 1322 3652 Septuaginta
1354 3579 1383 3619 b
1416 3580 1667 3658 δρέπανον
1692 3580 2004 3656 πετόμενον,
2035 3586 2088 3642 id

484 3683 591 3740 est,
616 3673 803 3751 falcem
842 3674 1123 3729 volantem.
1166 3673 1359 3729 Omnia
1391 3676 1537 3729 enim
1581 3690 1705 3746 qua:
1749 3691 1910 3747 supra
1939 3677 2089 3734 vide-

484 3776 590 3835 rat,
622 3766 1037 3825 tediﬁcationem
1071 3767 1295 3838 templi,
1327 3767 1620 3824 adventum
1648 3769 1861 3826 Domini
1895 3771 2086 3828 Salva-

485 3859 658 3927 toris,
722 3859 1030 3916 libertatem
1081 3858 1149 3915 de
1190 3858 1475 3931 Babylone
1524 3862 1704 3932 papuli
1755 3865 2086 3919 nuntiarant.

482 3950 673 4025 Itaque
718 3968 789 4009 ne
842 3952 1152 4009 elevaretur
1179 3967 1304 4008 cum
1346 3951 1614 4023 Apostolo
1663 3968 1756 4009 cor
1804 3954 1921 4026 ejus
1951 3958 1970 4026 (
2000 3957 2088 4012 cui

490 4045 652 4100 datus
708 4052 795 4101 est
849 4043 1079 4115 angelus
1133 4042 1350 4099 Satanas
1395 4044 1488 4114 qui
1544 4059 1668 4100 eum
1724 4045 2090 4117 colapbizaret

489 4136 559 4208 (ll
590 4134 712 4191 Cor.
765 4136 901 4207 xn),
933 4150 1003 4192 ne
1042 4150 1104 4191 se
1134 4135 1489 4207 extolleret),
1525 4136 1672 4194 videt
1719 4147 1775 4193 et
1818 4139 1934 4209 ipse
1964 4156 2087 4212 quae

487 4228 665 4287 tristia
690 4236 841 4298 sunt,
877 4238 936 4284 ut
963 4227 1229 4301 quidquid
1257 4244 1322 4285 ex
1355 4230 1621 4286 bonorum
1646 4232 1979 4291 revelatione
2002 4250 2091 4291 ar-

486 4323 752 4396 rogantiae
792 4329 1082 4390 creverat,
1135 4337 1200 4378 ex
1245 4320 1483 4378 tristium
1532 4325 1950 4382 comminatione
1994 4326 2091 4383 de-

486 4425 719 4474 crescat.
751 4415 1021 4473 Volumen
1052 4424 1236 4471 autem
1265 4416 1455 4472 volans
1494 4417 1837 4489 ostenditur,
1884 4420 1937 4474 in
1980 4436 2089 4491 quo

485 4512 728 4570 omnium
752 4523 974 4583 peccata
995 4510 1269 4583 descripta
1292 4519 1438 4580 sunt,
1468 4520 1528 4569 ut
1547 4516 1921 4587 unusquisque
1950 4517 2090 4574 reci-

489 4607 603 4678 piat
630 4606 929 4663 secundum
962 4619 1129 4677 opera
1155 4620 1273 4671 sua,
1305 4607 1421 4662 sive
1446 4605 1644 4663 bonum
1662 4650 1677 4676 ,
1711 4586 2087 4678 sivermalum,
2114 4586 2171 4650 D

487 4698 706 4757 dicente
742 4698 966 4755 Danicle
1001 4716 1014 4753 :
1047 4695 1244 4753 Throni
1293 4699 1450 4769 positi
1477 4708 1630 4767 sunt,
1673 4710 1721 4753 et
1766 4701 1888 4755 libri
1925 4704 2091 4774 aperti

483 4806 607 4854 sunt
638 4795 803 4871 (Dan.
838 4813 936 4863 vu,
969 4794 1086 4869 10).
1120 4795 1216 4854 Sin
1244 4804 1425 4850 autem
1458 4794 1643 4865 falcem
1675 4795 1997 4866 accipimus,
2031 4805 2093 4853 ut

485 4889 633 4947 LXX
657 4890 1077 4959 transtulerunt,
1102 4889 1171 4945 de
1198 4888 1524 4960 Apocalypsi
1547 4887 1777 4945 Joannis
1806 4904 2090 4948 sumamus

485 4986 800 5056 exemplum
827 5026 843 5054 ,
876 4985 930 5041 in
974 5000 1078 5056 qua
1110 4986 1375 5053 scriptum
1426 4994 1513 5039 est
1541 5000 1555 5038 :
1589 4982 1660 5038 Et
1682 4986 1945 5053 respondit
1995 5003 2090 5041 an-

482 5081 651 5155 gelus,
676 5089 725 5136 et
747 5080 879 5136 dixit
906 5080 952 5135 ei
971 5080 1059 5152 qui
1078 5079 1286 5135 sedebat
1313 5094 1466 5151 super
1492 5095 1679 5150 equum
1702 5095 1721 5134 :
1741 5078 1891 5135 Mitte
1906 5081 2093 5150 falcem

483 5181 629 5228 tuam
660 5173 1015 5229 acutissimam
1035 5215 1052 5241 ,
1083 5184 1131 5228 et
1177 5181 1305 5227 mete
1344 5172 1541 5227 vineam
1568 5182 1591 5211 ο
1633 5181 1776 5227 tuam
1801 5214 1817 5241 ,
1846 5174 2091 5246 quoniam

482 5277 705 5321 malum
729 5274 852 5321 sunt
876 5282 989 5322 uvte
1016 5267 1127 5339 ejus
1173 5263 1376 5337 (Apoc.
1405 5279 1516 5332 xxv,
1553 5264 1618 5319 18
1638 5266 1680 5336 ).
1714 5264 1820 5319 Pro
1851 5266 1992 5322 falce
2037 5267 2090 5321 in

482 5358 917 5416 Deuteronomio
937 5358 1156 5430 sagittas
1178 5366 1233 5413 et
1262 5355 1501 5429 gladium
1534 5356 1792 5429 legimus:
1812 5358 1839 5412 1
1848 5358 2091 5415 nebriabo

479 5454 702 5528 sagittas
752 5469 893 5509 meas
939 5451 1233 5525 sanguine,
1274 5458 1323 5505 et
1372 5449 1580 5522 gladius
1626 5466 1768 5506 meus
1821 5450 2089 5507 devorabit

554 5603 581 5632 α
618 5592 825 5650 Omnes
866 5605 996 5647 mss.
1033 5590 1251 5647 codices
1297 5604 1435 5660 quos
1475 5590 1689 5661 inspexi
1737 5590 1946 5647 habent
1991 5593 2080 5649 hic

480 5666 831 5722 metattiesim
883 5665 1075 5735 prima:
1122 5661 1349 5734 syllaba:
1393 5680 1406 5717 :
1453 5662 1639 5735 legunt
1668 5669 1813 5720 enim
1854 5663 2082 5722 Gemella

484 5751 584 5809 pro
616 5736 868 5809 Magella.
901 5737 1084 5793 ΜΔιιτ.

556 5807 583 5847 1³
625 5806 801 5863 Verba
826 5807 1069 5884 δρέπανον
1100 5806 1372 5879 πετόμενον
1397 5849 1412 5876 ,
1440 5806 1497 5863 id
1517 5816 1593 5864 est
1612 5851 1629 5877 ,
1663 5807 1718 5867 in
1747 5808 1980 5868 Palatin.
2014 5826 2079 5868 ac

2191 1899 2288 1955 sed
2311 1910 2368 1955 et
2398 1898 2610 1954 securis
2660 1898 2924 1952 arborum
2958 1896 3195 1961 dicitur,
3227 1910 3347 1966 quae
3379 1890 3631 1947 succidet
3668 1902 3781 1953 eos,

2191 1993 2283 2064 qui
2314 2009 2422 2047 non
2455 1992 2685 2048 fecerint
2734 1990 2928 2060 dignos
2964 1989 3172 2045 fructus
3224 1986 3584 2058 paenitentiae.
3627 1984 3689 2038 Et
3724 1982 3783 2037 de

2194 2086 2392 2156 quibus
2421 2086 2664 2141 Joannes
2694 2084 2933 2154 Baptista
2968 2081 3341 2153 proclamabat
3370 2099 3383 2135 :
3418 2079 3559 2134 Ecce
3607 2077 3784 2132 securis

2190 2180 2259 2235 ad
2288 2180 2492 2235 radices
2520 2178 2765 2234 arborum
2789 2178 2961 2250 posita
2986 2187 3059 2232 est
3091 2194 3111 2232 :
3144 2176 3327 2232 Omnis
3355 2176 3513 2229 arbor
3542 2190 3659 2243 qua:
3692 2188 3783 2225 non

2190 2278 2315 2349 facit
2345 2281 2573 2349 fructum
2611 2277 2821 2344 bonum,
2878 2276 3147 2331 excidetur
3183 2284 3230 2329 et
3266 2274 3320 2328 in
3364 2273 3541 2346 ignem
3571 2270 3785 2324 mittetur

2195 2372 2213 2443 (
2243 2370 2401 2426 Matt.
2429 2387 2513 2441 ιιι,
2546 2374 2612 2428 10
2635 2371 2677 2444 ).
2706 2371 2973 2427 Volumen
3020 2369 3164 2425 istud
3195 2368 3251 2424 in
3283 2383 3391 2438 quo
3422 2376 3647 2437 peccata
3675 2380 3782 2418 om.

2190 2466 2340 2521 nium
2368 2465 2779 2534 describuntur,
2803 2466 2921 2521 sive
2948 2463 3063 2519 falx
3090 2480 3213 2536 qua:
3241 2471 3569 2518 cunctorum
3597 2458 3785 2515 delicta

2191 2560 2463 2627 succidit,
2497 2560 2739 2616 mittitur
2780 2561 2832 2615 in
2865 2559 3080 2615 vineam
3118 2557 3517 2621 Sodomorum,
3572 2556 3641 2611 de
3690 2567 3796 2625 qua-

2192 2655 2454 2725 scriptum
2472 2663 2556 2710 est
2584 2673 2596 2707 :
2627 2652 2839 2708 Inimici
2863 2653 3026 2707 nostri
3049 2651 3459 2722 insipientes:ex
3490 2650 3639 2703 vinea
3660 2646 3784 2700 enim

2193 2748 2548 2805 Sodomorum
2575 2747 2724 2802 vinea
2756 2762 2934 2801 eorum
2960 2789 2974 2814 ,
3028 2754 3074 2799 et
3107 2759 3339 2816 prepago
3376 2757 3565 2796 eorum
3605 2742 3666 2794 de
3691 2736 3786 2793 Go-

2188 2841 2416 2896 morrliis
2438 2857 2458 2896 :
2487 2840 2599 2897 Uva
2626 2858 2825 2908 eorum,
2850 2856 2947 2895 uva
2968 2840 3128 2910 fellis,
3153 2849 3202 2892 et
3225 2838 3403 2893 botrus
3428 2832 3782 2890 amaritudinis

2190 2936 2284 2990 eis.
2315 2933 2491 2989 Furor
2529 2935 2851 3000 draconum,
2879 2933 3057 2987 vinum
3097 2948 3277 2986 eorum
3318 2941 3366 2984 et
3406 2930 3561 3000 furor
3603 2926 3784 2997 aspidis

2190 3026 2496 3080 insanabilis
2517 3025 2696 3097 (Deut.
2726 3040 2895 3090 xxxn,
2914 3025 3188 3096 31seqq.).
3215 3022 3341 3078 llaec
3359 3020 3469 3076 falx
3495 3018 3684 3092 viginti
3704 3017 3785 3072 ιιι⁴

2190 3118 2282 3174 bet
2304 3120 2518 3175 cubitos
2542 3118 2923 3189 longitudinis,
2945 3125 3000 3172 et
3029 3117 3217 3172 decem
3239 3112 3571 3178 latitudinis,
3609 3112 3660 3165 in
3687 3123 3784 3180 quo

2194 3228 2427 3268 numero
2460 3212 2710 3267 tristibus
2742 3212 2862 3266 laeta
2906 3211 3209 3265 sociantur.
3238 3207 3323 3264 Ad
3351 3208 3456 3262 boc
3502 3206 3650 3262 enim
3684 3204 3782 3259 Do-

2194 3306 2374 3362 minus
2403 3306 2633 3376 corripit
2654 3316 2710 3361 ut
2741 3304 3016 3361 emendet.
3056 3304 3113 3359 In
3140 3302 3423 3370 vicesimo,
3455 3301 3548 3373 qui
3575 3317 3640 3355 ex
3673 3299 3786 3353 dua-

2192 3399 2295 3456 bus
2310 3399 2608 3456 decadibus
2637 3398 3131 3466 efticitur,au5tera
3155 3405 3208 3452 et
3228 3396 3405 3452 tristia
3437 3396 3779 3450 nuntiantur:

2193 3493 2246 3549 in
2270 3494 2509 3562 decimo,
2541 3493 2601 3551 id
2621 3505 2727 3559 est,
2758 3508 2865 3548 una
2896 3492 3123 3557 decade,
3149 3490 3381 3547 meliora
3405 3500 3457 3546 et
3484 3504 3739 3561 prospera
3767 3503 3781 3545 :

2194 3604 2290 3658 per
2315 3588 2495 3643 omnia
2529 3590 2673 3644 enim
2705 3587 2918 3657 ﬂagella
2939 3598 3103 3657 atque
3130 3583 3400 3655 supplicia
3429 3582 3686 3639 eruditur
3711 3580 3784 3634 ls-

2193 3683 2332 3740 rael.
2364 3682 2651 3755 Simulque
2680 3697 3007 3737 maneamus
3029 3696 3124 3736 eos
3151 3681 3240 3751 qui
3269 3694 3435 3750 parva
3468 3689 3664 3749 putant
3690 3674 3785 3731 cri-

2192 3774 2341 3830 mina
2373 3775 2572 3829 lurtum
2605 3784 2769 3846 atque
2802 3772 3103 3844 perjurium
3129 3814 3143 3840 ,
3174 3771 3319 3843 quod
3361 3771 3655 3839 inducatur
3682 3783 3785 3824 ωδε

2192 3867 2417 3925 lediCIio
2446 3883 2568 3939 quae
2596 3867 2650 3923 in
2684 3867 2962 3922 volumine
2994 3881 3055 3920 ac
3085 3864 3211 3938 [AL
3245 3882 3273 3919 a
3300 3865 3319 3936 j
3351 3865 3495 3921 falce
3517 3863 3782 3931 descripta

2192 3970 2277 4017 est
2306 4007 2318 4030 ,
2350 3962 2404 4017 in
2435 3962 2659 4018 domum
2688 3961 2825 4016 luris
2854 3971 3023 4032 atque
3055 3959 3259 4030 perjuri
3289 3999 3305 4025 ,
3341 3967 3398 4014 et
3424 3968 3785 4015 commoretur

2193 4056 2246 4111 in
2292 4071 2355 4112 ea
2384 4098 2397 4122 ,
2431 4068 2489 4112 et
2537 4056 2723 4112 omnia
2766 4055 2885 4127 ejus
2932 4056 3076 4127 ligna
3124 4052 3440 4125 lapidesque
3487 4062 3781 4111 consumat.

2192 4149 2347 4219 Quod
2381 4149 2423 4205 si
2458 4150 2512 4205 in
2548 4149 2637 4205 his
2668 4165 2788 4220 quae
2820 4148 3031 4204 minora
3058 4147 3360 4219 putantur(
3394 4145 3604 4203 furtum
3634 4146 3777 4213 dico,

2191 4252 2247 4301 et
2277 4243 2573 4315 perjurium
2607 4243 2626 4317 )
2660 4251 2808 4298 tanta
2833 4257 3113 4314 pmnarum
3143 4240 3503 4297 comminatio
3531 4248 3639 4305 est,
3663 4237 3783 4310 quid

2192 4333 2435 4390 dicemus
2462 4334 2532 4390 de
2561 4334 2921 4390 fornicatione
2940 4376 2955 4401 ,
3005 4333 3275 4390 adulterio
3293 4375 3308 4401 ,
3338 4332 3641 4389 homicidio
3661 4372 3677 4399 ,
3705 4345 3783 4386 sa-

2192 4427 2449 4499 crilegio,
2493 4428 2818 4499 cunctisque
2865 4427 3209 4493 criminibus,
3265 4443 3387 4498 qua:
3414 4427 3485 4484 ab
3531 4424 3783 4497 Apostolo

2194 4521 2339 4579 inter
2367 4524 2553 4579 carnis
2583 4537 2749 4593 opera
2779 4532 3144 4579 numerantur
3172 4523 3191 4596 (
3223 4520 3401 4578 Galat.
3434 4520 3533 4594 v)?
3562 4521 3689 4593 Legi
3714 4520 3784 4575 vi-

2194 4616 2330 4689 ginti
2360 4617 2575 4673 cubitos
2605 4616 2993 4688 longitudinis,
3030 4627 3085 4674 et
3115 4616 3305 4674 decem
3350 4616 3691 4679 latitudinis.
3720 4613 3782 4669 ad

2192 4719 2412 4767 aetatem
2443 4710 2640 4766 referri
2674 4710 2896 4767 Domini
2928 4711 3230 4768 Salvatoris
3261 4754 3275 4778 ,
3331 4711 3382 4766 id
3429 4719 3516 4767 est
3555 4710 3781 4766 tricena-

2194 4804 2337 4861 rium
2380 4819 2675 4860 numerum
2725 4805 2889 4876 817
2928 4805 3151 4860 efﬁcere
3182 4823 3195 4857 :
3228 4803 3374 4875 quod
3430 4820 3541 4859 non
3582 4802 3781 4874 jndicet

2191 4894 2356 4950 Pater
2384 4909 2748 4965 quemquam:
2772 4894 2870 4949 sed
2902 4910 3064 4950 omne
3090 4894 3354 4964 judicium
3385 4893 3602 4951 dederit
3629 4893 3777 4956 Filio,

2194 4998 2250 5043 et
2274 4989 2343 5043 ab
2364 5003 2431 5042 eo
2463 4989 2697 5043 mundus
2723 4987 3053 5057 judicandus
3083 4988 3152 5043 sit
3184 4987 3204 5061 (
3230 4988 3391 5043 Joan.
3424 4988 3503 5060 v).

2267 5080 2446 5153 (Vers.
2524 5078 2705 5153 seqq.)
2739 5080 2804 5136 Et
2828 5097 3064 5151 egressus
3088 5092 3161 5137 est
3190 5082 3412 5156 angelus
3429 5082 3520 5153 qui
3548 5078 3781 5152 loquebaa

2195 5186 2277 5230 tur
2304 5176 2358 5229 in
2384 5193 2490 5244 me,
2539 5186 2586 5230 et
2615 5176 2750 5231 dixit
2778 5176 2847 5229 ad
2879 5192 3001 5231 me:
3034 5176 3167 5230 Leva
3196 5175 3379 5231 oculos
3409 5186 3531 5231 tuos
3553 5216 3569 5244 ,
3613 5185 3659 5229 et
3679 5171 3782 5227 vide

2194 5267 2321 5340 quid
2385 5270 2451 5323 sit
2501 5269 2597 5323 hoc
2645 5269 2785 5340 quod
2832 5268 3146 5340 egredietur.
3212 5266 3281 5322 Et
3327 5269 3479 5324 dixi:
3531 5266 3780 5335 Quidnam

2194 5361 2315 5416 est?
2361 5359 2433 5416 Et
2458 5361 2531 5415 ait
2557 5377 2577 5416 :
2635 5360 2766 5417 Hcce
2800 5371 2874 5417 est
2906 5360 3161 5434 amphora
3188 5362 3499 5432 egrediens;
3538 5370 3586 5415 et
3614 5358 3776 5414 dixit:

2195 5452 2327 5511 Hcce
2370 5464 2443 5511 est
2488 5454 2665 5510 oculus
2707 5471 2887 5511 eorum
2926 5457 2981 5510 in
3008 5457 3249 5511 universa
3275 5464 3436 5511 terra.
3483 5453 3551 5509 Et
3569 5470 3682 5509 ecce
3707 5462 3777 5505 ta-

2190 5595 2415 5667 Reginﬁm
2441 5609 2570 5651 mss.
2608 5594 3018 5653 desiderantur.

2270 5666 2297 5741 εξ
2335 5666 2610 5741 Victorius
2640 5670 2881 5741 quinque
2910 5667 3355 5726 Florentinorum
3380 5669 3626 5727 codicum
3656 5682 3769 5741 ope,

2186 5749 2244 5798 et
2271 5739 2656 5822 Brixianorum
2684 5740 2935 5822 aliquot,
2965 5741 3208 5813 itemque
3242 5742 3485 5815 Vulgata:
3530 5739 3773 5800 editionis

2185 5814 2513 5871 auctoritate
2538 5814 2813 5885 reposuit,
2847 5822 3031 5883 (errat,
3065 5829 3164 5886 pro
3194 5814 3363 5871 tuam;
3424 5868 3433 5875 .
