4050 6342
294 238 431 298 ΝΒ

1067 230 1718 293 COMMENTARIORUM
1756 230 1824 291 ΙΝ
1865 228 2271 290 ZACIIARIAM
2310 229 2440 288 LIB.
2472 229 2515 286 1.
2555 229 2712 288 CAP.
2757 230 2820 286 γ.

3447 232 3585 292 1450

291 358 484 414 lentant
510 354 707 429 plumbi
735 353 1061 425 portabatur.
1087 363 1134 410 et
1159 354 1278 411 ecce
1305 354 1491 408 mulier
1519 369 1625 406 una
1652 361 1677 388 α
1705 351 1888 406 sedens
1913 355 1964 414 Α
1993 359 2104 404 tum
2139 358 2365 403 vocatur
2401 364 2650 404 CHACHAR
2689 345 2840 417 (τὶ)
2869 362 2883 412 ἶ
2927 346 3062 414 lapis
3090 363 3226 404 ABEN
3260 347 3424 437 (pst).
3471 350 3592 418 Ipse

288 449 347 504 in
387 446 556 504 medio
597 447 882 520 amphorae.
933 445 1000 500 Et
1025 445 1200 500 dixit:
1258 443 1388 499 Haec
1413 453 1492 500 est
1518 443 1796 513 impietas,
1833 449 1882 495 et

293 541 513 615 projecit
537 556 648 597 eam
676 541 734 594 in
773 539 1004 594 medium
1031 537 1300 606 amphorae
1326 581 1340 606 ,
1388 546 1437 591 et
1485 537 1623 589 misit
1663 549 1886 587 massam

291 634 585 709 plumbeam
611 635 663 690 in
683 651 740 690 os
761 635 898 706 ejus.
929 631 1076 689 LXX
1099 648 1115 688 :
1146 631 1209 685 Et
1228 645 1458 703 egressus
1478 636 1552 683 est
1571 626 1786 699 angelus
1800 625 1887 696 qui

294 730 599 801 loquebatur
625 730 683 783 in
709 744 811 793 me,
842 736 890 782 et
915 727 1047 782 dixit
1073 726 1144 781 ad
1171 739 1291 780 me:
1322 723 1540 795 Suspice
1568 720 1734 776 oculis
1763 719 1886 786 tuis,

292 831 343 878 ct
389 823 506 878 vide
551 820 676 894 quid
721 819 788 875 sit
829 820 970 892 quod
995 817 1298 891 egreditur;
1329 824 1375 870 et
1407 815 1540 881 dixi,
1594 811 1733 880 Quid
1773 811 1892 865 est?

294 913 364 970 Et
387 917 460 969 ait
483 931 503 972 ε
553 911 680 970 Hier:
705 922 780 968 est
807 927 1050 966 mensura
1071 926 1187 983 qua:
1213 909 1493 982 egreditur.
1525 905 1594 960 Et
1620 906 1690 960 ait
1714 920 1732 959 :
1763 902 1892 959 Hinc

294 1017 372 1065 est
417 1009 665 1078 iniquitas
714 1023 895 1062 eorum
942 1009 997 1060 in
1044 1006 1183 1061 omni
1211 1014 1371 1059 terra.
1411 1001 1480 1057 Et
1505 1018 1619 1057 ecce
1646 999 1894 1054 talentum

295 1101 502 1176 plumbi
519 1099 771 1158 eleuatum
789 1108 894 1154 est:
916 1108 965 1153 et
987 1115 1100 1155 ecce
1114 1097 1298 1153 mulier
1315 1113 1418 1151 una
1433 1094 1638 1152 sedebat
1656 1093 1708 1148 in
1727 1091 1895 1176 medio

298 1173 582 1265 mensuris,
630 1205 677 1248 et
704 1194 868 1247 dixit:
920 1191 1050 1249 Hice
1089 1201 1161 1247 est
1184 1190 1450 1262 iniquitas,
1477 1196 1524 1242 et
1548 1173 1897 1256 projeciteam

298 1289 353 1344 in
401 1288 570 1343 medio
613 1301 866 1341 mensum
889 1330 904 1354 ,
936 1295 982 1340 et
1007 1283 1222 1356 projecit
1253 1281 1477 1355 lapidem
1505 1277 1806 1350 plumbeum
1844 1276 1898 1329 in

303 1401 358 1440 os
389 1386 524 1456 ejus.
552 1382 830 1450 Amphora
862 1381 982 1437 sive
1011 1393 1268 1435 mensura
1298 1374 1706 1447 egrediebatur,
1739 1381 1795 1427 et
1823 1371 1902 1427 ie-

303 1476 526 1533 rebatur
555 1475 608 1530 in
639 1488 790 1530 aere.
823 1473 891 1528 Et
920 1487 988 1528 ne
1017 1470 1395 1527 dubitaremus
1417 1482 1527 1539 quo
1559 1464 1775 1536 proprie
1807 1478 1899 1518 vo-

301 1569 497 1628 cabulo
526 1580 894 1638 nuncupetur,
924 1569 1038 1638 ipse
1060 1565 1307 1638 angelus,
1331 1563 1425 1636 qui
1446 1559 1763 1619 ostenderat
1787 1573 1903 1614 am-

304 1663 558 1736 phoram,
588 1663 704 1718 sive
733 1675 1076 1729 mensuram,
1112 1659 1190 1715 illi
1222 1673 1420 1714 nomen
1453 1654 1703 1730 imponit,
1737 1662 1792 1710 et
1823 1653 1904 1708 di-

1989 450 2073 498 est
2098 443 2262 514 igitur
2289 441 2425 513 lapis
2455 441 2677 510 plumbi,
2711 440 2883 512 quiet
2908 442 3171 497 talentum
3198 443 3419 512 plumbi,
3446 444 3588 514 quod

1989 553 2090 593 nos
2142 538 2479 593 manifestius
2508 534 2910 607 exprimentes,
2941 551 3176 592 massam
3204 537 3286 592 vel
3316 537 3590 608 sphazram

1989 630 2194 702 plumbi
2227 629 2566 700 interpretati
2601 643 2789 684 sumus
2811 672 2825 696 ,
2857 644 2922 684 ex
2953 644 3059 700 quo
3090 627 3429 699 signiﬁcatur
3459 643 3594 699 pon-

1992 723 2095 780 dus
2116 724 2494 796 gravissimum
2519 730 2890 794 peccatorum.
2924 722 2991 777 Et
3017 737 3179 792 super
3208 723 3346 777 hanc
3376 737 3597 778 mensu-

1993 834 2109 874 ram
2155 829 2321 887 atque
2365 815 2688 886 amphoram
2722 819 2964 871 omnium
2997 816 3322 872 delictorum
3351 857 3366 882 ,
3417 815 3596 870 media

1994 911 2224 969 sedebat
2241 911 2516 982 impietas,
2535 926 2694 981 quam
2715 909 2824 965 alio
2843 909 3064 964 nomine
3085 907 3450 964 idololatriam
3470 923 3599 978 pos-

1997 1019 2186 1062 sumus
2229 1005 2542 1075 appellarc.
2590 1013 2644 1058 et
2675 1003 3019 1074 negationem
3051 1001 3166 1057 Dei.
3221 1001 3376 1058 Unde
3419 1017 3448 1054 a
3474 1000 3598 1056 Sal—

1998 1109 2189 1155 vatore
2212 1097 2408 1153 dicitur
2432 1095 2500 1152 ad
2526 1095 2746 1153 Judtcos
2773 1113 2788 1150 :
2823 1094 3044 1165 Implete
3073 1111 3370 1148 mensuram
3391 1102 3600 1164 patrum

1997 1200 2289 1246 vestrorum
2313 1188 2535 1262 (Matth.
2569 1205 2732 1254 χχιιι,
2765 1187 2881 1259 32).
2929 1188 3058 1243 liasc
3093 1185 3344 1256 impietas
3373 1202 3491 1254 qua:
3515 1200 3604 1240 se-

2001 1283 2164 1340 debat
2211 1297 2379 1352 super
2422 1291 2642 1352 peccata
2677 1281 2884 1345 Israel,
2939 1286 2993 1334 et
3023 1282 3076 1334 iu
3105 1292 3204 1332 suo
3236 1278 3446 1332 scelere
3487 1279 3604 1348 glo-

2003 1378 2244 1434 riabatur
2269 1417 2285 1442 ,
2337 1388 2527 1447 postea
2557 1375 2789 1430 mittitur
2823 1373 2878 1428 in
2902 1373 3138 1427 medium
3173 1369 3464 1442 Babylonis
3490 1415 3503 1439 ,
3552 1380 3607 1426 et

2003 1470 2337 1542 captivitatis
2359 1469 2503 1542 malo
2527 1468 2810 1539 premitur.
2848 1466 2941 1522 Vel
2959 1466 3113 1530 juxta
3144 1465 3604 1532 Tbeodotionem,

2005 1566 2125 1636 ipsa
2165 1579 2226 1620 se
2257 1563 2481 1635 projicit
2508 1572 2562 1618 et
2611 1561 2901 1618 abscondit
2940 1561 2995 1616 in
3037 1559 3276 1616 medium
3299 1560 3609 1628 amphorae,

2007 1657 2266 1728 ducitque
2311 1671 2480 1727 super
2524 1671 2585 1712 se
2621 1654 2834 1725 pondus
2858 1653 3238 1725 gravissimum
3271 1655 3478 1728 plumbi
3502 1695 3516 1715 .
3553 1665 3612 1710 ut

305 1757 418 1822 cit,
463 1755 618 1827 juxta
667 1753 1022 1826 Septuaginta
1049 1794 1066 1821 ,
1117 1755 1227 1808 hazc
1266 1761 1338 1808 est
1367 1751 1615 1822 iniquitas
1641 1765 1820 1804 eorum
1846 1748 1900 1801 in
1928 1752 1978 1814 B
2005 1751 2317 1810 obturatum
2349 1767 2413 1807 os
2457 1751 2676 1814 habeat,
2707 1760 2761 1805 et
2792 1751 2932 1806 ultra
2955 1764 3015 1806 se
3042 1751 3251 1819 jactare
3274 1766 3380 1807 non
3415 1752 3610 1822 possit.

307 1849 548 1905 universa
594 1857 778 1915 terra;
819 1849 971 1918 juxta
1004 1845 1303 1902 Hebraeos:
1359 1843 1460 1898 Hic
1502 1843 1613 1916 [Αἰ.
1653 1839 1804 1914 Haec]
1835 1849 1907 1894 est

308 1941 508 2007 oculus,
546 1939 597 1996 id
623 1952 730 2011 est,
762 1941 985 1995 ostensio
1012 1938 1255 1994 omnium
1282 1948 1654 2010 peccatorum.
1689 1935 1758 1989 Et
1782 1947 1910 1990 ecce

310 2037 510 2092 mulier
528 2035 753 2092 sedebat
770 2034 822 2090 in
847 2033 1030 2090 medio
1048 2033 1349 2104 amphora),
1369 2032 1452 2088 vel
1477 2045 1770 2094 mensurae,
1791 2044 1911 2099 qua:

311 2129 453 2199 apud
479 2128 740 2183 llebra'os
760 2127 962 2184 dicitur
979 2142 1116 2182 seua
1145 2123 1352 2198 (nam),
1384 2124 1687 2194 crebroque
1716 2137 1744 2175 a
1768 2118 1909 2175 LXX

311 2220 370 2276 in
397 2218 500 2294 οἵφι
537 2217 654 2294 [AL
685 2218 828 2293 ephi]
875 2219 1136 2288 vertitur;
1187 2229 1242 2274 et
1271 2218 1389 2273 hinc
1439 2218 1551 2287 ipsa
1595 2215 1794 2271 mulier
1818 2229 1914 2270 vo-

313 2312 540 2369 (κώδων
562 2312 819 2383 impietas.
853 2311 986 2367 Cum
1019 2312 1135 2368 lucc
1161 2310 1343 2382 itaque
1369 2310 1478 2383 [ΑΙ.
1511 2308 1606 2382 ita]
1638 2315 1910 2373 cerneret,

315 2422 447 2464 ecce
490 2407 754 2463 talentum
788 2407 1019 2479 plumbi,
1061 2405 1113 2462 id
1145 2415 1250 2472 est,
1301 2419 1479 2460 massa
1511 2404 1686 2460 instar
1715 2401 1916 2474 lapidis

316 2497 598 2556 ferebatur
625 2541 641 2566 ,
691 2501 776 2556 vel
825 2515 926 2556 suo
965 2499 1172 2572 impetu
1200 2540 1217 2567 ,
1266 2498 1351 2554 vel
1394 2498 1604 2553 Domini
1644 2496 1914 2567 iussione,

320 2591 410 2648 vel
443 2593 720 2650 ferebatur
748 2593 818 2649 ab
847 2593 955 2648 alio
984 2594 1142 2663 cujus
1175 2607 1372 2648 nomen
1404 2590 1627 2647 tacitura
1656 2597 1762 2646 est.
1805 2589 1918 2645 An-

319 2684 472 2755 gelus
497 2693 676 2741 autem
705 2686 809 2742 iSte
829 2686 919 2757 qui
943 2686 1266 2756 I0quebatur
1295 2685 1357 2740 io'
1374 2684 1660 2756 propheta,
1683 2694 1740 2741 et
1764 2698 1918 2754 egre-

321 2775 480 2833 diens
505 2793 572 2834 ex
603 2793 692 2844 eo,
725 2777 805 2833 illi
848 2779 1100 2846 universa
1129 2778 1508 2844 monstrabat,
1542 2777 1773 2847 arripuit
1798 2791 1919 2830 mu-

321 2873 511 2931 lierem
544 2889 666 2944 qua)
693 2873 988 2930 vocabatur
1015 2874 1294 2946 impietas,
1323 2882 1377 2930 et
1404 2872 1741 2945 praecipitem
1773 2867 1921 2924 misit

321 2964 376 3023 in
401 2965 636 3022 medium
664 2967 963 3037 amphorae,
994 2982 1114 3038 quo
1147 2967 1297 3037 prius
1323 2966 1497 3023 libere
1522 2963 1798 3019 ferebatur
1821 3003 1836 3028 ,
1866 2969 1923 3016 et

322 3071 484 3130 supra
532 3061 853 3128 amphoram
909 3059 1137 3124 sedens,
1185 3059 1440 3114 omnibus
1472 3055 1790 3127 apparebat.
1843 3052 1924 3109 Ac

2015 1845 2113 1901 Vel
2148 1856 2300 1902 certe
2343 1845 2411 1900 ab
2459 1843 2654 1916 angelo
2684 1844 2778 1900 Dei
2807 1843 3137 1914 opprimitur
3159 1890 3172 1913 ,
3224 1854 3281 1900 ut
3311 1861 3432 1916 qua:
3465 1847 3615 1914 prius

2014 1940 2299 1998 ltetabatur
2349 1941 2404 1995 in
2451 1939 2701 2007 scelere,
2758 1949 2969 1994 aeterno
3007 1938 3230 1996 silentio
3255 1940 3610 1996 conticesrat.

2013 2035 2133 2102 Quo
2153 2045 2333 2090 autem
2361 2073 2376 2102 ,
2407 2041 2463 2090 et
2484 2047 2515 2088 a
2545 2033 2746 2104 quibus
2773 2032 3033 2090 conclusa
3077 2040 3349 2102 portetur,
3379 2046 3616 2104 sequens

2016 2128 2181 2186 lectio
2211 2127 2392 2183 docet.

2087 2221 2271 2293 (Vers.
2301 2222 2335 2277 9
2366 2221 2548 2293 seqq.)
2597 2221 2664 2276 Et
2700 2222 2864 2276 levavi
2902 2225 3080 2277 oculos
3109 2238 3276 2288 meos,
3323 2229 3368 2274 et
3401 2221 3503 2276 vidi
3525 2263 3539 2286 ,
3571 2231 3618 2275 et

2015 2329 2129 2368 ecce
2147 2314 2266 2370 dua:
2281 2312 2524 2368 mulieres
2541 2313 2884 2386 egredientes,
2913 2325 2961 2368 et
2982 2313 3196 2386 spiritus
3219 2314 3272 2367 in
3295 2313 3393 2367 alis
3418 2329 3616 2378 eorum,

2017 2417 2066 2465 et
2091 2407 2342 2464 habebant
2366 2407 2482 2463 alas
2510 2411 2658 2480 quasi
2698 2409 2867 2482 819
2900 2409 3013 2463 alas
3041 2407 3214 2473 milvi,
3247 2418 3297 2461 et
3325 2407 3621 2462 levaverunt

2019 2502 2326 2573 amphoram
2351 2503 2487 2557 inter
2516 2511 2711 2556 terram
2736 2514 2782 2556 et
2810 2502 3011 2556 caelum.
3058 2498 3126 2553 Et
3155 2500 3264 2555 dixi
3289 2500 3359 2552 ad
3380 2501 3625 2570 angelum

2019 2595 2107 2664 qui
2138 2592 2444 2664 loquebatur
2469 2595 2523 2650 in
2568 2610 2648 2647 me
2671 2609 2690 2647 :
2719 2593 2836 2658 Quo
2865 2593 2978 2647 ista:
3008 2593 3248 2663 deferunt
3279 2592 3630 2664 amphoram?

2021 2687 2091 2742 Et
2123 2688 2256 2743 dixit
2287 2688 2358 2742 ad
2385 2702 2502 2743 me:
2535 2685 2605 2742 Ut
2636 2687 2927 2756 tediﬁcetur
2955 2689 3003 2742 ei
3025 2687 3214 2742 domus
3240 2687 3464 2740 interra
3497 2685 3630 2742 Sen-

2023 2763 2174 2843 naar,
2209 2791 2254 2834 et
2283 2780 2603 2846 stabiliatur,
2637 2791 2683 2834 et
2713 2789 2940 2850 ponatur
2969 2779 3042 2833 ibi
3069 2796 3225 2846 super
3252 2778 3426 2834 basem
3453 2795 3623 2833 suam.

2023 2872 2208 2930 LXX:
2241 2873 2310 2927 Et
2342 2873 2503 2928 levavi
2533 2873 2708 2926 oculos
2740 2888 2900 2936 meos,
2930 2885 2976 2925 ει
3010 2872 3134 2931 vidi.
3167 2883 3213 2925 et
3235 2887 3349 2924 ecce
3371 2876 3488 2925 dua:
3514 2886 3629 2924 mu-

2025 2968 2172 3022 lieres
2221 2966 2542 3036 egredientes
2567 3006 2583 3031 ,
2629 2974 2678 3019 et
2723 2965 2938 3037 spiritus
2974 2963 3026 3016 in
3059 2963 3158 3016 alis
3189 2979 3388 3026 eorum,
3423 2971 3470 3016 et
3501 2963 3628 3022 ipsa:

2025 3059 2282 3115 habebant
2329 3059 2444 3115 alas
2481 3059 2616 3114 sicut
2654 3059 2754 3113 alte
2794 3067 2915 3113 sunt
2944 3073 3155 3130 upupa’.
3211 3055 3278 3109 Et
3302 3057 3628 3110 clevaverunt

328 3166 397 3206 ne
426 3150 566 3207 forte
597 3167 815 3207 rursum
849 3151 1090 3208 elevaret
1117 3162 1302 3220 caput,
1349 3159 1404 3206 et
1428 3166 1522 3205 sua
1555 3148 1841 3220 iniquitate
1867 3156 1920 3202 et
1949 3165 1996 3231 ρ
2026 3170 2323 3209 mensuram
2359 3154 2494 3208 inter
2515 3163 2708 3208 terram
2739 3164 2787 3206 et
2814 3155 3018 3207 coelum.
3068 3148 3137 3203 Et
3159 3149 3271 3204 dixi
3293 3151 3362 3202 ad
3382 3153 3625 3222 angelum

323 3243 607 3316 impietate
629 3245 913 3315 gauderet,
941 3245 1207 3300 talentum
1231 3243 1434 3316 plumbi
1463 3245 1514 3298 in
1548 3239 1768 3298 modum
1791 3253 1918 3311 gra-

326 3335 536 3392 vissimi
564 3336 762 3407 lapidis
787 3338 952 3394 mittit
991 3336 1047 3393 in
1073 3353 1136 3394 os
1155 3335 1470 3406 amphorae:
1501 3345 1558 3392 ut
1584 3335 1920 3406 impietatem

325 3430 381 3488 in
417 3431 598 3487 medio
644 3433 920 3504 opprimat
964 3445 1126 3500 atque
1152 3431 1488 3498 concludat,
1539 3446 1608 3487 ne
1651 3446 1759 3502 quo
1810 3429 1920 3502 [ΑΙ.

326 3525 569 3598 quoquo]
608 3526 771 3582 modo
796 3525 969 3598 possit
996 3541 1308 3598 erumpere.
1350 3525 1478 3580 llicc
1505 3523 1659 3594 quasi
1697 3522 1924 3577 umbras

325 3618 594 3690 quasdam
637 3628 694 3674 et
735 3619 909 3675 lineas
941 3618 1138 3675 futurae
1166 3617 1420 3692 imaginis
1447 3619 1618 3690 818
1646 3617 1920 3684 duximus,

327 3721 387 3768 ut
440 3713 582 3784 quod
633 3713 900 3784 reliquum
948 3724 1032 3770 est
1083 3716 1200 3770 suis
1251 3713 1527 3768 coloribus
1578 3711 1924 3783 impleamus.

327 3804 569 3876 Angelus
592 3806 683 3877 qui
715 3805 1039 3874 loquebatur
1068 3807 1120 3862 in
1148 3805 1438 3876 prOpheta,
1467 3820 1720 3875 egressus
1740 3805 1810 3860 de
1832 3819 1921 3870 eo,

327 3908 384 3954 et
405 3897 564 3968 quasi
583 3898 836 3955 cominus
859 3899 1110 3970 loquens,
1149 3899 1399 3972 praecipit
1429 3899 1506 3954 illi
1536 3907 1594 3954 ut
1618 3898 1765 3954 levet
1793 3913 1924 3952 ocu-

326 3987 413 4044 los
443 4002 595 4055 suos,
622 3998 679 4045 et
708 3989 892 4045 videat
923 4003 1143 4060 peccata
1186 3991 1371 4061 populi
1411 3989 1581 4046 Israel
1612 3990 1664 4044 in
1697 4003 1924 4045 mensu-

328 4095 445 4137 ram
469 4090 792 4138 coacervata
813 4082 1132 4152 pert‘ectam,
1155 4091 1212 4138 et
1236 4084 1457 4152 impleta
1480 4083 1682 4138 delicta
1704 4090 1928 4138 cuncto-

329 4189 494 4230 rum:
551 4182 609 4232 et
646 4175 789 4230 hanc
837 4190 960 4233 esse
1006 4173 1218 4231 oculum
1243 4192 1456 4244 eorum,
1485 4175 1626 4246 quod
1661 4173 1929 4230 llebraice

329 4264 530 4322 dicitur
557 4283 702 4324 sum
738 4269 917 4340 (ων)
937 4312 952 4337 ,
992 4279 1048 4325 et
1068 4270 1326 4326 scribitur
1350 4285 1450 4342 per
1477 4285 1566 4326 MN
1587 4311 1602 4335 ,
1641 4283 1735 4324 son
1753 4309 1769 4334 ,
1799 4284 1924 4338 sua,

329 4375 482 4418 usu:
529 4362 660 4418 Sive
700 4363 1023 4433 iniquitatem
1053 4380 1272 4430 eorum;
1307 4378 1432 4434 qua:
1454 4362 1500 4417 si
1527 4377 1624 4431 per
1655 4377 1756 4417 van
1786 4361 1932 4416 litte-

331 4469 450 4510 ram
493 4454 697 4524 scripta
725 4465 903 4522 esset,
949 4466 1100 4512 recte
1138 4457 1412 4527 legeretur
1443 4471 1588 4512 oms
1619 4453 1728 4528 [ΑΙ.
1763 4451 1928 4525 unum]

2024 3248 2113 3314 qui
2142 3246 2446 3319 loquebatur
2476 3247 2528 3300 in
2557 3262 2635 3300 me
2661 3263 2674 3300 :
2703 3245 2816 3309 Quo
2861 3245 2975 3300 ista?
3004 3243 3246 3314 deferunt
3281 3258 3576 3296 mensuram
3601 3243 3625 3296 ?

2025 3341 2096 3397 Et
2125 3341 2256 3397 dixit
2297 3341 2366 3395 ad
2391 3357 2471 3394 me
2493 3356 2512 3394 :
2557 3337 2624 3394 Ut
2663 3338 2922 3406 aediﬁcent
2952 3338 2999 3392 ei
3025 3335 3234 3390 domum
3263 3336 3314 3388 in
3355 3346 3492 3389 terra
3521 3333 3626 3388 Ba-

2027 3435 2246 3510 bylonis,
2277 3445 2324 3492 et
2353 3441 2681 3506 prwparent,
2726 3441 2773 3486 et
2803 3442 3002 3504 ponant
3030 3447 3141 3485 eam
3172 3431 3243 3484 ibi
3272 3447 3430 3499 super
3455 3430 3624 3484 sedent

2026 3547 2196 3584 suam.
2228 3529 2374 3584 Duas
2398 3527 2656 3585 mulieres
2685 3527 3058 3599 egredientes,
3089 3525 3261 3582 Judaei
3285 3527 3628 3581 arbitrantur

2027 3637 2254 3693 regnum
2283 3621 2563 3676 Medorum
2588 3630 2644 3674 et
2672 3619 3053 3688 Macedmium,
3081 3634 3315 3690 quorum
3341 3629 3628 3690 utrumque

2028 3715 2286 3771 amiserit
2306 3714 2566 3787 populum
2593 3712 2978 3784 Babylonium,
2998 3724 3052 3769 et
3076 3712 3146 3766 ibi
3172 3711 3422 3782 impietas
3440 3727 3627 3767 corum

2027 3808 2212 3864 sedem
2245 3807 2506 3876 posuerit.
2535 3805 2652 3861 Hoc
2671 3814 2852 3861 autem
2879 3812 2998 3861 arte
3025 3804 3364 3875 conﬁngunt,
3399 3820 3463 3858 ne
3484 3805 3625 3875 quod

2029 3900 2098 3958 de
2124 3916 2184 3956 se
2217 3899 2420 3956 dictum
2449 3910 2556 3968 est,
2599 3901 2653 3954 in
2677 3913 2737 3954 se
2764 3898 3124 3971 intelligatur.
3173 3898 3303 3954 Duae
3333 3898 3477 3954 enim
3510 3914 3626 3954 mu-

2030 3993 2200 4049 lieres
2238 4007 2363 4064 qum
2388 3990 2764 4063 egrediuntur,
2794 3992 2935 4047 haud
2967 3991 3190 4046 dubium
3222 3992 3351 4064 quin
3384 3992 3451 4046 de
3485 3995 3632 4048 terra

2030 4087 2241 4154 Judtea,
2274 4086 2606 4159 accipienda:
2632 4096 2761 4142 sunt
2788 4085 2973 4142 decem
3007 4096 3061 4140 et
3090 4084 3213 4140 duae
3243 4085 3415 4142 tribus
3445 4104 3457 4141 :
3488 4102 3621 4156 qua—

2031 4199 2150 4240 rum
2199 4182 2386 4239 altera:
2427 4181 2498 4237 ab
2532 4180 2811 4254 Assyriis,
2859 4181 3045 4237 alterm
3082 4195 3114 4234 a
3143 4178 3417 4236 Chaldmis
3459 4191 3630 4248 capta:

2031 4287 2178 4332 sunt.
2228 4275 2295 4333 Et
2321 4275 2376 4330 in
2405 4277 2504 4330 alis
2530 4291 2709 4330 earum
2740 4283 2850 4328 erat
2880 4273 3119 4344 spiritus,
3160 4272 3213 4326 id
3242 4281 3360 4338 est,
3390 4283 3630 4342 porestas

2033 4369 2258 4435 diaboli,
2301 4367 2370 4424 de
2398 4383 2507 4438 quo
2539 4369 2590 4422 in
2621 4368 2957 4423 Ecclesiaste
2985 4367 3245 4436 scriptum
3275 4376 3393 4421 est:
3428 4365 3491 4421 Si
3519 4368 3630 4436 spi—

2035 4465 2164 4518 ritus
2218 4470 2522 4534 potestatem
2568 4460 2802 4515 habentis
2847 4460 3135 4514 ascenderit
3166 4476 3321 4528 super
3351 4468 3430 4526 te,
3463 4459 3632 4515 locum

333 4546 540 4620 (D118),
573 4558 632 4603 ut
657 4546 802 4603 LXX
836 4556 1204 4618 putaverunt:
1233 4556 1289 4604 et
1319 4548 1408 4604 hic
1426 4562 1584 4603 error
1609 4547 1661 4602 in
1692 4545 1916 4602 editione

2035 4566 2179 4612 tuum
2207 4572 2271 4611 ne
2299 4556 2554 4610 dimiseris
2601 4554 2772 4626 (Eccl.
2806 4570 2839 4609 ι
2857 4595 2872 4620 ,
2900 4553 2980 4626 4).
3032 4554 3098 4609 ΕΙ.
3130 4554 3182 4609 in
3211 4555 3502 4625 Evangelio
3522 4557 3635 4628 spi~

334 4638 563 4711 Vulgata
593 4642 905 4712 frequenter
935 4640 1200 4709 inolevit,
1245 4652 1302 4696 ut
1342 4641 1471 4711 quia
1503 4654 1607 4695 vau
1640 4649 1692 4695 et
1725 4652 1817 4694 ton
1845 4638 1932 4692 lit-

335 4739 471 4790 terae
489 4732 678 4790 eadem
701 4733 899 4802 forma,
921 4734 1018 4791 sed
1038 4749 1292 4790 mensura
1312 4734 1544 4790 diversae
1564 4741 1695 4789 sunt
1718 4774 1734 4800 ,
1762 4732 1933 4788 altera

336 4823 548 4896 legatur
591 4841 690 4897 pro
737 4827 934 4882 altera.
1014 4827 1143 4883 llaec
1191 4828 1452 4899 amphora
1489 4828 1606 4884 sive
1653 4841 1934 4892 mensura,

337 4918 524 4974 oculus
565 4933 754 4974 eorum
794 4928 882 4976 est
925 4920 978 4976 in
1025 4920 1277 4977 universa
1302 4930 1470 4992 terra,
1501 4920 1605 4976 hoc
1626 4930 1940 4988 est,oslen-

338 5011 422 5067 sio
461 5021 806 5083 peccatorum
837 5055 852 5080 ,
897 5021 954 5068 ut
1007 5030 1238 5086 quorum
1287 5015 1420 5071 vitia
1460 5014 1706 5084 dispersa
1749 5014 1932 5069 latita-

341 5101 472 5158 bant
491 5145 507 5170 ,
533 5104 588 5160 in
616 5121 782 5161 unum
805 5116 1130 5163 coacervata
1158 5105 1328 5163 oculis
1359 5107 1602 5163 omnium
1635 5105 1938 5177 penderen-

342 5207 466 5268 tur,
515 5209 574 5255 ut
616 5201 971 5272 egrederetur
1015 5201 1085 5259 de
1117 5202 1240 5258 loco
1276 5217 1377 5257 suo
1404 5200 1570 5258 lsrael
1594 5243 1609 5267 ,
1644 5211 1699 5256 et
1724 5201 1938 5256 cunctis

341 5294 594 5364 gentibus
617 5297 794 5367 qualis
825 5297 878 5353 in
911 5311 1051 5354 terra
1083 5311 1177 5352 sua
1211 5296 1392 5363 fuerit,
1423 5305 1836 5352 monstraretur.
1872 5293 1942 5350 Et

344 5399 473 5442 ecce
495 5388 751 5442 talentum
774 5389 976 5460 plumbi
1000 5390 1340 5461 portabatur.
1362 5388 1468 5444 Pro
1487 5388 1692 5446 talento
1711 5387 1938 5460 plumbi,

345 5479 402 5537 in
432 5485 894 5554 consequentibus
936 5486 1168 5556 legimus
1207 5484 1442 5558 lapidem
1475 5484 1699 5556 plumbi.
1744 5482 1938 5538 Talen-

422 5617 662 5695 ﬂ_l§'ostri
694 5633 825 5695 mss.
861 5619 1084 5695 ipseque
1114 5621 1480 5695 Hieronymus
1507 5620 1560 5676 in
1590 5619 1832 5676 subnexa
1855 5632 1948 5674 ex-

348 5689 646 5763 positione,
672 5688 912 5763 sedebat}
943 5688 1259 5761 praeferunt.

421 5762 447 5801 ι’
479 5760 854 5818 Conierendus
879 5760 1143 5818 llelianus
1174 5766 1310 5822 llist.
1331 5764 1534 5822 animal
1563 5763 1660 5821 lib.
1686 5777 1937 5833 xm,cap.

629 5856 844 5920 Puno
861 5874 918 5918 ι.
967 5856 1181 5920 XXV.

2035 4653 2196 4708 ritum
2230 4648 2565 4704 immundum
2592 4647 2822 4720 legimus
2841 4647 3080 4718 quicum
3110 4647 3177 4703 de
3207 4647 3368 4704 domo
3396 4665 3494 4705 sua
3520 4652 3632 4706 lue-

2034 4745 2106 4800 rit
2134 4744 2375 4814 ejectus,
2410 4742 2744 4798 circumiens
2785 4741 3000 4796 deserta
3044 4752 3098 4797 et
3134 4741 3317 4809 arida,
3366 4759 3488 4800 cum
3515 4743 3637 4799 aliis

2038 4846 2248 4908 septem
2282 4834 2569 4906 spiritibus
2601 4834 2958 4904 aequioribus
2989 4850 3080 4901 se,
3113 4835 3408 4890 revertitur
3441 4837 3491 4890 in
3519 4838 3634 4906 pri-

2039 4929 2235 4984 stinam
2263 4927 2482 4983 domum
2525 4925 2679 4996 (Luc.
2710 4929 2809 4992 xi).
2855 4923 2936 4979 Ab
2967 4924 3068 4980 hoc
3100 4926 3263 4995 igitur
3293 4927 3486 4998 spiritu
3514 4927 3636 4983 ista:

2042 5022 2302 5078 mulieres
2328 5020 2488 5094 quasi
2521 5031 2684 5077 vento
2713 5021 2956 5092 ﬂatuque
2978 5029 3226 5091 raptatae,
3263 5021 3445 5077 volatu
3471 5024 3636 5079 celeri

2039 5115 2400 5181 ferebantur,
2451 5126 2507 5172 et
2560 5113 2838 5168 habebant
2890 5113 3044 5179 alas;
3099 5113 3250 5182 juxta
3311 5113 3638 5172 Hebraicum

2043 5224 2198 5266 ssm
2232 5207 2451 5279 (7mm)
2478 5248 2492 5270 .
2525 5206 2669 5275 quod
2697 5206 2920 5273 Aquila,
2953 5204 3348 5277 Symmachus,
3383 5214 3438 5262 et
3462 5207 3642 5263 Theo-—

2044 5299 2195 5357 dotio
2235 5300 2612 5364 herodionem;
2646 5299 2743 5353 soli
2781 5297 2922 5352 LXX
2957 5314 3187 5368 upupam
3220 5300 3639 5355 transtulerunt.

2045 5389 2074 5430 δ
2106 5391 2326 5447 Asidam
2376 5390 2588 5446 Hebraei
2641 5389 2854 5444 miluum
2884 5399 3108 5459 putant,
3155 5404 3310 5445 avem
3345 5395 3639 5460 rapacissi-

2044 5499 2207 5549 mam,
2225 5491 2278 5540 et
2299 5498 2516 5556 semper
2538 5481 2856 5538 domesticis
2879 5481 3066 5536 avibus
3081 5482 3424 5537 insidiantem
3441 5500 3456 5548 ;
3475 5488 3638 5541 hero—

2053 5619 2144 5674 22.
2188 5621 2328 5674 Sunt
2352 5621 2440 5690 qui
2465 5619 2732 5677 ciconiam
2757 5617 2940 5675 dicant
2961 5658 2977 5687 ,
3009 5633 3039 5674 a
3071 5617 3267 5690 quibus
3295 5619 3550 5678 dissentit
3577 5625 3652 5680 O-

2053 5690 2447 5763 lympiodorus.

3037 5844 3112 5907 Mi
