4056 6342
479 223 614 282 1451

1723 225 1782 282 S.
1827 223 2098 282 EUSFBI]
2135 225 2518 294 HIERONYMI

3635 237 3662 292 1
3673 233 3786 286 53'}.

477 339 692 395 dionem
725 347 878 402 vero,
913 333 966 390 bi
1001 335 1090 406 qui
1122 335 1191 392 de
1217 333 1498 392 volucrum
1531 337 1800 408 scripsere
1831 339 2064 406 naturis,
2095 341 2146 402 Α
2171 359 2236 414 ga
2261 343 2486 396 secunda
2514 343 2630 414 equi
2659 343 2818 414 nigri,
2851 351 2900 408 et
2939 345 2994 400 in
3021 345 3278 420 quadriga
3309 346 3456 406 tertia
3497 347 3614 420 equi
3655 347 3790 410 albi,

475 433 578 488 tria
609 445 810 502 genera
833 437 1144 486 autumant:
1171 445 1336 486 unum
1359 429 1562 500 album,
1593 431 1738 486 aliud
1763 431 2066 494 stellatum;

477 527 698 584 tertium
727 527 942 596 nigrum
968 567 982 590 ,
1021 525 1164 596 quod
1191 533 1240 580 et
1273 525 1630 580 smvissimum
1661 531 1746 582 est
1773 533 1830 580 et
1855 525 2072 598 sangui-

475 623 690 678 narium
713 665 728 690 ,
761 631 816 676 et
843 635 1090 692 pugnans
1114 620 1180 676 ad
1208 619 1414 676 coitum
1439 619 1766 690 impatiens:
1813 619 1890 674 ita
1919 625 1977 674 ut
2001 633 2068 676 ex

468 717 644 772 oculis
669 731 860 772 eorum
891 725 1152 794 erumpat
1179 729 1362 770 cruor.
1391 713 1638 784 Upupam
1673 721 1876 778 autem,
1905 725 2066 784 quam

467 823 568 866 nos
611 809 680 864 de
719 809 894 865 Graeci
939 807 1179 864 nominis
1207 805 1570 862 similitudine
1603 805 1872 858 traximus
1917 803 2066 872 (nam

465 911 520 958 et
563 901 666 974 ipsi
707 919 896 972 papam
923 901 1205 972 appellant
1247 901 1314 954 ab
1357 913 1424 955 eo
1451 940 1464 964 ,
1507 895 1652 969 quod
1683 907 1934 952 stercora
1963 893 2068 950 hu.-

465 1011 628 1052 mana
657 995 1096 1070 consideret[At.
1130 993 1484 1066 consideat]),
1513 1007 1668 1048 avem
1703 991 2070 1064 dicuntszo

467 1101 594 1144 esse
624 1089 1032 1158 spurcissimam
1059 1135 1072 1156 ,
1104 1101 1324 1158 semper
1353 1087 1406 1142 in
1437 1085 1730 1158 sepulcris,
1761 1097 1978 1154 semper
2011 1083 2064 1136 in

467 1177 710 1234 humano
741 1191 984 1236 stercore
1013 1187 1444 1236 commorautcm
1475 1195 1486 1230 :
1532 1177 1766 1246 denique
1796 1185 1848 1230 et
1881 1174 2064 1230 nidum

463 1287 534 1328 ex
581 1287 648 1328 eo
701 1271 880 1328 facere
929 1272 1172 1338 dicitur,
1215 1279 1272 1326 et
1293 1271 1472 1342 pullos
1499 1269 1726 1324 suos'de
1757 1265 2068 1324 vermiculis

466 1363 730 1418 stercoris
758 1363 904 1418 alere
935 1361 1318 1434 putrescentis.
1363 1361 1774 1430 Quamcumque
1797 1373 1860 1413 ex
1893 1357 2066 1412 tribus

461 1458 654 1513 avibus
703 1459 1008 1529 intelligere
1055 1457 1294 1514 volueris
1341 1457 1591 1524 asidam,
1643 1453 1898 1510 convenit
1945 1451 2066 1506 istis

465 1553 787 1608 mulieribus
815 1553 970 1610 Juda:
995 1594 1010 1618 ,
1067 1561 1124 1608 et
1169 1551 1357 1608 lsraeli
1383 1593 1398 1619 ,
1445 1565 1568 1622 quae
1591 1557 1814 1622 propter
1845 1555 2064 1620 peccata

463 1647 704 1718 putentia
735 1647 950 1703 traditae
981 1657 1104 1708 sunt
1135 1647 1442 1702 datmonum
1471 1645 1764 1718 potestati,
1799 1653 1854 1698 et
1881 1643 1950 1696 ab
1979 1643 2062 1696 eis

2171 444 2220 488 et
2249 435 2302 488 in
2323 435 2582 510 quadriga
2607 447 2792 512 quarta
2821 439 2938 510 equi
2967 439 3096 494 rarii
3123 451 3170 494 et
3213 439 3392 516 fortes.
3419 438 3486 496 Et
3517 439 3788 506 respondi,

2173 535 2220 578 et
2247 525 2364 580 dixi
2393 528 2460 582 ad
2509 529 2751 602 angelum
2779 532 2866 600 qui
2907 531 3208 610 loquebatur
3235 533 3288 588 in
3327 549 3406 588 me
3429 549 3449 590 ε
3479 533 3620 604 Quid
3669 543 3792 588 sunt

2173 615 2302 686 ha'c,
2331 617 2536 674 domine
2563 621 2634 674 mi
2655 623 2680 674 ?
2715 619 2782 678 Et
2812 623 3078 692 respondit
3108 624 3346 702 angelus,
3378 635 3424 680 et
3455 625 3528 678 ait
3565 623 3634 686 ad
3667 640 3748 682 me
3769 639 3790 677 :

2159 709 2274 798 .1in
2315 723 2436 774 sunt
2473 723 2696 786 quatuor
2721 717 2858 776 uenti
2887 717 3022 786 attuli,
3055 719 3144 792 qui
3183 720 3540 790 egrediuntur,
3569 727 3626 778 ut
3653 727 3792 774 stent

2171 823 2348 864 coram
2377 809 2712 868 Dominatore
2743 813 2910 872 omnis
2935 823 3108 880 terrai.
3137 812 3204 878 In
3241 831 3342 886 qua
3379 825 3526 882 erant
3553 813 3672 886 equi
3705 813 3790 866 ni-

2169 903 2276 970 gri,
2307 905 2708 972 egrediebantur
2737 909 2792 964 in
2819 919 3012 968 terrain
3043 909 3338 980 Aquilonis,
3369 921 3416 974 et
3465 909 3572 970 albi
3599 907 3796 982 egressi

2171 1003 2292 1050 sunt
2325 1005 2440 1068 post
2471 1013 2576 1064 eos,
2635 1010 2684 1054 et
2714 999 2848 1058 varii
2879 1001 3068 1076 egressi
3107 1011 3226 1056 sunt
3255 1002 3324 1060 ad
3355 1013 3544 1064 terram
3587 1003 3790 1058 Austri.

2175 1085 2278 1160 Qui
2307 1097 2476 1144 autem
2517 1101 2666 1146 erant
2699 1093 3070 1162 robustissimi,
3107 1096 3364 1162 exierunt,
3407 1105 3454 1152 et
3495 1095 3794 1166 quwrebaut

2171 1177 2246 1236 ire
2273 1191 2318 1234 et
2350 1183 2642 1240 discurrere
2671 1203 2760 1256 per
2789 1201 2989 1242 omnem
3033 1197 3242 1244 terram.
3293 1187 3358 1242 Et
3399 1187 3571 1242 dixit:
3615 1189 3700 1242 Ite
3743 1199 3794 1244 et

2169 1275 2526 1348 pet-ambulate
2551 1287 2766 1348 terram,
2791 1289 2838 1338 et
2857 1281 3344 1352 perambulaverunt
3367 1293 3578 1342 terram.
3611 1281 3680 1336 Et
3699 1299 3792 1338 uo-

2169 1367 2302 1424 cauit
2329 1385 2428 1432 me,
2469 1379 2516 1422 et
2539 1369 2744 1434 locutus
2785 1383 2860 1428 est
2887 1373 2958 1428 ad
2985 1391 3090 1438 me,
3123 1375 3336 1434 dicens:
3369 1375 3498 1434 Ecce
3527 1377 3620 1448 qui
3649 1391 3794 1448 egre-

2169 1457 2388 1512 diuntur
2437 1461 2490 1516 in
2525 1471 2710 1526 terram
2755 1466 3052 1536 Aquilonis,
3081 1467 3398 1540 requiescere
3423 1469 3656 1538 fecerunt
3683 1471 3796 1540 spi-

2165 1551 2326 1606 ritum
2380 1569 2552 1614 meum
2595 1557 2650 1610 in
2673 1565 2810 1612 terra
2843 1559 3136 1629 Aquilonis.
3181 1559 3328 1618 LXX
3361 1577 3374 1616 :
3411 1559 3476 1622 Et
3515 1577 3794 1620 cont-crsu:

2167 1657 2306 1708 sunt,
2351 1655 2398 1698 et
2437 1646 2596 1702 leuari
2627 1651 2800 1706 oculos
2831 1667 2990 1718 meos,
3033 1661 3084 1708 et
3121 1653 3266 1712 vidi:
3298 1653 3362 1710 Et
3401 1671 3518 1716 ecce
3565 1663 3794 1726 quatuor

461 1739 640 1796 ductas
669 1741 720 1796 in
747 1741 1136 1812 captivitatem.
1185 1739 1562 1810 Tuleruntque
1597 1737 1918 1810 amphoram
1949 1739 2066 1792 sive
2101 1727 2144 1796 Β
2169 1737 2438 1812 quadriga:
2483 1739 2803 1814 egredientes
2833 1743 2896 1804 de
2941 1745 3113 1800 medio
3160 1745 3392 1804 duorum.
3417 1747 3693 1812 montium,
3745 1757 3794 1804 et

463 1849 800 1900 mensuram,
835 1835 890 1888 in
919 1849 1024 1906 qua
1055 1835 1238 1890 clausa
1263 1833 1546 1888 tenebatur
1575 1831 1846 1900 impietas,
1881 1845 2060 1884 massa

461 1925 676 1998 plumbi
707 1927 946 1998 desuper
975 1927 1152 1998 posita
1199 1941 1268 1980 ne
1309 1923 1480 1996 possit
1509 1925 1660 1980 exire
1685 1965 1698 1988 ,
1755 1931 1810 1978 et
1855 1921 2064 1991 pondus

464 2023 846 2092 gravissimum
903 2021 1150 2076 omnium
1195 2027 1540 2090 peccatorum
1573 2031 1674 2087 per
1697 2031 1878 2072 aerem
1921 2015 2064 2070 inter

465 2123 666 2170 terram
699 2123 754 2170 et
783 2115 978 2170 coelum
1011 2123 1060 2170 α.
1097 2113 1254 2182 Quod
1289 2113 1552 2182 propheta
1589 2109 1921 2180 intelligens,
1951 2123 2064 2163 non

463 2207 835 2280 interrogabat
861 2207 970 2281 [Αι.
1005 2203 1326 2278 interrogat]
1364 2219 1484 2274 quae
1515 2207 1625 2260 sint
1657 2204 1774 2258 ista:
1805 2203 2064 2258 mulieres

463 2301 710 2370 (patebat
741 2301 890 2356 enim
921 2299 1138 2372 spiritui
1163 2298 1498 2371 prophetali)
1529 2312 1630 2352 nec
1659 2296 1789 2370 quid
1823 2303 2059 2366 portent,

463 2393 532 2449 de
571 2407 682 2464 quo
721 2409 882 2464 supra
937 2395 1112 2448 fuerat
1159 2393 1454 2456 eruditus;
1507 2389 1602 2444 sed
1663 2403 1772 2460 quo
1823 2397 2062 2458 portent.

461 2485 706 2556 Denique
737 2487 1014 2558 sequitur:
1051 2483 1176 2540 Dixi
1205 2485 1272 2540 ad
1299 2483 1542 2555 angelum
1567 2483 1654 2550 qui
1683 2479 1990 2551 loquebatur
2013 2485 2064 2532 in

465 2593 584 2633 me:
634 2579 748 2644 Quo
789 2579 904 2632 ista:
941 2579 1182 2648 deferunt
1215 2575 1566 2646 amphoram?
1613 2573 1714 2642 Qui
1747 2571 2062 2643 respondit:

469 2671 540 2728 Ut
577 2673 866 2740 aedificetur
913 2673 958 2726 ei
1001 2671 1184 2726 domus
1237 2671 1292 2724 in
1341 2679 1482 2724 terra
1523 2665 1782 2724 Sennaar.
1821 2665 1928 2720 Pro
1957 2679 2066 2734 quo

469 2767 820 2836 Septuaginta
873 2765 1292 2830 transtulerunt,
1335 2766 1390 2818 in
1419 2771 1558 2818 terra
1589 2759 1894 2832 Babylonis.
1929 2763 2058 2816 Sen-

465 2875 598 2916 naar
643 2863 788 2914 enim
829 2875 1056 2930 campus
1094 2869 1180 2914 est
1220 2857 1636 2922 Cltaldazorum,
1681 2857 1732 2909 in
1757 2871 1864 2926 quo
1889 2855 1942 2910 bi
1973 2855 2066 2934 qui

457 2961 742 3008 moverant
767 2951 836 3008 ab
857 2953 1080 3008 Oriente
1105 2951 1274 3022 pedes
1307 2965 1436 3007 suos
1457 2993 1472 3016 ,
1506 2961 1562 3005 et
1593 2953 1644 3006 in
1677 2949 1772 3006 Dei
1801 2949 2066 3004 servitute

457 3055 608 3100 stare
653 3061 758 3098 non
791 3051 1084 3114 poterant,
1135 3043 1544 3098 :rdilicaveruut
1573 3045 1762 3098 turrim
1793 3041 2064 3112 superbia:

2167 1841 2362 1886 montes
2393 1843 2542 1888 erant
2573 1845 2768 1892 montes
2797 1837 2950 1894 amri.
2983 1837 3052 1892 In
3073 1839 3336 1912 quadriga
3361 1841 3532 1912 prima
3554 1841 3678 1912 equi
3699 1857 3792 1898 ru-

2165 1921 2225 1990 fi,
2257 1931 2304 1976 et
2335 1923 2388 1976 in
2417 1927 2678 2000 quadriga
2721 1927 2950 1984 secunda
2995 1929 3112 2000 equi
3155 1931 3314 2002 nigri,
3348 1941 3396 1984 et
3445 1933 3500 1986 in
3536 1932 3798 2004 quadriga

2167 2015 2322 2074 tertia
2349 2017 2470 2088 equi
2495 2019 2622 2084 albi,
2653 2031 2698 2074 et
2725 2021 2780 2074 in
2811 2022 3070 2094 quadriga
3093 2033 3280 2096 quarta
3305 2024 3422 2094 equi
3453 2025 3582 2078 varii
3603 2025 3798 2078 sturni-

2167 2109 2240 2162 ni.
2275 2107 2338 2163 Et
2367 2111 2633 2184 respondi,
2675 2123 2724 2168 et
2769 2115 2882 2172 dixi
2909 2115 2978 2168 ad
3009 2115 3250 2188 angelum
3291 2117 3380 2186 qui
3411 2117 3716 2188 loquebatur
3743 2118 3794 2172 in

2167 2219 2248 2256 me
2271 2218 2288 2254 :
2323 2203 2466 2272 Quid
2491 2217 2612 2260 sunt
2641 2207 2776 2276 htec,
2807 2207 3020 2266 domine
3043 2211 3066 2264 ?
3089 2219 3138 2266 et
3169 2209 3440 2282 respondit
3467 2212 3684 2282 angelus
3709 2227 3776 2282 qu

2171 2297 2484 2368 loquebatur
2513 2299 2566 2352 in
2596 2315 2702 2366 me,
2727 2311 2774 2356 et
2797 2301 2932 2358 dixit
2959 2319 2972 2356 :
2997 2301 3074 2356 Hi
3095 2315 3217 2358 sunt
3239 2315 3460 2380 quatuor
3491 2307 3630 2360 uenti
3657 2305 3796 2367 (teli.

2167 2390 2256 2460 qui
2277 2393 2620 2464 egrediuntur
2659 2405 2710 2450 ut
2755 2397 3002 2452 assistant
3049 2396 3272 2454 Domino
3313 2399 3484 2454 omnis
3527 2411 3700 2456 terrae.
3735 2399 3800 2455 In

2167 2499 2268 2560 quo
2299 2495 2446 2539 erant
2473 2488 2590 2556 equi
2619 2488 2777 2559 nigri,
2811 2489 3210 2560 egrediebantur
3231 2507 3386 2560 super
3409 2501 3604 2546 terram
3635 2493 3798 2564 Aqui-

2169 2573 2326 2642 lonis,
2351 2585 2398 2630 et
2419 2577 2530 2632 albi
2551 2580 2948 2650 egrediebantur
2975 2591 3090 2652 post
3117 2598 3226 2648 eos,
3255 2591 3300 2638 et
3345 2583 3476 2640 uarii
3497 2582 3708 2640 exibant
3745 2587 3798 2638 in

2169 2675 2362 2720 terram
2393 2669 2594 2740 Austri,
2637 2681 2684 2726 et
2707 2674 2936 2728 sturnini
2975 2675 3388 2746 egrediebantur,
3425 2685 3474 2732 et
3497 2677 3796 2732 considera-

2171 2762 2294 2816 bant
2315 2773 2368 2818 ut
2409 2766 2682 2821 circuircnt
2713 2779 2924 2824 terram.
2961 2767 3028 2824 Et
3059 2771 3192 2824 dixit
3215 2785 3234 2826 .'
3263 2769 3290 2830 ι
3301 2781 3348 2826 te
3373 2779 3422 2824 et
3451 2771 3664 2826 circuite
3695 2779 3798 2826 ter-

2169 2867 2306 2920 ram,
2339 2863 2388 2908 et
2419 2857 2734 2912 circuierunt
2766 2869 2960 2916 terram
2982 2853 3012 2916 τ’
3033 2869 3080 2916 et
3109 2863 3372 2928 clamavit,
3405 2875 3452 2920 et
3477 2863 3688 2920 locutus
3723 2875 3796 2920 est

2169 2945 2240 2996 ad
2269 2961 2347 2999 me
2371 2947 2546 3002 dicens
2569 2965 2588 3003 :
2623 2947 2752 3004 Ecce
2773 2953 2860 3021 qui
2887 2953 3220 3024 egrediuntur
3244 2971 3398 3028 super
3421 2965 3610 3010 terram
3633 2955 3798 3026 Aqui-
3863 2980 3868 2986 ·

2171 3037 2338 3092 lanis:
2363 3041 2680 3110 requiescere
2701 3043 2938 3114 fecerunt
2961 3047 3188 3116 furorem
3213 3063 3382 3108 meum
3405 3047 3618 3104 interra
3635 3047 3800 3118 Aqui-

461 3137 678 3210 (Genes.
709 3135 830 3208 xi);
863 3137 1010 3192 unde
1039 3147 1094 3192 et
1123 3137 1318 3192 civitas
1345 3135 1462 3204 ipsa
1487 3135 1758 3206 appellata
1785 3143 1870 3190 est
1895 3133 2072 3204 Babg-
2096 3119 2140 3182 C
2175 3127 2330 3182 lanis.
2359 3129 2636 3202 Tt-ansivi,
2671 3135 2773 3202 ait,
2821 3135 2886 3192 ad
2939 3135 3100 3196 aliaat
3149 3137 3444 3206 visionem,
3497 3147 3552 3194 et
3604 3139 3800 3196 oculos

464 3233 579 3298 ton,
607 3231 660 3286 id
685 3239 790 3298 est,
819 3231 1080 3302 confusio,
1105 3245 1172 3284 eo
1195 3227 1334 3298 quod
1359 3229 1440 3283 ibi
1463 3229 1658 3298 lingua:
1677 3229 1920 3284 omnium
1939 3243 2070 3282 con-

467 3323 602 3378 fusa!
651 3325 762 3378 sint
815 3331 977 3393 atque
1031 3321 1336 3392 permixta}.
1381 3319 1636 3390 Impietas
1667 3335 1800 3389 ergo
1827 3319 2074 3375 defertur

471 3419 540 3472 ab
573 3417 690 3472 istis
733 3417 1058 3472 mulieribus
1099 3415 1152 3470 in
1181 3413 1548 3486 Babylonem:
1591 3421 1650 3468 ut
1675 3413 1748 3470 ibi
1775 3413 2074 3468 :rditlcetur

471 3513 670 3570 domus
701 3511 843 3582 ejus,
885 3521 940 3566 et
969 3509 1301 3574 stabiliatur,
1348 3519 1402 3564 et
1431 3517 1664 3579 ponatur
1693 3523 1860 3576 super
1887 3507 2072 3562 basem

475 3623 628 3664 suam
653 3649 670 3676 ,
713 3615 770 3664 et
797 3615 996 3662 interna
1029 3605 1264 3660 statione
1295 3603 1624 3674 requiescat.
1678 3601 1818 3656 Vere
1845 3601 1988 3654 enim
2021 3599 2072 3654 in

477 3701 756 3772 Babylone
793 3699 956 3752 sedes
983 3706 1068 3752 est
1091 3695 1386 3766 impietatis
1405 3739 1418 3762 ,
1450 3707 1500 3749 et
1527 3695 1678 3764 juxta
1715 3693 1994 3748 historiam
2023 3701 2078 3747 ct

471 3795 624 3864 juxta
653 3791 914 3863 mysticus
944 3789 1272 3844 intellectus.
1302 3787 1362 3843 Si
1395 3787 1634 3842 volucris
1655 3785 1792 3840 duas
1819 3783 2078 3841 inutiercs

477 3889 728 3958 accipere
751 3885 1132 3942 haereticorum
1161 3885 1388 3954 populos
1415 3891 1468 3938 et
1487 3881 1799 3938 Iudaeorum
1823 3883 2078 3952 (quorum

485 3981 702 4050 utrique
733 3977 1088 4050 egrediuntur
1133 3991 1164 4031 a
1195 3975 1332 4030 facie
1363 3975 1456 4030 Dei
1477 4019 1490 4038 ,
1519 3987 1572 4031 et
1607 3975 1801 4044 spiritu
1837 3975 2082 4030 feruntur

483 4077 719 4138 incerto,
743 4085 796 4128 et
819 4073 1020 4126 habent
1043 4071 1156 4125 alas
1175 4071 1350 4134 milvi,
1375 4069 1610 4134 herodii,
1631 4079 1688 4124 ct
1711 4083 1926 4139 upupa},
1954 4067 2078 4122 dum

481 4181 702 4236 semper
723 4165 775 4220 in
805 4163 1024 4218 modum
1059 4161 1295 4232 perdicis
1318 4161 1524 4216 faciunt
1551 4159 1794 4224 divitias,
1823 4175 1928 4214 non
1959 4173 2080 4214 cum

479 4259 687 4332 judicio
713 4255 936 4328 (Jerem.
963 4255 1118 4324 xvn),
1153 4261 1210 4310 ct
1233 4253 1300 4308 de
1321 4251 1560 4308 Ecclesia
1585 4267 1776 4322 rapere
1801 4251 2082 4318 festinant,

483 4361 538 4410 ct
565 4347 1012 4408 contentionibus
1033 4363 1094 4402 ac
1119 4345 1315 4416 jurgiis
1337 4345 1698 4410 delectantur,
1723 4353 1776 4398 ct
1795 4357 2086 4415 quoscum-

489 4461 594 4516 que
623 4441 966 4514 deceperint,
999 4439 1222 4495 trahunt
1247 4439 1314 4492 ad
1359 4439 1658 4506 interitum,
1689 4439 2004 4492 volutantur
2033 4437 2086 4492 in

2173 3219 2357 3276 cordis
2383 3223 2488 3278 mei
2519 3223 2584 3278 ad
2615 3227 2820 3286 cadum
2847 3227 3016 3284 altius
3045 3229 3332 3286 sublevavi
3359 3249 3372 3284 :
3415 3232 3638 3306 vidique
3667 3247 3800 3304 qua-

2177 3321 2304 3368 tuor
2329 3317 2622 3390 quadrigas
2651 3319 3002 3392 egredientes
3041 3323 3109 3384 de
3159 3325 3340 3382 medio
3369 3325 3606 3384 duorum
3637 3343 3800 3384 mon-

2177 3407 2310 3461 tium
2335 3409 2430 3478 qui
2461 3423 2618 3466 erant
2649 3415 2810 3480 aenei,
2839 3415 2892 3468 id
2918 3423 3026 3482 est,
3063 3415 3465 3488 insuperabiles
3491 3429 3656 3494 atque
3685 3421 3800 3476 for-

2177 3501 2398 3566 tissimi,
2423 3513 2480 3560 et
2507 3505 2596 3574 qui
2625 3505 2774 3560 nulla
2803 3519 3027 3578 pOSsent
3057 3517 3328 3566 vetustate
3351 3513 3624 3572 consumi.
3649 3512 3802 3582 Quos

2176 3593 2322 3646 enim
2351 3609 2516 3666 supra
2547 3607 2762 3656 montes
2799 3599 2964 3676 822
2993 3609 3256 3674 myrteos,
3287 3603 3372 3660 vel
3405 3603 3696 3662 umbrosas
3721 3605 3804 3662 di-

2179 3693 2336 3740 xerat
2381 3699 2548 3756 atque
2579 3705 2926 3758 nemornSas,
2963 3709 3108 3748 lttlltc
3139 3709 3322 3750 uineas
3353 3705 3532 3752 vocat.
3569 3695 3632 3752 lu
3659 3713 3802 3766 qua-

2177 3775 2328 3848 driga
2361 3781 2530 3848 prima
2563 3783 2688 3850 equi
2721 3781 2826 3836 ruti
2853 3791 3034 3852 erant,
3065 3785 3304 3850 cruenti,
3347 3795 3402 3842 et
3435 3789 3802 3858 sanguinarii.

2179 3881 2234 3928 ct
2265 3871 2562 3944 Babylonia
2607 3875 2938 3932 crudelitate
2979 3877 3279 3934 terribiles.
3317 3877 3374 3934 In
3405 3879 3670 3950 quadriga
3717 3895 3808 3936 se-

2181 3963 2380 4030 cunda,
2414 3965 2540 4034 equi
2589 3965 2758 4036 nigri,
2803 3983 3032 4038 regnum
3065 3969 3352 4032 Medorum
3397 3979 3560 4042 atque
3605 3971 3808 4028 Persa-

2183 4071 2344 4110 rum:
2380 4057 2526 4128 quod
2563 4057 2698 4128 bigae
2747 4059 2946 4116 sedens
2995 4068 3052 4116 et
3101 4061 3392 4132 egrediens
3437 4078 3534 4134 per
3577 4063 3806 4120 Assueri

2183 4153 2326 4222 regis
2375 4151 2636 4220 edictum,
2703 4163 2938 4208 mortem
2990 4157 3233 4210 omnium
3283 4155 3602 4222 Juduaorum
3655 4157 3804 4212 tri5ti

2185 4243 2380 4299 nuntio
2415 4243 2758 4316 praeferebat.
2789 4245 2846 4301 In
2881 4245 3146 4320 quadriga
3169 4249 3350 4318 tertia,
3375 4251 3502 4318 exuti
3531 4249 3666 4316 albi,
3691 4251 3810 4306 Ma-

2186 4339 2446 4408 cedones,
2483 4341 2586 4396 sub
2613 4357 2846 4412 quorum
2893 4357 3022 4416 rege
3059 4345 3330 4404 Antiocho
3359 4343 3804 4406 Hachabmorum

2191 4433 2476 4488 victoriam
2523 4435 2776 4506 legimus.
2817 4435 2870 4490 In
2919 4437 3182 4508 quadriga
3233 4447 3452 4508 quarta,
3505 4440 3632 4510 equi
3665 4439 3804 4494 varii

487 4551 646 4592 coeno
673 4533 954 4590 libidinum
997 4543 1050 4586 et
1081 4529 1336 4586 sordibus
1365 4527 1778 4600 sempiternis),
1817 4531 1932 4582 istae
1963 4545 2084 4582 tltll-
2112 4507 2164 4568 Ῑ)
2191 4529 2380 4584 fortes.
2410 4531 2622 4588 Scimus
2647 4537 2790 4588 enim
2817 4507 3192 4594 [tentanturan
3211 4549 3394 4604 reges,
3421 4507 3648 4596 alios—iu
3667 4551 3806 4604 gen-

491 4631 654 4686 Iieres
679 4629 860 4682 levant
885 4625 1096 4694 pondus
1123 4621 1424 4692 impietatis
1447 4623 1854 4693 gravissimum,
1883 4631 1934 4676 et
1959 4621 2091 4675 aedi-

491 4725 652 4776 ﬁcant
682 4721 734 4774 in
777 4717 1102 4774 confusione
1134 4715 1358 4770 domum
1389 4729 1576 4780 suam,
1617 4721 1671 4768 et
1701 4715 1944 4768 serviunt
1973 4711 2088 4782 regi

493 4813 810 4886 Babylonio,
843 4819 906 4864 ut
931 4811 1004 4882 ibi
1031 4807 1272 4862 habitent
1299 4807 1680 4862 haereticorum
1705 4805 1894 4876 populi
1915 4819 1968 4860 et
1995 4805 2090 4860 ειυ-

493 4909 736 4962 dit-orum
757 4945 772 4972 ,
799 4905 962 4976 821
991 4901 1083 4958 ubi
1111 4909 1400 4954 morantur
1437 4899 1787 4966 idololatrian,
1849 4899 1996 4970 ligno
2033 4909 2088 4954 et

489 5001 760 5074 lapidibus
789 4999 1112 5052 servientes.

557 5095 576 5166 (
601 5095 734 5162 Cap.
769 5091 858 5146 Vl.
887 5089 906 5162 )
935 5089 1000 5144 Et
1017 5103 1288 5143 conversus
1309 5103 1444 5156 sum,
1471 5097 1516 5142 et
1543 5087 1705 5141 levari
1729 5087 1906 5142 oculos
1933 5103 2092 5156 meos,

479 5203 526 5248 et
553 5193 658 5247 uidi
683 5207 702 5244 :
723 5189 788 5244 Et
811 5205 928 5244 ecce
953 5195 1176 5256 quatuor
1192 5185 1464 5256 quadrigte
1485 5185 1800 5256 egredientes
1821 5185 1872 5238 in
1899 5183 2090 5254 (Vulg.

482 5285 584 5356 de)
617 5285 784 5338 rredio
811 5285 1036 5337 duorum
1067 5281 1338 5344 montium,
1383 5287 1430 5330 ct
1477 5289 1692 5344 montes,
1723 5289 1922 5334 montes
1965 5280 2096 5334 ωησί

481 5383 500 5452 (
525 5379 678 5448 Vulg.
711 5377 832 5432 arrei
853 5375 896 5446 ).
937 5373 1002 5428 In
1025 5373 1282 5444 quadriga
1307 5371 1474 5442 prima
1502 5371 1618 5440 equi
1641 5371 1766 5440 ruﬁ,
1799 5371 1854 5424 in
1881 5371 2096 5438 quadri-

549 5551 574 5580 η
605 5541 836 5610 Supplett
869 5537 1146 5610 Victorius
1173 5533 1398 5590 verbum
1427 5573 1440 5597 ,
1485 5533 1738 5586 clerantes
1761 5571 1776 5594 ,
1819 5527 2064 5585 codicum

479 5607 1154 5684 tptnrumdam,sull‘ragio.
1253 5681 1262 5684 _
1473 5675 1482 5684 .
1811 5675 1822 5684 .
1906 5673 1922 5684 Δ
2021 5673 2026 5680 _

543 5685 570 5722 ¹³
613 5685 670 5738 lu
699 5683 820 5756 aliis
847 5681 1000 5756 libris
1023 5671 1302 5756 δξιρτεροὺς
1329 5675 1554 5756 ίνερζίιιε
1585 5675 1862 5756 rapat-rauci):
1885 5671 2088 5756 _Aquila

475 5755 738 5826 posui-rit.
781 5753 822 5808 E
853 5759 954 5808 τῶν
985 5743 1126 5806 LXX
1149 5743 1574 5820 exemplaribus,
1597 5743 1718 5816 qua:
1731 5743 1935 5820 ψαροὺς
1957 5759 2092 5813 pra:-

2187 4633 2296 4679 tem
2327 4625 2571 4680 Judaaam
2623 4625 2792 4680 fuisse
2821 4627 3144 4692 clementes,
3179 4634 3240 4680 ut
3261 4625 3322 4680 C.
3355 4623 3652 4692 Cursarem,
3683 4629 3804 4688 Au-

2185 4727 2404 4788 gustum
2429 4727 2484 4774 et
2505 4719 2790 4774 Claudium
2819 4739 2830 4772 :
2861 4719 2998 4774 alios
3027 4729 3414 4792 persecutores
3443 4731 3608 4794 atque
3639 4722 3808 4780 terri-

2189 4813 2348 4874 biles.
2411 4825 2469 4868 ut
2527 4813 2590 4870 (Σ.
2661 4813 2986 4888 Caligulam,
3055 4815 3356 4882 Neronem,
3405 4815 3804 4888 Vespasianum

2187 4916 2244 4962 ct
2319 4907 2670 4964 lladriauum.
2745 4909 2852 4964 Pro
2907 4911 3150 4982 fortibus,
3211 4927 3348 4980 quos
3395 4909 3808 4988 Aquilabxpa-

2196 5006 2402 5080 τεροὺς,
2457 5003 2808 5074 Septuaginta
2861 5005 3062 5082 ψαροὺς
3107 5006 3538 5072 transtulerunt,
3587 5007 3642 5060 in
3695 5005 3808 5062 Ile:-

2199 5093 2386 5150 braico
2415 5099 2676 5166 scriptum
2725 5107 2809 5154 est
2847 5113 3046 5154 suasua
3077 5097 3380 5172 (@3733).
3429 5099 3496 5154 Et
3553 5099 3804 5172 quasdam

2197 5187 2528 5258 exemplaria
2607 5189 2746 5244 male
2807 5189 3016 5246 habent
3069 5191 3348 5266 nopﬁobg,
3405 5190 3808 5248 cat-fundentia

2197 5280 2442 5334 colorum
2489 5279 2826 5336 dill'crtntits
2875 5289 3040 5352 atque
3089 5297 3402 5354 regnorum,
3435 5299 3558 5340 cum
3589 5284 3808 5360 πυρῥοὶ,

2197 5371 2250 5426 id
2281 5383 2386 5436 est,
2417 5373 2542 5442 ruﬁ,
2571 5387 2676 5428 non
2701 5389 2916 5436 AIASIM,
2953 5375 3048 5430 sed
3083 5389 3282 5430 ADAMII
3313 5373 3550 5446 (arma
3572 5373 3592 5446 )
3613 5373 3808 5446 appel-

2187 5531 2384 5594 l‘erant,
2407 5531 2550 5600 quod
2577 5531 2804 5586 verbum
2827 5531 3096 5602 sturninos
3119 5531 3414 5600 signiﬁcat.
3441 5529 3588 5586 nulla
3613 5545 3806 5602 super-

2191 5613 2314 5678 sunt
2343 5603 2484 5670 quod
2531 5603 2700 5658 sciam
2729 5621 2740 5656 :
2777 5604 2954 5658 omnia
2989 5601 3190 5658 habent
3219 5603 3480 5678 πυρῥοὺς,
3531 5601 3700 5668 male,
3749 5611 3812 5656 ul

2193 5673 2554 5744 Hieronymus
2585 5685 2754 5728 notat.
