  <div class='ocr_page' id='page_1' title='image "/cluster/home/n/w/nwhite01/storage/ocr_20150623/25/hvd.32044015471394/734.png"; bbox 0 0 4056 6342; ppageno 0'>
   <div class='ocr_carea' id='block_1_1' title="bbox 267 336 3566 403">
    <p class='ocr_par' dir='ltr' id='par_1_1' title="bbox 267 336 3566 403">
     <span class='ocr_line' id='line_1_1' title="bbox 267 336 3566 403; baseline -0 -2"><span class='ocrx_word' id='word_1_1' title='bbox 267 344 444 403; x_wconf 70' lang='grc' dir='ltr'><strong>Η53’</strong></span> <span class='ocrx_word' id='word_1_2' title='bbox 1015 339 1670 402; x_wconf 77' lang='lat' dir='ltr'><strong>COMMENTARIORUM</strong></span> <span class='ocrx_word' id='word_1_3' title='bbox 1711 338 1778 396; x_wconf 82' lang='lat' dir='ltr'><strong>l&#39;N</strong></span> <span class='ocrx_word' id='word_1_4' title='bbox 1819 336 2228 398; x_wconf 73' lang='lat' dir='ltr'><strong>ZACIIARIAM</strong></span> <span class='ocrx_word' id='word_1_5' title='bbox 2268 341 2397 399; x_wconf 81' lang='lat' dir='ltr'><strong>LIB.</strong></span> <span class='ocrx_word' id='word_1_6' title='bbox 2439 344 2501 400; x_wconf 88' lang='lat' dir='ltr'><strong>ll.</strong></span> <span class='ocrx_word' id='word_1_7' title='bbox 2543 344 2697 400; x_wconf 82' lang='lat' dir='ltr'><strong>CAP.</strong></span> <span class='ocrx_word' id='word_1_8' title='bbox 2743 344 2828 399; x_wconf 80' lang='lat' dir='ltr'><strong>Vl.</strong></span> <span class='ocrx_word' id='word_1_9' title='bbox 3428 345 3566 400; x_wconf 65' lang='lat' dir='ltr'><strong>HM</strong></span> 
     </span>
    </p>
   </div>
   <div class='ocr_carea' id='block_1_2' title="bbox 267 455 3571 532">
    <p class='ocr_par' dir='ltr' id='par_1_2' title="bbox 267 455 3571 532">
     <span class='ocr_line' id='line_1_2' title="bbox 267 455 3571 532; baseline 0.001 -20"><span class='ocrx_word' id='word_1_10' title='bbox 267 460 470 516; x_wconf 79' lang='lat' dir='ltr'><strong>lentur.</strong></span> <span class='ocrx_word' id='word_1_11' title='bbox 501 458 778 530; x_wconf 82' lang='lat' dir='ltr'><strong>Pmpbeta</strong></span> <span class='ocrx_word' id='word_1_12' title='bbox 809 474 940 530; x_wconf 76' lang='lat' dir='ltr'><strong>ergo</strong></span> <span class='ocrx_word' id='word_1_13' title='bbox 967 470 1246 532; x_wconf 61' lang='lat' dir='ltr'><strong>quierente</strong></span> <span class='ocrx_word' id='word_1_14' title='bbox 1274 459 1404 530; x_wconf 77' lang='lat' dir='ltr'><strong>quid</strong></span> <span class='ocrx_word' id='word_1_15' title='bbox 1433 460 1534 513; x_wconf 84' lang='lat' dir='ltr'><strong>sibi</strong></span> <span class='ocrx_word' id='word_1_16' title='bbox 1566 457 1766 514; x_wconf 82' lang='lat' dir='ltr'><strong>vellent</strong></span> <span class='ocrx_word' id='word_1_17' title='bbox 1794 455 1868 510; x_wconf 90' lang='lat' dir='ltr'><strong>si-</strong></span> <span class='ocrx_word' id='word_1_18' title='bbox 1901 458 1952 517; x_wconf 78' lang='grc' dir='ltr'><strong>Α</strong></span> <span class='ocrx_word' id='word_1_19' title='bbox 1980 460 2068 526; x_wconf 87' lang='lat' dir='ltr'><strong>qui</strong></span> <span class='ocrx_word' id='word_1_20' title='bbox 2095 469 2149 513; x_wconf 91' lang='lat' dir='ltr'><strong>et.</strong></span> <span class='ocrx_word' id='word_1_21' title='bbox 2180 460 2278 530; x_wconf 85' lang='lat' dir='ltr'><strong>ipsi</strong></span> <span class='ocrx_word' id='word_1_22' title='bbox 2317 472 2674 532; x_wconf 70' lang='lat' dir='ltr'><strong>perrexerant</strong></span> <span class='ocrx_word' id='word_1_23' title='bbox 2702 463 2752 516; x_wconf 93' lang='lat' dir='ltr'><strong>in</strong></span> <span class='ocrx_word' id='word_1_24' title='bbox 2788 470 2984 517; x_wconf 84' lang='lat' dir='ltr'><strong>terram</strong></span> <span class='ocrx_word' id='word_1_25' title='bbox 3017 460 3319 532; x_wconf 77' lang='lat' dir='ltr'><strong>Aquilonis,</strong></span> <span class='ocrx_word' id='word_1_26' title='bbox 3351 464 3571 532; x_wconf 87' lang='lat' dir='ltr'><strong>requie-</strong></span> 
     </span>
    </p>
   </div>
   <div class='ocr_carea' id='block_1_3' title="bbox 270 549 3582 625">
    <p class='ocr_par' dir='ltr' id='par_1_3' title="bbox 270 549 3582 625">
     <span class='ocr_line' id='line_1_3' title="bbox 270 549 3582 625; baseline 0.001 -23"><span class='ocrx_word' id='word_1_27' title='bbox 270 555 530 625; x_wconf 77' lang='lat' dir='ltr'><strong>guilicare</strong></span> <span class='ocrx_word' id='word_1_28' title='bbox 574 570 698 624; x_wconf 87' lang='lat' dir='ltr'><strong>quae</strong></span> <span class='ocrx_word' id='word_1_29' title='bbox 738 564 1009 618; x_wconf 87' lang='lat' dir='ltr'><strong>cerneret,</strong></span> <span class='ocrx_word' id='word_1_30' title='bbox 1056 553 1296 624; x_wconf 76' lang='lat' dir='ltr'><strong>Angelus</strong></span> <span class='ocrx_word' id='word_1_31' title='bbox 1330 553 1422 622; x_wconf 84' lang='lat' dir='ltr'><strong>qui</strong></span> <span class='ocrx_word' id='word_1_32' title='bbox 1457 550 1781 622; x_wconf 81' lang='lat' dir='ltr'><strong>loquebatur</strong></span> <span class='ocrx_word' id='word_1_33' title='bbox 1815 549 1866 602; x_wconf 89' lang='lat' dir='ltr'><strong>in</strong></span> <span class='ocrx_word' id='word_1_34' title='bbox 1973 566 2128 606; x_wconf 83' lang='lat' dir='ltr'><strong>scere</strong></span> <span class='ocrx_word' id='word_1_35' title='bbox 2159 551 2384 607; x_wconf 69' lang='lat' dir='ltr'><strong>fecerint</strong></span> <span class='ocrx_word' id='word_1_36' title='bbox 2413 554 2666 624; x_wconf 73' lang='lat' dir='ltr'><strong>spiritum</strong></span> <span class='ocrx_word' id='word_1_37' title='bbox 2704 554 3075 624; x_wconf 86' lang='lat' dir='ltr'><strong>propltctalem</strong></span> <span class='ocrx_word' id='word_1_38' title='bbox 3110 551 3162 606; x_wconf 91' lang='lat' dir='ltr'><strong>in</strong></span> <span class='ocrx_word' id='word_1_39' title='bbox 3193 561 3335 607; x_wconf 87' lang='lat' dir='ltr'><strong>terra</strong></span> <span class='ocrx_word' id='word_1_40' title='bbox 3358 551 3582 622; x_wconf 89' lang='lat' dir='ltr'><strong>Aquilo-</strong></span> 
     </span>
    </p>
   </div>
   <div class='ocr_carea' id='block_1_4' title="bbox 266 644 3578 717">
    <p class='ocr_par' dir='ltr' id='par_1_4' title="bbox 266 644 3578 717">
     <span class='ocr_line' id='line_1_4' title="bbox 266 644 3578 717; baseline -0.001 -15"><span class='ocrx_word' id='word_1_41' title='bbox 266 663 354 713; x_wconf 67' lang='grc' dir='ltr'><em>ρο,</em></span> <span class='ocrx_word' id='word_1_42' title='bbox 388 648 706 716; x_wconf 73' lang='lat' dir='ltr'><strong>respondet,</strong></span> <span class='ocrx_word' id='word_1_43' title='bbox 737 660 790 702; x_wconf 90' lang='lat' dir='ltr'><strong>et</strong></span> <span class='ocrx_word' id='word_1_44' title='bbox 836 658 1019 702; x_wconf 86' lang='lat' dir='ltr'><strong>narrat</strong></span> <span class='ocrx_word' id='word_1_45' title='bbox 1050 658 1282 716; x_wconf 75' lang='lat' dir='ltr'><strong>quatuor</strong></span> <span class='ocrx_word' id='word_1_46' title='bbox 1329 662 1450 700; x_wconf 83' lang='lat' dir='ltr'><strong>esse</strong></span> <span class='ocrx_word' id='word_1_47' title='bbox 1487 655 1678 700; x_wconf 83' lang='lat' dir='ltr'><strong>ventos</strong></span> <span class='ocrx_word' id='word_1_48' title='bbox 1721 644 1870 708; x_wconf 70' lang='lat' dir='ltr'><strong>coeli,</strong></span> <span class='ocrx_word' id='word_1_49' title='bbox 1977 645 2082 711; x_wconf 87' lang='lat' dir='ltr'><strong>nis,</strong></span> <span class='ocrx_word' id='word_1_50' title='bbox 2112 660 2178 699; x_wconf 85' lang='lat' dir='ltr'><strong>eo</strong></span> <span class='ocrx_word' id='word_1_51' title='bbox 2199 646 2340 715; x_wconf 91' lang='lat' dir='ltr'><strong>quod</strong></span> <span class='ocrx_word' id='word_1_52' title='bbox 2372 658 2562 700; x_wconf 84' lang='lat' dir='ltr'><strong>contra</strong></span> <span class='ocrx_word' id='word_1_53' title='bbox 2595 647 2777 702; x_wconf 77' lang='lat' dir='ltr'><strong>Medos</strong></span> <span class='ocrx_word' id='word_1_54' title='bbox 2826 647 2920 701; x_wconf 83' lang='lat' dir='ltr'><strong>Dei</strong></span> <span class='ocrx_word' id='word_1_55' title='bbox 2952 647 3302 717; x_wconf 85' lang='lat' dir='ltr'><strong>impleverim</strong></span> <span class='ocrx_word' id='word_1_56' title='bbox 3330 648 3578 702; x_wconf 80' lang='lat' dir='ltr'><strong>volunta-</strong></span> 
     </span>
    </p>
   </div>
   <div class='ocr_carea' id='block_1_5' title="bbox 268 737 3578 811">
    <p class='ocr_par' dir='ltr' id='par_1_5' title="bbox 268 737 3578 811">
     <span class='ocr_line' id='line_1_5' title="bbox 268 737 3578 811; baseline -0.002 -16"><span class='ocrx_word' id='word_1_57' title='bbox 268 739 322 795; x_wconf 89' lang='lat' dir='ltr'><strong>id</strong></span> <span class='ocrx_word' id='word_1_58' title='bbox 349 751 454 808; x_wconf 86' lang='lat' dir='ltr'><strong>est,</strong></span> <span class='ocrx_word' id='word_1_59' title='bbox 484 751 716 811; x_wconf 82' lang='lat' dir='ltr'><strong>quatuor</strong></span> <span class='ocrx_word' id='word_1_60' title='bbox 738 740 922 811; x_wconf 88' lang='lat' dir='ltr'><strong>plagas</strong></span> <span class='ocrx_word' id='word_1_61' title='bbox 954 739 1164 802; x_wconf 88' lang='lat' dir='ltr'><strong>mundi,</strong></span> <span class='ocrx_word' id='word_1_62' title='bbox 1194 755 1312 810; x_wconf 72' lang='lat' dir='ltr'><strong>qua:</strong></span> <span class='ocrx_word' id='word_1_63' title='bbox 1344 738 1517 794; x_wconf 66' lang='lat' dir='ltr'><strong>Grmci</strong></span> <span class='ocrx_word' id='word_1_64' title='bbox 1545 747 1741 790; x_wconf 86' lang='lat' dir='ltr'><strong>vocant</strong></span> <span class='ocrx_word' id='word_1_65' title='bbox 1765 737 1868 791; x_wconf 82' lang='grc' dir='ltr'><strong>κλί-</strong></span> <span class='ocrx_word' id='word_1_66' title='bbox 1979 743 2110 803; x_wconf 88' lang='lat' dir='ltr'><strong>tem,</strong></span> <span class='ocrx_word' id='word_1_67' title='bbox 2142 746 2195 790; x_wconf 89' lang='lat' dir='ltr'><strong>et</strong></span> <span class='ocrx_word' id='word_1_68' title='bbox 2227 738 2276 790; x_wconf 91' lang='lat' dir='ltr'><strong>in</strong></span> <span class='ocrx_word' id='word_1_69' title='bbox 2310 738 2458 792; x_wconf 81' lang='lat' dir='ltr'><strong>brevi</strong></span> <span class='ocrx_word' id='word_1_70' title='bbox 2482 738 2770 808; x_wconf 88' lang='lat' dir='ltr'><strong>imperium</strong></span> <span class='ocrx_word' id='word_1_71' title='bbox 2797 738 3075 794; x_wconf 79' lang='lat' dir='ltr'><strong>Medorum</strong></span> <span class='ocrx_word' id='word_1_72' title='bbox 3103 750 3262 810; x_wconf 90' lang='lat' dir='ltr'><strong>atque</strong></span> <span class='ocrx_word' id='word_1_73' title='bbox 3293 740 3578 794; x_wconf 81' lang='lat' dir='ltr'><strong>Persarum</strong></span> 
     </span>
    </p>
   </div>
   <div class='ocr_carea' id='block_1_6' title="bbox 269 827 3584 907">
    <p class='ocr_par' dir='ltr' id='par_1_6' title="bbox 269 827 3584 907">
     <span class='ocr_line' id='line_1_6' title="bbox 269 827 3584 907; baseline 0 -19"><span class='ocrx_word' id='word_1_74' title='bbox 269 857 432 907; x_wconf 62' lang='grc' dir='ltr'>μασι,</span> <span class='ocrx_word' id='word_1_75' title='bbox 464 834 563 905; x_wconf 81' lang='lat' dir='ltr'><strong>qui</strong></span> <span class='ocrx_word' id='word_1_76' title='bbox 586 835 846 890; x_wconf 81' lang='lat' dir='ltr'><strong>assistant</strong></span> <span class='ocrx_word' id='word_1_77' title='bbox 871 843 925 889; x_wconf 87' lang='lat' dir='ltr'><strong>et</strong></span> <span class='ocrx_word' id='word_1_78' title='bbox 967 843 1196 904; x_wconf 78' lang='lat' dir='ltr'><strong>pareant</strong></span> <span class='ocrx_word' id='word_1_79' title='bbox 1229 833 1443 888; x_wconf 85' lang='lat' dir='ltr'><strong>Domini</strong></span> <span class='ocrx_word' id='word_1_80' title='bbox 1470 829 1754 886; x_wconf 76' lang='lat' dir='ltr'><strong>voluntati.</strong></span> <span class='ocrx_word' id='word_1_81' title='bbox 1785 827 1876 883; x_wconf 85' lang='lat' dir='ltr'><strong>Ni-</strong></span> <span class='ocrx_word' id='word_1_82' title='bbox 1979 841 2008 880; x_wconf 86' lang='lat' dir='ltr'><strong>a</strong></span> <span class='ocrx_word' id='word_1_83' title='bbox 2039 831 2422 887; x_wconf 71' lang='lat' dir='ltr'><strong>Macedonibus</strong></span> <span class='ocrx_word' id='word_1_84' title='bbox 2449 833 2521 886; x_wconf 86' lang='lat' dir='ltr'><strong>sit</strong></span> <span class='ocrx_word' id='word_1_85' title='bbox 2549 832 2807 888; x_wconf 87' lang='lat' dir='ltr'><strong>deletum.</strong></span> <span class='ocrx_word' id='word_1_86' title='bbox 2841 832 3077 889; x_wconf 82' lang='lat' dir='ltr'><strong>Grandis</strong></span> <span class='ocrx_word' id='word_1_87' title='bbox 3107 835 3258 889; x_wconf 87' lang='lat' dir='ltr'><strong>enim</strong></span> <span class='ocrx_word' id='word_1_88' title='bbox 3278 849 3467 889; x_wconf 91' lang='lat' dir='ltr'><strong>eorum</strong></span> <span class='ocrx_word' id='word_1_89' title='bbox 3499 847 3584 889; x_wconf 61' lang='lat' dir='ltr'><strong>est</strong></span> 
     </span>
    </p>
   </div>
   <div class='ocr_carea' id='block_1_7' title="bbox 269 920 3582 997">
    <p class='ocr_par' dir='ltr' id='par_1_7' title="bbox 269 920 3582 997">
     <span class='ocr_line' id='line_1_7' title="bbox 269 920 3582 997; baseline -0.001 -15"><span class='ocrx_word' id='word_1_90' title='bbox 269 926 346 982; x_wconf 86' lang='lat' dir='ltr'><strong>bil</strong></span> <span class='ocrx_word' id='word_1_91' title='bbox 374 927 520 983; x_wconf 89' lang='lat' dir='ltr'><strong>enim</strong></span> <span class='ocrx_word' id='word_1_92' title='bbox 553 927 672 982; x_wconf 77' lang='lat' dir='ltr'><strong>luec</strong></span> <span class='ocrx_word' id='word_1_93' title='bbox 717 936 952 997; x_wconf 84' lang='lat' dir='ltr'><strong>quatuor</strong></span> <span class='ocrx_word' id='word_1_94' title='bbox 996 941 1188 995; x_wconf 81' lang='lat' dir='ltr'><strong>regna,</strong></span> <span class='ocrx_word' id='word_1_95' title='bbox 1228 941 1350 994; x_wconf 68' lang='lat' dir='ltr'><strong>qum</strong></span> <span class='ocrx_word' id='word_1_96' title='bbox 1383 924 1641 986; x_wconf 80' lang='lat' dir='ltr'><strong>diximus,</strong></span> <span class='ocrx_word' id='word_1_97' title='bbox 1672 922 1877 992; x_wconf 85' lang='lat' dir='ltr'><strong>absque</strong></span> <span class='ocrx_word' id='word_1_98' title='bbox 1980 920 2280 975; x_wconf 75' lang='lat' dir='ltr'><strong>consolatio</strong></span> <span class='ocrx_word' id='word_1_99' title='bbox 2306 922 2398 991; x_wconf 89' lang='lat' dir='ltr'><strong>qui</strong></span> <span class='ocrx_word' id='word_1_100' title='bbox 2426 936 2768 992; x_wconf 82' lang='lat' dir='ltr'><strong>premuntur,</strong></span> <span class='ocrx_word' id='word_1_101' title='bbox 2798 924 2846 979; x_wconf 89' lang='lat' dir='ltr'><strong>si</strong></span> <span class='ocrx_word' id='word_1_102' title='bbox 2873 925 3045 980; x_wconf 84' lang='lat' dir='ltr'><strong>sciant</strong></span> <span class='ocrx_word' id='word_1_103' title='bbox 3075 925 3264 982; x_wconf 85' lang='lat' dir='ltr'><strong>hostes</strong></span> <span class='ocrx_word' id='word_1_104' title='bbox 3295 942 3422 981; x_wconf 85' lang='lat' dir='ltr'><strong>suos</strong></span> <span class='ocrx_word' id='word_1_105' title='bbox 3471 928 3582 980; x_wconf 89' lang='lat' dir='ltr'><strong>cito</strong></span> 
     </span>
    </p>
   </div>
   <div class='ocr_carea' id='block_1_8' title="bbox 273 1015 3587 1089">
    <p class='ocr_par' dir='ltr' id='par_1_8' title="bbox 273 1015 3587 1089">
     <span class='ocr_line' id='line_1_8' title="bbox 273 1015 3587 1089; baseline -0.002 -12"><span class='ocrx_word' id='word_1_106' title='bbox 273 1022 490 1077; x_wconf 82' lang='lat' dir='ltr'><strong>Domini</strong></span> <span class='ocrx_word' id='word_1_107' title='bbox 521 1022 800 1082; x_wconf 83' lang='lat' dir='ltr'><strong>voluntate</strong></span> <span class='ocrx_word' id='word_1_108' title='bbox 828 1020 1095 1075; x_wconf 85' lang='lat' dir='ltr'><strong>fecerunt.</strong></span> <span class='ocrx_word' id='word_1_109' title='bbox 1130 1019 1188 1074; x_wconf 92' lang='lat' dir='ltr'><strong>ln</strong></span> <span class='ocrx_word' id='word_1_110' title='bbox 1217 1035 1324 1089; x_wconf 89' lang='lat' dir='ltr'><strong>qua</strong></span> <span class='ocrx_word' id='word_1_111' title='bbox 1356 1026 1514 1073; x_wconf 88' lang='lat' dir='ltr'><strong>erant</strong></span> <span class='ocrx_word' id='word_1_112' title='bbox 1545 1018 1668 1088; x_wconf 87' lang='lat' dir='ltr'><strong>equi</strong></span> <span class='ocrx_word' id='word_1_113' title='bbox 1713 1015 1875 1085; x_wconf 85' lang='lat' dir='ltr'><strong>nigri,</strong></span> <span class='ocrx_word' id='word_1_114' title='bbox 1981 1025 2104 1067; x_wconf 80' lang='lat' dir='ltr'><strong>esse</strong></span> <span class='ocrx_word' id='word_1_115' title='bbox 2138 1015 2425 1082; x_wconf 81' lang='lat' dir='ltr'><strong>periturus.</strong></span> <span class='ocrx_word' id='word_1_116' title='bbox 2477 1016 2604 1069; x_wconf 65' lang='lat' dir='ltr'><strong>Hac</strong></span> <span class='ocrx_word' id='word_1_117' title='bbox 2633 1023 2691 1070; x_wconf 76' lang='lat' dir='ltr'><strong>ut</strong></span> <span class='ocrx_word' id='word_1_118' title='bbox 2723 1018 3017 1083; x_wconf 73' lang='lat' dir='ltr'><strong>potuimus,</strong></span> <span class='ocrx_word' id='word_1_119' title='bbox 3072 1019 3235 1072; x_wconf 89' lang='lat' dir='ltr'><strong>immo</strong></span> <span class='ocrx_word' id='word_1_120' title='bbox 3286 1028 3342 1070; x_wconf 93' lang='grc' dir='ltr'><strong>ιιι</strong></span> <span class='ocrx_word' id='word_1_121' title='bbox 3373 1020 3587 1085; x_wconf 83' lang='lat' dir='ltr'><strong>accepi-</strong></span> 
     </span>
    </p>
   </div>
   <div class='ocr_carea' id='block_1_9' title="bbox 272 1106 3589 1184">
    <p class='ocr_par' dir='ltr' id='par_1_9' title="bbox 272 1106 3589 1184">
     <span class='ocr_line' id='line_1_9' title="bbox 272 1106 3589 1184; baseline -0.001 -17"><span class='ocrx_word' id='word_1_122' title='bbox 272 1112 718 1184; x_wconf 73' lang='lat' dir='ltr'><strong>egrediebautur,</strong></span> <span class='ocrx_word' id='word_1_123' title='bbox 755 1111 951 1182; x_wconf 73' lang='lat' dir='ltr'><strong>inquit,</strong></span> <span class='ocrx_word' id='word_1_124' title='bbox 997 1113 1050 1164; x_wconf 82' lang='lat' dir='ltr'><strong>iu</strong></span> <span class='ocrx_word' id='word_1_125' title='bbox 1098 1122 1298 1164; x_wconf 87' lang='lat' dir='ltr'><strong>terram</strong></span> <span class='ocrx_word' id='word_1_126' title='bbox 1347 1107 1656 1180; x_wconf 80' lang='lat' dir='ltr'><strong>Aquilonis.</strong></span> <span class='ocrx_word' id='word_1_127' title='bbox 1706 1106 1877 1174; x_wconf 85' lang='lat' dir='ltr'><strong>Quam</strong></span> <span class='ocrx_word' id='word_1_128' title='bbox 1983 1121 2126 1173; x_wconf 87' lang='lat' dir='ltr'><strong>mus,</strong></span> <span class='ocrx_word' id='word_1_129' title='bbox 2160 1116 2361 1162; x_wconf 66' lang='lat' dir='ltr'><strong>nostrae</strong></span> <span class='ocrx_word' id='word_1_130' title='bbox 2407 1110 2604 1179; x_wconf 65' lang='lat' dir='ltr'><strong>lingua:</strong></span> <span class='ocrx_word' id='word_1_131' title='bbox 2633 1109 2892 1166; x_wconf 73' lang='lat' dir='ltr'><strong>Studiosis</strong></span> <span class='ocrx_word' id='word_1_132' title='bbox 2935 1111 3204 1166; x_wconf 75' lang='lat' dir='ltr'><strong>tradimus</strong></span> <span class='ocrx_word' id='word_1_133' title='bbox 3251 1111 3375 1182; x_wconf 81' lang='lat' dir='ltr'><strong>(At.</strong></span> <span class='ocrx_word' id='word_1_134' title='bbox 3423 1111 3589 1164; x_wconf 91' lang='lat' dir='ltr'><strong>tradi-</strong></span> 
     </span>
    </p>
   </div>
   <div class='ocr_carea' id='block_1_10' title="bbox 273 1197 3590 1276">
    <p class='ocr_par' dir='ltr' id='par_1_10' title="bbox 273 1197 3590 1276">
     <span class='ocr_line' id='line_1_10' title="bbox 273 1197 3590 1276; baseline -0.001 -16"><span class='ocrx_word' id='word_1_135' title='bbox 273 1206 502 1276; x_wconf 77' lang='lat' dir='ltr'><strong>pulcltre</strong></span> <span class='ocrx_word' id='word_1_136' title='bbox 528 1204 792 1275; x_wconf 72' lang='lat' dir='ltr'><strong>quadriga</strong></span> <span class='ocrx_word' id='word_1_137' title='bbox 817 1204 992 1273; x_wconf 85' lang='lat' dir='ltr'><strong>prima</strong></span> <span class='ocrx_word' id='word_1_138' title='bbox 1021 1205 1074 1258; x_wconf 84' lang='lat' dir='ltr'><strong>in</strong></span> <span class='ocrx_word' id='word_1_139' title='bbox 1103 1219 1214 1274; x_wconf 82' lang='lat' dir='ltr'><strong>qua</strong></span> <span class='ocrx_word' id='word_1_140' title='bbox 1253 1211 1412 1257; x_wconf 66' lang='lat' dir='ltr'><strong>erant</strong></span> <span class='ocrx_word' id='word_1_141' title='bbox 1441 1200 1566 1270; x_wconf 67' lang='lat' dir='ltr'><strong>equi</strong></span> <span class='ocrx_word' id='word_1_142' title='bbox 1597 1201 1698 1253; x_wconf 86' lang='lat' dir='ltr'><strong>ruti</strong></span> <span class='ocrx_word' id='word_1_143' title='bbox 1738 1214 1880 1266; x_wconf 73' lang='lat' dir='ltr'><strong>prae-</strong></span> <span class='ocrx_word' id='word_1_144' title='bbox 1984 1197 2202 1270; x_wconf 70' lang='lat' dir='ltr'><strong>dianus]</strong></span> <span class='ocrx_word' id='word_1_145' title='bbox 2235 1213 2524 1270; x_wconf 71' lang='lat' dir='ltr'><strong>sequentes</strong></span> <span class='ocrx_word' id='word_1_146' title='bbox 2553 1203 2796 1258; x_wconf 64' lang='lat' dir='ltr'><strong>historiae</strong></span> <span class='ocrx_word' id='word_1_147' title='bbox 2818 1204 3102 1258; x_wconf 83' lang='lat' dir='ltr'><strong>veritatem</strong></span> <span class='ocrx_word' id='word_1_148' title='bbox 3128 1221 3140 1256; x_wconf 93' lang='lat'><strong>:</strong></span> <span class='ocrx_word' id='word_1_149' title='bbox 3174 1220 3276 1258; x_wconf 88' lang='lat' dir='ltr'><strong>nec</strong></span> <span class='ocrx_word' id='word_1_150' title='bbox 3303 1204 3590 1274; x_wconf 78' lang='lat' dir='ltr'><strong>quadrigas</strong></span> 
     </span>
    </p>
   </div>
   <div class='ocr_carea' id='block_1_11' title="bbox 275 1291 3594 1367">
    <p class='ocr_par' dir='ltr' id='par_1_11' title="bbox 275 1291 3594 1367">
     <span class='ocr_line' id='line_1_11' title="bbox 275 1291 3594 1367; baseline -0.001 -15"><span class='ocrx_word' id='word_1_151' title='bbox 275 1297 616 1362; x_wconf 85' lang='lat' dir='ltr'><strong>termittitur,</strong></span> <span class='ocrx_word' id='word_1_152' title='bbox 635 1295 766 1367; x_wconf 88' lang='lat' dir='ltr'><strong>quid</strong></span> <span class='ocrx_word' id='word_1_153' title='bbox 788 1305 842 1352; x_wconf 90' lang='lat' dir='ltr'><strong>et</strong></span> <span class='ocrx_word' id='word_1_154' title='bbox 873 1296 1110 1353; x_wconf 75' lang='lat' dir='ltr'><strong>secunda</strong></span> <span class='ocrx_word' id='word_1_155' title='bbox 1143 1307 1198 1348; x_wconf 82' lang='lat' dir='ltr'><strong>et</strong></span> <span class='ocrx_word' id='word_1_156' title='bbox 1226 1294 1394 1349; x_wconf 81' lang='lat' dir='ltr'><strong>tertia</strong></span> <span class='ocrx_word' id='word_1_157' title='bbox 1417 1294 1643 1348; x_wconf 88' lang='lat' dir='ltr'><strong>fecerint</strong></span> <span class='ocrx_word' id='word_1_158' title='bbox 1665 1302 1880 1361; x_wconf 77' lang='lat' dir='ltr'><strong>quarta-</strong></span> <span class='ocrx_word' id='word_1_159' title='bbox 1985 1291 2306 1358; x_wconf 76' lang='lat' dir='ltr'><strong>Pharaonis,</strong></span> <span class='ocrx_word' id='word_1_160' title='bbox 2342 1303 2396 1349; x_wconf 89' lang='lat' dir='ltr'><strong>et</strong></span> <span class='ocrx_word' id='word_1_161' title='bbox 2425 1310 2625 1351; x_wconf 88' lang='lat' dir='ltr'><strong>currus</strong></span> <span class='ocrx_word' id='word_1_162' title='bbox 2648 1297 2978 1366; x_wconf 83' lang='lat' dir='ltr'><strong>Babylonios</strong></span> <span class='ocrx_word' id='word_1_163' title='bbox 3002 1297 3173 1351; x_wconf 90' lang='lat' dir='ltr'><strong>instar</strong></span> <span class='ocrx_word' id='word_1_164' title='bbox 3193 1297 3594 1366; x_wconf 73' lang='lat' dir='ltr'><strong>explanationis</strong></span> 
     </span>
    </p>
   </div>
   <div class='ocr_carea' id='block_1_12' title="bbox 274 1383 3592 1462">
    <p class='ocr_par' dir='ltr' id='par_1_12' title="bbox 274 1383 3592 1462">
     <span class='ocr_line' id='line_1_12' title="bbox 274 1383 3592 1462; baseline -0.001 -17"><span class='ocrx_word' id='word_1_165' title='bbox 274 1406 379 1462; x_wconf 79' lang='lat' dir='ltr'><strong>que</strong></span> <span class='ocrx_word' id='word_1_166' title='bbox 401 1389 744 1448; x_wconf 82' lang='lat' dir='ltr'><strong>describitur.</strong></span> <span class='ocrx_word' id='word_1_167' title='bbox 778 1389 896 1446; x_wconf 75' lang='lat' dir='ltr'><strong>iam</strong></span> <span class='ocrx_word' id='word_1_168' title='bbox 919 1391 1064 1444; x_wconf 88' lang='lat' dir='ltr'><strong>enim</strong></span> <span class='ocrx_word' id='word_1_169' title='bbox 1093 1404 1161 1445; x_wconf 85' lang='lat' dir='ltr'><strong>eo</strong></span> <span class='ocrx_word' id='word_1_170' title='bbox 1189 1398 1460 1459; x_wconf 81' lang='lat' dir='ltr'><strong>tempore,</strong></span> <span class='ocrx_word' id='word_1_171' title='bbox 1485 1403 1596 1456; x_wconf 85' lang='lat' dir='ltr'><strong>quo</strong></span> <span class='ocrx_word' id='word_1_172' title='bbox 1616 1387 1733 1441; x_wconf 78' lang='lat' dir='ltr'><strong>hare</strong></span> <span class='ocrx_word' id='word_1_173' title='bbox 1760 1400 1882 1454; x_wconf 82' lang='lat' dir='ltr'><strong>pro-</strong></span> <span class='ocrx_word' id='word_1_174' title='bbox 1987 1383 2258 1456; x_wconf 63' lang='lat' dir='ltr'><strong>A&#39;lgyptiae</strong></span> <span class='ocrx_word' id='word_1_175' title='bbox 2301 1388 2478 1443; x_wconf 85' lang='lat' dir='ltr'><strong>tenaci</strong></span> <span class='ocrx_word' id='word_1_176' title='bbox 2529 1392 2786 1443; x_wconf 78' lang='lat' dir='ltr'><strong>memoria</strong></span> <span class='ocrx_word' id='word_1_177' title='bbox 2820 1390 3206 1459; x_wconf 87' lang='lat' dir='ltr'><strong>conquireutes</strong></span> <span class='ocrx_word' id='word_1_178' title='bbox 3234 1409 3248 1454; x_wconf 90' lang='lat'>;</span> <span class='ocrx_word' id='word_1_179' title='bbox 3279 1388 3444 1462; x_wconf 63' lang='lat'><strong>824</strong></span> <span class='ocrx_word' id='word_1_180' title='bbox 3486 1405 3592 1445; x_wconf 86' lang='lat' dir='ltr'><strong>non</strong></span> 
     </span>
    </p>
   </div>
   <div class='ocr_carea' id='block_1_13' title="bbox 280 1481 1887 1556">
    <p class='ocr_par' dir='ltr' id='par_1_13' title="bbox 280 1481 1887 1556">
     <span class='ocr_line' id='line_1_13' title="bbox 280 1481 1887 1556; baseline -0.005 -14"><span class='ocrx_word' id='word_1_181' title='bbox 280 1485 444 1556; x_wconf 78' lang='lat' dir='ltr'><strong>pheta</strong></span> <span class='ocrx_word' id='word_1_182' title='bbox 471 1483 772 1552; x_wconf 78' lang='lat' dir='ltr'><strong>referebat,</strong></span> <span class='ocrx_word' id='word_1_183' title='bbox 805 1500 1028 1556; x_wconf 77' lang='lat' dir='ltr'><strong>regnum</strong></span> <span class='ocrx_word' id='word_1_184' title='bbox 1064 1483 1408 1554; x_wconf 68' lang='lat' dir='ltr'><strong>praterierat</strong></span> <span class='ocrx_word' id='word_1_185' title='bbox 1425 1481 1804 1554; x_wconf 81' lang='lat' dir='ltr'><strong>Babyloaium,</strong></span> <span class='ocrx_word' id='word_1_186' title='bbox 1829 1488 1887 1534; x_wconf 89' lang='lat' dir='ltr'><strong>et</strong></span> 
     </span>
    </p>
   </div>
   <div class='ocr_carea' id='block_1_14' title="bbox 279 1574 1887 1648">
    <p class='ocr_par' dir='ltr' id='par_1_14' title="bbox 279 1574 1887 1648">
     <span class='ocr_line' id='line_1_14' title="bbox 279 1574 1887 1648; baseline -0.004 -14"><span class='ocrx_word' id='word_1_187' title='bbox 279 1594 494 1635; x_wconf 83' lang='lat' dir='ltr'><strong>omnem</strong></span> <span class='ocrx_word' id='word_1_188' title='bbox 543 1579 736 1635; x_wconf 75' lang='lat' dir='ltr'><strong>Asiam</strong></span> <span class='ocrx_word' id='word_1_189' title='bbox 779 1579 1070 1634; x_wconf 75' lang='lat' dir='ltr'><strong>Medorum.</strong></span> <span class='ocrx_word' id='word_1_190' title='bbox 1109 1577 1350 1648; x_wconf 76' lang='lat' dir='ltr'><strong>potentia</strong></span> <span class='ocrx_word' id='word_1_191' title='bbox 1402 1576 1750 1648; x_wconf 77' lang='lat' dir='ltr'><strong>possidebat:</strong></span> <span class='ocrx_word' id='word_1_192' title='bbox 1785 1574 1887 1629; x_wconf 88' lang='lat' dir='ltr'><strong>sub</strong></span> 
     </span>
    </p>
   </div>
   <div class='ocr_carea' id='block_1_15' title="bbox 276 1670 1888 1743">
    <p class='ocr_par' dir='ltr' id='par_1_15' title="bbox 276 1670 1888 1743">
     <span class='ocr_line' id='line_1_15' title="bbox 276 1670 1888 1743; baseline -0.003 -17"><span class='ocrx_word' id='word_1_193' title='bbox 276 1687 514 1743; x_wconf 87' lang='lat' dir='ltr'><strong>quorum</strong></span> <span class='ocrx_word' id='word_1_194' title='bbox 541 1687 667 1743; x_wconf 84' lang='lat' dir='ltr'><strong>rege</strong></span> <span class='ocrx_word' id='word_1_195' title='bbox 702 1672 886 1738; x_wconf 82' lang='lat' dir='ltr'><strong>Dario,</strong></span> <span class='ocrx_word' id='word_1_196' title='bbox 918 1686 1070 1726; x_wconf 79' lang='lat' dir='ltr'><strong>anno</strong></span> <span class='ocrx_word' id='word_1_197' title='bbox 1109 1671 1233 1739; x_wconf 69' lang='lat' dir='ltr'><strong>eius</strong></span> <span class='ocrx_word' id='word_1_198' title='bbox 1259 1670 1518 1736; x_wconf 76' lang='lat' dir='ltr'><strong>secundo,</strong></span> <span class='ocrx_word' id='word_1_199' title='bbox 1571 1683 1760 1726; x_wconf 84' lang='lat' dir='ltr'><strong>mense</strong></span> <span class='ocrx_word' id='word_1_200' title='bbox 1790 1685 1888 1722; x_wconf 87' lang='lat' dir='ltr'><strong>un-</strong></span> 
     </span>
    </p>
   </div>
   <div class='ocr_carea' id='block_1_16' title="bbox 279 1760 1887 1836">
    <p class='ocr_par' dir='ltr' id='par_1_16' title="bbox 279 1760 1887 1836">
     <span class='ocr_line' id='line_1_16' title="bbox 279 1760 1887 1836; baseline -0.001 -16"><span class='ocrx_word' id='word_1_201' title='bbox 279 1764 493 1820; x_wconf 89' lang='lat' dir='ltr'><strong>decimo</strong></span> <span class='ocrx_word' id='word_1_202' title='bbox 519 1764 537 1836; x_wconf 94' lang='lat'><strong>(</strong></span> <span class='ocrx_word' id='word_1_203' title='bbox 565 1763 654 1818; x_wconf 81' lang='lat' dir='ltr'><strong>Al.</strong></span> <span class='ocrx_word' id='word_1_204' title='bbox 683 1763 896 1818; x_wconf 87' lang='lat' dir='ltr'><strong>decimo</strong></span> <span class='ocrx_word' id='word_1_205' title='bbox 920 1763 940 1834; x_wconf 90' lang='lat'><strong>)</strong></span> <span class='ocrx_word' id='word_1_206' title='bbox 962 1806 975 1826; x_wconf 86' lang='lat'><strong>,</strong></span> <span class='ocrx_word' id='word_1_207' title='bbox 1011 1764 1102 1833; x_wconf 86' lang='lat' dir='ltr'><strong>qui</strong></span> <span class='ocrx_word' id='word_1_208' title='bbox 1125 1762 1435 1834; x_wconf 83' lang='lat' dir='ltr'><strong>appellatur</strong></span> <span class='ocrx_word' id='word_1_209' title='bbox 1457 1778 1624 1818; x_wconf 72' lang='lat' dir='ltr'><strong>sun</strong></span> <span class='ocrx_word' id='word_1_210' title='bbox 1651 1761 1822 1832; x_wconf 67' lang='lat' dir='ltr'><strong>(me:</strong></span> <span class='ocrx_word' id='word_1_211' title='bbox 1845 1760 1887 1828; x_wconf 89' lang='grc'><strong>),</strong></span> 
     </span>
    </p>
   </div>
   <div class='ocr_carea' id='block_1_17' title="bbox 1989 1479 3594 1554">
    <p class='ocr_par' dir='ltr' id='par_1_17' title="bbox 1989 1479 3594 1554">
     <span class='ocr_line' id='line_1_17' title="bbox 1989 1479 3594 1554; baseline 0.002 -22"><span class='ocrx_word' id='word_1_212' title='bbox 1989 1481 2136 1534; x_wconf 83' lang='lat' dir='ltr'><strong>enim</strong></span> <span class='ocrx_word' id='word_1_213' title='bbox 2173 1479 2304 1551; x_wconf 86' lang='lat' dir='ltr'><strong>quid</strong></span> <span class='ocrx_word' id='word_1_214' title='bbox 2342 1482 2434 1537; x_wconf 89' lang='lat' dir='ltr'><strong>ubi</strong></span> <span class='ocrx_word' id='word_1_215' title='bbox 2463 1484 2752 1554; x_wconf 86' lang='lat' dir='ltr'><strong>scriptum,</strong></span> <span class='ocrx_word' id='word_1_216' title='bbox 2789 1483 2881 1538; x_wconf 89' lang='lat' dir='ltr'><strong>sed</strong></span> <span class='ocrx_word' id='word_1_217' title='bbox 2912 1499 3020 1554; x_wconf 87' lang='lat' dir='ltr'><strong>qua</strong></span> <span class='ocrx_word' id='word_1_218' title='bbox 3065 1485 3280 1538; x_wconf 86' lang='lat' dir='ltr'><strong>ratione</strong></span> <span class='ocrx_word' id='word_1_219' title='bbox 3310 1485 3380 1538; x_wconf 88' lang='lat' dir='ltr'><strong>sit</strong></span> <span class='ocrx_word' id='word_1_220' title='bbox 3418 1483 3594 1553; x_wconf 88' lang='lat' dir='ltr'><strong>serip-</strong></span> 
     </span>
    </p>
   </div>
   <div class='ocr_carea' id='block_1_18' title="bbox 1993 1571 3594 1646">
    <p class='ocr_par' dir='ltr' id='par_1_18' title="bbox 1993 1571 3594 1646">
     <span class='ocr_line' id='line_1_18' title="bbox 1993 1571 3594 1646; baseline 0.002 -21"><span class='ocrx_word' id='word_1_221' title='bbox 1993 1580 2128 1637; x_wconf 85' lang='lat' dir='ltr'><strong>tum,</strong></span> <span class='ocrx_word' id='word_1_222' title='bbox 2159 1571 2616 1629; x_wconf 82' lang='lat' dir='ltr'><strong>considerandum</strong></span> <span class='ocrx_word' id='word_1_223' title='bbox 2650 1581 2755 1629; x_wconf 83' lang='lat' dir='ltr'><strong>est.</strong></span> <span class='ocrx_word' id='word_1_224' title='bbox 2789 1574 2947 1630; x_wconf 70' lang='lat' dir='ltr'><strong>iusta</strong></span> <span class='ocrx_word' id='word_1_225' title='bbox 2978 1575 3293 1646; x_wconf 80' lang='lat' dir='ltr'><strong>allegoriam</strong></span> <span class='ocrx_word' id='word_1_226' title='bbox 3317 1590 3594 1645; x_wconf 83' lang='lat' dir='ltr'><strong>quaecum-</strong></span> 
     </span>
    </p>
   </div>
   <div class='ocr_carea' id='block_1_19' title="bbox 1993 1666 3598 1738">
    <p class='ocr_par' dir='ltr' id='par_1_19' title="bbox 1993 1666 3598 1738">
     <span class='ocr_line' id='line_1_19' title="bbox 1993 1666 3598 1738; baseline 0.002 -18"><span class='ocrx_word' id='word_1_227' title='bbox 1993 1680 2104 1734; x_wconf 78' lang='lat' dir='ltr'><strong>que</strong></span> <span class='ocrx_word' id='word_1_228' title='bbox 2129 1666 2184 1719; x_wconf 83' lang='lat' dir='ltr'><strong>in</strong></span> <span class='ocrx_word' id='word_1_229' title='bbox 2211 1678 2444 1736; x_wconf 81' lang='lat' dir='ltr'><strong>quatuor</strong></span> <span class='ocrx_word' id='word_1_230' title='bbox 2474 1668 2734 1722; x_wconf 84' lang='lat' dir='ltr'><strong>cornibus</strong></span> <span class='ocrx_word' id='word_1_231' title='bbox 2774 1677 2828 1723; x_wconf 90' lang='lat' dir='ltr'><strong>et</strong></span> <span class='ocrx_word' id='word_1_232' title='bbox 2855 1679 3087 1738; x_wconf 71' lang='lat' dir='ltr'><strong>quatuvr</strong></span> <span class='ocrx_word' id='word_1_233' title='bbox 3135 1667 3300 1722; x_wconf 90' lang='lat' dir='ltr'><strong>fabris</strong></span> <span class='ocrx_word' id='word_1_234' title='bbox 3339 1667 3598 1735; x_wconf 77' lang='lat' dir='ltr'><strong>diximus,</strong></span> 
     </span>
    </p>
   </div>
   <div class='ocr_carea' id='block_1_20' title="bbox 1995 1761 3599 1833">
    <p class='ocr_par' dir='ltr' id='par_1_20' title="bbox 1995 1761 3599 1833">
     <span class='ocr_line' id='line_1_20' title="bbox 1995 1761 3599 1833; baseline 0.001 -18"><span class='ocrx_word' id='word_1_235' title='bbox 1995 1762 2158 1816; x_wconf 87' lang='lat' dir='ltr'><strong>etiam</strong></span> <span class='ocrx_word' id='word_1_236' title='bbox 2193 1761 2248 1816; x_wconf 90' lang='lat' dir='ltr'><strong>in</strong></span> <span class='ocrx_word' id='word_1_237' title='bbox 2283 1765 2536 1833; x_wconf 84' lang='lat' dir='ltr'><strong>praesenti</strong></span> <span class='ocrx_word' id='word_1_238' title='bbox 2558 1764 2676 1818; x_wconf 88' lang='lat' dir='ltr'><strong>loco</strong></span> <span class='ocrx_word' id='word_1_239' title='bbox 2708 1765 3057 1833; x_wconf 77' lang='lat' dir='ltr'><strong>accipiamus.</strong></span> <span class='ocrx_word' id='word_1_240' title='bbox 3084 1762 3214 1832; x_wconf 85' lang='lat' dir='ltr'><strong>Legi</strong></span> <span class='ocrx_word' id='word_1_241' title='bbox 3237 1763 3288 1817; x_wconf 90' lang='lat' dir='ltr'><strong>in</strong></span> <span class='ocrx_word' id='word_1_242' title='bbox 3317 1763 3599 1833; x_wconf 87' lang='lat' dir='ltr'><strong>cujusdam</strong></span> 
     </span>
    </p>
   </div>
   <div class='ocr_carea' id='block_1_21' title="bbox 279 1856 3602 1930">
    <p class='ocr_par' dir='ltr' id='par_1_21' title="bbox 279 1856 3602 1930">
     <span class='ocr_line' id='line_1_21' title="bbox 279 1856 3602 1930; baseline 0 -20"><span class='ocrx_word' id='word_1_243' title='bbox 279 1858 542 1914; x_wconf 86' lang='lat' dir='ltr'><strong>vicesima</strong></span> <span class='ocrx_word' id='word_1_244' title='bbox 564 1865 755 1928; x_wconf 83' lang='lat' dir='ltr'><strong>quarta</strong></span> <span class='ocrx_word' id='word_1_245' title='bbox 788 1857 875 1912; x_wconf 83' lang='lat' dir='ltr'><strong>die</strong></span> <span class='ocrx_word' id='word_1_246' title='bbox 902 1858 1128 1923; x_wconf 85' lang='lat' dir='ltr'><strong>mensis,</strong></span> <span class='ocrx_word' id='word_1_247' title='bbox 1165 1856 1346 1912; x_wconf 86' lang='lat' dir='ltr'><strong>omnia</strong></span> <span class='ocrx_word' id='word_1_248' title='bbox 1377 1873 1496 1927; x_wconf 72' lang='lat' dir='ltr'><strong>qua:</strong></span> <span class='ocrx_word' id='word_1_249' title='bbox 1525 1872 1688 1925; x_wconf 82' lang='lat' dir='ltr'><strong>supra</strong></span> <span class='ocrx_word' id='word_1_250' title='bbox 1718 1868 1890 1922; x_wconf 77' lang='lat' dir='ltr'><strong>expo-</strong></span> <span class='ocrx_word' id='word_1_251' title='bbox 1922 1863 1966 1924; x_wconf 77' lang='grc' dir='ltr'><strong><em>Β</em></strong></span> <span class='ocrx_word' id='word_1_252' title='bbox 1997 1857 2298 1922; x_wconf 79' lang='lat' dir='ltr'><strong>volumine,</strong></span> <span class='ocrx_word' id='word_1_253' title='bbox 2343 1867 2578 1928; x_wconf 87' lang='lat' dir='ltr'><strong>quatuor</strong></span> <span class='ocrx_word' id='word_1_254' title='bbox 2606 1859 2918 1930; x_wconf 85' lang='lat' dir='ltr'><strong>quadrigas,</strong></span> <span class='ocrx_word' id='word_1_255' title='bbox 2977 1859 3028 1912; x_wconf 90' lang='lat' dir='ltr'><strong>in</strong></span> <span class='ocrx_word' id='word_1_256' title='bbox 3059 1858 3252 1928; x_wconf 88' lang='lat' dir='ltr'><strong>quibus</strong></span> <span class='ocrx_word' id='word_1_257' title='bbox 3303 1870 3429 1912; x_wconf 88' lang='lat' dir='ltr'><strong>sunt</strong></span> <span class='ocrx_word' id='word_1_258' title='bbox 3475 1859 3602 1926; x_wconf 89' lang='lat' dir='ltr'><strong>equi</strong></span> 
     </span>
    </p>
   </div>
   <div class='ocr_carea' id='block_1_22' title="bbox 287 1947 1891 2020">
    <p class='ocr_par' dir='ltr' id='par_1_22' title="bbox 287 1947 1891 2020">
     <span class='ocr_line' id='line_1_22' title="bbox 287 1947 1891 2020; baseline -0.004 -14"><span class='ocrx_word' id='word_1_259' title='bbox 287 1949 518 2018; x_wconf 74' lang='lat' dir='ltr'><strong>animus,</strong></span> <span class='ocrx_word' id='word_1_260' title='bbox 559 1951 984 2020; x_wconf 80' lang='lat' dir='ltr'><strong>contemplatur.</strong></span> <span class='ocrx_word' id='word_1_261' title='bbox 1018 1949 1075 2004; x_wconf 87' lang='lat' dir='ltr'><strong>In</strong></span> <span class='ocrx_word' id='word_1_262' title='bbox 1109 1966 1212 2020; x_wconf 78' lang='lat' dir='ltr'><strong>qua</strong></span> <span class='ocrx_word' id='word_1_263' title='bbox 1243 1958 1406 2005; x_wconf 85' lang='lat' dir='ltr'><strong>erant</strong></span> <span class='ocrx_word' id='word_1_264' title='bbox 1431 1949 1598 2020; x_wconf 78' lang='lat' dir='ltr'><strong>igitur</strong></span> <span class='ocrx_word' id='word_1_265' title='bbox 1637 1947 1760 2017; x_wconf 87' lang='lat' dir='ltr'><strong>equi</strong></span> <span class='ocrx_word' id='word_1_266' title='bbox 1809 1947 1891 2000; x_wconf 82' lang='lat' dir='ltr'><strong>ni-</strong></span> 
     </span>
    </p>
   </div>
   <div class='ocr_carea' id='block_1_23' title="bbox 280 2039 1895 2115">
    <p class='ocr_par' dir='ltr' id='par_1_23' title="bbox 280 2039 1895 2115">
     <span class='ocr_line' id='line_1_23' title="bbox 280 2039 1895 2115; baseline -0.004 -16"><span class='ocrx_word' id='word_1_267' title='bbox 280 2044 392 2115; x_wconf 74' lang='lat' dir='ltr'><strong>gri,</strong></span> <span class='ocrx_word' id='word_1_268' title='bbox 411 2043 844 2114; x_wconf 83' lang='lat' dir='ltr'><strong>egrediebantur</strong></span> <span class='ocrx_word' id='word_1_269' title='bbox 871 2043 926 2098; x_wconf 92' lang='lat' dir='ltr'><strong>in</strong></span> <span class='ocrx_word' id='word_1_270' title='bbox 955 2053 1160 2098; x_wconf 77' lang='lat' dir='ltr'><strong>terram</strong></span> <span class='ocrx_word' id='word_1_271' title='bbox 1181 2042 1468 2113; x_wconf 86' lang='lat' dir='ltr'><strong>Aquilonis</strong></span> <span class='ocrx_word' id='word_1_272' title='bbox 1495 2061 1508 2096; x_wconf 88' lang='lat'><strong>:</strong></span> <span class='ocrx_word' id='word_1_273' title='bbox 1532 2053 1590 2096; x_wconf 90' lang='lat' dir='ltr'><strong>ut</strong></span> <span class='ocrx_word' id='word_1_274' title='bbox 1616 2039 1895 2095; x_wconf 72' lang='lat' dir='ltr'><strong>Lhaldaeo-</strong></span> 
     </span>
    </p>
   </div>
   <div class='ocr_carea' id='block_1_24' title="bbox 282 2133 1896 2205">
    <p class='ocr_par' dir='ltr' id='par_1_24' title="bbox 282 2133 1896 2205">
     <span class='ocr_line' id='line_1_24' title="bbox 282 2133 1896 2205; baseline -0.002 -15"><span class='ocrx_word' id='word_1_275' title='bbox 282 2150 406 2194; x_wconf 83' lang='lat' dir='ltr'><strong>rum</strong></span> <span class='ocrx_word' id='word_1_276' title='bbox 431 2149 656 2205; x_wconf 80' lang='lat' dir='ltr'><strong>regnum</strong></span> <span class='ocrx_word' id='word_1_277' title='bbox 701 2145 727 2172; x_wconf 78' lang='grc' dir='ltr'><strong>ιι</strong></span> <span class='ocrx_word' id='word_1_278' title='bbox 778 2135 980 2190; x_wconf 78' lang='lat' dir='ltr'><strong>Medica</strong></span> <span class='ocrx_word' id='word_1_279' title='bbox 1017 2135 1193 2190; x_wconf 88' lang='lat' dir='ltr'><strong>virtus</strong></span> <span class='ocrx_word' id='word_1_280' title='bbox 1231 2144 1523 2190; x_wconf 79' lang='lat' dir='ltr'><strong>everteret.</strong></span> <span class='ocrx_word' id='word_1_281' title='bbox 1557 2134 1625 2192; x_wconf 84' lang='lat' dir='ltr'><strong>Et</strong></span> <span class='ocrx_word' id='word_1_282' title='bbox 1656 2133 1760 2188; x_wconf 88' lang='lat' dir='ltr'><strong>boe</strong></span> <span class='ocrx_word' id='word_1_283' title='bbox 1800 2147 1896 2186; x_wconf 72' lang='lat' dir='ltr'><strong>L0—</strong></span> 
     </span>
    </p>
   </div>
   <div class='ocr_carea' id='block_1_25' title="bbox 284 2226 1893 2302">
    <p class='ocr_par' dir='ltr' id='par_1_25' title="bbox 284 2226 1893 2302">
     <span class='ocr_line' id='line_1_25' title="bbox 284 2226 1893 2302; baseline -0.002 -17"><span class='ocrx_word' id='word_1_284' title='bbox 284 2229 528 2292; x_wconf 86' lang='lat' dir='ltr'><strong>taudnm,</strong></span> <span class='ocrx_word' id='word_1_285' title='bbox 559 2230 708 2300; x_wconf 89' lang='lat' dir='ltr'><strong>quod</strong></span> <span class='ocrx_word' id='word_1_286' title='bbox 727 2231 972 2302; x_wconf 77' lang='grc' dir='ltr'><strong>κλίματα,</strong></span> <span class='ocrx_word' id='word_1_287' title='bbox 995 2229 1048 2284; x_wconf 94' lang='lat' dir='ltr'><strong>id</strong></span> <span class='ocrx_word' id='word_1_288' title='bbox 1075 2237 1190 2296; x_wconf 83' lang='lat' dir='ltr'><strong>est,</strong></span> <span class='ocrx_word' id='word_1_289' title='bbox 1223 2229 1396 2300; x_wconf 64' lang='lat' dir='ltr'><strong>plagae</strong></span> <span class='ocrx_word' id='word_1_290' title='bbox 1422 2228 1574 2285; x_wconf 89' lang='lat' dir='ltr'><strong>orbis</strong></span> <span class='ocrx_word' id='word_1_291' title='bbox 1605 2237 1660 2283; x_wconf 87' lang='lat' dir='ltr'><strong>et</strong></span> <span class='ocrx_word' id='word_1_292' title='bbox 1685 2226 1893 2289; x_wconf 84' lang='lat' dir='ltr'><strong>mundi,</strong></span> 
     </span>
    </p>
   </div>
   <div class='ocr_carea' id='block_1_26' title="bbox 279 2320 1898 2392">
    <p class='ocr_par' dir='ltr' id='par_1_26' title="bbox 279 2320 1898 2392">
     <span class='ocr_line' id='line_1_26' title="bbox 279 2320 1898 2392; baseline -0.002 -16"><span class='ocrx_word' id='word_1_293' title='bbox 279 2321 438 2392; x_wconf 74' lang='lat' dir='ltr'><strong>juxta</strong></span> <span class='ocrx_word' id='word_1_294' title='bbox 463 2330 624 2376; x_wconf 89' lang='lat' dir='ltr'><strong>situm</strong></span> <span class='ocrx_word' id='word_1_295' title='bbox 653 2321 983 2387; x_wconf 76' lang='lat' dir='ltr'><strong>Jerusalem,</strong></span> <span class='ocrx_word' id='word_1_296' title='bbox 1006 2331 1064 2376; x_wconf 90' lang='lat' dir='ltr'><strong>et</strong></span> <span class='ocrx_word' id='word_1_297' title='bbox 1084 2322 1274 2392; x_wconf 80' lang='lat' dir='ltr'><strong>templi</strong></span> <span class='ocrx_word' id='word_1_298' title='bbox 1302 2323 1353 2376; x_wconf 89' lang='lat' dir='ltr'><strong>in</strong></span> <span class='ocrx_word' id='word_1_299' title='bbox 1381 2322 1678 2387; x_wconf 81' lang='lat' dir='ltr'><strong>Scripturis</strong></span> <span class='ocrx_word' id='word_1_300' title='bbox 1697 2320 1898 2376; x_wconf 82' lang='lat' dir='ltr'><strong>san-clis</strong></span> 
     </span>
    </p>
   </div>
   <div class='ocr_carea' id='block_1_27' title="bbox 284 2397 1902 2487">
    <p class='ocr_par' dir='ltr' id='par_1_27' title="bbox 284 2397 1902 2487">
     <span class='ocr_line' id='line_1_27' title="bbox 284 2397 1902 2487; baseline -0.002 -17"><span class='ocrx_word' id='word_1_301' title='bbox 284 2415 650 2484; x_wconf 75' lang='lat' dir='ltr'><strong>appellentur.</strong></span> <span class='ocrx_word' id='word_1_302' title='bbox 702 2415 826 2470; x_wconf 82' lang='lat' dir='ltr'><strong>Albi</strong></span> <span class='ocrx_word' id='word_1_303' title='bbox 869 2430 1088 2486; x_wconf 86' lang='lat' dir='ltr'><strong>quoque</strong></span> <span class='ocrx_word' id='word_1_304' title='bbox 1137 2416 1344 2485; x_wconf 80' lang='lat' dir='ltr'><strong>egressi</strong></span> <span class='ocrx_word' id='word_1_305' title='bbox 1392 2415 1555 2487; x_wconf 67' lang='lat'><strong>823</strong></span> <span class='ocrx_word' id='word_1_306' title='bbox 1602 2424 1730 2469; x_wconf 86' lang='lat' dir='ltr'><strong>sunt</strong></span> <span class='ocrx_word' id='word_1_307' title='bbox 1781 2397 1902 2483; x_wconf 87' lang='lat' dir='ltr'><strong>post</strong></span> 
     </span>
    </p>
   </div>
   <div class='ocr_carea' id='block_1_28' title="bbox 291 2505 1902 2576">
    <p class='ocr_par' dir='ltr' id='par_1_28' title="bbox 291 2505 1902 2576">
     <span class='ocr_line' id='line_1_28' title="bbox 291 2505 1902 2576; baseline -0.001 -14"><span class='ocrx_word' id='word_1_308' title='bbox 291 2521 412 2569; x_wconf 84' lang='lat' dir='ltr'><strong>eos,</strong></span> <span class='ocrx_word' id='word_1_309' title='bbox 452 2507 624 2562; x_wconf 80' lang='lat' dir='ltr'><strong>secuti</strong></span> <span class='ocrx_word' id='word_1_310' title='bbox 670 2505 945 2561; x_wconf 69' lang='lat' dir='ltr'><strong>“edorum</strong></span> <span class='ocrx_word' id='word_1_311' title='bbox 997 2507 1400 2574; x_wconf 79' lang='lat' dir='ltr'><strong>Persarumque</strong></span> <span class='ocrx_word' id='word_1_312' title='bbox 1445 2507 1693 2576; x_wconf 77' lang='lat' dir='ltr'><strong>vestigia,</strong></span> <span class='ocrx_word' id='word_1_313' title='bbox 1746 2521 1902 2574; x_wconf 87' lang='lat' dir='ltr'><strong>reges</strong></span> 
     </span>
    </p>
   </div>
   <div class='ocr_carea' id='block_1_29' title="bbox 288 2595 1905 2668">
    <p class='ocr_par' dir='ltr' id='par_1_29' title="bbox 288 2595 1905 2668">
     <span class='ocr_line' id='line_1_29' title="bbox 288 2595 1905 2668; baseline -0.002 -12"><span class='ocrx_word' id='word_1_314' title='bbox 288 2598 666 2658; x_wconf 75' lang='lat' dir='ltr'><strong>Macedonum.</strong></span> <span class='ocrx_word' id='word_1_315' title='bbox 699 2605 760 2652; x_wconf 88' lang='lat' dir='ltr'><strong>ut</strong></span> <span class='ocrx_word' id='word_1_316' title='bbox 783 2595 1070 2652; x_wconf 71' lang='lat' dir='ltr'><strong>Chaldazos</strong></span> <span class='ocrx_word' id='word_1_317' title='bbox 1101 2613 1166 2651; x_wconf 87' lang='lat' dir='ltr'><strong>ac</strong></span> <span class='ocrx_word' id='word_1_318' title='bbox 1191 2597 1522 2668; x_wconf 77' lang='lat' dir='ltr'><strong>Babylonem</strong></span> <span class='ocrx_word' id='word_1_319' title='bbox 1553 2614 1652 2650; x_wconf 80' lang='lat' dir='ltr'><strong>suo</strong></span> <span class='ocrx_word' id='word_1_320' title='bbox 1672 2597 1905 2666; x_wconf 85' lang='lat' dir='ltr'><strong>imperio</strong></span> 
     </span>
    </p>
   </div>
   <div class='ocr_carea' id='block_1_30' title="bbox 288 2690 1904 2762">
    <p class='ocr_par' dir='ltr' id='par_1_30' title="bbox 288 2690 1904 2762">
     <span class='ocr_line' id='line_1_30' title="bbox 288 2690 1904 2762; baseline -0.001 -18"><span class='ocrx_word' id='word_1_321' title='bbox 288 2691 664 2762; x_wconf 70' lang='lat' dir='ltr'><strong>subjugareut.</strong></span> <span class='ocrx_word' id='word_1_322' title='bbox 697 2690 886 2758; x_wconf 78' lang='lat' dir='ltr'><strong>Quarti</strong></span> <span class='ocrx_word' id='word_1_323' title='bbox 919 2705 1078 2759; x_wconf 81' lang='lat' dir='ltr'><strong>vero,</strong></span> <span class='ocrx_word' id='word_1_324' title='bbox 1134 2690 1184 2744; x_wconf 90' lang='lat' dir='ltr'><strong>id</strong></span> <span class='ocrx_word' id='word_1_325' title='bbox 1228 2700 1332 2758; x_wconf 88' lang='lat' dir='ltr'><strong>est,</strong></span> <span class='ocrx_word' id='word_1_326' title='bbox 1382 2691 1613 2745; x_wconf 83' lang='lat' dir='ltr'><strong>sturuini</strong></span> <span class='ocrx_word' id='word_1_327' title='bbox 1645 2703 1700 2746; x_wconf 85' lang='lat' dir='ltr'><strong>et</strong></span> <span class='ocrx_word' id='word_1_328' title='bbox 1747 2692 1904 2757; x_wconf 85' lang='lat' dir='ltr'><strong>varii,</strong></span> 
     </span>
    </p>
   </div>
   <div class='ocr_carea' id='block_1_31' title="bbox 290 2784 1908 2856">
    <p class='ocr_par' dir='ltr' id='par_1_31' title="bbox 290 2784 1908 2856">
     <span class='ocr_line' id='line_1_31' title="bbox 290 2784 1908 2856; baseline -0.001 -16"><span class='ocrx_word' id='word_1_329' title='bbox 290 2800 393 2856; x_wconf 84' lang='lat' dir='ltr'><strong>pro</strong></span> <span class='ocrx_word' id='word_1_330' title='bbox 422 2802 532 2856; x_wconf 75' lang='lat' dir='ltr'><strong>quo</strong></span> <span class='ocrx_word' id='word_1_331' title='bbox 563 2786 616 2840; x_wconf 92' lang='lat' dir='ltr'><strong>in</strong></span> <span class='ocrx_word' id='word_1_332' title='bbox 651 2786 883 2841; x_wconf 69' lang='lat' dir='ltr'><strong>ﬂebrzeo</strong></span> <span class='ocrx_word' id='word_1_333' title='bbox 910 2784 1111 2856; x_wconf 85' lang='lat' dir='ltr'><strong>legitur</strong></span> <span class='ocrx_word' id='word_1_334' title='bbox 1141 2799 1376 2840; x_wconf 69' lang='lat' dir='ltr'><strong>eoseum</strong></span> <span class='ocrx_word' id='word_1_335' title='bbox 1404 2787 1625 2854; x_wconf 65' lang='lat' dir='ltr'><strong>(tam:</strong></span> <span class='ocrx_word' id='word_1_336' title='bbox 1649 2785 1697 2855; x_wconf 93' lang='lat'><strong>),</strong></span> <span class='ocrx_word' id='word_1_337' title='bbox 1733 2794 1786 2840; x_wconf 89' lang='lat' dir='ltr'><strong>et</strong></span> <span class='ocrx_word' id='word_1_338' title='bbox 1817 2785 1908 2854; x_wconf 85' lang='lat' dir='ltr'><strong>qui</strong></span> 
     </span>
    </p>
   </div>
   <div class='ocr_carea' id='block_1_32' title="bbox 292 2877 1910 2951">
    <p class='ocr_par' dir='ltr' id='par_1_32' title="bbox 292 2877 1910 2951">
     <span class='ocr_line' id='line_1_32' title="bbox 292 2877 1910 2951; baseline 0.001 -18"><span class='ocrx_word' id='word_1_339' title='bbox 292 2877 408 2935; x_wconf 85' lang='lat' dir='ltr'><strong>alio</strong></span> <span class='ocrx_word' id='word_1_340' title='bbox 433 2879 653 2938; x_wconf 88' lang='lat' dir='ltr'><strong>nomine</strong></span> <span class='ocrx_word' id='word_1_341' title='bbox 684 2878 1036 2951; x_wconf 80' lang='lat' dir='ltr'><strong>appellantur</strong></span> <span class='ocrx_word' id='word_1_342' title='bbox 1062 2893 1284 2943; x_wconf 60' lang='lat' dir='ltr'><strong>suasum,</strong></span> <span class='ocrx_word' id='word_1_343' title='bbox 1319 2877 1373 2932; x_wconf 91' lang='lat' dir='ltr'><strong>id</strong></span> <span class='ocrx_word' id='word_1_344' title='bbox 1394 2889 1501 2942; x_wconf 89' lang='lat' dir='ltr'><strong>est,</strong></span> <span class='ocrx_word' id='word_1_345' title='bbox 1535 2883 1714 2947; x_wconf 77' lang='lat' dir='ltr'><strong>fortes,</strong></span> <span class='ocrx_word' id='word_1_346' title='bbox 1744 2887 1910 2946; x_wconf 86' lang='lat' dir='ltr'><strong>atque</strong></span> 
     </span>
    </p>
   </div>
   <div class='ocr_carea' id='block_1_33' title="bbox 295 2970 1911 3042">
    <p class='ocr_par' dir='ltr' id='par_1_33' title="bbox 295 2970 1911 3042">
     <span class='ocr_line' id='line_1_33' title="bbox 295 2970 1911 3042; baseline -0.001 -18"><span class='ocrx_word' id='word_1_347' title='bbox 295 2971 516 3038; x_wconf 77' lang='lat' dir='ltr'><strong>robusti,</strong></span> <span class='ocrx_word' id='word_1_348' title='bbox 550 2974 756 3042; x_wconf 84' lang='lat' dir='ltr'><strong>egressi</strong></span> <span class='ocrx_word' id='word_1_349' title='bbox 797 2981 926 3026; x_wconf 91' lang='lat' dir='ltr'><strong>sunt</strong></span> <span class='ocrx_word' id='word_1_350' title='bbox 952 2970 1018 3024; x_wconf 89' lang='lat' dir='ltr'><strong>ad</strong></span> <span class='ocrx_word' id='word_1_351' title='bbox 1051 2972 1349 3026; x_wconf 82' lang='lat' dir='ltr'><strong>australem</strong></span> <span class='ocrx_word' id='word_1_352' title='bbox 1383 2971 1621 3042; x_wconf 85' lang='lat' dir='ltr'><strong>plagam,</strong></span> <span class='ocrx_word' id='word_1_353' title='bbox 1655 2982 1708 3027; x_wconf 88' lang='lat' dir='ltr'><strong>et</strong></span> <span class='ocrx_word' id='word_1_354' title='bbox 1742 2979 1911 3026; x_wconf 88' lang='lat' dir='ltr'><strong>totam</strong></span> 
     </span>
    </p>
   </div>
   <div class='ocr_carea' id='block_1_34' title="bbox 297 3063 1910 3136">
    <p class='ocr_par' dir='ltr' id='par_1_34' title="bbox 297 3063 1910 3136">
     <span class='ocr_line' id='line_1_34' title="bbox 297 3063 1910 3136; baseline -0.002 -14"><span class='ocrx_word' id='word_1_355' title='bbox 297 3075 498 3122; x_wconf 83' lang='lat' dir='ltr'><strong>terram</strong></span> <span class='ocrx_word' id='word_1_356' title='bbox 534 3066 744 3136; x_wconf 85' lang='lat' dir='ltr'><strong>impetu</strong></span> <span class='ocrx_word' id='word_1_357' title='bbox 770 3063 942 3122; x_wconf 83' lang='lat' dir='ltr'><strong>celeri</strong></span> <span class='ocrx_word' id='word_1_358' title='bbox 969 3065 1365 3120; x_wconf 80' lang='lat' dir='ltr'><strong>lustraverunt.</strong></span> <span class='ocrx_word' id='word_1_359' title='bbox 1392 3064 1708 3134; x_wconf 85' lang='lat' dir='ltr'><strong>Clamatqne</strong></span> <span class='ocrx_word' id='word_1_360' title='bbox 1743 3078 1910 3134; x_wconf 87' lang='lat' dir='ltr'><strong>ange-</strong></span> 
     </span>
    </p>
   </div>
   <div class='ocr_carea' id='block_1_35' title="bbox 300 3155 1916 3230">
    <p class='ocr_par' dir='ltr' id='par_1_35' title="bbox 300 3155 1916 3230">
     <span class='ocr_line' id='line_1_35' title="bbox 300 3155 1916 3230; baseline -0.002 -16"><span class='ocrx_word' id='word_1_361' title='bbox 300 3157 388 3214; x_wconf 80' lang='lat' dir='ltr'><strong>lus</strong></span> <span class='ocrx_word' id='word_1_362' title='bbox 419 3160 510 3230; x_wconf 86' lang='lat' dir='ltr'><strong>qui</strong></span> <span class='ocrx_word' id='word_1_363' title='bbox 546 3158 872 3229; x_wconf 72' lang='lat' dir='ltr'><strong>loquebatur</strong></span> <span class='ocrx_word' id='word_1_364' title='bbox 898 3159 952 3212; x_wconf 87' lang='lat' dir='ltr'><strong>iu</strong></span> <span class='ocrx_word' id='word_1_365' title='bbox 988 3157 1278 3229; x_wconf 73' lang='lat' dir='ltr'><strong>propheta,</strong></span> <span class='ocrx_word' id='word_1_366' title='bbox 1303 3155 1370 3210; x_wconf 87' lang='lat' dir='ltr'><strong>ad</strong></span> <span class='ocrx_word' id='word_1_367' title='bbox 1405 3157 1686 3226; x_wconf 86' lang='lat' dir='ltr'><strong>imperium</strong></span> <span class='ocrx_word' id='word_1_368' title='bbox 1715 3157 1916 3210; x_wconf 83' lang='lat' dir='ltr'><strong>Roma-</strong></span> 
     </span>
    </p>
   </div>
   <div class='ocr_carea' id='block_1_36' title="bbox 1997 1949 3604 2020">
    <p class='ocr_par' dir='ltr' id='par_1_36' title="bbox 1997 1949 3604 2020">
     <span class='ocr_line' id='line_1_36' title="bbox 1997 1949 3604 2020; baseline 0.002 -18"><span class='ocrx_word' id='word_1_369' title='bbox 1997 1949 2098 2002; x_wconf 88' lang='lat' dir='ltr'><strong>rufi</strong></span> <span class='ocrx_word' id='word_1_370' title='bbox 2119 1960 2171 2003; x_wconf 86' lang='lat' dir='ltr'><strong>et</strong></span> <span class='ocrx_word' id='word_1_371' title='bbox 2195 1950 2356 2020; x_wconf 87' lang='lat' dir='ltr'><strong>nigri,</strong></span> <span class='ocrx_word' id='word_1_372' title='bbox 2382 1961 2438 2007; x_wconf 90' lang='lat' dir='ltr'><strong>et</strong></span> <span class='ocrx_word' id='word_1_373' title='bbox 2457 1953 2586 2017; x_wconf 86' lang='lat' dir='ltr'><strong>albi,</strong></span> <span class='ocrx_word' id='word_1_374' title='bbox 2613 1960 2666 2006; x_wconf 85' lang='lat' dir='ltr'><strong>et</strong></span> <span class='ocrx_word' id='word_1_375' title='bbox 2688 1953 2843 2019; x_wconf 86' lang='lat' dir='ltr'><strong>varii,</strong></span> <span class='ocrx_word' id='word_1_376' title='bbox 2866 1966 2928 2006; x_wconf 90' lang='lat' dir='ltr'><strong>ac</strong></span> <span class='ocrx_word' id='word_1_377' title='bbox 2954 1951 3146 2016; x_wconf 78' lang='lat' dir='ltr'><strong>fet-tes,</strong></span> <span class='ocrx_word' id='word_1_378' title='bbox 3171 1961 3402 2020; x_wconf 87' lang='lat' dir='ltr'><strong>quatuor</strong></span> <span class='ocrx_word' id='word_1_379' title='bbox 3423 1950 3604 2006; x_wconf 82' lang='lat' dir='ltr'><strong>Evan-</strong></span> 
     </span>
    </p>
   </div>
   <div class='ocr_carea' id='block_1_37' title="bbox 1996 2043 3603 2117">
    <p class='ocr_par' dir='ltr' id='par_1_37' title="bbox 1996 2043 3603 2117">
     <span class='ocr_line' id='line_1_37' title="bbox 1996 2043 3603 2117; baseline -0.001 -18"><span class='ocrx_word' id='word_1_380' title='bbox 1996 2045 2140 2113; x_wconf 81' lang='lat' dir='ltr'><strong>gelia</strong></span> <span class='ocrx_word' id='word_1_381' title='bbox 2168 2045 2514 2116; x_wconf 88' lang='lat' dir='ltr'><strong>intelligenda</strong></span> <span class='ocrx_word' id='word_1_382' title='bbox 2550 2055 2606 2101; x_wconf 89' lang='lat' dir='ltr'><strong>et</strong></span> <span class='ocrx_word' id='word_1_383' title='bbox 2636 2062 2807 2117; x_wconf 87' lang='lat' dir='ltr'><strong>equos</strong></span> <span class='ocrx_word' id='word_1_384' title='bbox 2834 2046 3152 2116; x_wconf 78' lang='lat' dir='ltr'><strong>Apostolus,</strong></span> <span class='ocrx_word' id='word_1_385' title='bbox 3187 2061 3286 2114; x_wconf 87' lang='lat' dir='ltr'><strong>per</strong></span> <span class='ocrx_word' id='word_1_386' title='bbox 3309 2043 3603 2098; x_wconf 80' lang='lat' dir='ltr'><strong>diversita—</strong></span> 
     </span>
    </p>
   </div>
   <div class='ocr_carea' id='block_1_38' title="bbox 2001 2139 3604 2211">
    <p class='ocr_par' dir='ltr' id='par_1_38' title="bbox 2001 2139 3604 2211">
     <span class='ocr_line' id='line_1_38' title="bbox 2001 2139 3604 2211; baseline 0 -19"><span class='ocrx_word' id='word_1_387' title='bbox 2001 2149 2108 2194; x_wconf 88' lang='lat' dir='ltr'><strong>tem</strong></span> <span class='ocrx_word' id='word_1_388' title='bbox 2153 2139 2396 2194; x_wconf 89' lang='lat' dir='ltr'><strong>colorum</strong></span> <span class='ocrx_word' id='word_1_389' title='bbox 2429 2140 2674 2195; x_wconf 89' lang='lat' dir='ltr'><strong>diversas</strong></span> <span class='ocrx_word' id='word_1_390' title='bbox 2720 2140 2927 2211; x_wconf 82' lang='lat' dir='ltr'><strong>gratias</strong></span> <span class='ocrx_word' id='word_1_391' title='bbox 2957 2139 3340 2208; x_wconf 88' lang='lat' dir='ltr'><strong>possidentes:</strong></span> <span class='ocrx_word' id='word_1_392' title='bbox 3374 2153 3604 2208; x_wconf 89' lang='lat' dir='ltr'><strong>quorum</strong></span> 
     </span>
    </p>
   </div>
   <div class='ocr_carea' id='block_1_39' title="bbox 2001 2233 3610 2303">
    <p class='ocr_par' dir='ltr' id='par_1_39' title="bbox 2001 2233 3610 2303">
     <span class='ocr_line' id='line_1_39' title="bbox 2001 2233 3610 2303; baseline -0.001 -16"><span class='ocrx_word' id='word_1_393' title='bbox 2001 2234 2098 2288; x_wconf 86' lang='lat' dir='ltr'><strong>alii</strong></span> <span class='ocrx_word' id='word_1_394' title='bbox 2127 2233 2228 2289; x_wconf 75' lang='lat' dir='ltr'><strong>rufi</strong></span> <span class='ocrx_word' id='word_1_395' title='bbox 2259 2233 2368 2289; x_wconf 86' lang='lat' dir='ltr'><strong>sint</strong></span> <span class='ocrx_word' id='word_1_396' title='bbox 2398 2235 2449 2289; x_wconf 90' lang='lat' dir='ltr'><strong>in</strong></span> <span class='ocrx_word' id='word_1_397' title='bbox 2501 2234 2784 2303; x_wconf 86' lang='lat' dir='ltr'><strong>martyrio,</strong></span> <span class='ocrx_word' id='word_1_398' title='bbox 2835 2234 2928 2289; x_wconf 91' lang='lat' dir='ltr'><strong>alii</strong></span> <span class='ocrx_word' id='word_1_399' title='bbox 2980 2233 3222 2299; x_wconf 84' lang='lat' dir='ltr'><strong>obscuri,</strong></span> <span class='ocrx_word' id='word_1_400' title='bbox 3257 2243 3306 2288; x_wconf 91' lang='lat' dir='ltr'><strong>et</strong></span> <span class='ocrx_word' id='word_1_401' title='bbox 3341 2234 3501 2303; x_wconf 83' lang='lat' dir='ltr'><strong>nigri,</strong></span> <span class='ocrx_word' id='word_1_402' title='bbox 3553 2241 3610 2287; x_wconf 91' lang='lat' dir='ltr'><strong>et</strong></span> 
     </span>
    </p>
   </div>
   <div class='ocr_carea' id='block_1_40' title="bbox 2003 2327 3606 2400">
    <p class='ocr_par' dir='ltr' id='par_1_40' title="bbox 2003 2327 3606 2400">
     <span class='ocr_line' id='line_1_40' title="bbox 2003 2327 3606 2400; baseline -0.002 -16"><span class='ocrx_word' id='word_1_403' title='bbox 2003 2328 2208 2384; x_wconf 85' lang='lat' dir='ltr'><strong>Christi</strong></span> <span class='ocrx_word' id='word_1_404' title='bbox 2243 2331 2498 2400; x_wconf 80' lang='lat' dir='ltr'><strong>mysteria</strong></span> <span class='ocrx_word' id='word_1_405' title='bbox 2531 2341 2944 2400; x_wconf 82' lang='lat' dir='ltr'><strong>cognoscentes,</strong></span> <span class='ocrx_word' id='word_1_406' title='bbox 2979 2330 3046 2383; x_wconf 89' lang='lat' dir='ltr'><strong>de</strong></span> <span class='ocrx_word' id='word_1_407' title='bbox 3077 2328 3276 2397; x_wconf 85' lang='lat' dir='ltr'><strong>quibus</strong></span> <span class='ocrx_word' id='word_1_408' title='bbox 3308 2329 3522 2382; x_wconf 87' lang='lat' dir='ltr'><strong>dicatur</strong></span> <span class='ocrx_word' id='word_1_409' title='bbox 3554 2327 3606 2380; x_wconf 93' lang='lat' dir='ltr'><strong>in</strong></span> 
     </span>
    </p>
   </div>
   <div class='ocr_carea' id='block_1_41' title="bbox 2007 2418 3610 2494">
    <p class='ocr_par' dir='ltr' id='par_1_41' title="bbox 2007 2418 3610 2494">
     <span class='ocr_line' id='line_1_41' title="bbox 2007 2418 3610 2494; baseline -0.002 -19"><span class='ocrx_word' id='word_1_410' title='bbox 2007 2421 2236 2475; x_wconf 83' lang='lat' dir='ltr'><strong>Psalmis</strong></span> <span class='ocrx_word' id='word_1_411' title='bbox 2264 2421 2472 2492; x_wconf 81' lang='lat' dir='ltr'><strong>:Cutigo</strong></span> <span class='ocrx_word' id='word_1_412' title='bbox 2497 2422 2587 2475; x_wconf 75' lang='lat' dir='ltr'><strong>sub</strong></span> <span class='ocrx_word' id='word_1_413' title='bbox 2611 2424 2825 2494; x_wconf 81' lang='lat' dir='ltr'><strong>pedibus</strong></span> <span class='ocrx_word' id='word_1_414' title='bbox 2850 2421 2996 2493; x_wconf 82' lang='lat' dir='ltr'><strong>ejus(</strong></span> <span class='ocrx_word' id='word_1_415' title='bbox 3021 2419 3167 2474; x_wconf 81' lang='lat' dir='ltr'><strong>Psal.</strong></span> <span class='ocrx_word' id='word_1_416' title='bbox 3195 2435 3328 2487; x_wconf 82' lang='lat' dir='ltr'><strong>xvu,</strong></span> <span class='ocrx_word' id='word_1_417' title='bbox 3358 2422 3424 2476; x_wconf 78' lang='grc'><strong>10</strong></span> <span class='ocrx_word' id='word_1_418' title='bbox 3509 2420 3572 2474; x_wconf 81' lang='lat' dir='ltr'><strong>Et</strong></span> <span class='ocrx_word' id='word_1_419' title='bbox 3599 2438 3610 2472; x_wconf 92' lang='lat'>:</span> 
     </span>
    </p>
   </div>
   <div class='ocr_carea' id='block_1_42' title="bbox 2009 2513 3610 2587">
    <p class='ocr_par' dir='ltr' id='par_1_42' title="bbox 2009 2513 3610 2587">
     <span class='ocr_line' id='line_1_42' title="bbox 2009 2513 3610 2587; baseline -0.001 -19"><span class='ocrx_word' id='word_1_420' title='bbox 2009 2515 2200 2569; x_wconf 80' lang='lat' dir='ltr'><strong>Posuit</strong></span> <span class='ocrx_word' id='word_1_421' title='bbox 2221 2519 2453 2572; x_wconf 80' lang='lat' dir='ltr'><strong>tenebras</strong></span> <span class='ocrx_word' id='word_1_422' title='bbox 2477 2516 2755 2572; x_wconf 80' lang='lat' dir='ltr'><strong>latibulum</strong></span> <span class='ocrx_word' id='word_1_423' title='bbox 2783 2533 2932 2570; x_wconf 85' lang='lat' dir='ltr'><strong>suum</strong></span> <span class='ocrx_word' id='word_1_424' title='bbox 2965 2516 2981 2587; x_wconf 92' lang='lat'><strong>(</strong></span> <span class='ocrx_word' id='word_1_425' title='bbox 3007 2513 3171 2580; x_wconf 79' lang='lat' dir='ltr'><strong>Ibid.,</strong></span> <span class='ocrx_word' id='word_1_426' title='bbox 3200 2515 3311 2585; x_wconf 82' lang='lat' dir='ltr'><strong>xu)</strong></span> <span class='ocrx_word' id='word_1_427' title='bbox 3345 2517 3446 2568; x_wconf 91' lang='lat' dir='ltr'><strong>Alii</strong></span> <span class='ocrx_word' id='word_1_428' title='bbox 3482 2515 3610 2567; x_wconf 89' lang='lat' dir='ltr'><strong>albi.</strong></span> 
     </span>
    </p>
   </div>
   <div class='ocr_carea' id='block_1_43' title="bbox 2007 2607 3614 2680">
    <p class='ocr_par' dir='ltr' id='par_1_43' title="bbox 2007 2607 3614 2680">
     <span class='ocr_line' id='line_1_43' title="bbox 2007 2607 3614 2680; baseline -0.001 -18"><span class='ocrx_word' id='word_1_429' title='bbox 2007 2609 2182 2679; x_wconf 86' lang='lat' dir='ltr'><strong>gratia</strong></span> <span class='ocrx_word' id='word_1_430' title='bbox 2211 2610 2461 2680; x_wconf 87' lang='lat' dir='ltr'><strong>virginali</strong></span> <span class='ocrx_word' id='word_1_431' title='bbox 2489 2626 2503 2670; x_wconf 86' lang='lat'><strong>;</strong></span> <span class='ocrx_word' id='word_1_432' title='bbox 2528 2610 2617 2663; x_wconf 88' lang='lat' dir='ltr'><strong>alii</strong></span> <span class='ocrx_word' id='word_1_433' title='bbox 2649 2609 2783 2663; x_wconf 91' lang='lat' dir='ltr'><strong>varii</strong></span> <span class='ocrx_word' id='word_1_434' title='bbox 2813 2618 2868 2664; x_wconf 90' lang='lat' dir='ltr'><strong>et</strong></span> <span class='ocrx_word' id='word_1_435' title='bbox 2890 2608 3076 2674; x_wconf 84' lang='lat' dir='ltr'><strong>fortes,</strong></span> <span class='ocrx_word' id='word_1_436' title='bbox 3110 2607 3371 2662; x_wconf 84' lang='lat' dir='ltr'><strong>habentes</strong></span> <span class='ocrx_word' id='word_1_437' title='bbox 3387 2609 3614 2676; x_wconf 82' lang='lat' dir='ltr'><strong>gratiam</strong></span> 
     </span>
    </p>
   </div>
   <div class='ocr_carea' id='block_1_44' title="bbox 2010 2700 3618 2772">
    <p class='ocr_par' dir='ltr' id='par_1_44' title="bbox 2010 2700 3618 2772">
     <span class='ocr_line' id='line_1_44' title="bbox 2010 2700 3618 2772; baseline -0.001 -16"><span class='ocrx_word' id='word_1_438' title='bbox 2010 2702 2351 2757; x_wconf 89' lang='lat' dir='ltr'><strong>curationum</strong></span> <span class='ocrx_word' id='word_1_439' title='bbox 2386 2702 2831 2772; x_wconf 52' lang='lat' dir='ltr'><strong>diversarumque</strong></span> <span class='ocrx_word' id='word_1_440' title='bbox 2869 2703 3150 2756; x_wconf 79' lang='lat' dir='ltr'><strong>virtutum.</strong></span> <span class='ocrx_word' id='word_1_441' title='bbox 3206 2700 3300 2755; x_wconf 83' lang='lat' dir='ltr'><strong>Hae</strong></span> <span class='ocrx_word' id='word_1_442' title='bbox 3341 2700 3618 2771; x_wconf 78' lang='lat' dir='ltr'><strong>quadrigze</strong></span> 
     </span>
    </p>
   </div>
   <div class='ocr_carea' id='block_1_45' title="bbox 2013 2795 3622 2865">
    <p class='ocr_par' dir='ltr' id='par_1_45' title="bbox 2013 2795 3622 2865">
     <span class='ocr_line' id='line_1_45' title="bbox 2013 2795 3622 2865; baseline -0.001 -19"><span class='ocrx_word' id='word_1_443' title='bbox 2013 2805 2268 2865; x_wconf 88' lang='lat' dir='ltr'><strong>quatuor,</strong></span> <span class='ocrx_word' id='word_1_444' title='bbox 2304 2797 2419 2849; x_wconf 80' lang='lat' dir='ltr'><strong>sive</strong></span> <span class='ocrx_word' id='word_1_445' title='bbox 2455 2810 2668 2860; x_wconf 88' lang='lat' dir='ltr'><strong>currus,</strong></span> <span class='ocrx_word' id='word_1_446' title='bbox 2705 2795 2858 2849; x_wconf 84' lang='lat' dir='ltr'><strong>missi</strong></span> <span class='ocrx_word' id='word_1_447' title='bbox 2905 2803 3032 2848; x_wconf 90' lang='lat' dir='ltr'><strong>sunt</strong></span> <span class='ocrx_word' id='word_1_448' title='bbox 3078 2796 3129 2847; x_wconf 93' lang='lat' dir='ltr'><strong>in</strong></span> <span class='ocrx_word' id='word_1_449' title='bbox 3165 2803 3398 2860; x_wconf 86' lang='lat' dir='ltr'><strong>quatuor</strong></span> <span class='ocrx_word' id='word_1_450' title='bbox 3427 2802 3622 2846; x_wconf 82' lang='lat' dir='ltr'><strong>ventos</strong></span> 
     </span>
    </p>
   </div>
   <div class='ocr_carea' id='block_1_46' title="bbox 2013 2885 3621 2954">
    <p class='ocr_par' dir='ltr' id='par_1_46' title="bbox 2013 2885 3621 2954">
     <span class='ocr_line' id='line_1_46' title="bbox 2013 2885 3621 2954; baseline -0.002 -11"><span class='ocrx_word' id='word_1_451' title='bbox 2013 2889 2159 2952; x_wconf 62' lang='lat' dir='ltr'><strong>coeli,</strong></span> <span class='ocrx_word' id='word_1_452' title='bbox 2191 2889 2243 2944; x_wconf 88' lang='lat' dir='ltr'><strong>id</strong></span> <span class='ocrx_word' id='word_1_453' title='bbox 2270 2898 2373 2954; x_wconf 83' lang='lat' dir='ltr'><strong>cst,</strong></span> <span class='ocrx_word' id='word_1_454' title='bbox 2403 2889 2468 2943; x_wconf 89' lang='lat' dir='ltr'><strong>ad</strong></span> <span class='ocrx_word' id='word_1_455' title='bbox 2494 2888 2742 2943; x_wconf 90' lang='lat' dir='ltr'><strong>cardines</strong></span> <span class='ocrx_word' id='word_1_456' title='bbox 2765 2887 2972 2953; x_wconf 91' lang='lat' dir='ltr'><strong>mundi,</strong></span> <span class='ocrx_word' id='word_1_457' title='bbox 3005 2897 3060 2942; x_wconf 87' lang='lat' dir='ltr'><strong>et</strong></span> <span class='ocrx_word' id='word_1_458' title='bbox 3087 2887 3398 2940; x_wconf 81' lang='lat' dir='ltr'><strong>universum</strong></span> <span class='ocrx_word' id='word_1_459' title='bbox 3433 2885 3621 2940; x_wconf 88' lang='lat' dir='ltr'><strong>orbem</strong></span> 
     </span>
    </p>
   </div>
   <div class='ocr_carea' id='block_1_47' title="bbox 2019 2979 3624 3048">
    <p class='ocr_par' dir='ltr' id='par_1_47' title="bbox 2019 2979 3624 3048">
     <span class='ocr_line' id='line_1_47' title="bbox 2019 2979 3624 3048; baseline -0.002 -15"><span class='ocrx_word' id='word_1_460' title='bbox 2019 2991 2310 3044; x_wconf 85' lang='lat' dir='ltr'><strong>terrarum,</strong></span> <span class='ocrx_word' id='word_1_461' title='bbox 2347 2991 2402 3036; x_wconf 90' lang='lat' dir='ltr'><strong>ut</strong></span> <span class='ocrx_word' id='word_1_462' title='bbox 2431 2981 2716 3047; x_wconf 65' lang='lat' dir='ltr'><strong>capiercnt</strong></span> <span class='ocrx_word' id='word_1_463' title='bbox 2757 2979 2972 3034; x_wconf 86' lang='lat' dir='ltr'><strong>Domini</strong></span> <span class='ocrx_word' id='word_1_464' title='bbox 3021 2979 3392 3034; x_wconf 77' lang='lat' dir='ltr'><strong>voluntatem:</strong></span> <span class='ocrx_word' id='word_1_465' title='bbox 3426 2979 3624 3048; x_wconf 84' lang='lat' dir='ltr'><strong>quibus</strong></span> 
     </span>
    </p>
   </div>
   <div class='ocr_carea' id='block_1_48' title="bbox 2020 3070 3626 3146">
    <p class='ocr_par' dir='ltr' id='par_1_48' title="bbox 2020 3070 3626 3146">
     <span class='ocr_line' id='line_1_48' title="bbox 2020 3070 3626 3146; baseline -0.005 -17"><span class='ocrx_word' id='word_1_466' title='bbox 2020 3083 2211 3146; x_wconf 86' lang='lat' dir='ltr'><strong>postea</strong></span> <span class='ocrx_word' id='word_1_467' title='bbox 2244 3073 2476 3128; x_wconf 75' lang='lat' dir='ltr'><strong>infertur</strong></span> <span class='ocrx_word' id='word_1_468' title='bbox 2509 3074 2577 3126; x_wconf 91' lang='lat' dir='ltr'><strong>ab</strong></span> <span class='ocrx_word' id='word_1_469' title='bbox 2614 3073 2824 3142; x_wconf 84' lang='lat' dir='ltr'><strong>Angelo</strong></span> <span class='ocrx_word' id='word_1_470' title='bbox 2852 3091 2864 3128; x_wconf 90' lang='lat'><strong>:</strong></span> <span class='ocrx_word' id='word_1_471' title='bbox 2899 3071 3004 3138; x_wconf 81' lang='lat' dir='ltr'><strong>Ite,</strong></span> <span class='ocrx_word' id='word_1_472' title='bbox 3060 3082 3112 3126; x_wconf 86' lang='lat' dir='ltr'><strong>et</strong></span> <span class='ocrx_word' id='word_1_473' title='bbox 3138 3070 3494 3142; x_wconf 79' lang='lat' dir='ltr'><strong>perambulare</strong></span> <span class='ocrx_word' id='word_1_474' title='bbox 3524 3079 3626 3122; x_wconf 81' lang='lat' dir='ltr'><strong>ter—</strong></span> 
     </span>
    </p>
   </div>
   <div class='ocr_carea' id='block_1_49' title="bbox 2020 3165 3625 3234">
    <p class='ocr_par' dir='ltr' id='par_1_49' title="bbox 2020 3165 3625 3234">
     <span class='ocr_line' id='line_1_49' title="bbox 2020 3165 3625 3234; baseline -0.001 -14"><span class='ocrx_word' id='word_1_475' title='bbox 2020 3183 2155 3234; x_wconf 86' lang='lat' dir='ltr'><strong>ram,</strong></span> <span class='ocrx_word' id='word_1_476' title='bbox 2188 3168 2322 3223; x_wconf 90' lang='lat' dir='ltr'><strong>etin</strong></span> <span class='ocrx_word' id='word_1_477' title='bbox 2355 3168 2568 3222; x_wconf 88' lang='lat' dir='ltr'><strong>cunctis</strong></span> <span class='ocrx_word' id='word_1_478' title='bbox 2601 3178 2871 3222; x_wconf 89' lang='lat' dir='ltr'><strong>terrarum</strong></span> <span class='ocrx_word' id='word_1_479' title='bbox 2900 3166 3098 3219; x_wconf 82' lang='lat' dir='ltr'><strong>ﬁnibus</strong></span> <span class='ocrx_word' id='word_1_480' title='bbox 3131 3165 3484 3234; x_wconf 76' lang='lat' dir='ltr'><strong>Evangelium</strong></span> <span class='ocrx_word' id='word_1_481' title='bbox 3535 3179 3625 3218; x_wconf 80' lang='lat' dir='ltr'><strong>se-</strong></span> 
     </span>
    </p>
   </div>
   <div class='ocr_carea' id='block_1_50' title="bbox 301 3248 3629 3329">
    <p class='ocr_par' dir='ltr' id='par_1_50' title="bbox 301 3248 3629 3329">
     <span class='ocr_line' id='line_1_50' title="bbox 301 3248 3629 3329; baseline -0.005 -22"><span class='ocrx_word' id='word_1_482' title='bbox 301 3266 542 3308; x_wconf 84' lang='lat' dir='ltr'><strong>nornm&#39;.</strong></span> <span class='ocrx_word' id='word_1_483' title='bbox 581 3249 682 3315; x_wconf 78' lang='lat' dir='ltr'><strong>ite,</strong></span> <span class='ocrx_word' id='word_1_484' title='bbox 716 3249 1068 3322; x_wconf 80' lang='lat' dir='ltr'><strong>pet-ambulate</strong></span> <span class='ocrx_word' id='word_1_485' title='bbox 1097 3259 1314 3318; x_wconf 87' lang='lat' dir='ltr'><strong>terram,</strong></span> <span class='ocrx_word' id='word_1_486' title='bbox 1362 3259 1416 3304; x_wconf 90' lang='lat' dir='ltr'><strong>et</strong></span> <span class='ocrx_word' id='word_1_487' title='bbox 1454 3249 1639 3304; x_wconf 88' lang='lat' dir='ltr'><strong>orbem</strong></span> <span class='ocrx_word' id='word_1_488' title='bbox 1685 3248 1914 3304; x_wconf 84' lang='lat' dir='ltr'><strong>circuito</strong></span> <span class='ocrx_word' id='word_1_489' title='bbox 1943 3253 1990 3316; x_wconf 83' lang='lat' dir='ltr'>C</span> <span class='ocrx_word' id='word_1_490' title='bbox 2022 3260 2242 3315; x_wconf 69' lang='grc' dir='ltr'><strong>ιηίηεηε,</strong></span> <span class='ocrx_word' id='word_1_491' title='bbox 2294 3258 2407 3313; x_wconf 74' lang='lat' dir='ltr'><strong>Hoc</strong></span> <span class='ocrx_word' id='word_1_492' title='bbox 2434 3274 2650 3329; x_wconf 58' lang='lat' dir='ltr'><strong>quoque</strong></span> <span class='ocrx_word' id='word_1_493' title='bbox 2677 3258 2819 3329; x_wconf 69' lang='lat' dir='ltr'><strong>quod</strong></span> <span class='ocrx_word' id='word_1_494' title='bbox 2856 3259 3137 3328; x_wconf 66' lang='grc' dir='ltr'><strong>ςρτμπῖιητε</strong></span> <span class='ocrx_word' id='word_1_495' title='bbox 3174 3256 3308 3310; x_wconf 62' lang='grc' dir='ltr'><strong>εσσε</strong></span> <span class='ocrx_word' id='word_1_496' title='bbox 3351 3258 3438 3326; x_wconf 63' lang='grc' dir='ltr'><strong>(ηεξ</strong></span> <span class='ocrx_word' id='word_1_497' title='bbox 3481 3272 3629 3328; x_wconf 52' lang='lat' dir='ltr'><strong>egre.</strong></span> 
     </span>
    </p>
   </div>
   <div class='ocr_carea' id='block_1_51' title="bbox 304 3342 1918 3412">
    <p class='ocr_par' dir='ltr' id='par_1_51' title="bbox 304 3342 1918 3412">
     <span class='ocr_line' id='line_1_51' title="bbox 304 3342 1918 3412; baseline -0.002 -12"><span class='ocrx_word' id='word_1_498' title='bbox 304 3353 598 3412; x_wconf 82' lang='lat' dir='ltr'><strong>terrarum,</strong></span> <span class='ocrx_word' id='word_1_499' title='bbox 633 3345 940 3412; x_wconf 78' lang='lat' dir='ltr'><strong>vestrisque</strong></span> <span class='ocrx_word' id='word_1_500' title='bbox 978 3342 1206 3412; x_wconf 86' lang='lat' dir='ltr'><strong>pedibus</strong></span> <span class='ocrx_word' id='word_1_501' title='bbox 1235 3351 1432 3398; x_wconf 88' lang='lat' dir='ltr'><strong>cuncta</strong></span> <span class='ocrx_word' id='word_1_502' title='bbox 1466 3356 1630 3412; x_wconf 88' lang='lat' dir='ltr'><strong>regna</strong></span> <span class='ocrx_word' id='word_1_503' title='bbox 1674 3342 1918 3396; x_wconf 87' lang='lat' dir='ltr'><strong>subster-</strong></span> 
     </span>
    </p>
   </div>
   <div class='ocr_carea' id='block_1_52' title="bbox 307 3438 1920 3510">
    <p class='ocr_par' dir='ltr' id='par_1_52' title="bbox 307 3438 1920 3510">
     <span class='ocr_line' id='line_1_52' title="bbox 307 3438 1920 3510; baseline -0.002 -14"><span class='ocrx_word' id='word_1_504' title='bbox 307 3441 444 3498; x_wconf 78' lang='lat' dir='ltr'><strong>nite.</strong></span> <span class='ocrx_word' id='word_1_505' title='bbox 472 3439 898 3510; x_wconf 85' lang='lat' dir='ltr'><strong>Conversusqne</strong></span> <span class='ocrx_word' id='word_1_506' title='bbox 942 3439 1008 3493; x_wconf 88' lang='lat' dir='ltr'><strong>ad</strong></span> <span class='ocrx_word' id='word_1_507' title='bbox 1042 3438 1364 3509; x_wconf 85' lang='lat' dir='ltr'><strong>prophetam</strong></span> <span class='ocrx_word' id='word_1_508' title='bbox 1410 3438 1556 3494; x_wconf 88' lang='lat' dir='ltr'><strong>clara</strong></span> <span class='ocrx_word' id='word_1_509' title='bbox 1592 3453 1728 3493; x_wconf 84' lang='lat' dir='ltr'><strong>voce</strong></span> <span class='ocrx_word' id='word_1_510' title='bbox 1755 3447 1920 3493; x_wconf 85' lang='lat' dir='ltr'><strong>testa-</strong></span> 
     </span>
    </p>
   </div>
   <div class='ocr_carea' id='block_1_53' title="bbox 310 3528 1917 3601">
    <p class='ocr_par' dir='ltr' id='par_1_53' title="bbox 310 3528 1917 3601">
     <span class='ocr_line' id='line_1_53' title="bbox 310 3528 1917 3601; baseline -0.003 -16"><span class='ocrx_word' id='word_1_511' title='bbox 310 3538 395 3585; x_wconf 88' lang='lat' dir='ltr'><strong>tttr</strong></span> <span class='ocrx_word' id='word_1_512' title='bbox 419 3547 432 3585; x_wconf 91' lang='lat'><strong>:</strong></span> <span class='ocrx_word' id='word_1_513' title='bbox 471 3531 602 3586; x_wconf 76' lang='lat' dir='ltr'><strong>Ecce</strong></span> <span class='ocrx_word' id='word_1_514' title='bbox 627 3530 1071 3601; x_wconf 80' lang='lat' dir='ltr'><strong>quiegreditmtur</strong></span> <span class='ocrx_word' id='word_1_515' title='bbox 1095 3531 1150 3583; x_wconf 80' lang='lat' dir='ltr'><strong>in</strong></span> <span class='ocrx_word' id='word_1_516' title='bbox 1176 3538 1365 3584; x_wconf 84' lang='lat' dir='ltr'><strong>terram</strong></span> <span class='ocrx_word' id='word_1_517' title='bbox 1399 3528 1690 3599; x_wconf 72' lang='lat' dir='ltr'><strong>Aquilonis,</strong></span> <span class='ocrx_word' id='word_1_518' title='bbox 1716 3529 1917 3598; x_wconf 81' lang='lat' dir='ltr'><strong>requie-</strong></span> 
     </span>
    </p>
   </div>
   <div class='ocr_carea' id='block_1_54' title="bbox 311 3623 1926 3694">
    <p class='ocr_par' dir='ltr' id='par_1_54' title="bbox 311 3623 1926 3694">
     <span class='ocr_line' id='line_1_54' title="bbox 311 3623 1926 3694; baseline -0.002 -15"><span class='ocrx_word' id='word_1_519' title='bbox 311 3640 452 3679; x_wconf 79' lang='lat' dir='ltr'><strong>scere</strong></span> <span class='ocrx_word' id='word_1_520' title='bbox 498 3628 729 3694; x_wconf 76' lang='lat' dir='ltr'><strong>fecerunt</strong></span> <span class='ocrx_word' id='word_1_521' title='bbox 758 3625 997 3692; x_wconf 79' lang='lat' dir='ltr'><strong>spiritum</strong></span> <span class='ocrx_word' id='word_1_522' title='bbox 1025 3639 1197 3676; x_wconf 81' lang='lat' dir='ltr'><strong>meum</strong></span> <span class='ocrx_word' id='word_1_523' title='bbox 1224 3625 1278 3678; x_wconf 83' lang='lat' dir='ltr'><strong>in</strong></span> <span class='ocrx_word' id='word_1_524' title='bbox 1305 3633 1465 3693; x_wconf 78' lang='lat' dir='ltr'><strong>terra,</strong></span> <span class='ocrx_word' id='word_1_525' title='bbox 1513 3623 1580 3676; x_wconf 81' lang='lat' dir='ltr'><strong>ad</strong></span> <span class='ocrx_word' id='word_1_526' title='bbox 1609 3637 1772 3693; x_wconf 88' lang='lat' dir='ltr'><strong>quam</strong></span> <span class='ocrx_word' id='word_1_527' title='bbox 1801 3636 1926 3690; x_wconf 87' lang='lat' dir='ltr'><strong>pro-</strong></span> 
     </span>
    </p>
   </div>
   <div class='ocr_carea' id='block_1_55' title="bbox 316 3712 1927 3772">
    <p class='ocr_par' dir='ltr' id='par_1_55' title="bbox 316 3712 1927 3772">
     <span class='ocr_line' id='line_1_55' title="bbox 316 3712 1927 3772; baseline 0 -4"><span class='ocrx_word' id='word_1_528' title='bbox 316 3716 440 3772; x_wconf 86' lang='lat' dir='ltr'><strong>fecti</strong></span> <span class='ocrx_word' id='word_1_529' title='bbox 469 3724 616 3772; x_wconf 88' lang='lat' dir='ltr'><strong>sunt.</strong></span> <span class='ocrx_word' id='word_1_530' title='bbox 645 3716 930 3772; x_wconf 86' lang='lat' dir='ltr'><strong>Traditum</strong></span> <span class='ocrx_word' id='word_1_531' title='bbox 959 3715 1090 3770; x_wconf 87' lang='lat' dir='ltr'><strong>mihi</strong></span> <span class='ocrx_word' id='word_1_532' title='bbox 1118 3725 1204 3771; x_wconf 85' lang='lat' dir='ltr'><strong>est</strong></span> <span class='ocrx_word' id='word_1_533' title='bbox 1223 3716 1298 3770; x_wconf 89' lang='lat' dir='ltr'><strong>ab</strong></span> <span class='ocrx_word' id='word_1_534' title='bbox 1328 3715 1574 3771; x_wconf 85' lang='lat' dir='ltr'><strong>Hebraeis</strong></span> <span class='ocrx_word' id='word_1_535' title='bbox 1600 3715 1654 3770; x_wconf 91' lang='lat' dir='ltr'><strong>in</strong></span> <span class='ocrx_word' id='word_1_536' title='bbox 1687 3715 1810 3769; x_wconf 89' lang='lat' dir='ltr'><strong>loco</strong></span> <span class='ocrx_word' id='word_1_537' title='bbox 1838 3712 1927 3768; x_wconf 87' lang='lat' dir='ltr'><strong>vel</strong></span> 
     </span>
    </p>
   </div>
   <div class='ocr_carea' id='block_1_56' title="bbox 317 3806 1927 3878">
    <p class='ocr_par' dir='ltr' id='par_1_56' title="bbox 317 3806 1927 3878">
     <span class='ocr_line' id='line_1_56' title="bbox 317 3806 1927 3878; baseline -0.001 -15"><span class='ocrx_word' id='word_1_538' title='bbox 317 3807 670 3874; x_wconf 77' lang='lat' dir='ltr'><strong>difﬁcillimo,</strong></span> <span class='ocrx_word' id='word_1_539' title='bbox 701 3808 850 3878; x_wconf 91' lang='lat' dir='ltr'><strong>quod</strong></span> <span class='ocrx_word' id='word_1_540' title='bbox 873 3808 1187 3865; x_wconf 75' lang='lat' dir='ltr'><strong>Alexander</strong></span> <span class='ocrx_word' id='word_1_541' title='bbox 1210 3818 1266 3864; x_wconf 92' lang='lat' dir='ltr'><strong>et</strong></span> <span class='ocrx_word' id='word_1_542' title='bbox 1291 3824 1480 3864; x_wconf 90' lang='lat' dir='ltr'><strong>omnes</strong></span> <span class='ocrx_word' id='word_1_543' title='bbox 1500 3808 1846 3874; x_wconf 85' lang='lat' dir='ltr'><strong>Macedones,</strong></span> <span class='ocrx_word' id='word_1_544' title='bbox 1873 3806 1927 3861; x_wconf 87' lang='lat' dir='ltr'><strong>id</strong></span> 
     </span>
    </p>
   </div>
   <div class='ocr_carea' id='block_1_57' title="bbox 321 3901 1925 3974">
    <p class='ocr_par' dir='ltr' id='par_1_57' title="bbox 321 3901 1925 3974">
     <span class='ocr_line' id='line_1_57' title="bbox 321 3901 1925 3974; baseline -0.002 -16"><span class='ocrx_word' id='word_1_545' title='bbox 321 3912 432 3969; x_wconf 76' lang='lat' dir='ltr'><strong>est,</strong></span> <span class='ocrx_word' id='word_1_546' title='bbox 459 3903 588 3974; x_wconf 80' lang='lat' dir='ltr'><strong>equi</strong></span> <span class='ocrx_word' id='word_1_547' title='bbox 615 3902 723 3958; x_wconf 91' lang='lat' dir='ltr'><strong>albi</strong></span> <span class='ocrx_word' id='word_1_548' title='bbox 749 3903 847 3973; x_wconf 88' lang='lat' dir='ltr'><strong>qui</strong></span> <span class='ocrx_word' id='word_1_549' title='bbox 867 3901 1078 3973; x_wconf 83' lang='lat' dir='ltr'><strong>egressi</strong></span> <span class='ocrx_word' id='word_1_550' title='bbox 1105 3911 1230 3958; x_wconf 87' lang='lat' dir='ltr'><strong>sunt</strong></span> <span class='ocrx_word' id='word_1_551' title='bbox 1259 3909 1384 3972; x_wconf 91' lang='lat' dir='ltr'><strong>post</strong></span> <span class='ocrx_word' id='word_1_552' title='bbox 1413 3901 1596 3957; x_wconf 84' lang='lat' dir='ltr'><strong>Medos</strong></span> <span class='ocrx_word' id='word_1_553' title='bbox 1624 3911 1682 3958; x_wconf 90' lang='lat' dir='ltr'><strong>et</strong></span> <span class='ocrx_word' id='word_1_554' title='bbox 1709 3901 1925 3969; x_wconf 83' lang='lat' dir='ltr'><strong>Persas,</strong></span> 
     </span>
    </p>
   </div>
   <div class='ocr_carea' id='block_1_58' title="bbox 2018 3348 3631 3418">
    <p class='ocr_par' dir='ltr' id='par_1_58' title="bbox 2018 3348 3631 3418">
     <span class='ocr_line' id='line_1_58' title="bbox 2018 3348 3631 3418; baseline -0.006 -10"><span class='ocrx_word' id='word_1_555' title='bbox 2018 3355 2232 3408; x_wconf 79' lang='lat' dir='ltr'><strong>diuulur</strong></span> <span class='ocrx_word' id='word_1_556' title='bbox 2262 3355 2316 3407; x_wconf 82' lang='lat' dir='ltr'><strong>in</strong></span> <span class='ocrx_word' id='word_1_557' title='bbox 2345 3365 2534 3405; x_wconf 84' lang='lat' dir='ltr'><strong>terram</strong></span> <span class='ocrx_word' id='word_1_558' title='bbox 2565 3351 2834 3418; x_wconf 77' lang='lat' dir='ltr'><strong>Aquilonis</strong></span> <span class='ocrx_word' id='word_1_559' title='bbox 2862 3351 3178 3418; x_wconf 75' lang='lat' dir='ltr'><strong>requiescere</strong></span> <span class='ocrx_word' id='word_1_560' title='bbox 3218 3349 3446 3418; x_wconf 80' lang='lat' dir='ltr'><strong>fecertmt</strong></span> <span class='ocrx_word' id='word_1_561' title='bbox 3477 3348 3631 3415; x_wconf 80' lang='lat' dir='ltr'><strong>spiri-</strong></span> 
     </span>
    </p>
   </div>
   <div class='ocr_carea' id='block_1_59' title="bbox 2025 3440 3628 3512">
    <p class='ocr_par' dir='ltr' id='par_1_59' title="bbox 2025 3440 3628 3512">
     <span class='ocr_line' id='line_1_59' title="bbox 2025 3440 3628 3512; baseline -0.006 -11"><span class='ocrx_word' id='word_1_562' title='bbox 2025 3458 2131 3501; x_wconf 81' lang='lat' dir='ltr'><strong>tum</strong></span> <span class='ocrx_word' id='word_1_563' title='bbox 2159 3463 2327 3501; x_wconf 84' lang='lat' dir='ltr'><strong>meum</strong></span> <span class='ocrx_word' id='word_1_564' title='bbox 2353 3447 2406 3500; x_wconf 91' lang='lat' dir='ltr'><strong>in</strong></span> <span class='ocrx_word' id='word_1_565' title='bbox 2429 3456 2564 3500; x_wconf 79' lang='lat' dir='ltr'><strong>terra</strong></span> <span class='ocrx_word' id='word_1_566' title='bbox 2590 3445 2883 3512; x_wconf 82' lang='lat' dir='ltr'><strong>Aquilonis,</strong></span> <span class='ocrx_word' id='word_1_567' title='bbox 2917 3445 2994 3498; x_wconf 91' lang='lat' dir='ltr'><strong>sic</strong></span> <span class='ocrx_word' id='word_1_568' title='bbox 3031 3442 3364 3511; x_wconf 71' lang='lat' dir='ltr'><strong>explanavit,</strong></span> <span class='ocrx_word' id='word_1_569' title='bbox 3399 3452 3452 3495; x_wconf 90' lang='lat' dir='ltr'><strong>ut</strong></span> <span class='ocrx_word' id='word_1_570' title='bbox 3478 3440 3628 3496; x_wconf 88' lang='lat' dir='ltr'><strong>dice-</strong></span> 
     </span>
    </p>
   </div>
   <div class='ocr_carea' id='block_1_60' title="bbox 2025 3535 3638 3610">
    <p class='ocr_par' dir='ltr' id='par_1_60' title="bbox 2025 3535 3638 3610">
     <span class='ocr_line' id='line_1_60' title="bbox 2025 3535 3638 3610; baseline -0.006 -14"><span class='ocrx_word' id='word_1_571' title='bbox 2025 3551 2109 3596; x_wconf 89' lang='lat' dir='ltr'><strong>ret</strong></span> <span class='ocrx_word' id='word_1_572' title='bbox 2139 3540 2473 3610; x_wconf 74' lang='lat' dir='ltr'><strong>requievisse</strong></span> <span class='ocrx_word' id='word_1_573' title='bbox 2504 3539 2754 3608; x_wconf 88' lang='lat' dir='ltr'><strong>spiritum</strong></span> <span class='ocrx_word' id='word_1_574' title='bbox 2787 3537 3026 3602; x_wconf 89' lang='lat' dir='ltr'><strong>Domini,</strong></span> <span class='ocrx_word' id='word_1_575' title='bbox 3057 3537 3178 3590; x_wconf 88' lang='lat' dir='ltr'><strong>sive</strong></span> <span class='ocrx_word' id='word_1_576' title='bbox 3205 3535 3376 3604; x_wconf 80' lang='lat' dir='ltr'><strong>angeli</strong></span> <span class='ocrx_word' id='word_1_577' title='bbox 3403 3576 3412 3594; x_wconf 91' lang='lat'><strong>,</strong></span> <span class='ocrx_word' id='word_1_578' title='bbox 3463 3551 3638 3604; x_wconf 81' lang='lat' dir='ltr'><strong>quatt-</strong></span> 
     </span>
    </p>
   </div>
   <div class='ocr_carea' id='block_1_61' title="bbox 2025 3627 3634 3702">
    <p class='ocr_par' dir='ltr' id='par_1_61' title="bbox 2025 3627 3634 3702">
     <span class='ocr_line' id='line_1_61' title="bbox 2025 3627 3634 3702; baseline -0.007 -13"><span class='ocrx_word' id='word_1_579' title='bbox 2025 3635 2097 3689; x_wconf 89' lang='lat' dir='ltr'><strong>do</strong></span> <span class='ocrx_word' id='word_1_580' title='bbox 2129 3634 2180 3687; x_wconf 94' lang='lat' dir='ltr'><strong>in</strong></span> <span class='ocrx_word' id='word_1_581' title='bbox 2209 3640 2356 3689; x_wconf 87' lang='lat' dir='ltr'><strong>terra</strong></span> <span class='ocrx_word' id='word_1_582' title='bbox 2394 3630 2702 3702; x_wconf 83' lang='lat' dir='ltr'><strong>Aquilonis,</strong></span> <span class='ocrx_word' id='word_1_583' title='bbox 2734 3631 2933 3684; x_wconf 89' lang='lat' dir='ltr'><strong>diaboli</strong></span> <span class='ocrx_word' id='word_1_584' title='bbox 2987 3645 3148 3699; x_wconf 82' lang='lat' dir='ltr'><strong>regna</strong></span> <span class='ocrx_word' id='word_1_585' title='bbox 3182 3627 3471 3682; x_wconf 73' lang='lat' dir='ltr'><strong>durissima</strong></span> <span class='ocrx_word' id='word_1_586' title='bbox 3505 3641 3634 3692; x_wconf 82' lang='lat' dir='ltr'><strong>apo-</strong></span> 
     </span>
    </p>
   </div>
   <div class='ocr_carea' id='block_1_62' title="bbox 2033 3722 3630 3795">
    <p class='ocr_par' dir='ltr' id='par_1_62' title="bbox 2033 3722 3630 3795">
     <span class='ocr_line' id='line_1_62' title="bbox 2033 3722 3630 3795; baseline -0.008 -15"><span class='ocrx_word' id='word_1_587' title='bbox 2033 3725 2224 3781; x_wconf 87' lang='lat' dir='ltr'><strong>stulica</strong></span> <span class='ocrx_word' id='word_1_588' title='bbox 2243 3725 2625 3795; x_wconf 63' lang='lat' dir='ltr'><strong>praedicatione</strong></span> <span class='ocrx_word' id='word_1_589' title='bbox 2647 3723 2904 3777; x_wconf 82' lang='lat' dir='ltr'><strong>subversa</strong></span> <span class='ocrx_word' id='word_1_590' title='bbox 2922 3733 3070 3786; x_wconf 88' lang='lat' dir='ltr'><strong>sunt,</strong></span> <span class='ocrx_word' id='word_1_591' title='bbox 3085 3731 3140 3776; x_wconf 90' lang='lat' dir='ltr'><strong>et</strong></span> <span class='ocrx_word' id='word_1_592' title='bbox 3164 3722 3276 3775; x_wconf 66' lang='lat' dir='ltr'><strong>haec</strong></span> <span class='ocrx_word' id='word_1_593' title='bbox 3297 3733 3420 3774; x_wconf 86' lang='lat' dir='ltr'><strong>esse</strong></span> <span class='ocrx_word' id='word_1_594' title='bbox 3444 3734 3630 3788; x_wconf 82' lang='lat' dir='ltr'><strong>regna,</strong></span> 
     </span>
    </p>
   </div>
   <div class='ocr_carea' id='block_1_63' title="bbox 2035 3810 3634 3888">
    <p class='ocr_par' dir='ltr' id='par_1_63' title="bbox 2035 3810 3634 3888">
     <span class='ocr_line' id='line_1_63' title="bbox 2035 3810 3634 3888; baseline -0.006 -15"><span class='ocrx_word' id='word_1_595' title='bbox 2035 3835 2154 3888; x_wconf 74' lang='lat' dir='ltr'><strong>qua:</strong></span> <span class='ocrx_word' id='word_1_596' title='bbox 2185 3819 2414 3872; x_wconf 92' lang='lat' dir='ltr'><strong>Domino</strong></span> <span class='ocrx_word' id='word_1_597' title='bbox 2462 3814 2737 3872; x_wconf 90' lang='lat' dir='ltr'><strong>Salvatori</strong></span> <span class='ocrx_word' id='word_1_598' title='bbox 2785 3815 2836 3868; x_wconf 85' lang='lat' dir='ltr'><strong>in</strong></span> <span class='ocrx_word' id='word_1_599' title='bbox 2889 3823 3076 3869; x_wconf 87' lang='lat' dir='ltr'><strong>monte</strong></span> <span class='ocrx_word' id='word_1_600' title='bbox 3123 3812 3346 3868; x_wconf 79' lang='lat' dir='ltr'><strong>excelso</strong></span> <span class='ocrx_word' id='word_1_601' title='bbox 3388 3810 3634 3865; x_wconf 85' lang='lat' dir='ltr'><strong>diabolus</strong></span> 
     </span>
    </p>
   </div>
   <div class='ocr_carea' id='block_1_64' title="bbox 1995 3906 3508 3981">
    <p class='ocr_par' dir='ltr' id='par_1_64' title="bbox 1995 3906 3508 3981">
     <span class='ocr_line' id='line_1_64' title="bbox 1995 3906 3508 3981; baseline -0.005 -11"><span class='ocrx_word' id='word_1_602' title='bbox 1995 3942 2012 3958; x_wconf 81' lang='grc' dir='ltr'><strong><em>ο</em></strong></span> <span class='ocrx_word' id='word_1_603' title='bbox 2038 3915 2358 3980; x_wconf 87' lang='lat' dir='ltr'><strong>ostendens,</strong></span> <span class='ocrx_word' id='word_1_604' title='bbox 2386 3912 2486 3968; x_wconf 88' lang='lat' dir='ltr'><strong>sibi</strong></span> <span class='ocrx_word' id='word_1_605' title='bbox 2517 3911 2712 3967; x_wconf 87' lang='lat' dir='ltr'><strong>tradita</strong></span> <span class='ocrx_word' id='word_1_606' title='bbox 2734 3910 2996 3981; x_wconf 80' lang='lat' dir='ltr'><strong>gloriatus</strong></span> <span class='ocrx_word' id='word_1_607' title='bbox 3022 3908 3090 3963; x_wconf 91' lang='lat' dir='ltr'><strong>sit</strong></span> <span class='ocrx_word' id='word_1_608' title='bbox 3119 3909 3136 3979; x_wconf 92' lang='lat'><strong>(</strong></span> <span class='ocrx_word' id='word_1_609' title='bbox 3164 3906 3358 3961; x_wconf 80' lang='lat' dir='ltr'><strong>Matth.</strong></span> <span class='ocrx_word' id='word_1_610' title='bbox 3395 3907 3508 3978; x_wconf 86' lang='lat' dir='ltr'><strong>tv).</strong></span> 
     </span>
    </p>
   </div>
   <div class='ocr_carea' id='block_1_65' title="bbox 398 4047 3630 4125">
    <p class='ocr_par' dir='ltr' id='par_1_65' title="bbox 398 4047 3630 4125">
     <span class='ocr_line' id='line_1_65' title="bbox 398 4047 3630 4125; baseline -0.004 -9"><span class='ocrx_word' id='word_1_611' title='bbox 398 4070 424 4098; x_wconf 76' lang='grc' dir='ltr'>α</span> <span class='ocrx_word' id='word_1_612' title='bbox 463 4059 674 4116; x_wconf 77' lang='lat' dir='ltr'><strong>Vitiose</strong></span> <span class='ocrx_word' id='word_1_613' title='bbox 706 4060 904 4115; x_wconf 91' lang='lat' dir='ltr'><strong>lectum</strong></span> <span class='ocrx_word' id='word_1_614' title='bbox 937 4068 1021 4114; x_wconf 90' lang='lat' dir='ltr'><strong>est</strong></span> <span class='ocrx_word' id='word_1_615' title='bbox 1050 4058 1340 4123; x_wconf 88' lang='lat' dir='ltr'><strong>hactenus,</strong></span> <span class='ocrx_word' id='word_1_616' title='bbox 1386 4059 1608 4113; x_wconf 88' lang='lat' dir='ltr'><strong>modica.</strong></span> <span class='ocrx_word' id='word_1_617' title='bbox 1645 4057 1756 4114; x_wconf 82' lang='lat' dir='ltr'><strong>Nos</strong></span> <span class='ocrx_word' id='word_1_618' title='bbox 1783 4057 2060 4125; x_wconf 79' lang='lat' dir='ltr'><strong>Medicam,</strong></span> <span class='ocrx_word' id='word_1_619' title='bbox 2123 4056 2176 4112; x_wconf 91' lang='lat' dir='ltr'><strong>id</strong></span> <span class='ocrx_word' id='word_1_620' title='bbox 2207 4066 2314 4122; x_wconf 89' lang='lat' dir='ltr'><strong>est,</strong></span> <span class='ocrx_word' id='word_1_621' title='bbox 2358 4053 2656 4121; x_wconf 82' lang='lat' dir='ltr'><strong>Medorum,</strong></span> <span class='ocrx_word' id='word_1_622' title='bbox 2710 4065 2778 4107; x_wconf 82' lang='lat' dir='ltr'><strong>ex</strong></span> <span class='ocrx_word' id='word_1_623' title='bbox 2835 4049 3029 4121; x_wconf 80' lang='lat' dir='ltr'><strong>Regia.</strong></span> <span class='ocrx_word' id='word_1_624' title='bbox 3077 4063 3179 4103; x_wconf 90' lang='lat' dir='ltr'><strong>ms.</strong></span> <span class='ocrx_word' id='word_1_625' title='bbox 3226 4047 3630 4116; x_wconf 90' lang='lat' dir='ltr'><strong>substituimus,</strong></span> 
     </span>
    </p>
   </div>
   <div class='ocr_carea' id='block_1_66' title="bbox 328 4130 1622 4203">
    <p class='ocr_par' dir='ltr' id='par_1_66' title="bbox 328 4130 1622 4203">
     <span class='ocr_line' id='line_1_66' title="bbox 328 4130 1622 4203; baseline -0.002 -17"><span class='ocrx_word' id='word_1_626' title='bbox 328 4130 572 4187; x_wconf 67' lang='lat' dir='ltr'><strong>historiae</strong></span> <span class='ocrx_word' id='word_1_627' title='bbox 601 4142 770 4203; x_wconf 84' lang='lat' dir='ltr'><strong>atque</strong></span> <span class='ocrx_word' id='word_1_628' title='bbox 790 4130 1058 4187; x_wconf 87' lang='lat' dir='ltr'><strong>orationis</strong></span> <span class='ocrx_word' id='word_1_629' title='bbox 1081 4139 1342 4186; x_wconf 85' lang='lat' dir='ltr'><strong>contextu</strong></span> <span class='ocrx_word' id='word_1_630' title='bbox 1371 4138 1622 4201; x_wconf 88' lang='lat' dir='ltr'><strong>cogente.</strong></span> 
     </span>
    </p>
   </div>
   <div class='ocr_carea' id='block_1_67' title="bbox 343 4260 3622 4288">
    <p class='ocr_par' dir='ltr' id='par_1_67' title="bbox 343 4260 3622 4288">
     <span class='ocr_line' id='line_1_67' title="bbox 343 4260 3622 4288; baseline -0.002 -12"><span class='ocrx_word' id='word_1_631' title='bbox 343 4260 3622 4288; x_wconf 59' lang='grc' dir='ltr'><em>Μ</em></span> 
     </span>
    </p>
   </div>
   <div class='ocr_carea' id='block_1_68' title="bbox 1272 4376 2700 4502">
    <p class='ocr_par' dir='ltr' id='par_1_68' title="bbox 1272 4376 2700 4502">
     <span class='ocr_line' id='line_1_68' title="bbox 1272 4376 2700 4502; baseline -0.011 0"><span class='ocrx_word' id='word_1_632' title='bbox 1272 4376 1754 4502; x_wconf 84' lang='lat' dir='ltr'><strong><em>LIBER</em></strong></span> <span class='ocrx_word' id='word_1_633' title='bbox 1831 4379 2700 4498; x_wconf 79' lang='lat' dir='ltr'><strong>SECUNDUS.</strong></span> 
     </span>
    </p>
   </div>
   <div class='ocr_carea' id='block_1_69' title="bbox 404 4681 2013 4771">
    <p class='ocr_par' dir='ltr' id='par_1_69' title="bbox 404 4681 2013 4771">
     <span class='ocr_line' id='line_1_69' title="bbox 404 4681 2013 4771; baseline -0.021 -7"><span class='ocrx_word' id='word_1_634' title='bbox 404 4695 763 4771; x_wconf 78' lang='lat'><strong>825-826</strong></span> <span class='ocrx_word' id='word_1_635' title='bbox 801 4693 882 4750; x_wconf 84' lang='lat' dir='ltr'><strong>Ab</strong></span> <span class='ocrx_word' id='word_1_636' title='bbox 923 4692 1174 4748; x_wconf 87' lang='lat' dir='ltr'><strong>obscuris</strong></span> <span class='ocrx_word' id='word_1_637' title='bbox 1211 4690 1277 4744; x_wconf 90' lang='lat' dir='ltr'><strong>ad</strong></span> <span class='ocrx_word' id='word_1_638' title='bbox 1315 4687 1629 4744; x_wconf 84' lang='lat' dir='ltr'><strong>obscuriora</strong></span> <span class='ocrx_word' id='word_1_639' title='bbox 1682 4683 1789 4754; x_wconf 82' lang='lat' dir='ltr'><strong>(At.</strong></span> <span class='ocrx_word' id='word_1_640' title='bbox 1832 4681 1934 4736; x_wconf 93' lang='lat' dir='ltr'><strong>ob-</strong></span> <span class='ocrx_word' id='word_1_641' title='bbox 1963 4681 2013 4742; x_wconf 88' lang='lat' dir='ltr'><strong>D</strong></span> 
     </span>
    </p>
   </div>
   <div class='ocr_carea' id='block_1_70' title="bbox 338 4775 1940 4865">
    <p class='ocr_par' dir='ltr' id='par_1_70' title="bbox 338 4775 1940 4865">
     <span class='ocr_line' id='line_1_70' title="bbox 338 4775 1940 4865; baseline -0.013 -14"><span class='ocrx_word' id='word_1_642' title='bbox 338 4791 518 4865; x_wconf 71' lang='lat' dir='ltr'><strong>scura]</strong></span> <span class='ocrx_word' id='word_1_643' title='bbox 547 4791 860 4855; x_wconf 89' lang='lat' dir='ltr'><strong>transimus,</strong></span> <span class='ocrx_word' id='word_1_644' title='bbox 885 4799 1081 4844; x_wconf 89' lang='lat' dir='ltr'><strong>etcum</strong></span> <span class='ocrx_word' id='word_1_645' title='bbox 1113 4778 1713 4858; x_wconf 81' lang='lat' dir='ltr'><strong>Moyseingredimurin</strong></span> <span class='ocrx_word' id='word_1_646' title='bbox 1741 4775 1940 4832; x_wconf 90' lang='lat' dir='ltr'><strong>nubem</strong></span> 
     </span>
    </p>
   </div>
   <div class='ocr_carea' id='block_1_71' title="bbox 338 4870 1941 4956">
    <p class='ocr_par' dir='ltr' id='par_1_71' title="bbox 338 4870 1941 4956">
     <span class='ocr_line' id='line_1_71' title="bbox 338 4870 1941 4956; baseline -0.012 -13"><span class='ocrx_word' id='word_1_647' title='bbox 338 4897 393 4943; x_wconf 91' lang='lat' dir='ltr'><strong>et</strong></span> <span class='ocrx_word' id='word_1_648' title='bbox 421 4886 706 4956; x_wconf 87' lang='lat' dir='ltr'><strong>caliginem</strong></span> <span class='ocrx_word' id='word_1_649' title='bbox 755 4879 955 4953; x_wconf 69' lang='lat' dir='ltr'><strong>(Exod.</strong></span> <span class='ocrx_word' id='word_1_650' title='bbox 999 4880 1214 4948; x_wconf 71' lang='lat' dir='ltr'><strong>xxxiv).</strong></span> <span class='ocrx_word' id='word_1_651' title='bbox 1251 4876 1498 4948; x_wconf 85' lang='lat' dir='ltr'><strong>Abyssus</strong></span> <span class='ocrx_word' id='word_1_652' title='bbox 1549 4871 1806 4942; x_wconf 87' lang='lat' dir='ltr'><strong>abyssum</strong></span> <span class='ocrx_word' id='word_1_653' title='bbox 1861 4870 1941 4923; x_wconf 90' lang='lat' dir='ltr'><strong>in-</strong></span> 
     </span>
    </p>
   </div>
   <div class='ocr_carea' id='block_1_72' title="bbox 341 4967 1935 5049">
    <p class='ocr_par' dir='ltr' id='par_1_72' title="bbox 341 4967 1935 5049">
     <span class='ocr_line' id='line_1_72' title="bbox 341 4967 1935 5049; baseline -0.013 -12"><span class='ocrx_word' id='word_1_654' title='bbox 341 4991 519 5049; x_wconf 82' lang='lat' dir='ltr'><strong>vocat,</strong></span> <span class='ocrx_word' id='word_1_655' title='bbox 555 4981 606 5034; x_wconf 92' lang='lat' dir='ltr'><strong>in</strong></span> <span class='ocrx_word' id='word_1_656' title='bbox 638 4995 772 5035; x_wconf 87' lang='lat' dir='ltr'><strong>voce</strong></span> <span class='ocrx_word' id='word_1_657' title='bbox 798 4984 1190 5033; x_wconf 83' lang='lat' dir='ltr'><strong>cataractarum</strong></span> <span class='ocrx_word' id='word_1_658' title='bbox 1215 4971 1310 5027; x_wconf 92' lang='lat' dir='ltr'><strong>Dei</strong></span> <span class='ocrx_word' id='word_1_659' title='bbox 1342 4969 1458 5041; x_wconf 78' lang='lat' dir='ltr'><strong>(Ps.</strong></span> <span class='ocrx_word' id='word_1_660' title='bbox 1491 4983 1604 5034; x_wconf 80' lang='lat' dir='ltr'><strong>xu,</strong></span> <span class='ocrx_word' id='word_1_661' title='bbox 1639 4967 1730 5038; x_wconf 84' lang='lat'><strong>8);</strong></span> <span class='ocrx_word' id='word_1_662' title='bbox 1766 4973 1820 5020; x_wconf 90' lang='lat' dir='ltr'><strong>et</strong></span> <span class='ocrx_word' id='word_1_663' title='bbox 1846 4980 1935 5036; x_wconf 90' lang='lat' dir='ltr'><strong>gy-</strong></span> 
     </span>
    </p>
   </div>
   <div class='ocr_carea' id='block_1_73' title="bbox 345 5064 1938 5146">
    <p class='ocr_par' dir='ltr' id='par_1_73' title="bbox 345 5064 1938 5146">
     <span class='ocr_line' id='line_1_73' title="bbox 345 5064 1938 5146; baseline -0.011 -14"><span class='ocrx_word' id='word_1_664' title='bbox 345 5092 468 5132; x_wconf 82' lang='lat' dir='ltr'><strong>rans</strong></span> <span class='ocrx_word' id='word_1_665' title='bbox 500 5075 740 5146; x_wconf 81' lang='lat' dir='ltr'><strong>gyrando</strong></span> <span class='ocrx_word' id='word_1_666' title='bbox 770 5072 916 5126; x_wconf 86' lang='lat' dir='ltr'><strong>vadit</strong></span> <span class='ocrx_word' id='word_1_667' title='bbox 947 5069 1172 5139; x_wconf 89' lang='lat' dir='ltr'><strong>spiritus</strong></span> <span class='ocrx_word' id='word_1_668' title='bbox 1193 5109 1206 5131; x_wconf 93' lang='lat'><strong>,</strong></span> <span class='ocrx_word' id='word_1_669' title='bbox 1241 5077 1295 5123; x_wconf 91' lang='lat' dir='ltr'><strong>et</strong></span> <span class='ocrx_word' id='word_1_670' title='bbox 1335 5068 1387 5120; x_wconf 92' lang='lat' dir='ltr'><strong>in</strong></span> <span class='ocrx_word' id='word_1_671' title='bbox 1422 5064 1662 5119; x_wconf 87' lang='lat' dir='ltr'><strong>circulos</strong></span> <span class='ocrx_word' id='word_1_672' title='bbox 1693 5077 1821 5116; x_wconf 84' lang='lat' dir='ltr'><strong>suos</strong></span> <span class='ocrx_word' id='word_1_673' title='bbox 1847 5076 1938 5115; x_wconf 88' lang='lat' dir='ltr'><strong>re-</strong></span> 
     </span>
    </p>
   </div>
   <div class='ocr_carea' id='block_1_74' title="bbox 345 5155 1936 5240">
    <p class='ocr_par' dir='ltr' id='par_1_74' title="bbox 345 5155 1936 5240">
     <span class='ocr_line' id='line_1_74' title="bbox 345 5155 1936 5240; baseline -0.009 -18"><span class='ocrx_word' id='word_1_674' title='bbox 345 5172 572 5226; x_wconf 88' lang='lat' dir='ltr'><strong>vertitur</strong></span> <span class='ocrx_word' id='word_1_675' title='bbox 597 5164 761 5240; x_wconf 81' lang='lat' dir='ltr'><strong>(Ecrf.</strong></span> <span class='ocrx_word' id='word_1_676' title='bbox 799 5181 838 5230; x_wconf 90' lang='grc' dir='ltr'>ι,</span> <span class='ocrx_word' id='word_1_677' title='bbox 872 5165 926 5236; x_wconf 84' lang='grc'><strong>6)</strong></span> <span class='ocrx_word' id='word_1_678' title='bbox 959 5181 972 5216; x_wconf 88' lang='lat'><strong>:</strong></span> <span class='ocrx_word' id='word_1_679' title='bbox 1007 5159 1393 5232; x_wconf 87' lang='lat' dir='ltr'><strong>Labyrintbios</strong></span> <span class='ocrx_word' id='word_1_680' title='bbox 1426 5155 1659 5227; x_wconf 90' lang='lat' dir='ltr'><strong>patimur</strong></span> <span class='ocrx_word' id='word_1_681' title='bbox 1690 5168 1936 5218; x_wconf 91' lang='lat' dir='ltr'><strong>errores,</strong></span> 
     </span>
    </p>
   </div>
   <div class='ocr_carea' id='block_1_75' title="bbox 348 5244 1945 5326">
    <p class='ocr_par' dir='ltr' id='par_1_75' title="bbox 348 5244 1945 5326">
     <span class='ocr_line' id='line_1_75' title="bbox 348 5244 1945 5326; baseline -0.012 -9"><span class='ocrx_word' id='word_1_682' title='bbox 348 5271 406 5317; x_wconf 90' lang='lat' dir='ltr'><strong>et</strong></span> <span class='ocrx_word' id='word_1_683' title='bbox 428 5259 628 5316; x_wconf 80' lang='lat' dir='ltr'><strong>Christi</strong></span> <span class='ocrx_word' id='word_1_684' title='bbox 657 5271 798 5313; x_wconf 86' lang='lat' dir='ltr'><strong>caeca</strong></span> <span class='ocrx_word' id='word_1_685' title='bbox 825 5254 1066 5326; x_wconf 86' lang='lat' dir='ltr'><strong>regimus</strong></span> <span class='ocrx_word' id='word_1_686' title='bbox 1096 5251 1187 5306; x_wconf 76' lang='lat' dir='ltr'><strong>filo</strong></span> <span class='ocrx_word' id='word_1_687' title='bbox 1217 5249 1467 5320; x_wconf 86' lang='lat' dir='ltr'><strong>vestigia.</strong></span> <span class='ocrx_word' id='word_1_688' title='bbox 1499 5257 1524 5284; x_wconf 82' lang='grc' dir='ltr'>ει</span> <span class='ocrx_word' id='word_1_689' title='bbox 1559 5246 1638 5301; x_wconf 86' lang='lat' dir='ltr'><strong>Ad</strong></span> <span class='ocrx_word' id='word_1_690' title='bbox 1672 5247 1814 5300; x_wconf 83' lang='lat' dir='ltr'><strong>hanc</strong></span> <span class='ocrx_word' id='word_1_691' title='bbox 1841 5244 1945 5299; x_wconf 92' lang='lat' dir='ltr'><strong>dif-</strong></span> 
     </span>
    </p>
   </div>
   <div class='ocr_carea' id='block_1_76' title="bbox 350 5339 1941 5421">
    <p class='ocr_par' dir='ltr' id='par_1_76' title="bbox 350 5339 1941 5421">
     <span class='ocr_line' id='line_1_76' title="bbox 350 5339 1941 5421; baseline -0.011 -12"><span class='ocrx_word' id='word_1_692' title='bbox 350 5353 646 5409; x_wconf 84' lang='lat' dir='ltr'><strong>ficultatem</strong></span> <span class='ocrx_word' id='word_1_693' title='bbox 702 5357 859 5421; x_wconf 85' lang='lat' dir='ltr'><strong>urget</strong></span> <span class='ocrx_word' id='word_1_694' title='bbox 898 5353 1172 5418; x_wconf 85' lang='lat' dir='ltr'><strong>petasatus</strong></span> <span class='ocrx_word' id='word_1_695' title='bbox 1215 5343 1338 5400; x_wconf 70' lang='lat' dir='ltr'><strong>libri</strong></span> <span class='ocrx_word' id='word_1_696' title='bbox 1382 5343 1612 5413; x_wconf 91' lang='lat' dir='ltr'><strong>portitor</strong></span> <span class='ocrx_word' id='word_1_697' title='bbox 1653 5339 1870 5410; x_wconf 83' lang='lat' dir='ltr'><strong>(Horat.</strong></span> <span class='ocrx_word' id='word_1_698' title='bbox 1903 5354 1941 5406; x_wconf 88' lang='grc' dir='ltr'>ι,</span> 
     </span>
    </p>
   </div>
   <div class='ocr_carea' id='block_1_77' title="bbox 351 5443 635 5519">
    <p class='ocr_par' dir='ltr' id='par_1_77' title="bbox 351 5443 635 5519">
     <span class='ocr_line' id='line_1_77' title="bbox 351 5443 635 5519; baseline -0.018 -17"><span class='ocrx_word' id='word_1_699' title='bbox 351 5448 499 5519; x_wconf 81' lang='lat' dir='ltr'><strong>epist.</strong></span> <span class='ocrx_word' id='word_1_700' title='bbox 533 5443 589 5515; x_wconf 73' lang='grc' dir='ltr'><strong>Ξ)</strong></span> <span class='ocrx_word' id='word_1_701' title='bbox 624 5463 635 5497; x_wconf 84' lang='grc'>;</span> 
     </span>
    </p>
   </div>
   <div class='ocr_carea' id='block_1_78' title="bbox 431 5590 1949 5676">
    <p class='ocr_par' dir='ltr' id='par_1_78' title="bbox 431 5590 1949 5676">
     <span class='ocr_line' id='line_1_78' title="bbox 431 5590 1949 5676; baseline -0.013 -14"><span class='ocrx_word' id='word_1_702' title='bbox 431 5617 458 5644; x_wconf 77' lang='grc' dir='ltr'><strong>ι</strong></span> <span class='ocrx_word' id='word_1_703' title='bbox 497 5606 677 5674; x_wconf 81' lang='lat' dir='ltr'><strong>Aliqui</strong></span> <span class='ocrx_word' id='word_1_704' title='bbox 729 5611 918 5676; x_wconf 89' lang='lat' dir='ltr'><strong>putant</strong></span> <span class='ocrx_word' id='word_1_705' title='bbox 962 5608 1250 5676; x_wconf 73' lang='lat' dir='ltr'><strong>petasatum</strong></span> <span class='ocrx_word' id='word_1_706' title='bbox 1281 5597 1407 5676; x_wconf 79' lang='lat' dir='ltr'><strong>dici,</strong></span> <span class='ocrx_word' id='word_1_707' title='bbox 1437 5597 1525 5676; x_wconf 88' lang='lat' dir='ltr'><strong>qui</strong></span> <span class='ocrx_word' id='word_1_708' title='bbox 1560 5593 1826 5676; x_wconf 48' lang='lat' dir='ltr'><strong>t3_t;tll&#39;l_llrntt</strong></span> <span class='ocrx_word' id='word_1_709' title='bbox 1868 5590 1949 5676; x_wconf 74' lang='lat' dir='ltr'><strong>vel</strong></span> 
     </span>
    </p>
   </div>
   <div class='ocr_carea' id='block_1_79' title="bbox 357 5666 1951 5735">
    <p class='ocr_par' dir='ltr' id='par_1_79' title="bbox 357 5666 1951 5735">
     <span class='ocr_line' id='line_1_79' title="bbox 357 5666 1951 5735; baseline -0.014 0"><span class='ocrx_word' id='word_1_710' title='bbox 357 5695 518 5735; x_wconf 78' lang='lat' dir='ltr'><strong>socco</strong></span> <span class='ocrx_word' id='word_1_711' title='bbox 545 5666 804 5733; x_wconf 57' lang='lat' dir='ltr'><strong>alb-iuius</strong></span> <span class='ocrx_word' id='word_1_712' title='bbox 833 5666 1068 5735; x_wconf 53' lang='lat' dir='ltr'><strong>est;&#39;sed</strong></span> <span class='ocrx_word' id='word_1_713' title='bbox 1104 5670 1191 5725; x_wconf 89' lang='lat' dir='ltr'><strong>hie</strong></span> <span class='ocrx_word' id='word_1_714' title='bbox 1219 5670 1417 5724; x_wconf 82' lang='lat' dir='ltr'><strong>rectius</strong></span> <span class='ocrx_word' id='word_1_715' title='bbox 1447 5666 1768 5734; x_wconf 75' lang='lat' dir='ltr'><strong>intelligitur</strong></span> <span class='ocrx_word' id='word_1_716' title='bbox 1791 5666 1951 5735; x_wconf 53' lang='lat' dir='ltr'><strong>parti:-</strong></span> 
     </span>
    </p>
   </div>
   <div class='ocr_carea' id='block_1_80' title="bbox 363 5732 1952 5823">
    <p class='ocr_par' dir='ltr' id='par_1_80' title="bbox 363 5732 1952 5823">
     <span class='ocr_line' id='line_1_80' title="bbox 363 5732 1952 5823; baseline -0.012 -18"><span class='ocrx_word' id='word_1_717' title='bbox 363 5732 442 5806; x_wconf 55' lang='lat' dir='ltr'><strong>itii</strong></span> <span class='ocrx_word' id='word_1_718' title='bbox 465 5732 747 5823; x_wconf 57' lang='lat' dir='ltr'><strong>petasatus,</strong></span> <span class='ocrx_word' id='word_1_719' title='bbox 780 5747 865 5823; x_wconf 78' lang='lat' dir='ltr'><strong>qui</strong></span> <span class='ocrx_word' id='word_1_720' title='bbox 901 5732 1094 5823; x_wconf 70' lang='lat' dir='ltr'><strong>petaso</strong></span> <span class='ocrx_word' id='word_1_721' title='bbox 1116 5744 1230 5796; x_wconf 85' lang='lat' dir='ltr'><strong>sive</strong></span> <span class='ocrx_word' id='word_1_722' title='bbox 1248 5741 1434 5809; x_wconf 73' lang='lat' dir='ltr'><strong>galero</strong></span> <span class='ocrx_word' id='word_1_723' title='bbox 1464 5732 1780 5823; x_wconf 26' lang='lat' dir='ltr'><strong>tectus-est:</strong></span> <span class='ocrx_word' id='word_1_724' title='bbox 1805 5732 1952 5823; x_wconf 72' lang='lat' dir='ltr'><strong>quod</strong></span> 
     </span>
    </p>
   </div>
   <div class='ocr_carea' id='block_1_81' title="bbox 362 5807 1948 5888">
    <p class='ocr_par' dir='ltr' id='par_1_81' title="bbox 362 5807 1948 5888">
     <span class='ocr_line' id='line_1_81' title="bbox 362 5807 1948 5888; baseline -0.014 -10"><span class='ocrx_word' id='word_1_725' title='bbox 362 5807 627 5888; x_wconf 66' lang='lat' dir='ltr'><strong>sigtiilicat</strong></span> <span class='ocrx_word' id='word_1_726' title='bbox 661 5807 934 5871; x_wconf 80' lang='lat' dir='ltr'><strong>hominem</strong></span> <span class='ocrx_word' id='word_1_727' title='bbox 964 5813 1031 5888; x_wconf 76' lang='lat' dir='ltr'><strong>ad</strong></span> <span class='ocrx_word' id='word_1_728' title='bbox 1061 5815 1170 5888; x_wconf 75' lang='lat' dir='ltr'><strong>iter</strong></span> <span class='ocrx_word' id='word_1_729' title='bbox 1191 5807 1462 5888; x_wconf 65' lang='lat' dir='ltr'><strong>para&#39;um,</strong></span> <span class='ocrx_word' id='word_1_730' title='bbox 1491 5817 1692 5863; x_wconf 61' lang='grc' dir='ltr'>ιιι-ενοι</span> <span class='ocrx_word' id='word_1_731' title='bbox 1713 5807 1948 5861; x_wconf 51' lang='lat' dir='ltr'><strong>Sicinius</strong></span> 
     </span>
    </p>
   </div>
   <div class='ocr_carea' id='block_1_82' title="bbox 367 5881 1518 5966">
    <p class='ocr_par' dir='ltr' id='par_1_82' title="bbox 367 5881 1518 5966">
     <span class='ocr_line' id='line_1_82' title="bbox 367 5881 1518 5966; baseline -0.015 -17"><span class='ocrx_word' id='word_1_732' title='bbox 367 5881 456 5966; x_wconf 85' lang='lat' dir='ltr'><strong>qui</strong></span> <span class='ocrx_word' id='word_1_733' title='bbox 489 5893 542 5947; x_wconf 91' lang='lat' dir='ltr'><strong>in</strong></span> <span class='ocrx_word' id='word_1_734' title='bbox 568 5891 860 5960; x_wconf 61' lang='lat' dir='ltr'><strong>[Egyptum</strong></span> <span class='ocrx_word' id='word_1_735' title='bbox 885 5888 963 5942; x_wconf 90' lang='lat' dir='ltr'><strong>ire</strong></span> <span class='ocrx_word' id='word_1_736' title='bbox 992 5883 1298 5939; x_wconf 79' lang='lat' dir='ltr'><strong>festinabat.</strong></span> <span class='ocrx_word' id='word_1_737' title='bbox 1340 5881 1518 5937; x_wconf 68' lang='lat' dir='ltr'><strong>Maa&#39;r.</strong></span> 
     </span>
    </p>
   </div>
   <div class='ocr_carea' id='block_1_83' title="bbox 2192 4678 3296 4746">
    <p class='ocr_par' dir='ltr' id='par_1_83' title="bbox 2192 4678 3296 4746">
     <span class='ocr_line' id='line_1_83' title="bbox 2192 4678 3296 4746; baseline 0.002 -16"><span class='ocrx_word' id='word_1_738' title='bbox 2192 4679 2454 4731; x_wconf 89' lang='lat' dir='ltr'><strong>Dimidium</strong></span> <span class='ocrx_word' id='word_1_739' title='bbox 2473 4678 2711 4744; x_wconf 77' lang='lat' dir='ltr'><strong>facti,qui</strong></span> <span class='ocrx_word' id='word_1_740' title='bbox 2735 4683 2900 4746; x_wconf 64' lang='lat' dir='ltr'><strong>carpit,</strong></span> <span class='ocrx_word' id='word_1_741' title='bbox 2923 4679 3092 4734; x_wconf 83' lang='lat' dir='ltr'><strong>habet.</strong></span> <span class='ocrx_word' id='word_1_742' title='bbox 3133 4721 3144 4732; x_wconf 94' lang='lat'><strong>.</strong></span> <span class='ocrx_word' id='word_1_743' title='bbox 3186 4720 3198 4732; x_wconf 93' lang='lat'><strong>.</strong></span> <span class='ocrx_word' id='word_1_744' title='bbox 3237 4717 3249 4735; x_wconf 89' lang='lat'><strong>.</strong></span> <span class='ocrx_word' id='word_1_745' title='bbox 3288 4692 3296 4699; x_wconf 91' lang='lat'><em>&#39;</em></span> 
     </span>
    </p>
   </div>
   <div class='ocr_carea' id='block_1_84' title="bbox 2047 4774 3638 4847">
    <p class='ocr_par' dir='ltr' id='par_1_84' title="bbox 2047 4774 3638 4847">
     <span class='ocr_line' id='line_1_84' title="bbox 2047 4774 3638 4847; baseline 0.002 -20"><span class='ocrx_word' id='word_1_746' title='bbox 2047 4784 2248 4845; x_wconf 91' lang='lat' dir='ltr'><strong>quanto</strong></span> <span class='ocrx_word' id='word_1_747' title='bbox 2278 4774 2447 4844; x_wconf 84' lang='lat' dir='ltr'><strong>magis</strong></span> <span class='ocrx_word' id='word_1_748' title='bbox 2475 4789 2576 4828; x_wconf 92' lang='lat' dir='ltr'><strong>nos</strong></span> <span class='ocrx_word' id='word_1_749' title='bbox 2603 4774 2696 4845; x_wconf 90' lang='lat' dir='ltr'><strong>qui</strong></span> <span class='ocrx_word' id='word_1_750' title='bbox 2739 4777 2952 4830; x_wconf 89' lang='lat' dir='ltr'><strong>tertiam</strong></span> <span class='ocrx_word' id='word_1_751' title='bbox 2998 4784 3208 4847; x_wconf 90' lang='lat' dir='ltr'><strong>partem</strong></span> <span class='ocrx_word' id='word_1_752' title='bbox 3248 4775 3360 4843; x_wconf 88' lang='lat' dir='ltr'><strong>jam</strong></span> <span class='ocrx_word' id='word_1_753' title='bbox 3396 4775 3638 4831; x_wconf 78' lang='lat' dir='ltr'><strong>confeci-</strong></span> 
     </span>
    </p>
   </div>
   <div class='ocr_carea' id='block_1_85' title="bbox 2047 4866 3636 4939">
    <p class='ocr_par' dir='ltr' id='par_1_85' title="bbox 2047 4866 3636 4939">
     <span class='ocr_line' id='line_1_85' title="bbox 2047 4866 3636 4939; baseline 0.005 -19"><span class='ocrx_word' id='word_1_754' title='bbox 2047 4884 2166 4921; x_wconf 87' lang='lat' dir='ltr'><strong>mus</strong></span> <span class='ocrx_word' id='word_1_755' title='bbox 2197 4868 2315 4934; x_wconf 65' lang='lat' dir='ltr'><strong>viat,</strong></span> <span class='ocrx_word' id='word_1_756' title='bbox 2349 4866 2542 4922; x_wconf 90' lang='lat' dir='ltr'><strong>eodem</strong></span> <span class='ocrx_word' id='word_1_757' title='bbox 2575 4867 2838 4922; x_wconf 88' lang='lat' dir='ltr'><strong>debemus</strong></span> <span class='ocrx_word' id='word_1_758' title='bbox 2870 4871 2920 4923; x_wconf 91' lang='lat' dir='ltr'><strong>in</strong></span> <span class='ocrx_word' id='word_1_759' title='bbox 2953 4870 3177 4939; x_wconf 75' lang='lat' dir='ltr'><strong>reliquis</strong></span> <span class='ocrx_word' id='word_1_760' title='bbox 3200 4870 3384 4925; x_wconf 86' lang='lat' dir='ltr'><strong>labore</strong></span> <span class='ocrx_word' id='word_1_761' title='bbox 3413 4870 3636 4928; x_wconf 89' lang='lat' dir='ltr'><strong>sudare.</strong></span> 
     </span>
    </p>
   </div>
   <div class='ocr_carea' id='block_1_86' title="bbox 2046 4958 3642 5033">
    <p class='ocr_par' dir='ltr' id='par_1_86' title="bbox 2046 4958 3642 5033">
     <span class='ocr_line' id='line_1_86' title="bbox 2046 4958 3642 5033; baseline 0.001 -19"><span class='ocrx_word' id='word_1_762' title='bbox 2046 4975 2114 5014; x_wconf 91' lang='lat' dir='ltr'><strong>ne</strong></span> <span class='ocrx_word' id='word_1_763' title='bbox 2143 4958 2428 5028; x_wconf 81' lang='lat' dir='ltr'><strong>perdamus</strong></span> <span class='ocrx_word' id='word_1_764' title='bbox 2464 4960 2760 5028; x_wconf 73' lang='lat' dir='ltr'><strong>przeterita,</strong></span> <span class='ocrx_word' id='word_1_765' title='bbox 2791 4971 2845 5015; x_wconf 92' lang='lat' dir='ltr'><strong>et</strong></span> <span class='ocrx_word' id='word_1_766' title='bbox 2877 4960 3250 5030; x_wconf 74' lang='lat' dir='ltr'><strong>imperfectum</strong></span> <span class='ocrx_word' id='word_1_767' title='bbox 3284 4978 3418 5031; x_wconf 80' lang='lat' dir='ltr'><strong>opus</strong></span> <span class='ocrx_word' id='word_1_768' title='bbox 3450 4972 3642 5033; x_wconf 88' lang='lat' dir='ltr'><strong>augeat</strong></span> 
     </span>
    </p>
   </div>
   <div class='ocr_carea' id='block_1_87' title="bbox 2047 5053 3643 5124">
    <p class='ocr_par' dir='ltr' id='par_1_87' title="bbox 2047 5053 3643 5124">
     <span class='ocr_line' id='line_1_87' title="bbox 2047 5053 3643 5124; baseline 0.002 -18"><span class='ocrx_word' id='word_1_769' title='bbox 2047 5053 2267 5108; x_wconf 87' lang='lat' dir='ltr'><strong>lectoris</strong></span> <span class='ocrx_word' id='word_1_770' title='bbox 2295 5053 2622 5109; x_wconf 89' lang='lat' dir='ltr'><strong>desiderium</strong></span> <span class='ocrx_word' id='word_1_771' title='bbox 2662 5053 2899 5122; x_wconf 74' lang='lat' dir='ltr'><strong>illaque,</strong></span> <span class='ocrx_word' id='word_1_772' title='bbox 2935 5053 3005 5107; x_wconf 85' lang='lat' dir='ltr'><strong>uti</strong></span> <span class='ocrx_word' id='word_1_773' title='bbox 3040 5053 3275 5122; x_wconf 82' lang='lat' dir='ltr'><strong>Exuperi</strong></span> <span class='ocrx_word' id='word_1_774' title='bbox 3301 5055 3443 5124; x_wconf 73' lang='lat' dir='ltr'><strong>Papa</strong></span> <span class='ocrx_word' id='word_1_775' title='bbox 3475 5071 3643 5109; x_wconf 85' lang='lat' dir='ltr'><strong>vene-</strong></span> 
     </span>
    </p>
   </div>
   <div class='ocr_carea' id='block_1_88' title="bbox 2047 5146 3643 5218">
    <p class='ocr_par' dir='ltr' id='par_1_88' title="bbox 2047 5146 3643 5218">
     <span class='ocr_line' id='line_1_88' title="bbox 2047 5146 3643 5218; baseline 0.002 -18"><span class='ocrx_word' id='word_1_776' title='bbox 2047 5146 2258 5206; x_wconf 89' lang='lat' dir='ltr'><strong>rabilis.</strong></span> <span class='ocrx_word' id='word_1_777' title='bbox 2291 5146 2481 5201; x_wconf 86' lang='lat' dir='ltr'><strong>adesto</strong></span> <span class='ocrx_word' id='word_1_778' title='bbox 2506 5161 2746 5217; x_wconf 63' lang='lat' dir='ltr'><strong>[ll&#39;LPStPIIS</strong></span> <span class='ocrx_word' id='word_1_779' title='bbox 2776 5146 3136 5212; x_wconf 87' lang='lat' dir='ltr'><strong>orationibus,</strong></span> <span class='ocrx_word' id='word_1_780' title='bbox 3172 5148 3261 5216; x_wconf 88' lang='lat' dir='ltr'><strong>qui</strong></span> <span class='ocrx_word' id='word_1_781' title='bbox 3293 5163 3522 5218; x_wconf 89' lang='lat' dir='ltr'><strong>corpore</strong></span> <span class='ocrx_word' id='word_1_782' title='bbox 3550 5149 3643 5203; x_wconf 87' lang='lat' dir='ltr'><strong>ab-</strong></span> 
     </span>
    </p>
   </div>
   <div class='ocr_carea' id='block_1_89' title="bbox 2048 5239 3644 5307">
    <p class='ocr_par' dir='ltr' id='par_1_89' title="bbox 2048 5239 3644 5307">
     <span class='ocr_line' id='line_1_89' title="bbox 2048 5239 3644 5307; baseline 0.001 -12"><span class='ocrx_word' id='word_1_783' title='bbox 2048 5253 2177 5295; x_wconf 88' lang='lat' dir='ltr'><strong>sens</strong></span> <span class='ocrx_word' id='word_1_784' title='bbox 2209 5253 2298 5306; x_wconf 85' lang='lat' dir='ltr'><strong>es,</strong></span> <span class='ocrx_word' id='word_1_785' title='bbox 2330 5251 2382 5293; x_wconf 86' lang='lat' dir='ltr'><strong>et</strong></span> <span class='ocrx_word' id='word_1_786' title='bbox 2414 5241 2640 5307; x_wconf 90' lang='lat' dir='ltr'><strong>impetra</strong></span> <span class='ocrx_word' id='word_1_787' title='bbox 2675 5253 2704 5292; x_wconf 89' lang='lat' dir='ltr'><strong>a</strong></span> <span class='ocrx_word' id='word_1_788' title='bbox 2733 5239 2994 5305; x_wconf 82' lang='lat' dir='ltr'><strong>Domino,</strong></span> <span class='ocrx_word' id='word_1_789' title='bbox 3031 5249 3088 5293; x_wconf 91' lang='lat' dir='ltr'><strong>ut</strong></span> <span class='ocrx_word' id='word_1_790' title='bbox 3136 5240 3413 5295; x_wconf 89' lang='lat' dir='ltr'><strong>auferatur</strong></span> <span class='ocrx_word' id='word_1_791' title='bbox 3445 5258 3472 5295; x_wconf 90' lang='lat' dir='ltr'><strong>a</strong></span> <span class='ocrx_word' id='word_1_792' title='bbox 3507 5241 3644 5297; x_wconf 73' lang='lat' dir='ltr'><strong>facie</strong></span> 
     </span>
    </p>
   </div>
   <div class='ocr_carea' id='block_1_90' title="bbox 2052 5331 3645 5404">
    <p class='ocr_par' dir='ltr' id='par_1_90' title="bbox 2052 5331 3645 5404">
     <span class='ocr_line' id='line_1_90' title="bbox 2052 5331 3645 5404; baseline -0.001 -14"><span class='ocrx_word' id='word_1_793' title='bbox 2052 5349 2173 5390; x_wconf 88' lang='lat' dir='ltr'><strong>mea</strong></span> <span class='ocrx_word' id='word_1_794' title='bbox 2207 5334 2452 5388; x_wconf 78' lang='lat' dir='ltr'><strong>velamen</strong></span> <span class='ocrx_word' id='word_1_795' title='bbox 2485 5332 2763 5388; x_wconf 82' lang='lat' dir='ltr'><strong>Zachariae</strong></span> <span class='ocrx_word' id='word_1_796' title='bbox 2789 5378 2802 5401; x_wconf 92' lang='lat'><strong>,</strong></span> <span class='ocrx_word' id='word_1_797' title='bbox 2838 5331 2864 5370; x_wconf 66' lang='grc' dir='ltr'>ι’</span> <span class='ocrx_word' id='word_1_798' title='bbox 2896 5333 3042 5404; x_wconf 92' lang='lat' dir='ltr'><strong>quod</strong></span> <span class='ocrx_word' id='word_1_799' title='bbox 3076 5342 3202 5389; x_wconf 89' lang='lat' dir='ltr'><strong>ante</strong></span> <span class='ocrx_word' id='word_1_800' title='bbox 3231 5335 3420 5389; x_wconf 87' lang='lat' dir='ltr'><strong>oculos</strong></span> <span class='ocrx_word' id='word_1_801' title='bbox 3450 5336 3645 5389; x_wconf 86' lang='lat' dir='ltr'><strong>obten-</strong></span> 
     </span>
    </p>
   </div>
   <div class='ocr_carea' id='block_1_91' title="bbox 2051 5423 3645 5498">
    <p class='ocr_par' dir='ltr' id='par_1_91' title="bbox 2051 5423 3645 5498">
     <span class='ocr_line' id='line_1_91' title="bbox 2051 5423 3645 5498; baseline -0.003 -13"><span class='ocrx_word' id='word_1_802' title='bbox 2051 5428 2289 5484; x_wconf 88' lang='lat' dir='ltr'><strong>debatur</strong></span> <span class='ocrx_word' id='word_1_803' title='bbox 2339 5425 2454 5498; x_wconf 78' lang='grc' dir='ltr'><strong>[ΑΙ.</strong></span> <span class='ocrx_word' id='word_1_804' title='bbox 2509 5425 2956 5497; x_wconf 88' lang='lat' dir='ltr'><strong>appendebatur]</strong></span> <span class='ocrx_word' id='word_1_805' title='bbox 3006 5425 3171 5498; x_wconf 80' lang='lat' dir='ltr'><strong>Moysi</strong></span> <span class='ocrx_word' id='word_1_806' title='bbox 3231 5423 3430 5497; x_wconf 73' lang='lat' dir='ltr'><strong>(Ea&#39;od.</strong></span> <span class='ocrx_word' id='word_1_807' title='bbox 3484 5443 3645 5494; x_wconf 70' lang='lat' dir='ltr'><strong>um;</strong></span> 
     </span>
    </p>
   </div>
   <div class='ocr_carea' id='block_1_92' title="bbox 2133 5581 3634 5650">
    <p class='ocr_par' dir='ltr' id='par_1_92' title="bbox 2133 5581 3634 5650">
     <span class='ocr_line' id='line_1_92' title="bbox 2133 5581 3634 5650; baseline -0.004 -9"><span class='ocrx_word' id='word_1_808' title='bbox 2133 5588 2158 5626; x_wconf 74' lang='grc' dir='ltr'>δ</span> <span class='ocrx_word' id='word_1_809' title='bbox 2203 5588 2458 5641; x_wconf 83' lang='lat' dir='ltr'><strong>Erasmus</strong></span> <span class='ocrx_word' id='word_1_810' title='bbox 2490 5587 2618 5650; x_wconf 74' lang='lat' dir='ltr'><strong>legit</strong></span> <span class='ocrx_word' id='word_1_811' title='bbox 2654 5592 2771 5637; x_wconf 81' lang='lat' dir='ltr'><strong>ante</strong></span> <span class='ocrx_word' id='word_1_812' title='bbox 2801 5582 2977 5636; x_wconf 84' lang='lat' dir='ltr'><strong>oculos</strong></span> <span class='ocrx_word' id='word_1_813' title='bbox 3004 5581 3394 5642; x_wconf 68' lang='lat' dir='ltr'><strong>ostendebatur;</strong></span> <span class='ocrx_word' id='word_1_814' title='bbox 3438 5581 3634 5635; x_wconf 81' lang='lat' dir='ltr'><strong>Maria-</strong></span> 
     </span>
    </p>
   </div>
   <div class='ocr_carea' id='block_1_93' title="bbox 2059 5651 3652 5724">
    <p class='ocr_par' dir='ltr' id='par_1_93' title="bbox 2059 5651 3652 5724">
     <span class='ocr_line' id='line_1_93' title="bbox 2059 5651 3652 5724; baseline -0.006 -9"><span class='ocrx_word' id='word_1_815' title='bbox 2059 5675 2158 5715; x_wconf 83' lang='lat' dir='ltr'><strong>nus</strong></span> <span class='ocrx_word' id='word_1_816' title='bbox 2188 5675 2314 5713; x_wconf 90' lang='lat' dir='ltr'><strong>vero</strong></span> <span class='ocrx_word' id='word_1_817' title='bbox 2346 5659 2558 5712; x_wconf 81' lang='lat' dir='ltr'><strong>Erasmi</strong></span> <span class='ocrx_word' id='word_1_818' title='bbox 2597 5657 2910 5724; x_wconf 79' lang='lat' dir='ltr'><strong>castigator,</strong></span> <span class='ocrx_word' id='word_1_819' title='bbox 2963 5663 3079 5706; x_wconf 74' lang='lat' dir='ltr'><strong>tmte</strong></span> <span class='ocrx_word' id='word_1_820' title='bbox 3108 5651 3282 5705; x_wconf 73' lang='lat' dir='ltr'><strong>oculos</strong></span> <span class='ocrx_word' id='word_1_821' title='bbox 3320 5653 3652 5723; x_wconf 69' lang='grc' dir='ltr'><strong>(φρριιειεεὸίιο</strong></span> 
     </span>
    </p>
   </div>
   <div class='ocr_carea' id='block_1_94' title="bbox 2058 5724 3654 5798">
    <p class='ocr_par' dir='ltr' id='par_1_94' title="bbox 2058 5724 3654 5798">
     <span class='ocr_line' id='line_1_94' title="bbox 2058 5724 3654 5798; baseline -0.003 -13"><span class='ocrx_word' id='word_1_822' title='bbox 2058 5741 2181 5797; x_wconf 89' lang='lat' dir='ltr'><strong>tur;</strong></span> <span class='ocrx_word' id='word_1_823' title='bbox 2216 5746 2312 5784; x_wconf 88' lang='lat' dir='ltr'><strong>nos</strong></span> <span class='ocrx_word' id='word_1_824' title='bbox 2337 5731 2697 5798; x_wconf 56' lang='lat' dir='ltr'><strong>manuscriplu</strong></span> <span class='ocrx_word' id='word_1_825' title='bbox 2727 5725 3062 5798; x_wconf 62' lang='lat' dir='ltr'><strong>errem-pluria</strong></span> <span class='ocrx_word' id='word_1_826' title='bbox 3101 5724 3272 5798; x_wconf 83' lang='lat' dir='ltr'><strong>secuti</strong></span> <span class='ocrx_word' id='word_1_827' title='bbox 3295 5739 3504 5798; x_wconf 62' lang='lat' dir='ltr'><strong>fumus,</strong></span> <span class='ocrx_word' id='word_1_828' title='bbox 3531 5727 3654 5794; x_wconf 81' lang='lat' dir='ltr'><strong>quia</strong></span> 
     </span>
    </p>
   </div>
   <div class='ocr_carea' id='block_1_95' title="bbox 2056 5795 3470 5856">
    <p class='ocr_par' dir='ltr' id='par_1_95' title="bbox 2056 5795 3470 5856">
     <span class='ocr_line' id='line_1_95' title="bbox 2056 5795 3470 5856; baseline -0.006 -1"><span class='ocrx_word' id='word_1_829' title='bbox 2056 5795 2240 5856; x_wconf 83' lang='lat' dir='ltr'><strong>omnia</strong></span> <span class='ocrx_word' id='word_1_830' title='bbox 2275 5801 2583 5854; x_wconf 78' lang='lat' dir='ltr'><strong>i5tinsmndi</strong></span> <span class='ocrx_word' id='word_1_831' title='bbox 2609 5795 2842 5853; x_wconf 81' lang='lat' dir='ltr'><strong>retinent</strong></span> <span class='ocrx_word' id='word_1_832' title='bbox 2877 5795 3261 5850; x_wconf 71' lang='lat' dir='ltr'><strong>obtmdrbatur.</strong></span> <span class='ocrx_word' id='word_1_833' title='bbox 3295 5796 3470 5849; x_wconf 61' lang='lat' dir='ltr'><strong>Mam.</strong></span> 
     </span>
    </p>
   </div>
   <div class='ocr_carea' id='block_1_96' title="bbox 4003 318 4048 2546">
    <p class='ocr_par' dir='ltr' id='par_1_96' title="bbox 4003 318 4005 384">
     <span class='ocr_line' id='line_1_96' title="bbox 4003 318 4005 384; baseline 0 0"><span class='ocrx_word' id='word_1_834' title='bbox 4003 318 4005 384; x_wconf 69' lang='lat' dir='ltr'><strong>l</strong></span> 
     </span>
    </p>

    <p class='ocr_par' dir='ltr' id='par_1_97' title="bbox 4007 528 4009 574">
     <span class='ocr_line' id='line_1_97' title="bbox 4007 528 4009 574; baseline 0 -3"><span class='ocrx_word' id='word_1_835' title='bbox 4007 528 4009 574; x_wconf 79' lang='grc' dir='ltr'><strong>ι</strong></span> 
     </span>
    </p>

    <p class='ocr_par' dir='ltr' id='par_1_98' title="bbox 4015 948 4017 1000">
     <span class='ocr_line' id='line_1_98' title="bbox 4015 948 4017 1000; baseline 0 -4"><span class='ocrx_word' id='word_1_836' title='bbox 4015 948 4017 1000; x_wconf 86' lang='grc' dir='ltr'><strong>Ι</strong></span> 
     </span>
    </p>

    <p class='ocr_par' dir='ltr' id='par_1_99' title="bbox 4019 1156 4043 2362">
     <span class='ocr_line' id='line_1_99' title="bbox 4019 1156 4021 1228; baseline 0 0"><span class='ocrx_word' id='word_1_837' title='bbox 4019 1156 4021 1228; x_wconf 76' lang='lat' dir='ltr'><strong>l</strong></span> 
     </span>
     <span class='ocr_line' id='line_1_100' title="bbox 4021 1262 4023 1322; baseline 0 -8"><span class='ocrx_word' id='word_1_838' title='bbox 4021 1262 4023 1322; x_wconf 88' lang='lat'><strong>!</strong></span> 
     </span>
     <span class='ocr_line' id='line_1_101' title="bbox 4021 1323 4027 1570; baseline 0 0"><span class='ocrx_word' id='word_1_839' title='bbox 4023 1470 4027 1550; x_wconf 61' lang='grc' dir='ltr'><strong>ι</strong></span> 
     </span>
     <span class='ocr_line' id='line_1_102' title="bbox 4027 1576 4029 1668; baseline 0 0"><span class='ocrx_word' id='word_1_840' title='bbox 4027 1576 4029 1668; x_wconf 55' lang='lat' dir='ltr'><strong>l</strong></span> 
     </span>
     <span class='ocr_line' id='line_1_103' title="bbox 4027 1675 4031 1784; baseline 0 0"><span class='ocrx_word' id='word_1_841' title='bbox 4027 1675 4031 1784; x_wconf 69' lang='lat'>1</span> 
     </span>
     <span class='ocr_line' id='line_1_104' title="bbox 4031 1786 4035 1928; baseline 0 0"><span class='ocrx_word' id='word_1_842' title='bbox 4031 1786 4035 1928; x_wconf 60' lang='grc' dir='ltr'>ἶ</span> 
     </span>
     <span class='ocr_line' id='line_1_105' title="bbox 4035 1994 4037 2036; baseline 0 0"><span class='ocrx_word' id='word_1_843' title='bbox 4035 1994 4037 2036; x_wconf 98' lang='lat'><strong><em>|</em></strong></span> 
     </span>
     <span class='ocr_line' id='line_1_106' title="bbox 4039 2204 4041 2250; baseline 0 0"><span class='ocrx_word' id='word_1_844' title='bbox 4039 2204 4041 2250; x_wconf 84' lang='lat' dir='ltr'>I</span> 
     </span>
     <span class='ocr_line' id='line_1_107' title="bbox 4041 2308 4043 2362; baseline 0 0"><span class='ocrx_word' id='word_1_845' title='bbox 4041 2308 4043 2362; x_wconf 83' lang='lat' dir='ltr'><strong>l</strong></span> 
     </span>
    </p>
   </div>
  </div>
