4056 6342
487 294 630 353 MSS
1729 293 1788 353 S.
1832 291 2104 353 EUSEBII
2143 292 2525 352 HIERONYMI
3652 296 3801 357 1456

484 409 530 464 ll
559 410 673 465 Cor.
708 409 811 481 nt),
853 407 979 480 quia
1028 407 1295 479 fulgorem
1338 408 1519 464 vultus
1545 407 1686 477 ejus,
1714 408 1909 476 vulgus
1938 409 2089 479 igno-
2115 408 2169 470 A
2194 416 2252 465 et
2292 424 2480 465 sumes
2505 408 2573 463 ab
2613 407 2693 463 eis
2720 422 2844 478 qum
2865 408 3175 463 olleruutur
3203 423 3455 471 munera,
3486 419 3796 479 argentum,

479 503 590 559 bile
638 503 783 558 ferre
815 518 924 557 non
958 512 1173 571 poterat
1218 521 1233 557 :
1279 511 1339 556 ut
1371 518 1471 573 ego
1506 517 1723 573 quoque
1762 518 1883 557 cum
1915 500 2083 555 David
2107 503 2121 515 '
2185 511 2242 559 et
2268 520 2457 559 aurum
2480 547 2493 570 ,
2520 514 2577 559 et
2604 504 2841 559 intrabis
2865 503 3087 557 domum
3111 503 3301 571 Josize,
3331 502 3427 557 lilii
3459 501 3795 572 Sophortiae;

482 611 677 666 queam
703 597 887 650 dicere
913 614 925 650 :
954 597 1206 650 Dominus
1228 596 1369 651 dabit
1394 596 1596 649 uerbum
1619 596 2085 667 euangelizantibus

480 693 669 745 uirtute
690 691 853 744 multa
887 689 999 759 (Ps.
1036 706 1200 757 LXVII,
1238 690 1344 761 1⁸2).
1388 690 1626 746 Secundi
1656 689 1776 743 Iibti
1817 688 2086 758 Explana-

482 784 689 840 tionum
720 786 771 839 in
792 784 1112 839 Zachariam
1139 786 1281 839 istud
1307 783 1594 840 exordium
1619 792 1724 846 est,
1747 797 1907 851 quem
1936 789 2085 835 tanta

477 878 766 934 celeritate
789 878 1082 944 dictamus,
1116 886 1173 931 ut
1198 893 1343 948 pene
1372 894 1477 932 non
1509 877 1581 932 sit
1602 873 1933 935 emendandi
1961 887 2087 942 spa-

478 970 654 1025 tium:
689 970 816 1024 dtttn
864 970 1033 1025 frater
1073 970 1349 1027 Sisinnius
1379 969 1673 1043 Egypttttn
1720 968 1801 1023 ire
1833 968 2077 1033 feelinat,

478 1072 539 1118 ut
559 1063 784 1119 odorem
816 1064 973 1122 bona:
996 1065 1333 1136 fragrantiaa,
1367 1067 1462 1136 qui
1492 1080 1523 1119 a
1555 1076 1606 1119 te
1637 1064 1838 1118 missus
1861 1073 1944 1116 est
1977 1061 2085 1115 fra-

476 1157 676 1224 tribus,
714 1160 843 1214 illuc
866 1175 1082 1228 quoque
1109 1162 1379 1230 perierat;
1408 1171 1459 1215 et
1492 1173 1838 1231 nequaquam
1868 1155 2084 1213 eEthio-

473 1252 578 1323 piae
618 1252 862 1320 lltuniue,
892 1252 987 1308 sed
1018 1252 1317 1309 Galliarum
1355 1252 1678 1323 largissimis
1710 1251 1867 1320 aquis
1901 1249 2082 1321 rigen-

474 1350 566 1398 tur
593 1358 721 1397 arva
754 1343 997 1399 sitientia
1010 1385 1025 1398 .

546 1434 729 1506 (Vers.
757 1434 809 1489 9.
844 1438 989 1507 seq.)
1021 1434 1085 1489 Et
1107 1438 1298 1507 factum
1320 1444 1392 1489 est
1418 1436 1628 1490 verbum
1656 1433 1867 1488 Domini
1889 1434 1955 1485 ad
1977 1448 2081 1496 me,

475 1529 651 1583 dicens
675 1544 695 1581 :
718 1528 879 1583 Sume
908 1546 940 1581 a
967 1530 1421 1599 lransmigratione
1441 1527 1505 1580 ab
1529 1526 1728 1581 Holdai
1757 1536 1803 1579 et
1833 1542 1864 1578 a
1890 1524 2077 1592 Tobia,

470 1631 517 1676 et
549 1622 611 1674 ab
637 1619 815 1693 ldaja,
847 1630 893 1675 et
917 1622 1083 1675 uenies
1115 1630 1168 1673 tu
1200 1623 1252 1673 in
1275 1620 1357 1673 die
1388 1620 1500 1683 illa,
1529 1630 1576 1673 et
1607 1618 1823 1673 intrabis
1868 1617 2079 1671 domum

468 1713 633 1769 Jositc
651 1713 749 1782 ﬁlii
774 1713 1055 1786 Sophoniw
1071 1714 1157 1782 qui
1182 1724 1422 1767 venerunt
1438 1713 1500 1766 de
1520 1711 1805 1782 Babylone.
1824 1709 1892 1763 Et
1909 1726 2078 1764 sumes

2186 607 2240 653 et
2274 597 2349 652 ibi
2400 596 2567 652 facies
2610 610 2872 663 coronas,
2904 596 3022 650 auri
3070 604 3235 666 atque
3280 595 3490 665 argenti
3532 595 3798 650 Varietatc

2185 690 2497 754 distinctas,
2554 706 2662 745 non
2714 706 2875 745 unam
2926 704 3221 754 coronam;
3269 687 3366 743 sed
3412 687 3497 742 vel
3538 686 3679 741 duas
3706 686 3798 742 vel

2187 789 2369 859 plures
2400 805 2415 843 :
2448 803 2702 843 uanam
2733 785 2974 857 (ηπ-πον)
3007 786 3208 857 quippe
3228 826 3244 851 ,
3276 784 3327 840 id
3356 794 3461 851 est,
3492 786 3793 858 στέμματα,

2184 896 2292 935 non
2326 896 2513 945 unum,
2544 880 2639 934 sed
2669 880 2749 935 vel
2795 878 3011 933 dualem
3038 920 3053 943 ,
3083 878 3165 933 vel
3202 878 3469 948 pluralem
3501 892 3795 933 numerum

2184 972 2517 1043 signiﬁcant.
2546 972 2796 1042 Cumque
2827 986 3060 1026 coronas
3093 970 3312 1038 feceris,
3339 974 3592 1042 impones
3629 986 3795 1025 unum

2184 1079 2248 1119 ex
2279 1064 2359 1120 eis
2382 1064 2434 1117 io
2468 1064 2647 1133 capite
2675 1063 2808 1119 Jesu
2840 1062 2938 1117 lilii
2969 1061 3208 1117 Josedec
3251 1062 3554 1117 sacerdotis
3586 1060 3789 1132 magni,

2181 1166 2238 1213 et
2266 1157 2511 1226 loqueris
2537 1158 2608 1213 ad
2634 1174 2759 1214 eum
2792 1175 2805 1211 :
2835 1157 2962 1212 ch
2978 1158 3101 1212 dicit
3133 1158 3385 1213 Dominus
3412 1160 3741 1229 omnipotens
3772 1175 3793 1212 :

2184 1250 2317 1306 Ecce
2348 1253 2423 1306 vir
2445 1254 2596 1324 cujus
2631 1267 2818 1307 nomen
2845 1261 2944 1318 est,
2977 1251 3184 1320 Oriens,
3225 1251 3371 1322 quod
3414 1252 3680 1307 Hebrazce
3710 1250 3795 1305 di-

2182 1347 2325 1402 citur
2349 1362 2487 1402 SEIA
2517 1345 2713 1419 (nm),
2753 1362 2860 1402 non
2912 1362 3011 1417 per
3043 1363 3147 1413 snv,
3181 1347 3280 1403 sed
3326 1362 3425 1417 per
3469 1363 3606 1404 sane
3642 1346 3794 1402 litte-

2182 1455 2298 1495 ram
2325 1441 2615 1501 scriotum.
2650 1440 2755 1508 Qui
2800 1439 3013 1496 idcirco
3048 1440 3257 1507 Oriens,
3303 1440 3358 1495 id
3394 1448 3503 1506 est,
3547 1439 3789 1504 ἀνατολὴ,

2182 1534 2266 1589 vel
2322 1532 2347 1571 δ
2397 1535 2614 1603 ἀναρύῃ,
2667 1534 2783 1588 sive
2813 1534 3115 1609 βλάστημα,
3174 1545 3541 1606 nuncupatur,
3596 1536 3648 1589 id
3680 1542 3787 1602 est,

2180 1642 2408 1697 germen,
2441 1625 2566 1696 quia
2600 1641 2670 1681 ex
2706 1641 2766 1681 se
2797 1638 3025 1697 repente
3054 1636 3391 1697 succrescet,
3425 1637 3483 1683 et
3506 1643 3573 1683 ex
3604 1626 3791 1682 radice

2181 1734 2278 1772 sua
2320 1718 2373 1771 in
2431 1717 2849 1774 similitudinem
2891 1718 3156 1789 germinis
3201 1718 3522 1787 pullulabit.
3577 1721 3667 1789 qui
3702 1720 3791 1776 vir

467 1819 738 1882 argentum
769 1820 816 1863 et
836 1824 1045 1876 aurum,
1076 1822 1121 1863 et
1149 1809 1307 1879 facies
1331 1819 1631 1872 coronas,et
1651 1823 1806 1876 pones
1832 1807 1885 1858 in
1906 1806 2072 1876 capite
2101 1800 2148 1860 B
2177 1804 2462 1864 ardilicabit
2495 1811 2758 1881 templum
2794 1810 3030 1865 Domini.
3057 1807 3304 1880 Cumque
3338 1809 3467 1867 illud
3498 1823 3789 1866 exsuuxc-

438 1898 441 1899 ν
466 1902 503 1961 Ι
507 1922 593 1959 esu
613 1906 712 1975 ﬁlii
732 1902 947 1958 Josedec
968 1903 1253 1957 sacerdotis
1270 1903 1464 1974 magni,
1487 1912 1532 1955 et
1549 1901 1774 1971 loqueris
1787 1900 1853 1952 atl
1869 1915 1986 1953 eum
2000 1899 2079 1952 di-

467 2015 586 2052 cens
618 2014 637 2052 :
672 1996 799 2052 Haec
826 1997 898 2050 ait
927 1994 1182 2050 Dominus
1209 1994 1547 2056 exercituum,
1576 1992 1753 2046 dicens
1772 2008 1790 2045 :
1819 1991 1949 2045 Ecce
1978 1992 2073 2056 vir,

471 2089 658 2144 Oriens
687 2106 871 2143 nomen
897 2089 1035 2159 ejus,
1070 2097 1117 2142 et
1143 2087 1318 2141 subter
1338 2104 1455 2141 eum
1483 2087 1704 2149 orietur,
1734 2093 1781 2137 et
1802 2084 2077 2155 azdi/icabit

466 2184 719 2257 temp.’um
741 2181 974 2237 Domini.
1004 2178 1075 2234 Et
1103 2181 1215 2249 ipse
1237 2188 1459 2233 exstruat
1486 2177 1734 2250 templum
1757 2176 1997 2245 Domino,
2031 2184 2076 2231 et

461 2279 573 2351 ipse
586 2279 806 2349 portabit
819 2275 1065 2348 gloriam,
1079 2284 1127 2327 et
1140 2273 1329 2328 sedebit
1344 2283 1388 2327 et
1401 2271 1755 2326 dominabitur
1767 2285 1921 2341 super
1937 2268 2017 2323 sol
2024 2270 2073 2322 io

462 2368 1014 2435 suo,eteritsacerdos
1040 2384 1193 2439 super
1220 2367 1350 2421 solio
1379 2383 1398 2420 :
1428 2374 1473 2419 et
1504 2364 1776 2419 consilium
1808 2363 1948 2430 pacis
1979 2365 2073 2416 erit

460 2469 597 2522 inter
611 2464 727 2521 illos
741 2466 892 2519 duos.
913 2462 976 2517 Et
999 2477 1203 2517 corona:
1224 2470 1375 2515 erunt
1397 2458 1575 2513 Heleni
1592 2468 1638 2511 et
1657 2456 1884 2511 Tobiceet
1899 2453 2072 2528 Idajce

461 2568 511 2613 et
556 2556 675 2613 Heu
708 2556 819 2627 [ilio
852 2554 1164 2627 Sophoniw,
1208 2549 1505 2605 memoriale
1530 2550 1586 2602 in
1609 2548 1798 2619 templo
1830 2545 2066 2600 Domini.

462 2652 536 2709 Et
582 2653 669 2719 qui
724 2649 904 2723 procul
935 2659 1085 2717 sunt,
1118 2647 1315 2702 venient
1347 2655 1394 2699 et
1431 2644 1767 2714 aediﬁcabant
1792 2644 1845 2697 in
1877 2644 2067 2713 templo

461 2745 696 2803 Domini,
714 2754 759 2797 et
784 2742 955 2798 scietis
969 2740 1091 2808 quia
1110 2739 1357 2794 Dominus
1373 2738 1691 2792 exercituum
1718 2736 1859 2790 misit
1888 2752 1968 2789 me
1998 2736 2065 2789 ad

461 2856 569 2895 vos.
608 2839 723 2892 Erit
747 2850 920 2891 autem
943 2836 1059 2901 hoc,
1083 2834 1129 2887 si
1152 2834 1335 2886 auditu
1358 2830 1631 2885 audieritis
1655 2844 1830 2882 vocent
1852 2827 2066 2882 Domini

460 2935 561 2990 Dei
579 2932 750 2988 vestri.
788 2930 932 2986 LXX
967 2947 980 2983 :
1037 2928 1097 2982 Ιιί
1132 2929 1301 2998 factus
1341 2934 1413 2980 est
1443 2942 1611 2980 sermo
1642 2924 1852 2978 Domini
1887 2924 1955 2977 ad
1984 2939 2065 2977 me

457 3031 634 3084 dicens
662 3044 681 3082 :
711 3027 902 3098 Accipe
926 3039 1040 3094 quae
1073 3024 1137 3076 de
1178 3020 1475 3090 captivitate
1509 3028 1626 3072 sunt
1655 3034 1686 3070 a
1714 3016 2060 3090 principibus,

454 3136 504 3181 et
526 3126 592 3180 ab
635 3123 845 3179 utilibus
869 3122 1013 3191 ejus,
1048 3127 1093 3173 et
1121 3118 1207 3189 qui
1236 3122 1579 3187 cognoverunt
1616 3129 1727 3166 eam
1757 3129 1775 3165 :
1814 3120 1859 3164 et
1892 3112 2064 3182 ingre-

2178 1901 2271 1967 rit,
2305 1900 2421 1971 ipse
2463 1916 2681 1973 quoque
2716 1902 2952 1973 portabit
2988 1903 3241 1972 gloriam,
3273 1902 3327 1958 id
3383 1912 3489 1973 est,
3524 1918 3785 1959 coronam

2177 1994 2430 2055 alterum,
2455 2011 2577 2065 qua:
2612 1997 2879 2051 llebraice
2905 2011 3011 2053 non
3039 1996 3202 2069 (τίη),
3236 2006 3290 2051 et
3322 1998 3390 2052 ab
3420 2000 3528 2053 alio
3554 1997 3787 2064 ἐπιδοξό-

2177 2110 2269 2149 της
2295 2104 2309 2142 2
2341 2087 2411 2143 ab
2443 2088 2550 2143 alio
2580 2091 2864 2166 εὐπρέπεια
2895 2107 2906 2144 2
2941 2091 3009 2144 ab
3039 2091 3148 2145 alio
3174 2093 3334 2167 ἀρετή
3366 2108 3380 2145 :
3425 2092 3495 2148 ab
3523 2092 3633 2147 alio
3662 2092 3785 2158 δόξα

2173 2181 2454 2247 scribitur,
2483 2197 2603 2253 qtae
2635 2183 2719 2238 vel
2762 2182 3035 2255 inclytum,
3082 2183 3172 2239 vel
3197 2185 3432 2240 decorem
3453 2226 3467 2250 ,
3499 2186 3584 2242 vel
3611 2187 3781 2239 virtu-

2176 2284 2297 2339 tem,
2332 2277 2413 2332 vel
2461 2277 2685 2349 gloriam
2724 2286 2941 2333 sonant.
3004 2276 3309 2349 Significari
3353 2290 3536 2334 autem
3587 2288 3785 2350 putant

2173 2368 2499 2436 Zorobabel,
2551 2372 2643 2440 qui
2688 2386 2755 2426 ex
2808 2369 3003 2429 humili
3034 2379 3195 2443 atque
3242 2372 3458 2443 captivo
3498 2374 3550 2428 in
3583 2372 3778 2429 ducem

2174 2462 2355 2531 potiuli
2385 2461 2594 2517 Judaici
2643 2474 2867 2533 repente
2907 2479 3250 2534 consurgens
3271 2507 3287 2533 ,
3318 2465 3611 2521 tedillcavit
3642 2479 3780 2520 tem-

2172 2555 2321 2625 plum
2352 2555 2589 2622 Domini,
2622 2565 2679 2612 et
2710 2557 2854 2613 sedit
2882 2572 3048 2628 super
3073 2558 3215 2614 solio
3255 2573 3377 2629 suo,
3419 2569 3475 2616 et
3502 2559 3779 2630 principis

2170 2656 2441 2716 potestate
2491 2648 2807 2703 dominatus
2843 2660 2927 2705 est
2987 2668 3001 2705 :
3051 2650 3148 2706 sed
3182 2660 3238 2706 ct
3277 2652 3539 2721 pontifex,
3575 2651 3773 2723 inquit,

2168 2739 2327 2795 .lesus
2351 2740 2497 2796 filius
2522 2743 2751 2797 Josedec
2781 2742 2994 2799 sedebit
3025 2745 3075 2797 in
3109 2744 3431 2802 sacerdotali
3464 2746 3688 2813 throno,
3724 2755 3779 2801 et

2162 2833 2369 2904 junctis
2400 2836 2596 2891 animis
2618 2845 2783 2908 atque
2807 2838 3077 2906 consrliis,
3099 2838 3191 2896 Dei
3216 2842 3473 2912 populum
3500 2842 3776 2911 guberna-

2166 2925 2322 2983 bunt.
2350 2929 2415 2982 Et
2442 2932 2547 2985 erit
2577 2946 2677 3000 pax
2705 2932 2850 2987 inter
2878 2933 3015 2987 duos
3041 2934 3184 2999 illos,
3220 2933 3324 2989 hoc
3343 2943 3449 3004 est,
3482 2934 3626 2990 inter
3645 2949 3773 2991 eum
3846 2977 3851 2983 .

2167 3020 2257 3087 qui
2288 3018 2357 3074 de
2380 3020 2523 3075 tribu
2556 3022 2704 3094 regia
2738 3034 2853 3091 est,
2886 3034 2938 3079 et
2966 3040 3090 3080 eum
3121 3025 3214 3096 qui
3237 3026 3306 3081 de
3330 3025 3575 3082 Levitica
3599 3027 3773 3092 stirpe

2166 3111 2469 3179 descendit,
2490 3116 2924 3172 utsacerdotium
2945 3119 3148 3188 pariter
3168 3130 3223 3175 et
3244 3135 3470 3190 regnum
3486 3120 3585 3176 Dei
3605 3121 3774 3194 828

455 3220 616 3275 dieris
647 3227 702 3272 tu
730 3216 785 3270 in
823 3181 908 3268 die
950 3181 1041 3266 illa
1083 3181 1145 3264 in.
1187 3181 1394 3263 domum
1424 3204 1587 3262 Jotiw
1617 3204 1714 3275 ﬁlii
1755 3181 2056 3275 Sapitonice,
2086 3181 2131 3246 C
2167 3208 2426 3276 populum
2460 3218 2673 3278 regant,
2706 3181 2960 3280 ipsasque
2988 3227 3226 3268 coronas
3248 3181 3385 3284 qdas
3425 3216 3498 3270 de
3523 3181 3772 3269 ausi—tev-

451 3316 541 3386 ιιιιὶ
570 3314 704 3367 venit
743 3311 807 3364 de
834 3308 1121 3378 Babylone,
1152 3313 1199 3358 et
1224 3304 1445 3374 accipies
1471 3307 1740 3371 argentum
1764 3308 1811 3353 et
1847 3316 2057 3364 aurum,

453 3418 503 3462 et
536 3407 694 3477 facies
737 3418 975 3464 coronas,
1018 3406 1065 3452 et
1097 3398 1332 3469 importes
1378 3409 1531 3464 super
1558 3402 1712 3464 caput
1745 3389 1873 3445 Iesu
1905 3401 1930 3427 ἰ
1959 3389 2060 3460 ﬁlii

454 3500 675 3556 Josedec
700 3496 984 3552 sacerdotis
1016 3494 1208 3564 magni,
1244 3500 1291 3545 et
1317 3490 1455 3543 dices
1483 3487 1552 3542 ad
1583 3504 1698 3541 eum
1731 3502 1747 3539 :
1780 3485 1910 3539 Η(ρο
1934 3485 2059 3538 dicit

456 3593 716 3649 Dominus
745 3591 1071 3661 omnipotens
1102 3600 1119 3639 .'
1145 3582 1280 3636 Ecce
1299 3584 1395 3645 vir,
1432 3580 1615 3634 Oriens
1638 3595 1819 3633 nomen
1848 3578 1982 3644 eius,
2010 3587 2060 3631 et

453 3687 630 3744 subter
660 3701 773 3739 eum
805 3691 1022 3745 artetur,
1069 3687 1115 3732 et
1158 3675 1437 3745 wdiﬁcabit
1467 3674 1677 3726 domum
1727 3671 1959 3737 Domini,
2010 3678 2058 3723 et

450 3780 564 3852 ipse
604 3777 815 3850 accipiet
859 3775 1113 3839 virtutem,
1158 3779 1204 3823 et
1250 3767 1467 3831 sedebit,
1519 3776 1563 3821 et
1606 3764 1876 3833 imperabit
1904 3780 2059 3837 super

451 3877 640 3929 throno
678 3888 793 3928 suo.
828 3868 895 3924 Et
938 3868 1033 3921 erit
1064 3864 1304 3920 sacerdos
1333 3880 1365 3916 a
1396 3862 1587 3917 dettris
1618 3863 1765 3927 eius,
1806 3869 1856 3915 et
1892 3860 2087 3923 consi-,

449 3970 582 4024 lium
610 3968 752 4037 pacis
773 3965 866 4020 erit
891 3964 1025 4038 inter
1050 3960 1179 4014 duos
1204 3975 1222 4013 .'
1245 3974 1433 4012 corona
1456 3966 1624 4010 autem
1652 3955 2059 4027 exspectantibus

450 4071 498 4118 et
528 4061 742 4115 utilibus
775 4060 910 4129 ejus,
933 4066 981 4110 et
1011 4056 1100 4126 qui
1130 4061 1479 4124 cognoverunt
1508 4066 1645 4117 eam,
1676 4061 1721 4104 et
1753 4051 1807 4103 in
1832 4050 2055 4122 gratiam

451 4155 549 4225 ﬁlii
579 4151 884 4219 Sophoniae,
922 4158 970 4202 et
1002 4147 1055 4200 in
1087 4146 1340 4217 psalmum
1362 4144 1417 4197 in
1448 4143 1599 4196 domo
1624 4140 1860 4207 Domini,
1893 4152 1943 4196 et
1966 4144 2056 4214 qui

450 4248 604 4322 longe
632 4254 751 4299 sunt
786 4242 850 4296 ab
877 4242 969 4306 eis,
1002 4239 1201 4293 venient
1233 4248 1277 4291 et
1316 4235 1647 4303 cediﬁcabunt
1680 4235 1733 4287 in
1764 4235 1917 4289 domo
1958 4234 2057 4289 Do-

451 4340 600 4395 mini.
639 4337 705 4392 Et
730 4336 897 4388 scietis
925 4333 1050 4404 quia
1076 4328 1330 4383 Dominus
1361 4328 1686 4398 omnipotens
1711 4327 1845 4379 misit
1884 4342 1965 4379 me
1985 4328 2055 4380 ad

452 4449 563 4497 vos,
605 4439 653 4483 et
677 4428 838 4501 827
865 4425 990 4489 erit,
1034 4424 1078 4477 si
1109 4420 1295 4475 auditu
1324 4418 1601 4473 audieritis
1635 4435 1809 4472 vocem
1837 4421 2054 4473 Domini

454 4525 552 4579 Dei
593 4524 770 4578 t'estri.
814 4517 998 4575 Semel
1032 4514 1289 4585 proposui
1333 4527 1531 4566 arcana
1575 4511 1898 4567 eruditionis
1949 4511 2054 4567 Hc-

2162 3299 2304 3353 ceris
2330 3308 2381 3353 et
2423 3310 2673 3371 argento,
2710 3314 2999 3373 postquam
3043 3304 3313 3374 imposita:
3359 3308 3568 3363 fuerint
3604 3306 3774 3378 capiti

2160 3389 2287 3446 Jesu
2309 3391 2399 3446 lilii
2416 3391 2646 3449 Josedec
2666 3404 2721 3452 et
2740 3396 2902 3466 capiti
2921 3396 3226 3454 Zorobubel
3245 3398 3341 3453 lilii
3360 3396 3655 3467 Salatltiel,
3674 3415 3773 3455 no-

2163 3483 2402 3538 minibus
2431 3501 2622 3540 eorum
2645 3502 2672 3539 a
2700 3488 2897 3558 quibus
2929 3489 3124 3545 oblatae
3155 3500 3303 3560 sunt,
3332 3493 3689 3549 consecrabis
3717 3494 3769 3549 in

2160 3578 2384 3646 templo,
2415 3578 2467 3632 id
2500 3590 2603 3647 est,
2646 3581 2857 3648 Helem,
2891 3592 2949 3636 et
2986 3583 3196 3647 Tobias,
3243 3594 3297 3641 et
3327 3585 3508 3656 ldajae,
3533 3595 3593 3644 et
3618 3588 3761 3643 llen.

2160 3671 2369 3726 Nomen
2395 3674 2696 3727 secundum
2740 3684 2797 3729 et
2841 3675 3055 3732 tertium
3095 3678 3237 3733 idem
3286 3690 3371 3734 est
3398 3678 3544 3750 quod
3576 3695 3767 3750 supra.

2160 3763 2400 3818 Primutu
2457 3773 2721 3820 mutatum
2764 3778 2867 3834 est,
2910 3778 2965 3823 et
3000 3784 3096 3837 pro
3138 3769 3339 3824 Holdai
3378 3785 3522 3826 nunc
3575 3770 3769 3826 Heleni

2160 3856 2358 3926 posuit.
2388 3856 2650 3922 Quartum
2684 3860 2826 3928 quod
2881 3876 3045 3931 supra
3079 3878 3193 3918 non
3233 3863 3445 3919 dixerat
3489 3864 3765 3927 additum,

2160 3951 2261 4005 hoc
2289 3959 2373 4006 est
2395 3948 2534 4018 Heu,
2556 3949 2624 4005 de
2645 3953 2850 4022 quibus
2880 3954 3167 4026 loquemur
3192 3956 3245 4011 in
3270 3958 3764 4026 consequentibus.

2159 4043 2439 4111 Repositis
2484 4054 2690 4111 autem,
2722 4045 2818 4110 ait,
2853 4046 3075 4102 coronis
3108 4048 3159 4101 in
3197 4050 3402 4118 templo
3437 4048 3679 4115 Domini,
3713 4058 3770 4104 et

2157 4139 2210 4193 in
2238 4142 2628 4212 sempiternam
2653 4140 2973 4195 memoriam
3004 4142 3367 4209 consecratis,
3393 4142 3460 4199 de
3491 4154 3610 4195 toto
3628 4144 3768 4199 orbe

2160 4239 2447 4298 terrarum,
2493 4243 2547 4289 et
2580 4233 2765 4303 procul
2796 4234 2985 4302 positae
3011 4243 3204 4303 gentes
3231 4236 3478 4299 venient,
3508 4242 3565 4290 et
3592 4235 3768 4290 cediti-

2156 4325 2357 4379 cabunt
2386 4327 2441 4379 in
2467 4326 2673 4397 templo
2706 4339 2829 4380 meo
2860 4326 3239 4397 unusquisque
3263 4340 3361 4397 pro
3383 4326 3592 4382 viribus
3624 4328 3763 4381 suis.

2158 4417 2224 4473 Et
2252 4428 2379 4474 tunc
2406 4423 2561 4475 exitu
2596 4436 2777 4475 rerum
2805 4429 2859 4474 et
2883 4420 3249 4488 prosperitate
3278 4420 3520 4475 omnium
3558 4435 3768 4491 cogno-

2153 4514 2340 4579 scetis,
2366 4512 2509 4582 quod
2549 4513 2808 4568 Dominus
2839 4514 3050 4567 miserit
3081 4528 3188 4579 me,
3223 4522 3278 4567 et
3306 4512 3425 4582 ipso
3451 4527 3649 4569 cuneta
3675 4513 3767 4584 ju-

452 4619 689 4678 brait-zc,
731 4624 786 4670 et
819 4611 1201 4681 magistrorum
1247 4621 1536 4677 synagogas
1568 4603 1905 4660 reconditam
1938 4604 2049 4659 dts-
2075 4577 2127 4639 Ῑ)
2156 4606 2356 4673 Dente,
2413 4607 2781 4677 prtedixeritu.
2840 4606 2966 4661 Haec
3009 4618 3190 4662 autem
3239 4607 3423 4662 omnia
3471 4618 3671 4672 erunt,
3716 4608 3763 4662 si

446 4711 728 4781 ciplinam,
781 4710 903 4760 eam
950 4703 1266 4764 dumtaxat,
1322 4714 1440 4768 qua:
1496 4696 1793 4767 Scripturis
1847 4697 2050 4753 sanctis

448 4814 721 4861 convenit.
756 4797 963 4854 Latinis
993 4797 1214 4849 auribUs
1258 4790 1507 4860 prodere.
1541 4788 1905 4857 Quamobrem
1947 4806 2046 4844 ne-

443 4916 603 4960 cesse
636 4896 764 4952 mihi
789 4906 869 4951 e~t
905 4893 958 4945 in
990 4890 1128 4944 locis
1155 4884 1569 4942 obscurissimis
1599 4882 1841 4936 historia:
1873 4884 2045 4937 lineas

448 4996 673 5049 ducere.
720 4998 777 5045 et
826 4988 904 5041 sic
946 4998 1066 5052 qute
1106 4982 1173 5034 ab
1221 4977 1614 5034 ecclesiasticis
1662 4975 1794 5031 viris
1836 4979 2042 5046 accepi,

449 5086 702 5159 pri-ferre
758 5083 809 5134 in
856 5077 1117 5143 medium,
1165 5075 1384 5127 teetoris
1428 5070 1657 5125 arbitrio
1696 5070 1823 5140 quid
1873 5073 2047 5143 magis

446 5180 606 5251 sequi
638 5176 859 5239 debeat,
892 5169 1224 5235 relinquens.
1265 5163 1331 5217 Et
1361 5162 1595 5231 primum
1621 5162 1868 5217 lectionis
1910 5165 2048 5218 ordo

444 5270 761 5330 reddendus
792 5273 898 5329 est,
930 5274 985 5317 ut
1019 5259 1159 5329 quod
1193 5258 1416 5321 dicitur,
1458 5256 1608 5325 juxta
1655 5256 1886 5311 litteram
1922 5274 2042 5324 per-

442 5369 692 5437 spicuum
724 5362 836 5414 fiat.
870 5357 1071 5423 Accipe
1094 5395 1108 5419 ,
1148 5354 1342 5422 inquit,
1372 5351 1440 5403 ab
1472 5349 1685 5415 Iloldai,
1716 5363 1766 5403 et
1798 5367 1826 5404 a
1855 5352 2045 5421 Tobia,

439 5460 585 5517 etab
616 5456 785 5524 ldaja,
817 5450 907 5521 qui
938 5448 1006 5502 de
1038 5443 1373 5516 Babylonica
1405 5443 1725 5512 captivitate
1755 5457 2042 5516 venerunt,

513 5630 539 5657 ι
583 5618 770 5673 Deerat
799 5622 966 5681 penes
995 5604 1371 5681 Martiano-um
1401 5620 1499 5681 vox

508 5690 535 5729 ιι
578 5690 730 5742 pm."-
759 5674 1163 5751 iliterpretatio,
1187 5674 1415 5751 ἀναφύη,
1446 5676 1654 5751 Aquilae
1685 5684 1811 5751 est:
1845 5687 2034 5745 poste-

431 5757 868 5831 τίθηβλάστημᾳ,
897 5750 1232 5831 Symmachi,
1268 5747 1416 5817 quod
1445 5764 1512 5803 ex
1534 5748 1723 5803 codice
1740 5747 2034 5821 tlexaplari

433 5825 757 5890 Barberinio
778 5825 1062 5882 discimus.

2155 4698 2470 4755 obcdieritis
2517 4700 2803 4771 praeceptis
2837 4698 3069 4767 Domini,
3103 4708 3159 4755 et
3201 4700 3459 4755 mandata
3502 4701 3648 4755 illius
3684 4702 3763 4757 fe-

2153 4793 2356 4848 ceritis.
2390 4793 2593 4848 Holdai
2615 4794 3003 4865 interpretatur
3027 4794 3324 4857 deprecatio
3346 4790 3579 4857 Domini,
3609 4793 3762 4863 quod

2153 4886 2344 4943 Graece
2375 4888 2770 4957 significmttitts
2792 4889 2992 4943 dicitur
3014 4888 3306 4951 λιτάνευσις
3328 4890 3536 4965 Κυρίου.
3565 4885 3758 4955 Tobia,

2152 4981 2316 5036 bonus
2359 4980 2590 5037 Domini.
2639 4982 2819 5054 ldaja,
2874 4995 2896 5022 ε
2939 4993 3093 5038 notus
3136 4982 3367 5038 Domini.
3424 4984 3528 5038 Pro
3558 4998 3760 5041 noun!

2150 5061 2345 5148 (uim),
2379 5094 2517 5132 ιιιιηο
2544 5080 2595 5133 in
2622 5081 2799 5149 primo
2828 5079 2947 5133 loco
2978 5079 3155 5150 posuit
3182 5094 3364 5135 ιιειειι
3394 5062 3578 5151 (Chii):
3606 5077 3755 5147 (μιοά

2146 5168 2541 5232 interpretatur
2587 5172 2882 5237 somnium,-
2930 5182 2981 5226 et
3030 5172 3084 5226 in
3127 5179 3324 5241 quarto
3372 5170 3495 5226 loco
3541 5169 3759 5226 addidit

2149 5277 2254 5318 usu
2290 5264 2419 5351 (ττι),
2455 5263 2505 5317 id
2550 5274 2667 5329 est,
2701 5264 2890 5335 gratia.
2929 5263 3131 5319 Horum
3180 5274 3414 5334 quatuor
3464 5262 3755 5320 hominum

2152 5372 2372 5414 corona:
2416 5371 2573 5414 erunt
2606 5358 2748 5430 apud
2798 5360 2966 5414 lilium
3008 5361 3341 5431 SOpItonite,
3382 5375 3545 5431 quem
3586 5375 3757 5429 supra

2145 5450 2349 5506 Josiam
2380 5451 2632 5521 legimus,
2661 5452 2749 5522 qui
2774 5459 2958 5508 custos
2983 5462 3039 5508 et
3058 5453 3291 5509 aedituus
3317 5462 3403 5510 est
3425 5452 3616 5525 templi
3646 5453 3756 5509 Do-

2223 5610 2554 5696 ¢_.Corr_upte
2582 5612 2835 5669 Martian.
2864 5613 3107 5676 retinuit,
3135 5622 3291 5696 potus
3330 5611 3578 5696 Domini,
3614 5630 3756 5673 con-

2142 5682 2536 5760 tradicentibus
2566 5698 2697 5760 mss.
2728 5700 2945 5760 quoque
2976 5682 3203 5753 nostris,
3244 5694 3301 5743 et
3330 5686 3602 5744 Hebraica
3628 5700 3754 5760 ety-

2139 5759 2371 5824 mologia
2396 5771 2425 5809 a
2452 5763 2546 5818 ’,τ-ιι
2574 5754 2744 5813 verbo
2767 5756 3033 5813 derivata.
