4056 6342
304 339 440 399 1457

1028 339 1677 399 COMMENTARIORL‘M
1714 336 1780 394 ΙΝ
1820 330 2228 391 ZACHARIAM
2268 332 2396 389 LIB.
2443 333 2509 391 ll.
2548 333 2703 390 CAP.
2748 332 2859 389 VII.

3455 331 3596 391 1458

298 468 455 534 mini,
479 477 532 523 et
553 468 624 523 ibi
645 474 844 523 interna
874 466 1107 522 statione
1127 467 1490 537 requiescent.
1516 464 1725 521 Ht-brmi
1749 463 1895 519 Ana-
1920 461 1970 522 Α
1998 459 2169 513 subter
2188 475 2303 514 eum
2337 460 2550 523 orietur,
2576 469 2631 514 et
2660 459 2888 527 reliqua.
2922 457 3039 513 Non
3065 456 3250 514 Jesum
3283 457 3599 528 dividimus,

298 561 467 630 niam,
520 561 766 618 Azariam
813 571 867 616 et
899 561 1083 617 Misael
1133 560 1200 615 de
1245 560 1558 630 captivitate
1613 559 1890 613 venientes

297 670 486 709 aurum
519 661 576 710 et
614 662 898 723 argentum
944 654 996 708 in
1041 669 1264 708 munera
1299 652 1525 722 templi,
1569 661 1622 705 et
1661 663 1891 705 coronas

296 747 592 817 pontiﬁcis,
624 760 687 802 ac
716 746 869 800 ducis
890 747 1137 801 attulisse
1163 754 1616 806 commemorant.
1647 752 1701 799 et
1730 758 1887 813 quem

294 852 457 906 supra
510 854 616 892 non
648 836 887 906 dixerat,
930 836 1067 904 Heu,
1113 837 1162 891 id
1188 850 1293 903 εει,
1326 838 1573 908 gratiam,
1610 836 1886 891 Danielem

293 929 507 984 venisse
535 945 655 985 cum
686 944 947 995 munere,
988 940 1043 984 et
1085 930 1285 985 idcirco
1320 930 1495 984 Heleni
1528 929 1763 998 positum
1791 943 1889 999 pro

294 1023 515 1089 Holdai,
548 1034 605 1079 ut
633 1040 700 1080 ex
747 1025 1197 1095 interpretatione
1242 1024 1478 1079 nominis
1516 1026 1659 1095 qttod
1692 1024 1891 1079 dicitur

291 1118 570 1181 somnium.
609 1118 929 1175 ostendatur
976 1121 1028 1175 in
1077 1121 1392 1191 captivitate
1422 1121 1660 1189 positum
1691 1120 1891 1175 Danie-

292 1212 421 1280 lem,
452 1223 505 1267 et
537 1224 647 1268 tres
679 1229 876 1284 pueros
923 1214 1121 1286 regalis
1157 1214 1354 1269 somnii
1398 1215 1654 1287 mysteria
1690 1230 1890 1281 cogno-

289 1309 453 1364 visse.
508 1307 816 1378 Assumptis
858 1310 1004 1364 enim
1050 1310 1219 1364 tribus
1251 1312 1452 1379 pueris,
1489 1308 1673 1362 Daniel
1713 1308 1889 1361 oravit

290 1401 600 1468 Dominum,
655 1411 710 1458 et
758 1402 1263 1473 interpretationem
1316 1404 1512 1458 somnii
1565 1411 1887 1458 Consecutus

288 1503 373 1551 est
412 1494 647 1567 (Daniel.
688 1495 770 1567 ιι).
820 1496 946 1551 Haec
991 1496 1143 1566 juxta
1195 1497 1480 1552 historiam
1525 1494 1888 1550 Circumcisio

287 1595 513 1641 conatur
586 1602 878 1657 exponere.
944 1587 1110 1643 Nobis
1187 1599 1368 1643 autem
1450 1586 1720 1642 incumbit
1788 1600 1887 1641 ne-

287 1682 516 1737 cessitas
558 1681 712 1751 juxta
750 1680 896 1737 LXX
941 1681 1267 1753 interpretes
1316 1682 1502 1737 dicere
1540 1696 1660 1751 quae
1708 1678 1881 1735 nostri

288 1774 480 1830 dixere
533 1775 793 1844 majores.
842 1776 1045 1846 Accipe
1092 1790 1120 1828 a
1172 1776 1513 1844 captivitate,
1571 1782 1625 1827 et
1661 1788 1689 1826 a
1736 1771 1886 1842 priu-

1996 567 2096 606 nec
2137 551 2270 607 duas
2303 568 2560 622 Personas
2592 553 2644 606 in
2678 569 2839 606 unam
2870 552 3035 622 83o
3081 565 3372 620 possumus
3419 552 3599 607 facere

1994 659 2321 715 perSonam;
2376 646 2469 698 sed
2513 645 2627 713 ipse
2657 645 2747 715 qui
2789 650 2950 700 Jesus
2993 645 3324 714 appellatur,
3359 661 3424 699 eo
3456 644 3598 715 quod

1995 741 2283 793 salvaverit
2310 740 2593 805 tnundnm,
2622 752 2675 794 et
2698 739 2889 794 Oriens
2913 740 3132 807 dit-itur,
3167 744 3293 809 quia
3328 740 3376 792 in
3408 738 3599 794 diebus

1992 832 2110 899 ejus
2142 843 2257 887 orta
2305 843 2387 888 est
2418 834 2647 903 justitia.
2680 834 2745 887 Et
2770 835 2981 888 canitur
3012 836 3062 887 in
3093 834 3308 888 Psaltno
3341 850 3354 888 :
3392 832 3598 887 Veritas

1992 924 2056 979 de
2085 936 2221 978 terra
2250 934 2362 979 orta
2387 938 2457 980 est
2486 927 2608 994 (Ps.
2659 942 2880 993 Lxxxw,
2916 926 3029 997 l2),
3058 942 3125 981 eo
3164 928 3305 997 quod
3336 927 3403 981 de
3444 937 3601 980 utero

1992 1016 2243 1086 virginali
2304 1019 2355 1072 in
2410 1019 2733 1073 saeculorum
2790 1019 3261 1073 ctn~ummatione
3305 1028 3601 1087 generatus

1991 1110 2226 1165 dixerit:
2262 1110 2374 1183 Ego
2400 1129 2515 1166 sum
2556 1114 2741 1166 veritas
2772 1112 2956 1183 (Joan.
2994 1129 3102 1181 xw,
3139 1113 3220 1182 6),
3254 1122 3309 1168 et
3349 1123 3594 1167 extrema

1993 1203 2125 1258 hora
2150 1206 2546 1276 venerit,juxla
2561 1206 2789 1262 Joannis
2813 1208 3109 1277 Epistolam
3128 1207 3362 1261 dicentis
3377 1206 3597 1271 (lJoan.

1990 1310 2050 1361 ll,
2090 1296 2177 1367 ts)
2206 1316 2217 1349 :
2255 1297 2460 1364 Filioli,
2506 1316 2645 1353 nunc
2689 1309 2920 1354 extrema
2946 1300 3078 1354 hora
3108 1311 3202 1359 est.
3234 1300 3284 1353 in
3312 1318 3415 1368 qua
3443 1312 3597 1355 stan-

1992 1398 2124 1452 tem,
2154 1399 2209 1445 et
2239 1391 2368 1446 nihil
2393 1404 2639 1462 agentem
2664 1395 2906 1464 gentium
2953 1393 3209 1465 populum
3236 1397 3501 1449 conduxit
3530 1410 3600 1450 ex

1989 1482 2237 1547 denario,
2284 1494 2339 1540 et.
2384 1486 2532 1540 misit
2563 1487 2629 1539 ad
2666 1487 2880 1541 vineam
2919 1485 3133 1557 (Matth.
3172 1487 3297 1556 xx).
3345 1486 3597 1557 Alioquin

1989 1578 2033 1631 si
2067 1579 2367 1633 secundum
2412 1579 2784 1636 diversitatem
2834 1583 3113 1635 nominum
3143 1582 3391 1635 diversus
3428 1580 3602 1636 elﬁci-

1989 1677 2098 1736 tur,
2131 1671 2267 1725 alius
2292 1672 2398 1726 erit
2425 1683 2629 1742 pastor,
2661 1674 2803 1727 alius
2846 1674 3012 1738 aries,
3041 1674 3180 1727 alius
3212 1688 3405 1742 agnus,
3453 1674 3599 1728 alius

1984 1761 2171 1830 janua,
2200 1764 2340 1818 alius
2365 1765 2501 1833 lapis
2523 1766 2865 1833 olTensionis,
2900 1778 2955 1820 et
3005 1776 3157 1835 petra
3188 1766 3455 1821 scandali.
3491 1764 3597 1823 lste

286 1867 504 1937 cipibus
530 1909 545 1932 ,
596 1877 650 1922 et
703 1867 771 1921 ab
821 1868 1041 1923 utilibus
1079 1867 1198 1937 ejus
1227 1909 1242 1933 ,
1294 1877 1349 1923 et
1405 1866 1475 1921 ab
1517 1866 1601 1920 his
1638 1866 1731 1936 qui
1786 1880 1878 1921 co-
1911 1855 1955 1914 Β
1985 1855 2146 1925 igitur
2175 1859 2263 1927 qui
2295 1858 2498 1913 nostris
2526 1859 2818 1915 virtutibus
2849 1869 3144 1914 coronatus
3174 1867 3280 1927 est,
3307 1858 3519 1917 orietur
3544 1868 3601 1916 et

287 1969 592 2032 gnoverunt
614 1962 781 2034 829
796 1976 938 2029 eam,
962 1978 1177 2031 aurum,
1198 1972 1251 2018 et
1272 1970 1576 2033 argentum,
1602 1972 1654 2016 et
1680 1962 1884 2031 ingres-

287 2069 382 2112 sus
411 2055 465 2111 in
495 2055 716 2111 domum
747 2056 908 2112 Josia:
947 2055 1039 2112 ﬁlii
1071 2056 1386 2127 St'pb0lliIB,
1419 2059 1509 2127 qui
1550 2067 1603 2110 et
1648 2056 1761 2126 ipse
1792 2071 1885 2110 ve-

287 2149 370 2205 nit
399 2149 467 2206 de
497 2149 793 2221 Babylone,
827 2148 913 2205 fac
946 2152 1013 2204 in'
1028 2165 1088 2204 ea
1118 2165 1349 2206 coronas
1397 2164 1591 2205 aureas
1613 2159 1667 2203 et
1694 2163 1888 2219 argen-

289 2250 426 2307 teas,
459 2257 592 2312 quas
618 2243 866 2313 impones
894 2259 1059 2314 super
1080 2253 1244 2313 caput
1273 2243 1400 2298 Jesn
1430 2243 1523 2297 lilii
1550 2243 1785 2299 Josedec
1805 2257 1888 2297 sa-

288 2335 527 2391 cerdotis
553 2338 751 2407 magni.
784 2333 1083 2406 Captivitas
1112 2335 1451 2404 Judasorum,
1486 2335 1537 2391 id
1565 2343 1667 2399 est,
1705 2334 1888 2405 populi

291 2428 577 2485 Dominum
602 2429 939 2497 conﬁtentis,
958 2430 1088 2485 vitia
1111 2437 1242 2484 sunt
1270 2439 1429 2500 atque
1457 2440 1676 2500 peccata
1703 2447 1717 2484 :
1744 2444 1887 2499 quae,

287 2524 382 2595 qui
407 2524 637 2594 cmperit
663 2540 826 2595 agere
858 2525 1257 2593 pmuitentiam,
1291 2536 1347 2579 et
1371 2524 1680 2579 desiderare
1709 2523 1892 2593 pristi-

290 2631 413 2672 nam
460 2616 783 2684 Jerusalem,
809 2616 862 2672 id
894 2626 998 2681 est,
1030 2617 1331 2673 Ecclesiam
1360 2617 1593 2685 Christi,
1628 2618 1680 2672 in
1716 2617 1891 2687 Baby-

294 2709 419 2765 lone
450 2708 659 2766 deserit
710 2724 777 2765 ac
822 2709 1068 2773 dimittit.
1101 2719 1157 2767 et
1199 2710 1426 2766 ollertur
1472 2726 1503 2766 a
1558 2711 1892 2781 principibus

292 2804 657 2873 captivorum,
695 2812 753 2859 et
781 2803 849 2859 ab
896 2804 1286 2874 utilibnsejus,
1318 2804 1369 2858 id
1414 2813 1521 2865 est,
1566 2801 1893 2873 captivitatis

294 2895 407 2968 (qui
435 2896 619 2967 et_ipsi
649 2911 745 2968 pro
772 2898 1010 2953 utilitate
1035 2912 1130 2953 sua
1165 2897 1348 2952 traditi
1375 2907 1506 2953 sunt
1532 2900 1725 2969 angelo
1740 2896 1896 2953 Sata-

294 3004 377 3044 me
427 2990 481 3043 in
530 2989 808 3046 interitum
864 2991 1067 3055 carnis,
1124 3000 1184 3046 ut
1234 2992 1456 3062 spiritus
1511 2993 1694 3047 salvus
1745 2992 1895 3047 ﬁeret

297 3082 339 3156 (l
373 3080 496 3138 Cor.
553 3083 627 3156 v),
679 3093 734 3139 et
761 3083 830 3140 ab
857 3083 941 3138 his
974 3084 1065 3153 qui
1096 3095 1426 3155 cognoscunt
1459 3100 1601 3151 eam,
1636 3085 1893 3141 videlicet

297 3174 691 3245 captivitatem,
738 3176 790 3230 in
820 3176 1019 3231 bonam
1054 3188 1262 3245 partem
1295 3185 1417 3246 post
1462 3177 1723 3246 supplicia
1773 3192 1893 3233 esse

298 3268 642 3324 vertendam.
695 3268 934 3326 Odertur
976 3278 1155 3326 autem
1187 3286 1381 3324 aurum
1412 3279 1467 3325 et
1491 3280 1774 3341 argentum
1824 3273 1891 3326 ab

299 3360 407 3427 his,
436 3362 528 3433 qui
556 3373 611 3419 et
639 3378 827 3430 sensu,
858 3376 911 3421 et
942 3380 1197 3421 sermone
1221 3365 1509 3421 Dominum
1542 3368 1889 3433 conﬁtentur,

298 3460 356 3508 et
380 3451 518 3508 ﬁunt
560 3469 626 3510 ex
659 3470 748 3524 eo,
778 3455 828 3511 id
868 3465 973 3521 est,
1014 3472 1147 3512 auro
1188 3466 1245 3513 et
1288 3467 1515 3528 argento
1544 3467 1808 3513 ﬂcorona:
1840 3458 1893 3513 in

300 3546 464 3601 domo
509 3546 695 3613 Josite,
728 3548 819 3621 qui
847 3549 1238 3620 interpretatur
1275 3552 1523 3617 salvatus,
1554 3560 1609 3605 et
1643 3562 1727 3607 est
1755 3551 1895 3606 [ilius

298 3638 605 3695 uisitationis
635 3641 867 3706 Domini,
901 3642 953 3696 id
976 3650 1079 3708 est,
1104 3646 1385 3706 ἐπισκοπῆς
1406 3646 1610 3721 Κυρίου.
1633 3644 1895 3699 Visitatur

300 3730 442 3785 enim
474 3748 505 3786 a
534 3733 763 3789 Domino
791 3735 879 3803 qui
913 3736 1066 3804 prius
1085 3737 1226 3793 male
1250 3747 1624 3807 :rgrotavcrat.
1649 3736 1719 3792 Et
1748 3746 1895 3793 recte

300 3823 497 3879 dicitur
524 3824 721 3891 Josias,
755 3824 1009 3894 salvatus,
1043 3831 1165 3897 quia
1198 3837 1253 3884 et
1284 3830 1399 3897 ipse
1430 3844 1687 3883 reversus
1717 3837 1800 3883 cst
1826 3829 1895 3885 de

300 3913 596 3982 Babylone.
626 3915 986 3985 lmponuntur
1036 3926 1215 3973 autem
1267 3933 1506 3983 coronae,
1542 3920 1624 3975 vel
1669 3934 1889 3985 corona,

296 4006 427 4062 .lesu
452 4008 559 4063 lilio
588 4009 817 4066 Josedec
845 4012 1111 4067 sacerdoti
1144 4029 1358 4083 magno,
1391 4015 1513 4083 quia
1546 4016 1703 4069 nobis
1730 4014 1894 4083 proli-

296 4097 563 4155 cientibus
592 4109 647 4155 et
674 4103 913 4157 reversis
948 4103 1013 4157 ad
1042 4104 1292 4170 meliora,
1326 4121 1425 4177 per
1454 4106 1689 4173 singulas
1720 4107 1892 4161 virtu-

296 4201 376 4247 tes
406 4204 625 4250 nostras
659 4196 920 4251 Dominus
948 4208 1242 4253 coronatur
1271 4199 1476 4257 :immo
1504 4199 1664 4254 nobis
1694 4198 1893 4254 virtute

295 4286 626 4355 pmttitentim
656 4291 954 4353 coronatis,
997 4293 1239 4346 salvator
1267 4292 1317 4345 iu
1359 4292 1590 4363 singulis
1634 4307 1890 4348 cor0uam

292 4379 512 4447 accipit,
539 4379 688 4448 juxta
732 4381 863 4436 illud
889 4384 1030 4452 quod
1066 4392 1121 4437 et
1152 4383 1349 4438 Paulus
1378 4385 1613 4455 loquitur
1643 4402 1656 4438 :
1682 4384 1761 4439 De
1788 4402 1890 4441 etv-

292 4480 401 4522 tero
432 4473 657 4537 reposita
702 4483 775 4527 cst
821 4474 946 4527 mihi
992 4491 1181 4528 corona
1220 4478 1462 4547 justitiat,
1514 4494 1669 4547 quam
1707 4478 1890 4533 reddet

295 4559 421 4614 mihi
452 4558 708 4616 Dominus
745 4565 921 4634 justus
936 4565 1107 4635 judca:
1138 4582 1157 4619 :
1177 4583 1280 4619 non
1320 4567 1486 4619 solum
1531 4576 1703 4621 autent
1734 4568 1882 4633 mihi,

289 4652 381 4705 sed
406 4664 450 4706 et
476 4654 711 4709 omnibus
739 4629 826 4725 qui
849 4629 1069 4725 diligunt
1092 4658 1363 4711 adventura
1397 4658 1607 4713 Domini
1640 4629 1886 4715 Salvato;
1914 4629 1969 4689 D

288 4746 361 4799 ris
388 4747 552 4799 nostri
578 4744 704 4801 Jesu
738 4747 929 4803 Christi
976 4749 1017 4822 (l
1048 4748 1181 4804 Tim.
1207 4766 1285 4819 tv,
1318 4753 1398 4823 8).
1439 4751 1597 4808 Unde
1625 4768 1653 4807 a
1683 4768 1884 4809 corona

284 4837 511 4907 justitize
551 4852 609 4895 et
652 4840 813 4896 Pater
845 4841 1059 4897 Domini
1089 4844 1385 4899 Salvatoris
1416 4860 1619 4901 nomen
1651 4848 1882 4917 accepit.

287 4928 511 4987 losedec
539 4935 683 4987 enim
714 4933 1109 5005 interpretatur
1129 4936 1383 4992 Dominus
1390 4940 1636 5009 justitiaz,
1658 4956 1725 4996 eo
1743 4941 1884 5008 quod

290 5028 482 5083 reddat
501 5030 797 5100 unicuique
819 5032 1117 5086 secundum
1141 5048 1307 5103 opera
1329 5049 1445 5089 sua.
1470 5033 1547 5088 De
1569 5034 1668 5089 hac
1684 5049 1884 5091 corona

290 5128 343 5173 et
372 5119 604 5175 Jacobus
650 5122 701 5176 in
734 5123 968 5193 Epistula
1002 5138 1094 5177 sua
1127 5124 1365 5194 loquitur
1399 5144 1412 5181 :
1445 5124 1637 5180 Beatus
1684 5127 1759 5181 vir
1798 5129 1888 5199 qui

288 5214 506 5266 sustinet
531 5216 883 5283 tentationem,
916 5218 1037 5287 quia
1059 5234 1174 5270 cum
1195 5218 1442 5289 probatus
1472 5219 1649 5287 fuerit,
1675 5222 1888 5292 accipiet

288 5318 529 5358 coronam
557 5308 691 5371 vitta,
740 5324 895 5377 quam
923 5308 1219 5376 repromisit
1268 5308 1407 5363 Deus
1454 5308 1784 5380 diligentibus
1838 5328 1891 5364 se

288 5393 494 5466 (Iacob.
528 5397 616 5469 tt).
643 5399 875 5456 .lubetur
907 5414 1085 5456 autem
1113 5401 1391 5473 prophetae
1412 5411 1471 5457 ut
1495 5414 1779 5474 postquam
1800 5417 1891 5459 co-

289 5503 481 5543 ronam
511 5490 853 5563 imposuerit,
886 5495 971 5549 vel
993 5509 1247 5565 coronas,
1273 5510 1437 5564 super
1453 5507 1621 5563 caput
1640 5494 1771 5552 Jesu
1796 5497 1888 5553 lilii

290 5579 518 5638 Josedec
540 5585 841 5641 sacerdotis
869 5589 1068 5657 magni,
1095 5588 1348 5659 loquatur
1367 5588 1433 5641 ad
1458 5602 1604 5655 eum,
1628 5596 1683 5642 et
1703 5589 1887 5645 dicat:

293 5672 425 5730 Hazc
453 5676 575 5731 dicit
603 5676 858 5734 Dominus
890 5696 908 5733 :
940 5679 1073 5735 Ecce
1092 5683 1191 5745 vir,
1226 5680 1412 5735 Oriens
1444 5697 1627 5736 nomen
1654 5686 1768 5755 ejus
1795 5698 1812 5735 :
1843 5693 1891 5737 et

350 5801 395 5859 ,⁸
424 5791 633 5847 Nomen
661 5809 888 5859 curante,
921 5796 1063 5862 quod
1092 5796 1288 5851 mutilo
1314 5810 1478 5851 sensu
1510 5797 1564 5851 in
1594 5805 1756 5854 antea
1781 5796 1899 5853 vul-

300 5864 441 5933 gatis
470 5863 623 5920 libris
650 5864 865 5933 deerat,
901 5868 1075 5923 nostri
1099 5882 1229 5923 mss.
1256 5866 1532 5938 Supplent.

1990 1950 2350 2019 appellabitur
2389 1950 2598 2005 Oriens.
2652 1952 2731 2005 Ad
2778 1966 2937 2020 quem
2997 1951 3216 2006 locutus
3263 1961 3352 2005 est
3390 1949 3597 2006 Pater:

1990 2042 2164 2097 Filius
2194 2060 2336 2098 meus
2365 2061 2418 2099 es
2456 2053 2511 2097 tu
2536 2062 2554 2099 :
2577 2062 2670 2117 ego
2712 2043 2866 2099 hodie
2886 2045 3043 2117 genui
3064 2052 3111 2097 te
3154 2042 3276 2114 (Ps.
3310 2058 3371 2111 tt,
3395 2043 3449 2114 7)
3483 2062 3497 2097 :
3532 2043 3600 2098 Et

1989 2138 2175 2192 subter
2199 2154 2319 2194 eum
2348 2139 2557 2194 orietur
2580 2139 2871 2193 multitudo
2894 2137 3255 2202 credentium,
3280 2147 3334 2193 et
3355 2135 3594 2191 aediﬁca-

1993 2232 2069 2285 bit
2096 2231 2317 2286 domum
2355 2231 2593 2295 Domini,
2622 2232 2947 2292 Ecclesiam,
2979 2242 3034 2285 et
3067 2230 3184 2300 ipse
3210 2228 3444 2300 accipiet
3482 2228 3597 2284 vir-

1992 2331 2161 2379 tutem
2194 2335 2249 2379 et
2274 2324 2531 2379 decorem
2559 2340 2621 2379 ac
2663 2328 2986 2394 protectum,
3018 2332 3073 2379 et
3100 2322 3327 2394 gloriam
3351 2322 3598 2393 singulo-

1992 2432 2141 2485 rum,
2188 2428 2244 2472 et
2284 2417 2495 2473 sedebit
2537 2429 2590 2473 et
2623 2418 2998 2473 dominabitur
3041 2420 3093 2472 in
3140 2419 3336 2473 throno
3375 2433 3494 2487 suo,
3544 2420 3600 2473 in

1991 2512 2197 2567 throno
2230 2513 2422 2579 David,
2455 2514 2523 2569 de
2550 2530 2662 2585 quo
2688 2524 2741 2569 et
2779 2517 2830 2567 iu
2861 2514 3155 2585 Evangelia
3183 2516 3445 2584 scriptum
3469 2521 3555 2569 est
3581 2531 3597 2567 :

1992 2605 2063 2660 Et
2094 2608 2189 2662 erit
2218 2608 2459 2662 sacerdos
2488 2625 2521 2662 a
2569 2609 2763 2662 dextris
2814 2610 2927 2679 ejus
2974 2607 3130 2679 (Luc.
3179 2608 3242 2681 1),
3289 2610 3404 2664 sive
3445 2609 3601 2679 juxta

1992 2698 2339 2766 Hebraicum,
2370 2717 2527 2770 super
2547 2701 2790 2754 thronum
2814 2718 2965 2756 suum
2988 2719 3008 2769 ;
3040 2702 3165 2773 quia
3192 2702 3309 2771 ipse
3332 2710 3389 2757 et
3418 2717 3514 2757 rex
3547 2711 3603 2757 et

1994 2792 2247 2849 Pontifex
2276 2806 2360 2849 est
2392 2811 2404 2848 :
2437 2802 2495 2849 et
2533 2794 2749 2848 sedebit
2782 2804 2889 2849 tam
2918 2795 2971 2849 in
3000 2794 3192 2865 regali,
3229 2810 3389 2865 quam
3432 2795 3484 2848 iu
3514 2808 3604 2849 sa-

1994 2888 2264 2943 cerdotali
2312 2887 2533 2955 throno,
2564 2897 2621 2944 et
2660 2888 2948 2944 consilium
2998 2888 3280 2958 paciﬁcum
3325 2890 3429 2944 erit
3455 2891 3603 2945 inter

1996 2990 2306 3050 utrumque,
2336 2991 2394 3035 ut
2426 2996 2527 3036 nec
2555 2982 2739 3051 regale
2773 2980 3047 3051 fastigium
3072 2982 3469 3036 sacerdotalem
3498 2982 3600 3038 de-

1996 3072 2199 3142 primat
2224 3072 2568 3142 digttitatem,
2598 3089 2699 3128 nec
2719 3073 3014 3128 sacerdotii
3036 3060 3272 3143 dignitas
3295 3074 3478 3145 regale
3502 3073 3603 3129 fas-

1997 3167 2208 3235 tiginm,
2242 3167 2336 3220 sed
2371 3166 2422 3220 in
2463 3166 2627 3222 unius
2670 3167 2841 3236 gloria
2877 3168 3089 3221 Domini
3134 3166 3263 3222 .lesu
3309 3176 3601 3238 utrumque

1997 3260 2323 3315 coitsentiat.
2348 3259 2476 3330 Legi
2522 3261 2573 3313 in
2616 3260 2898 3330 cujusdam
2929 3261 3065 3316 libro
3097 3260 3200 3316 hoc
3225 3261 3367 3332 quod
3401 3262 3602 3318 dicitur

2002 3353 2187 3425 (Zach.
2211 3371 2285 3419 γι,
2318 3354 2405 3425 15)
2434 3353 2833 3408 :Etconsilium
2863 3355 3140 3424 paciﬁcum
3170 3358 3264 3408 erit
3290 3356 3424 3410 inter
3444 3356 3599 3424 duos,

1998 3447 2064 3502 ad
2088 3448 2303 3503 Patrem
2336 3448 2529 3502 referri
2555 3458 2608 3502 et
2650 3448 2715 3503 ad
2740 3447 2939 3503 Filium
2966 3465 2980 3503 :
3008 3448 3130 3517 quia
3156 3462 3263 3502 non
3291 3462 3469 3508 Suam.
3501 3448 3601 3503 sed

1997 3539 2176 3595 Patris
2192 3541 2403 3595 vein-rit
2425 3539 2605 3596 facere
2628 3540 2990 3607 voluntatem,
3019 3554 3069 3595 et
3097 3540 3325 3595 Paterin
3342 3540 3484 3596 Filio
3506 3541 3597 3611 sit,

1996 3648 2048 3691 et
2084 3635 2252 3689 Filius
2284 3636 2335 3690 in
2366 3634 2526 3690 Patre
2549 3633 2742 3708 (Ibid,
2766 3634 2907 3707 xw).
2945 3634 3160 3690 Corona
3187 3646 3396 3703 autem,
3419 3637 3469 3690 id
3493 3644 3600 3705 est,

1997 3730 2207 3801 insigne
2234 3731 2500 3795 victorim,
2545 3745 2669 3783 cum
2701 3729 2950 3784 Christus
2977 3728 3478 3795 fueritcoronatns,
3517 3729 3603 3786 his

1997 3838 2213 3893 quoque
2239 3822 2662 3891 repromittitur,
2694 3821 2784 3891 qui
2816 3832 3135 3889 exspectant
3166 3836 3314 3887 eum,
3346 3829 3403 3875 et
3441 3821 3605 3877 intel-

1997 3916 2169 3984 ligunt
2200 3915 2487 3969 utilitatem
2520 3913 2794 3983 quondam
2821 3913 3163 3983 captivitatis
3189 3929 3323 3982 sum,
3356 3922 3408 3968 et
3434 3928 3601 3969 nove.

1997 4015 2124 4062 runt
2149 4008 2244 4062 Dei
2276 4007 2532 4061 universa
2566 4008 2851 4078 mysteria,
2900 4017 2957 4061 ut
2998 4007 3107 4061 sint
3145 4005 3197 4061 in
3243 4008 3473 4077 gratiam
3504 4005 3604 4061 lilii

1996 4099 2312 4168 Sophoniw,
2338 4100 2446 4154 hoc
2468 4107 2551 4153 est
2580 4099 2908 4153 visitationis
2934 4099 3170 4153 Domini.
3199 4100 3263 4151 lit
3291 4099 3382 4169 qui
3416 4099 3466 4151 in
3494 4098 3602 4153 Ba-

1996 4195 2197 4266 bylone
2226 4193 2482 4249 dicebaut
2510 4191 2628 4265 (Ps.
2655 4209 2874 4262 CXXXVI,
2926 4194 2978 4260 ‘l,
3023 4190 3091 4265 2)
3118 4211 3132 4246 :
3183 4192 3357 4261 Super
3381 4192 3603 4262 ﬂumina

1995 4288 2277 4361 Babylonis
2300 4288 2371 4341 ibi
2410 4288 2639 4342 sedimus
2669 4297 2716 4341 et
2746 4290 3001 4359 ﬂeuimus,
3056 4303 3171 4340 cum
3210 4286 3603 4340 recordaremur

1996 4381 2127 4437 Sion
2169 4398 2188 4436 :
2214 4384 2269 4435 in
2307 4382 2553 4436 salicibus
2577 4382 2629 4434 in
2660 4380 2831 4434 medio
2861 4384 2975 4452 ejus
3016 4379 3373 4449 suspendintus
3403 4393 3599 4448 organa

1994 4483 2191 4539 nostra,
2229 4483 2511 4542 postquam
2542 4472 2747 4526 reversi
2777 4472 2981 4526 fuerint
3012 4472 3063 4524 in
3092 4470 3426 4533 Jerusalem,
3455 4468 3602 4524 acci-

1995 4568 2149 4634 piant
2180 4566 2452 4621 Psalmum
2484 4575 2537 4618 et
2567 4574 2908 4636 tympanum,
2943 4573 2998 4617 et
3038 4576 3236 4617 eanant
3266 4564 3318 4617 in
3349 4562 3598 4618 Ecclesia

1995 4661 2235 4726 Domini,
2258 4670 2313 4713 et
2341 4660 2432 4729 qui
2468 4674 2563 4728 per
2595 4657 2801 4725 majora
2832 4658 2995 4730 831
3025 4672 3251 4728 peccata
3284 4657 3443 4728 longe
3475 4657 3598 4715 fue-

1995 4761 2122 4807 rant
2166 4751 2234 4806 ab
2274 4750 2485 4815 Judma,
2526 4759 2583 4805 et
2612 4750 2963 4804 conlisione
3004 4751 3312 4818 verissima,
3356 4752 3600 4818 veniant,

1996 4854 2051 4897 et
2101 4859 2201 4911 per
2255 4842 2499 4913 singulos
2556 4840 2836 4911 prolectus
2891 4857 3021 4897 suos
3068 4841 3345 4897 aulilicent
3379 4843 3603 4897 domum

1996 4939 2235 5003 Domini,
2282 4949 2338 4993 et
2392 4949 2520 4993 tunc
2569 4938 2805 4992 universi
2839 4936 2959 5007 pari
3005 4945 3190 4993 mente
3239 4944 3598 5006 cognoscant,

1997 5032 2141 5101 quod
2176 5031 2436 5085 Dominus
2490 5031 2844 5098 omnipotens
2893 5029 3213 5099 prophetam
3261 5029 3477 5081 miserit
3533 5027 3601 5082 ad

1996 5139 2114 5179 eos.
2152 5122 2311 5178 Fient
2340 5129 2522 5176 autem
2567 5122 2749 5175 omnia
2792 5137 2911 5191 qua:
2939 5120 3209 5191 promissa
3242 5128 3391 5178 sunt.
3422 5121 3465 5175 si
3494 5118 3607 5175 Do-

1996 5216 2201 5270 minum
2223 5214 2409 5269 audire
2446 5213 2744 5282 voluerint,
2765 5224 2821 5269 et
2841 5224 2960 5268 acta
2986 5211 3333 5283 poenitentia,
3358 5213 3411 5267 in
3444 5212 3603 5268 bonis

1996 5307 2255 5377 operibus
2276 5307 2598 5361 manserint.

2072 5400 2226 5471 (Cap.
2255 5398 2369 5454 Vll.
2394 5398 2643 5455 —Vers.
2674 5400 2698 5453 1
2746 5398 2930 5471 seqq.)
2964 5398 3027 5453 Et
3062 5399 3253 5470 factum
3278 5408 3353 5453 est
3382 5399 3437 5453 in
3463 5415 3604 5453 anno

1998 5503 2182 5564 quarto
2213 5493 2364 5548 Darii
2404 5494 2539 5565 regis
2568 5512 2587 5549 :
2610 5498 2803 5564 factum
2831 5504 2907 5548 est
2934 5494 3141 5548 verbum
3166 5491 3380 5548 Domini
3404 5496 3471 5548 ad
3498 5491 3603 5549 Za-

1998 5588 2253 5653 chariam,
2277 5588 2332 5641 in
2361 5595 2543 5655 quarta
2588 5588 2778 5642 mensis
2823 5587 2970 5654 noni,
3000 5588 3088 5659 qui
3118 5596 3192 5641 est
3243 5584 3453 5642 Casleu.
3478 5585 3503 5625 δ
3531 5585 3601 5641 Et

1999 5684 2247 5738 miserunt
2288 5682 2357 5736 ad
2393 5682 2602 5737 domum
2630 5680 2729 5738 Dei
2761 5682 2986 5740 Sarasar
3016 5692 3066 5736 et
3110 5680 3530 5754 Rogommelech,
3554 5688 3603 5735 et

2047 5796 2105 5863 ,ιι
2137 5795 2369 5865 Insignis
2389 5797 2479 5853 hic
2501 5798 2820 5864 depravatio
2845 5807 3134 5852 contextus
3155 5805 3261 5850 tam
3283 5796 3333 5847 in
3353 5795 3602 5865 chrtro,

2003 5868 2166 5935 quam
2194 5870 2247 5923 in
2270 5862 2425 5924 LXX
2454 5862 2867 5939 interpretibus.
2904 5869 2960 5923 In
2988 5868 3221 5923 Hebraeo
3242 5866 3386 5922 enim
3414 5862 3613 5937 legithr
