4026 6346
369 293 506 350 “5-1

1609 289 1667 346 S.
1715 287 1990 346 Ευδεωι
2033 287 2424 346 ΜΕΠΟΝΥΜΙ

3535 289 3684 344 υθο

365 415 460 468 riri
489 415 574 482 qui
601 419 746 468 erant
775 425 990 476 cumeo,
1009 413 1078 464 ad
1095 409 1472 482 deprecandam
1503 409 1686 479 faciem
1713 405 1924 462 Domini
1947 423 1966 460 :
1997 413 2044 470 Α
2073 411 2250 476 nium,
2279 419 2336 466 et
2363 421 2588 466 curatos
2623 425 2870 481 quosque
2895 409 3224 466 sanctiﬁcat.
3265 407 3566 480 Poetquam
3597 409 3688 464 in-

367 515 422 561 n!
457 507 682 562 dicerent
713 503 1066 560 sacerdotibus
1113 505 1298 556 domus
1341 500 1550 556 Domini
1579 501 1894 554 exercituum
1925 505 1972 552 et

371 601 636 672 praphetis
667 599 932 670 loquentes
963 613 982 652 :
1013 595 1286 668 Numquid
1335 593 1568 666 ﬂendum
1617 603 1688 648 est
1741 593 1868 646 mihi
1921 593 1974 646 in

371 698 550 766 quinto
576 709 746 746 mense
769 707 788 746 :
811 691 888 744 vel
911 689 1241 760 sanctiﬁcare
1275 705 1352 742 me
1383 687 1560 754 (iubeo,
1587 687 1718 740 sicut
1745 685 1842 758 feci
1861 687 1976 758 jam

373 785 552 840 multis
571 785 760 838 annis?
781 781 848 836 Et
881 785 1079 854 factum
1105 791 1176 836 est
1201 783 1402 836 verbum
1427 779 1640 834 Domini
1659 779 1978 832 exercituum

373 879 444 934 ad
475 895 569 946 nte,
603 879 778 932 dicens
803 895 820 930 :
861 875 1096 948 Loquere
1123 875 1192 930 ad
1223 892 1426 930 onmem
1467 875 1717 946 papulum
1739 883 1908 936 terraz,
1933 881 1981 926 et

369 975 444 1026 ad
475 971 788 1040 sacerdotes,
827 971 1010 1026 dicens
1037 987 1061 1026 ;
1091 968 1220 1024 Cum
1241 967 1551 1040 jejunaretis
1579 977 1622 1020 et
1673 965 1980 1038 plangorem

377 1067 430 1120 iu
457 1067 638 1138 quinto
667 1075 712 1118 et
739 1064 954 1136 septimo
983 1071 1006 1098 τι
1031 1077 1122 1134 per
1149 1061 1243 1114 hos
1271 1061 1598 1132 septuaginta
1617 1074 1798 1124 auitas,
1831 1071 1976 1110 num-

379 1157 1092 1234 quidjejrmiumjtjunastis
1121 1155 1294 1208 mihi?
1339 1167 1384 1208 et
1431 1169 1546 1206 cum
1592 1151 1883 1206 comedistis
1935 1159 1982 1204 et

385 1269 502 1306 cum
531 1251 749 1316 bibistis,
797 1247 1047 1320 numquid
1075 1265 1178 1302 nou
1211 1247 1348 1300 vobis
1379 1245 1672 1300 comedistis
1725 1254 1772 1298 et
1813 1243 1982 1298 robis-

386 1347 613 1418 metipsis
643 1345 878 1398 bibistis?
905 1343 1180 1414 Numquid
1205 1358 1310 1394 non
1335 1351 1454 1394 sunt
1503 1339 1652 1394 verba
1687 1355 1806 1410 qua:
1837 1337 1982 1392 locu-

385 1449 468 1492 tus
509 1447 582 1492 est
607 1435 862 1492 Dominus
895 1437 948 1490 in
991 1451 1148 1489 manu
1173 1432 1546 1508 prophetarum
1577 1433 1828 1500 priorum,
1867 1447 1986 1484 cum

387 1531 562 1585 adhuc
587 1529 874 1584 Jerusalem
899 1527 1242 1592 habitaretur,
1275 1539 1322 1580 et
1345 1535 1476 1580 esset
1505 1525 1768 1596 opulenta,
1805 1533 1850 1578 et
1871 1523 1986 1594 ipsa

391 1633 436 1678 et
455 1623 605 1678 urbes
637 1625 780 1678 illius
807 1623 992 1694 [Vttlg.
1021 1631 1160 1676 tacet
1189 1619 1359 1690 illius]
1383 1621 1436 1674 in
1453 1619 1672 1672 circuitu
1697 1619 1829 1688 ejus,
1855 1625 1900 1670 et
1917 1615 1986 1670 ad

389 1727 621 1770 austrum
653 1725 696 1769 et
725 1717 776 1768 in
809 1713 1178 1788 campestribus
1212 1712 1558 1766 habitaretur?
1585 1709 1756 1764 LXX:
1781 1707 1850 1764 Et
1877 1713 1990 1780 fac-

2079 519 2500 580 terrogaverant
2513 511 2801 566 Persarum
2817 509 2986 565 duces
3007 525 3102 579 per
3119 523 3214 565 eos
3227 523 3372 580 quos
3383 509 3634 564 miserant
3643 517 3690 574 ι,

2079 613 2136 660 et
2169 603 2238 657 ad
2269 601 2584 658 sacerdotes
2611 611 2776 672 atque
2805 601 3106 672 prophetas
3135 601 3540 656 sciscitantium
3573 599 3694 654 lue-

2079 704 2166 750 rat
2197 695 2412 766 expleta
2437 695 2660 764 legatio,
2687 697 2744 748 lit
2769 710 2956 750 sermo
2989 693 3208 748 Domini
3229 693 3296 748 ad
3333 693 3694 764 prophetam,

2079 785 2356 858 imperans
2391 799 2446 842 ut
2499 789 2756 858 loquatur
2795 787 2862 842 ad
2901 787 3124 858 vulgum
3153 795 3214 842 et
3245 785 3310 840 ad
3343 787 3696 850 sacci-deleo,

2081 881 2206 950 quid
2249 883 2444 952 legatis
2475 881 2710 938 debeant
2745 881 3106 952 respondere.
3133 879 3374 948 Quando
3395 879 3696 950 jejunaba-

2085 975 2152 1030 tis
2179 983 2234 1030 et
2259 975 2606 1046 plangebatis
2635 975 2688 1029 in
2729 975 2924 1044 quinto
2953 987 3142 1028 mense
3173 973 3510 1042 captivitatis
3537 971 3704 1028 Jeru-

2083 1069 2278 1134 salem,
2305 1079 2358 1125 et
2383 1071 2434 1124 in
2459 1071 2694 1140 septimo
2723 1059 2940 1138 mense,
2971 1067 3194 1140 quando
3223 1067 3492 1124 Godolias
3521 1067 3704 1122 inter»

2087 1161 2258 1218 lectus
2289 1173 2372 1218 est
2401 1163 2470 1220 ab
2497 1163 2716 1230 lsmael,
2749 1179 2848 1235 per
2873 1177 3054 1218 annos
3083 1162 3428 1234 septuaginta
3477 1161 3704 1218 desola-

2087 1257 2256 1312 tionis
2279 1259 2470 1328 templi
2516 1266 2572 1314 et
2621 1259 3000 1316 subversionis
3043 1257 3372 1322 Jerusalem,
3427 1255 3706 1326 numquid

2087 1351 2218 1406 mihi
2247 1351 2502 1422 proderat
2545 1351 2690 1422 quod
2717 1351 3052 1422 jejunabatis
3069 1349 3166 1424 (IV
3211 1349 3346 1423 Reg.
3385 1365 3532 1414 xxv;
3577 1347 3700 1404 Jer.

2089 1441 2316 1516 11.1)?Et
2343 1443 2674 1508 econtrario,
2705 1445 2752 1500 si
2779 1443 3004 1516 quando
3035 1441 3062 1482 ι)
3091 1441 3440 1498 manducetis
3465 1451 3524 1498 et
3551 1441 3706 1496 bibi-

2087 1537 2178 1602 tis,
2207 1535 2468 1607 numquid
2497 1551 2606 1590 non
2641 1535 2795 1592 vobis
2821 1545 2880 1592 et
2905 1535 3198 1592 comeditis
3225 1545 3282 1590 et
3323 1534 3568 1606 potatis?
3597 1533 3710 1592 Ne-

2089 1631 2360 1701 queeuim
2391 1629 2478 1686 his
2503 1629 2668 1686 rebus
2719 1631 2962 1700 placatur
2989 1631 3162 1696 Dens,
3195 1629 3295 1686 sed
3323 1629 3488 1684 bonis
3515 1629 3712 1699 operi-

2089 1724 2212 1790 bus,
2247 1733 2302 1780 et
2325 1724 2370 1778 si
2405 1723 2552 1780 illius
2573 1733 2842 1794 praecepta
2869 1723 3156 1790 faciamus,
3183 1723 3308 1794 quia
3327 1737 3450 1778 esca
3471 1737 3574 1778 nos
3593 1737 3712 1778 non

393 1819 600 1863 tumeat
633 1809 684 1860 in
731 1817 914 1878 quarto
963 1823 1104 1860 anno
1157 1805 1250 1860 sub
1305 1805 1472 1858 Durio
1509 1819 1668 1876 rege:
1719 1803 1890 1874 factus
1919 1811 1994 1856 est
2025 1805 2070 1864 Β
2099 1817 2446 1874 commendat
2491 1819 2624 1874 Deo.
2673 1817 2862 1888 Neque
2911 1817 2956 1872 si
3009 1833 3116 1872 non
3169 1817 3710 1886 ,,,anduc:,verim“s’

392 1921 558 1956 sermo
591 1897 802 1956 Domini
831 1903 899 1956 ad
929 1901 1262 1965 Zachariam,
1295 1909 1480 1966 quarta
1521 1899 1605 1954 die
1647 1899 1838 1952 mensis
1867 1897 1995 1952 noui

397 1999 486 2068 qui
531 2007 604 2052 est
636 1995 844 2062 Casleu,
889 2005 936 2050 et
965 1997 1102 2054 misit
1129 1998 1178 2052 in
1211 1995 1322 2068 [ΑΙ.
1353 1991 1436 2066 de]
1481 1991 1666 2046 Bethel
1701 1992 1926 2048 Sarasar
1951 2001 1996 2044 et

401 2093 680 2148 Arabesser
707 2107 818 2158 rex,
841 2099 888 2144 et
919 2091 1016 2144 viri
1037 2091 1086 2162 ej
1095 2107 1148 2144 us
1179 2097 1234 2142 ut
1267 2089 1668 2156 deprecarentur
1693 2083 1998 2148 Dominum,

403 2187 576 2242 dicens
615 2185 686 2238 ad
733 2185 1040 2242 Sacerdotes
1085 2183 1268 2238 domus
1301 2181 1512 2236 Domini
1541 2179 1928 2250 omnipotentis,
1957 2187 2006 2232 et

401 2283 468 2334 ad
493 2279 788 2352 prophetas,
815 2279 988 2334 dicens
1019 2295 1034 2332 :
1059 2277 1306 2352 Ingresso
1337 2287 1410 2330 est
1439 2277 1538 2330 huc
1569 2277 1620 2328 in
1641 2289 1811 2330 mense
1831 2274 2008 2346 quinto

407 2375 776 2444 sanctiﬁcatio,
797 2373 954 2444 juxta
983 2373 1120 2442 quod
1153 2373 1376 2442 fecerunt
1399 2373 1518 2440 jam
1547 2369 1698 2424 annis
1725 2367 1960 2440 pluribus
1991 2383 2013 2422 :

405 2477 452 2522 et
505 2469 675 2536 factus
725 2473 801 2520 est
831 2479 996 2518 sermo
1033 2461 1238 2516 Domini
1271 2461 1518 2516 rirtutunt
1547 2461 1614 2514 ad
1641 2477 1740 2526 me,
1781 2459 1956 2514 dicens
1991 2475 2014 2514 :

407 2559 508 2612 Dic
531 2561 602 2612 ad
626 2575 828 2612 onmem
839 2557 1088 2628 populum
1105 2567 1278 2624 terrae,
1301 2564 1346 2610 et
1367 2555 1438 2608 ad
1463 2555 1776 2620 sacerdotes,
1805 2555 2012 2608 dicens:

411 2651 472 2706 Si
497 2651 774 2724 jejunatis,
809 2661 852 2704 et
883 2649 1131 2721 plangitis
1159 2647 1210 2700 in
1253 2647 1443 2718 quintis
1473 2657 1522 2700 et
1545 2647 1797 2718 septimis,
1823 2654 1871 2698 et
1905 2659 2018 2698 ecce

411 2735 738 2816 septuaginta
765 2745 908 2806 anni,
939 2739 1190 2812 numquid
1201 2741 1468 2810 jejunium
1477 2741 1760 2812 jejunastis
1781 2739 1946 2794 mihi?
1971 2747 2020 2792 et

411 2835 456 2890 si
485 2835 750 2890 comeditis
779 2843 868 2888 aut
897 2833 1066 2888 bibitis
1084 2878 1096 2900 ,
1131 2849 1300 2888 nonne
1329 2849 1416 2888 vos
1447 2831 1732 2898 comeditis,
1763 2841 1810 2884 et
1837 2847 1926 2886 vos
1949 2829 2024 2884 bi-

413 2929 569 2984 bitis?
597 2929 868 3000 Numquid
901 2945 1000 2982 non
1041 2929 1142 2982 ista
1185 2935 1300 2982 sunt
1331 2927 1480 2982 verba
1511 2943 1652 2990 mea,
1683 2941 1798 2998 qum
1825 2926 2026 2982 locutus

417 3033 490 3076 est
523 3019 776 3076 Dominus
799 3024 848 3076 in
871 3021 1104 3076 manibus
1125 3023 1514 3092 praphetarum,
1535 3019 1624 3090 qui
1649 3019 1856 3090 {uerimt
1883 3019 2026 3088 prius

413 3118 622 3186 quando
652 3115 948 3170 Jerusalem
975 3115 1326 3184 habitabatur,
1351 3127 1398 3170 et
1429 3125 1540 3166 erat
1565 3113 1858 3178 abundans,
1883 3119 1934 3166 et
1959 3111 2030 3165 ci-

2099 1909 2416 1966 delicicmus
2451 1929 2464 1964 :
2501 1925 2678 1982 neque
2723 1911 2768 1966 si
2825 1909 3358 1976 manducavet-imus,
3405 1907 3720 1964 abundabi-

2103 2019 2242 2060 mus.
2275 2003 2548 2074 Numquid
2595 2019 2704 2058 non
2761 2003 2880 2058 lucc
2931 2013 3058 2058 sunt
3103 2003 3269 2056 verba
3317 2015 3434 2056 mea
3463 2043 3476 2064 ,
3531 1999 3722 2054 adhuc

2103 2095 2266 2170 833
2297 2105 2476 2150 stante
2503 2093 2806 2150 Jerusalem
2833 2105 2886 2150 et
2915 2095 3142 2150 urbibus
3168 2094 3326 2158 .lnda,
3359 2107 3480 2162 quae
3511 2093 3710 2162 Inque-

2107 2191 2206 2246 bar
2233 2189 2300 2244 ad
2333 2203 2430 2244 vos
2459 2191 2512 2243 in
2551 2189 2802 2243 manibus
2833 2191 3230 2258 prophetarum
3263 2199 3544 2250 meorum,
3579 2197 3710 2238 cum

2111 2281 2288 2338 adhuc
2313 2289 2486 2336 staret
2513 2279 2818 2336 Jerusalem
2845 2323 2862 2348 ,
2897 2287 2952 2334 et
2981 2279 3142 2336 urbes
3169 2277 3308 2334 inda
3337 2275 3504 2332 rebus
3529 2273 3726 2330 omni-

2117 2373 2214 2428 bus
2243 2372 2608 2438 abundarent,
2639 2381 2696 2428 et
2727 2383 2836 2426 tam
2869 2381 3122 2426 montana
3151 2369 3306 2439 regio
3325 2409 3343 2436 ,
3375 2383 3542 2438 quam
3573 2383 3730 2421 cam-

2119 2467 2326 2538 pestris
2359 2465 2602 2536 frugibus
2633 2462 3002 2534 redundaret,
3035 2473 3090 2518 et
3121 2461 3382 2516 ﬁdissima
3409 2475 3544 2531 pace
3575 2457 3730 2514 frue-

2123 2559 2458 2616 retur?lla:c
2479 2569 2660 2612 autem
2687 2563 2848 2612 erant
2879 2554 3048 2610 verba
3075 2551 3310 2620 Domini,
3339 2567 3462 2622 quae
3483 2565 3729 2622 sequens

2122 2653 2404 2722 Scriptura
2436 2659 2686 2718 testatur,
2715 2649 2852 2704 velle
2877 2663 2938 2704 se
2971 2663 3158 2703 verum
3189 2645 3454 2716 judicimn
3477 2655 3528 2700 et
3563 2645 3736 2698 mise-

2121 2747 2418 2802 ricordiam
2453 2745 2506 2800 in
2543 2743 2858 2814 proximos,
2889 2753 2942 2798 et
2971 2739 3224 2800 viduam,
3253 2749 3314 2794 et
3347 2739 3640 2810 pupillum,
3673 2745 3736 2792 et

2127 2841 2419 2904 advenam,
2461 2849 2512 2894 et
2561 2853 2604 2908 pe
2629 2852 2854 2906 uperem
2887 2851 2994 2890 non
3031 2831 3392 2896 calumniari,
3439 2839 3498 2888 et
3523 2833 3734 2888 malum

2131 2951 2238 2992 non
2271 2935 2516 3002 cogitare
2555 2929 2608 2986 in
2643 2931 2808 2987 corde
2841 2945 2963 2986 suo.
2999 2929 3158 2994 llzrc,
3193 2927 3404 2994 inquit,
3437 2925 3740 2980 uoluerunt

2133 3029 2332 3094 facere,
2349 3039 2404 3080 et
2423 3025 2606 3080 surdis
2619 3023 2842 3078 auribus
2857 3037 2978 3078 mea
3001 3021 3224 3091 imperia
3247 3027 3698 3087 contempserunt
3725 3035 3742 3072 :

2135 3137 2296 3192 quam
2327 3121 2398 3177 ob
2429 3135 2545 3176 rem
2579 3119 2728 3174 venit
2757 3117 3058 3188 indignatio
3087 3129 3278 3184 magna
3311 3127 3476 3184 super
3503 3111 3744 3167 Jerusa-

415 3213 592 3264 ritates
619 3213 728 3274 ejus
743 3225 832 3282 per
850 3211 1142 3272 circuitum,
1339 3217 1384 3262 et
1401 3205 2024 3276 montanaetcampestria
2047 3189 2098 3254 (ἶ
2133 3189 2270 3280 tum;
2295 3225 2348 3270 ρι
2373 3213 2648 3284 quomodo
2678 3211 2754 3267 illi
2781 3227 2864 3268 me
2885 3209 3074 3266 audire
3099 3209 3418 3274 noluerunt,
3447 3205 3530 3260 sic
3553 3213 3614 3258 et
3631 3217 3746 3270 εἷο

417 3301 822 3356 habitabantur?
867 3299 922 3356 In
955 3311 1152 3372 quarto
1181 3313 1326 3352 anno
1365 3297 1508 3352 Darii
1539 3297 1700 3368 regis,
1751 3295 1804 3350 in
1837 3309 2026 3350 mense

419 3411 584 3458 nono,
621 3395 713 3462 qui
747 3395 1052 3466 appellatur
1081 3407 1306 3456 CASLEU.
1359 3375 1568 3462 (πίω),
1627 3399 1682 3444 et
1737 3389 1790 3444 in
1835 3397 2026 3460 quarta

421 3487 628 3544 mensis
659 3487 904 3559 ejusdem
937 3489 1026 3544 die
1053 3491 1314 3542 miserunt
1349 3485 1414 3542 ad
1449 3486 1666 3538 domum
1695 3483 1812 3548 Dei,
1841 3483 1890 3536 id
1923 3491 2026 3546 est,

423 3585 488 3634 ad
525 3581 788 3648 templum
823 3579 968 3650 quod
995 3581 1106 3650 jatn
1139 3597 1166 3632 ει
1201 3577 1502 3632 Zoroba-bcl
1537 3587 1592 3632 et
1631 3593 1660 3630 a
1695 3575 1820 3632 Jesu
1853 3575 2030 3630 fuerat

427 3677 818 3740 instauratum,
853 3673 1078 3732 Sarasar
1109 3682 1162 3728 et
1193 3671 1614 3742 Rogommelecb
1649 3680 1700 3724 et
1733 3669 1913 3722 cmteri
1939 3667 2032 3736 qui

427 3783 548 3820 eum
575 3767 656 3820 eis
687 3775 870 3832 erant,
914 3779 1050 3836 quos
1077 3765 1272 3818 Persas
1305 3761 1468 3816 fuisse
1501 3759 1670 3816 duces
1713 3761 1859 3828 regis
1889 3755 2034 3812 Darii

427 3861 682 3914 timentes
719 3861 912 3922 Deum,
951 3857 1162 3914 llebrtei
1193 3865 1478 3912 autumant
1512 3873 1522 3908 :
1559 3865 1616 3908 ut
1645 3855 1770 3924 quia
1795 3853 1908 3924 jam
1935 3867 2032 3906 au-

427 3951 644 4004 dierant
679 3951 940 4018 templum
973 3963 1094 4002 esse
1115 3957 1520 4008 constructum,
1557 3955 1870 4016 quarereut
1893 3959 1920 3998 a
1945 3957 2036 3998 sa-

427 4041 748 4096 cerdotibus
768 4041 964 4094 domus
981 4039 1192 4094 Domini
1215 4045 1272 4094 ct
1295 4039 1602 4108 prophetis,
1633 4047 1813 4092 utrum
1847 4051 2040 4092 secun-

433 4135 562 4188 dum
595 4133 1052 4188 consuetudinem
1085 4131 1370 4200 pristinam
1397 4129 1532 4185 ﬂere
1577 4141 1630 4184 et
1667 4129 1920 4202 jejunare
1947 4129 2041 4186 de-

433 4225 656 4290 berent,
705 4239 772 4278 an
825 4223 1030 4280 luctum
1087 4235 1298 4278 mutare
1349 4223 1560 4278 lmtitia.
1599 4223 1666 4277 Et
1719 4233 1804 4278 est
1847 4237 2043 4278 sensus

435 4315 833 4372 sciscitantium
868 4335 880 4370 :
915 4317 1114 4384 Quinto
1165 4331 1356 4372 mense
1405 4317 1494 4388 qui
1541 4317 1852 4386 appellatur
1899 4315 2042 4386 apud

435 4411 715 4468 Rontanos
737 4413 936 4478 Julius,
961 4429 992 4468 a
1019 4411 1528 4468 Nabuchod0nosor
1555 4413 1820 4468 subversa
1847 4421 1932 4468 est
1957 4413 2048 4468 Je-

439 4509 702 4574 rusalem,
724 4523 884 4578 quam
918 4507 986 4560 ob
1017 4521 1240 4560 causam
1279 4515 1510 4576 propter
1531 4505 1882 4560 solitudinem
1911 4513 2048 4560 tem-

441 4601 514 4670 pli
549 4603 653 4655 huc
687 4617 858 4674 usque
885 4601 1258 4672 jejunavintu:
1291 4611 1346 4655 et
1373 4599 1705 4670 planximus,
1749 4609 1802 4652 et
1835 4613 2019 4656 tnterol

2151 4608 2240 4660 vel
2287 4605 2560 4660 τςνηιιρρρρτ·
2585 4622 2608 4656 ε·
2643 4605 2714 4656 ,ε-ῖ»

445 4711 560 4750 tem
593 4703 838 4748 nostrum
873 4693 1004 4749 ﬂetu
1037 4703 1092 4749 et
1113 4693 1338 4764 jejuniis
1359 4693 1622 4748 Consolati
1657 4709 1864 4748 stultus.
1897 4693 2050 4748 Nune

443 4791 570 4860 quia
597 4789 822 4854 dicitur,
849 4789 1110 4858 templum
1141 4805 1264 4844 esse
1295 4799 1700 4856 constructum,
1723 4797 1780 4844 et
1807 4791 2052 4844 videmus

449 4899 794 4954 nequaquam
831 4897 1052 4938 causam
1087 4899 1408 4950 permanere
1435 4883 2054 4954 tristitia:,respondere

447 4993 788 5048 qutt‘tSltmltS,
821 4989 1002 5030 utrum
1041 4977 1142 5032 hoc
1173 4977 1351 5032 facere
1397 4977 1718 5038 debeamus.
1749 4995 1816 5032 an
1851 4991 2053 5034 matro-

451 5087 566 5124 I‘t‘tll
599 5069 796 5138 gaudio
839 5069 1217 5126 commutare?
1269 5069 1332 5124 Et
1387 5069 1546 5124 simul
1597 5069 2054 5126 consideramltun

449 5167 598 5236 quod
625 5163 782 5222 ﬂetus
813 5163 1254 5236 :utquejejunium
1275 5161 1643 5222 sanctiﬁcatio
1659 5163 1876 5218 dicitur.
1897 5161 2060 5220 Unde

451 5271 506 5314 ct
534 5259 586 5313 in
617 5259 736 5314 Joel
772 5269 1106 5329 prameptum
1139 5265 1224 5312 est
1261 5257 1664 5322 sacerdotibus,
1707 5267 1766 5312 ut
1811 5255 2058 5312 saucun-

451 5359 580 5406 cent
619 5351 888 5420 jejunium
932 5359 989 5404 et
1037 5349 1342 5420 prmdicent
1391 5349 1734 5408 curationem
1769 5349 1926 5422 (ἄορι.
1979 5349 2056 5421 v).

449 5445 620 5500 (Iurat
645 5445 788 5498 enim
813 5443 1038 5504 uulnera
1059 5443 1448 5514 delinquentis,
1480 5443 1812 5502 absﬁneutiu
1841 5457 1890 5502 et
1915 5447 2058 5516 jeju-

455 5611 594 5680 aputl
629 5609 1172 5688 Epsrptetlllarian
1201 5631 1212 5668 :
1243 5609 1314 5670 Et
1351 5613 1758 5688 Begeptmelech,
1797 5619 1846 5670 in
1901 5615 2044 5688 LXX

457 5679 606 5746 vero,
649 5679 712 5734 Et
771 5679 962 5758 Arbath
987 5683 1296 5758 .ngerrelr,
1331 5679 1446 5740 etc:
1471 5683 1604 5752 Qum
1633 5679 2048 5758 (leprat'ationes

453 5763 752 5826 occurrunt
793 5755 961 5826 etiam
987 5753 1124 5826 inira
1157 5755 1210 5808 in
1231 5753 1672 5826 Cottnnentariis,
1705 5753 1794 5814 ubi
1821 5759 1936 5814 ha‘c
1959 5777 2048 5814 ca-

458 5821 578 5874 dem
607 5821 826 5874 nomina
853 5825 1026 5892 pesita
1058 5823 1328 5896 leguntur.
1361 5825 1542 5884 MART.

2131 3325 2238 3364 non
2271 3307 2524 3364 esandivi
2557 3321 2682 3362 eos:
2713 3313 2768 3360 et
2797 3319 2942 3360 nunc
2973 3313 3120 3358 tanta
3143 3299 3570 3370 scrupulositate
3591 3313 3750 3370 qua:-

2133 3411 2278 3466 runt,
2305 3399 2524 3472 quando
2549 3399 2786 3456 debeant
2805 3397 3052 3468 ieiunare
3079 3405 3132 3452 et
3156 3393 3430 3464 plangere,
3459 3407 3582 3446 cum
3607 3401 3744 3450 ante

2133 3495 2364 3552 dixerint
2415 3509 2508 3564 per
2547 3491 2784 3547 Isaiam:
2833 3489 2954 3544 Non
2985 3487 3092 3543 tale
3123 3487 3386 3560 jejunium
3417 3485 3582 3554 elegi,
3613 3484 3750 3538 dicit

2137 3591 2392 3644 Dominus
2413 3633 2426 3657 ,
2457 3603 2618 3656 neque
2645 3595 2700 3640 ut
2731 3584 2963 3638 Iittntiliet
2987 3583 3138 3636 homo
3167 3581 3396 3636 animum
3421 3593 3570 3632 suam
3599 3593 3620 3642 ;
3647 3575 3752 3630 sed

2135 3683 2273 3736 solve
2305 3695 2452 3734 autne
2481 3679 2744 3734 uinculum
2779 3675 3067 3746 iniquitatis
3085 3690 3106 3728 :
3143 3671 3366 3726 dissolve
3395 3669 3752 3742 obligationes

2135 3775 2476 3828 niolentarum
2511 3771 2816 3824 cautionum
2839 3785 2858 3822 :
2899 3766 3144 3822 esurienti
3175 3763 3244 3818 da
3283 3779 3468 3832 partem
3497 3773 3646 3812 tuum
3683 3775 3754 3812 ex

2139 3869 2334 3922 animo.
2371 3863 2430 3920 Si
2459 3863 2650 3918 videris
2679 3861 2898 3926 nudum,
2935 3857 3078 3929 operi
3117 3873 3234 3912 eum
3257 3873 3278 3924 ;
3305 3865 3354 3910 et
3383 3869 3666 3926 pauperem
3695 3859 3754 3905 et

2141 3961 2334 4032 absque
2365 3969 2492 4012 tecto
2515 3955 2674 4010 indue
2703 3955 2760 4008 in
2789 3951 3174 4008 tabernaculum
3203 3961 3370 4002 tuum.
3401 3945 3754 4000 Tum-erum-

2143 4061 2228 4122 pet
2257 4061 2590 4120 temperance
2617 4047 2710 4102 tua:
2741 4057 2829 4102 tua
2851 4087 2865 4110 ,
2895 4055 2942 4098 et
2971 4045 3220 4098 sanitates
3249 4053 3354 4095 tute
3383 4041 3486 4092 cito
3513 4039 3756 4090 orientur

2145 4144 2302 4218 (lsai.
2335 4159 2484 4208 Lvnt,
2517 4141 2572 4208 5,
2601 4143 2793 4212 seqq.).
2815 4141 2926 4194 iloc
2947 4137 3090 4208 quod
3117 4137 3378 4206 scriptum
3401 4145 3486 4188 est
3515 4133 3568 4186 in
3599 4131 3754 4202 Sep-

2147 4239 2390 4310 tuaginta
2435 4253 2448 4290 :
2491 4235 2638 4290 Misit
2663 4235 2726 4290 de
2757 4233 2938 4288 Bothe!
2965 4231 3194 4288 Sal-arar
3225 4238 3272 4284 et
3309 4229 3586 4282 Arabuser
3613 4225 3636 4298 [
3661 4225 3751 4280 Al.

2149 4331 2344 4386 Arbth
2361 4327 2552 4403 Sager]
2573 4345 2686 4392 rex,
2711 4327 2890 4382 nullus
2907 4333 3216 4380 nostrorum
3233 4321 3408 4392 potuit
3431 4335 3496 4374 ex
3507 4333 3718 4390 [tenere
3737 4337 3752 4372 :

2151 4437 2326 4494 neque
2357 4423 2500 4478 enim
2529 4419 2675 4492 quod
2707 4419 2846 4474 male
2882 4431 3104 4474 versum
3137 4423 3314 4472 estex
3351 4411 3609 4478 Hebraeo,
3643 4413 3756 4466 ulla

2153 4515 2646 4586 rationeexplanari
2671 4521 2866 4584 potest.
2899 4511 3032 4580 Quis
3063 4519 3146 4564 est
3197 4509 3344 4564 enim
3367 4509 3468 4562 iste
3493 4505 3752 4574 Sarasar,

2755 4643 2760 4650 .
2789 4627 2844 4656 ς..
2883 4603 3036 4671 μηκέθ
3077 4617 3172 4656 rex
3209 4597 3534 4670 provincia,
3567 4607 3666 4650 aut
3699 4597 3756 4652 in

2153 4715 2314 4770 quam
2331 4699 2410 4752 vel
2425 4699 2490 4752 de
2503 4713 2606 4768 qua
2629 4697 2772 4750 utisit
2787 4691 2978 4748 Bethel
2997 4693 3020 4746 ?
3041 4691 3300 4761 autcujus
3317 4689 3500 4746 Betltel
3519 4703 3610 4742 rex
3629 4703 3760 4744 esse

2157 4803 2368 4866 poterat
2397 4789 2718 4852 Arabesser,
2747 4801 2864 4856 quae
2891 4785 3020 4842 olim
3049 4799 3176 4840 cum
3229 4783 3418 4838 .ludrea
3447 4779 3630 4836 fuerat
3661 4779 3762 4836 (le-

2153 4887 2361 4952 stituta,
2393 4893 2446 4939 et
2473 4897 2540 4938 eo
2555 4893 2804 4950 tempore
2834 4893 3174 4949 nequaquam
3219 4875 3518 4930 vocabatur
3549 4871 3756 4940 Bettiel,

2157 4977 2210 5034 id
2239 4987 2340 5044 est,
2365 4977 2548 5032 domas
2575 4973 2698 5040 Dei;
2729 4971 2826 5028 sed
2849 4971 3130 5030 Bethaven,
3157 4967 3208 5024 id
3232 4975 3340 5032 est,
3363 4965 3550 5020 domus
3575 4963 3760 5018 idoli?

2157 5069 2270 5128 HOC
2299 5085 2514 5140 quoque
2535 5067 2682 5138 quod
2703 5067 2978 5136 sequitur:
3005 5061 3250 5136 Ingresso
3269 5069 3344 5116 est
3373 5061 3474 5114 huc
3501 5059 3554 5112 in
3585 5073 3760 5112 mense

2157 5167 2334 5236 quinto
2363 5163 2728 5232 sanctiﬁcatio,
2759 5161 2892 5214 sicut
2921 5159 3146 5228 fecerant
3173 5159 3288 5229 jam
3315 5167 3408 5224 per
3435 5153 3628 5206 multos
3663 5167 3760 5204 an-

2159 5275 2274 5320 nos,
2301 5255 2382 5310 sic
2401 5265 2674 5310 conantur
2693 5267 2970 5324 exponere
2989 5268 3006 5308 :
3029 5247 3516 5306 sanetilicationem
3547 5245 3760 5316 ingres-

2159 5367 2276 5410 sam
2303 5393 2318 5418 ,
2363 5363 2490 5404 vasa
2541 5349 2722 5419 templi
2767 5363 2888 5416 quae.
2933 5361 2960 5400 a
2993 5341 3499 5401 Nabuchodonosor
3547 5337 3756 5394 sublata

2161 5443 2374 5500 luerunt
2397 5483 2412 5506 ,
2435 5441 2532 5498 illo
2583 5453 2828 5512 tempore
2859 5441 3132 5494 restituta.
3163 5437 3244 5492 De
3285 5433 3466 5506 quinti
3493 5443 3678 5488 autem
3701 5437 3756 5486 et

2229 5627 2252 5652 ει
2285 5617 2562 5672 Interserit
2589 5615 2784 5682 chin.
2829 5627 2930 5668 ms.
2987 5627 3176 5678 mense,
3217 5609 3362 5680 quod
3401 5605 3666 5664 Hebraeus
3701 5613 3752 5660 et

2157 5685 2420 5758 vulgatus
2443 5689 2708 5754 interpres
2737 5691 2938 5758 tacent.

2227 5749 2476 5826 bvﬂcgin.
2523 5749 2648 5822 τιδέ..
2671 5755 3086 5820 mandueabatis,
3135 5761 3184 5808 et
3221 5749 3494 5818 bibebatis,
3523 5757 3748 5818 totisque

2159 5829 2474 5900 comedistis,
2505 5837 2558 5888 et
2581 5827 2816 5901 potestis.
