4056 6342
295 281 424 338 ΗΜ

1003 281 1658 348 connennmoaun
1694 281 1762 345 ut
1799 273 2211 349 ’zsunamau
2251 284 2382 349 Lm.
2428 292 2491 348 n.
2535 294 2690 351 esp.
2739 296 2847 352 vn.

3443 291 3581 352 1462

293 401 513 468 septimi
539 401 746 472 jejunio
768 446 783 471 ,
820 407 1166 460 tentaverunt
1195 405 1400 462 referre
1427 398 1490 462 ad
1519 395 1639 462 dies
1670 401 1880 463 hebdo-
1908 397 1966 469 Ah
1979 411 2128 481 justo
2173 411 2421 480 auferunt
2463 399 2624 480 (isai.
2667 429 2696 466 γ
2716 459 2730 482 ,
2761 413 2864 485 Ξὸ)
2894 432 2907 468 :
2954 424 3007 469 et
3041 421 3260 484 propter
3292 427 3385 467 vos

295 495 488 550 madis.
511 495 617 551 Sed
649 498 771 567 quia
799 499 1068 570 sequitur,
1093 500 1288 555 decimi
1308 499 1596 571 jejunium,
1623 501 1883 572 compulsi

293 595 420 642 sunt
449 589 514 642 ad
543 599 757 644 menses
800 589 1041 655 referre,
1085 597 1139 646 et
1171 593 1314 662 quod
1363 593 1432 647 sit
1485 593 1657 665 ipsum
1686 593 1884 663 quinti,

294 683 507 752 septimi
549 683 855 752 decimique
895 686 1095 741 mensis
1124 686 1425 756 jejunium,
1458 687 1679 742 omnino
1719 683 1886 742 silue-

294 785 442 832 runt.
473 775 634 832 Unde
665 778 846 846 priore
887 779 1056 834 simus
1099 779 1480 850 explanatione
1529 781 1807 847 contenti,
1833 789 1889 837 et

295 883 400 925 non
434 871 756 926 inclinemur
788 872 896 944 [ΑΙ.
922 873 1289 946 indignemur]
1319 871 1384 931 ad
1415 873 1580 930 falsos
1608 887 1889 932 commen-

297 963 522 1016 tantium
549 961 716 1036 834
737 971 964 1021 conatus
991 967 1080 1037 qui
1110 967 1176 1022 de
1204 968 1673 1038 interpretationis
1699 981 1888 1024 errore

297 1065 582 1112 venerunt.

369 1151 553 1220 (Vers.
596 1152 631 1207 8
667 1152 850 1224 seqq.)
900 1153 967 1207 Et
1014 1157 1206 1226 factum
1235 1163 1308 1210 est
1337 1155 1546 1211 uerbum
1583 1153 1792 1210 Domini
1820 1155 1888 1210 ad

296 1241 636 1311 Zachariam,
677 1243 883 1301 dicens:
917 1247 1046 1302 ch
1084 1249 1154 1302 ait
1188 1248 1442 1303 Dominus
1469 1249 1782 1305 exercituum
1808 1247 1890 1302 di-

297 1350 454 1390 cens:
490 1334 754 1392 Iudicium
782 1355 958 1394 verum
979 1340 1248 1412 judicate,
1295 1349 1343 1394 et
1384 1341 1812 1406 misericordiam,
1841 1347 1889 1396 et

295 1425 648 1483 miserationes
681 1431 836 1501 facite
863 1435 1212 1504 unusquisque
1239 1451 1352 1488 rum
1385 1437 1546 1504 fratre
1574 1451 1685 1491 suo.
1716 1433 1785 1489 Et
1817 1437 1890 1489 via

296 1518 455 1573 duum
479 1560 493 1585 ,
541 1531 589 1576 et
616 1525 910 1593 pupillum,
957 1535 1005 1580 et
1030 1526 1312 1596 advenam,
1353 1531 1400 1581 et
1427 1541 1702 1600 pauperem
1732 1527 1891 1582 notite

296 1613 641 1669 calumniari:
685 1626 731 1671 et
770 1619 966 1671 malum
1011 1620 1089 1673 vir
1124 1621 1275 1690 fratri
1325 1635 1418 1674 suo
1467 1637 1570 1675 non
1620 1621 1804 1692 cogitet
1835 1621 1890 1674 in

293 1705 448 1760 corde
473 1719 588 1762 suo.
610 1703 670 1760 Et
689 1710 963 1764 noluerunt
985 1712 1268 1778 attendere,
1290 1721 1336 1767 et
1350 1721 1606 1767 verterunt
1623 1711 1887 1785 scopulum

1989 501 2208 558 Abacuc
2244 519 2309 559 ex
2337 507 2568 576 persona
2598 515 2784 562 eorum
2818 511 2906 578 qui
2931 502 3337 578 Oppriinuh‘tur,
3362 501 3475 561 Deo
3504 509 3582 560 ia-

1988 595 2092 649 ciat
2117 595 2373 651 invidiam
2396 616 2408 652 :
2433 597 2623 653 Contra
2646 609 2723 653 me
2749 601 2944 668 factum
2973 595 3340 672 estjudicium,
3358 591 3589 670 etjudex

1989 689 2210 761 accipit:
2240 689 2356 745 ideo
2397 687 2650 763 dissipata
2687 702 2760 746 est
2791 691 2905 759 lex,
2936 704 2984 748 et
3027 710 3128 747 non
3164 691 3390 765 pervenit
3425 705 3587 759 usque

1989 782 2058 835 ad
2079 783 2235 851 ﬁnem
2253 783 2540 852 judicium,
2564 787 2688 856 quia
2711 787 2895 858 impius
2919 788 3162 858 apprintit
3174 786 3376 854 justum
3403 781 3581 854 (Abac.

1990 890 2030 941 ι,
2064 875 2127 943 5,
2162 876 2241 946 4).
2290 876 2400 932 Nec
2437 890 2634 932 novum
2667 889 2919 948 putemus
2957 879 3049 934 [)ei
3081 893 3200 934 csse
3233 885 3586 946 prteceptum,

1990 965 2120 1022 olim
2156 984 2250 1037 per
2278 967 2501 1040 Moysen
2549 965 2646 1024 ista
2681 969 3070 1026 mandaverat:
3120 971 3211 1026 Sic
3239 986 3480 1041 magnum
3500 971 3594 1040 ju-

1990 1059 2184 1112 dicabis
2213 1069 2266 1112 ut
2297 1075 2511 1130 parvum
2530 1077 2547 1112 :
2578 1077 2852 1131 personam
2879 1079 2981 1116 non
3004 1063 3245 1134 accipies,
3267 1069 3314 1116 et
3347 1061 3589 1132 pauperis

1990 1167 2091 1204 non
2127 1141 2442 1206 misereberis
2471 1154 2522 1206 in
2545 1153 2791 1226 judicio:
2833 1155 3077 1225 quoniam
3108 1153 3204 1207 Dei
3225 1151 3488 1226 judicium
3518 1159 3590 1205 est

1992 1246 2177 1319 (Deut.
2209 1263 2247 1314 ι,
2282 1248 2396 1320 l'i).
2428 1243 2857 1306 Misericordiam
2890 1257 3105 1320 Quoque
3129 1258 3180 1305 et
3210 1247 3593 1304 miserationes

1991 1339 2154 1394 faciet
2182 1342 2553 1412 unusquisque
2574 1357 2696 1398 cum
2728 1341 3048 1411 fratresuo.
3077 1339 3209 1396 Post
3230 1337 3426 1410 judicii
3458 1337 3483 1377 δ
3507 1355 3596 1393 sc-

1992 1437 2275 1490 veritatem
2305 1447 2566 1507 sequatur
2589 1437 2641 1492 in
2673 1449 2902 1492 cunetos
2931 1436 3242 1503 Clementia,
3269 1443 3324 1490 et
3357 1435 3592 1488 maxime

1993 1527 2046 1581 in
2087 1526 2281 1583 i’ratres
2307 1570 2322 1594 ,
2371 1543 2506 1598 quos
2535 1529 2616 1585 vel
2659 1530 2905 1599 ejusdem
2957 1527 3272 1599 sanguinis,
3317 1525 3401 1582 vel
3431 1523 3591 1580 unius

1995 1619 2277 1676 nobiscum
2312 1621 2434 1676 iidei
2466 1636 2589 1678 esse
2617 1622 2996 1693 perSpicimos.
3033 1617 3257 1676 Viduam
3291 1632 3506 1690 quoque
3537 1626 3595 1672 et

1992 1714 2276 1782 pupillum,
2303 1711 2372 1770 de
2402 1715 2596 1785 quibus
2629 1714 2787 1770 nobis
2817 1721 3146 1784 prwceptum
3179 1723 3301 1768 est:
3336 1710 3464 1765 Esto
3492 1725 3588 1780 pu~

295 1803 647 1858 recedentem:
673 1811 721 1858 et
741 1820 890 1857 aures
915 1819 1037 1858 suas
1060 1813 1488 1878 aggrat'averunt,
1515 1817 1577 1862 ne
1607 1809 1888 1863 audirent:
1916 1797 1966 1863 B
1995 1803 2137 1873 uillis
2167 1815 2334 1876 pater,
2367 1809 2416 1860 et
2446 1821 2538 1877 pro
2570 1807 2677 1859 viro
2706 1807 2858 1861 matri
2882 1819 3056 1860 eorum
3080 1822 3097 1872 ;
3138 1804 3388 1876 judicans
3418 1801 3592 1872 pupil-

295 1907 342 1950 et
371 1911 458 1951 cor
486 1911 635 1950 suum
663 1907 942 1968 posuerunt
972 1899 1299 1954 adamantern
1329 1899 1513 1973 [Vulg.
1547 1911 1602 1955 ut
1630 1901 1855 1973 adamari
1873 1931 1885 1940 ι

296 1985 417 2058 tem]
450 2001 511 2042 ne
551 1988 790 2042 audirent
833 1990 1025 2060 legem,
1062 2002 1107 2044 et
1135 1993 1287 2047 verba
1310 1969 1424 2064 qua:
1458 1969 1594 2048 misit
1636 1969 1891 2050 Domitius

293 2083 610 2163 exercituum
658 2082 717 2136 in
754 2085 940 2154 spiritu
986 2099 1079 2138 suo
1122 2099 1213 2154 per
1259 2097 1468 2140 utaturut
1517 2087 1886 2160 praphrtarunt

294 2175 546 2243 priorum,
565 2184 609 2228 et
632 2175 771 2242 facta
789 2185 860 2228 est
884 2175 1176 2246 indignatio
1200 2189 1386 2248 magna
1406 2185 1436 2230 a
1452 2177 1674 2234 Domino
1697 2179 1890 2233 exerci-

294 2278 459 2321 tuum.
490 2265 555 2319 Et
577 2266 770 2337 factum
791 2277 864 2321 est
889 2269 1020 2322 sicut
1041 2272 1243 2324 locutus
1263 2281 1359 2334 est,
1385 2277 1429 2324 et
1453 2279 1552 2324 non
1577 2271 1889 2326 audierunt:

293 2361 368 2414 sic
393 2359 694 2413 clarnabunt
718 2367 889 2413 etnon
920 2361 1218 2430 exaudiam,
1252 2361 1377 2416 dicit
1410 2359 1662 2417 Dominus
1695 2363 1892 2418 emersit

293 2462 460 2507 tuum.
489 2451 555 2507 Et
581 2452 802 2522 dispersi
828 2469 914 2509 eos
949 2469 1038 2523 per
1064 2456 1236 2509 omnia
1264 2467 1443 2527 regna,
1473 2465 1592 2527 quis
1619 2458 1889 2523 nesciunt;

294 2558 340 2601 et
362 2557 501 2600 terra
523 2547 760 2600 desolata
786 2555 859 2600 est
889 2546 950 2600 ab
973 2547 1070 2616 eis,
1098 2565 1156 2601 eo
1182 2551 1447 2620 quodnon
1479 2559 1604 2604 esset
1633 2551 1890 2603 transiens

294 2646 342 2690 et
365 2646 624 2691 revertens
648 2653 668 2704 ;
693 2647 740 2692 et
773 2651 1052 2707 posuerunt
1080 2645 1270 2693 terram
1299 2640 1694 2696 desiderabilem
1720 2642 1773 2694 in
1800 2639 1892 2694 de-

293 2739 505 2785 sertum.
529 2729 676 2786 LXX
707 2750 718 2784 :
749 2730 818 2785 Et
849 2734 1022 2803 factus
1053 2739 1127 2786 est
1165 2745 1332 2786 sermo
1355 2732 1569 2787 Domini
1595 2740 1662 2786 ad
1687 2733 1889 2787 Zacha-

296 2823 429 2876 riam
452 2824 666 2878 dicens:
699 2821 826 2878 llaec
855 2823 984 2878 dicit
1017 2823 1274 2878 Dominus
1301 2827 1643 2897 omnipotens,
1678 2827 1889 2880 dicens:

295 2915 568 2971 Judicium
585 2918 790 2988 justum
815 2919 1073 2989 judicate,
1101 2929 1145 2972 et
1169 2918 1578 2972 misericordiam
1605 2927 1649 2972 et
1680 2919 1890 2972 misera-

298 3013 488 3067 tionem
510 3013 670 3082 faciat
693 3013 1046 3082 unusquisque
1067 3010 1137 3064 ad
1162 3014 1374 3084 fratrem.
1390 3025 1540 3065 suum
1555 3028 1574 3066 :
1593 3017 1640 3066 et
1659 3012 1889 3078 viduam,

299 3115 346 3160 et
376 3107 633 3177 pupillum
658 3143 672 3172 ,
705 3115 754 3160 et
784 3119 1060 3177 pauperem
1090 3117 1190 3159 non
1223 3106 1526 3174 opprimatis
1555 3119 1572 3158 :
1603 3115 1648 3157 et
1679 3102 1893 3158 multum

1993 1897 2119 1963 lum,
2155 1908 2200 1950 et
2221 1898 2523 1970 justiﬁcans
2551 1897 2757 1952 viduam
2785 1897 2956 1969 (Eccl.
2983 1907 3057 1964 tv,
3092 1897 3202 1969 10).
3230 1895 3297 1950 Εῑ
3325 1889 3589 1950 advenam

1995 1999 2049 2044 et
2082 1999 2377 2060 pauperem
2418 1989 2588 2047 nolite
2617 1991 2934 2046 calumniari
2963 2035 2978 2059 ,
3012 1993 3139 2062 quia
3168 1991 3395 2046 alterum
3429 2003 3589 2058 pere-

1992 2085 2225 2154 grinatio
2249 2127 2262 2152 ,
2294 2083 2524 2138 alterum
2552 2091 2772 2154 egestas
2813 2082 3072 2137 humilem
3106 2081 3255 2136 facit.
3288 2080 3356 2135 Et
3386 2081 3585 2135 malam

1993 2175 2076 2230 vir
2125 2175 2276 2230 fratri
2327 2181 2426 2230 Suo
2468 2185 2576 2231 non
2625 2169 2828 2246 cogitet
2872 2175 2927 2230 in
2968 2173 3134 2230 corde
3172 2187 3294 2238 suo,
3325 2174 3440 2228 sive
3469 2176 3586 2226 uta

1993 2268 2344 2337 Septuaginta
2371 2268 2594 2322 dicitur:
2620 2267 2687 2321 Et
2708 2266 2920 2322 malitia:
2941 2265 3295 2337 unusquisque
3312 2265 3489 2334 fratris
3511 2264 3592 2317 sui

1997 2373 2020 2402 ο
2049 2377 2151 2416 non
2185 2363 2474 2417 meminerit
2511 2363 2562 2416 in"
2605 2361 2848 2416 cordibus
2875 2362 2982 2415 suis
3034 2360 3198 2431 (Luc.
3233 2355 3312 2430 x).
3347 2353 3592 2413 Fratrem

1992 2461 2173 2511 autem
2206 2461 2261 2511 et
2303 2455 2639 2525 proximum,
2682 2455 2774 2510 vel
2798 2463 2960 2509 omne
2992 2456 3270 2509 hominum
3301 2463 3472 2524 genus
3497 2453 3593 2507 de-

1993 2549 2186 2605 bemus
2231 2550 2521 2619 accipere;
2552 2550 2678 2619 quia
2711 2557 2778 2603 ex
2809 2557 2918 2603 uno
2948 2553 3135 2604 sumus
3167 2557 3396 2618 parente
3421 2561 3588 2616 gene-

1993 2643 2116 2709 rati,
2147 2643 2226 2698 vel
2259 2656 2353 2697 eos
2383 2643 2475 2713 qui
2510 2641 2796 2698 domestici
2830 2643 2952 2696 ﬁdei
2985 2645 3114 2697 sum
3136 2683 3150 2706 ,
3180 2641 3334 2710 juxta
3367 2641 3598 2711 parabo-

1992 2737 2098 2790 iam
2130 2733 2428 2806 Evangelii,
2462 2749 2582 2806 quae.
2613 2733 2919 2806 proximum
2953 2743 3058 2789 non
3095 2733 3590 2804 consanguineum,

1993 2829 2089 2885 sed
2120 2841 2309 2884 omnes
2344 2828 2592 2884 homines
2624 2828 2742 2884 vult
2787 2828 3039 2898 intelligi.
3069 2827 3229 2896 Quod
3259 2835 3439 2883 autem
3469 2831 3595 2882 ante

1993 2921 2190 2976 debeat
2240 2923 2318 2976 ira
2365 2920 2546 2988 uniri,
2585 2931 2747 2992 quam
2780 2923 2862 2978 sol
2895 2922 3214 2984 occumbat,
3260 2927 3315 2976 ei.
3345 2921 3592 2975 omnium

1996 3016 2261 3070 malorum
2293 3029 2412 3086 quae
2442 3014 2510 3070 ab
2538 3011 2660 3069 aliis
2689 3015 2832 3084 passi
2859 3025 3069 3082 saluus,
3103 3013 3269 3068 deleri
3300 3012 3590 3075 memoria,

1997 3119 2051 3162 et
2075 3109 2128 3162 in
2160 3107 2346 3162 multis
2391 3107 2525 3163 locis
2553 3107 2786 3177 legimus
2809 3150 2822 3174 ,
2847 3115 2902 3163 et
2933 3107 3169 3161 maxime
3200 3105 3252 3160 in
3279 3102 3306 3141 ἀ
3331 3105 3591 3169 Jeremia,

301 3201 645 3269 unusquisque
693 3200 870 3270 fratris
913 3199 996 3252 sui
1046 3197 1206 3252 nolite
1249 3198 1540 3252 meminisse
1569 3197 1623 3250 in
1649 3197 1890 3252 cordibus
1917 3189 1966 3252 C
1996 3202 2084 3272 qui
2126 3217 2191 3258 ex
2225 3215 2452 3272 persona
2485 3203 2576 3257 Dei
2609 3201 2884 3273 loquitur:
2915 3200 2983 3254 Et
3014 3200 3231 3254 malitia:
3257 3199 3478 3266 proximi
3508 3199 3590 3251 sui

301 3294 504 3348 uestris.
540 3293 604 3347 Et
634 3292 909 3348 noluerunt
947 3291 1245 3358 attendere,
1293 3299 1340 3344 et
1390 3291 1640 3344 dederunt
1679 3290 1892 3344 dorsum

303 3395 626 3442 contemnens
645 3393 720 3441 εει
748 3401 899 3440 aures
913 3401 1034 3440 suas
1065 3393 1492 3457 aggravet-erunt,
1526 3391 1578 3436 ut
1610 3398 1712 3436 non
1739 3381 1892 3434 audi-

302 3489 414 3535 rent
437 3502 455 3536 .-
483 3490 532 3534 et
562 3496 650 3535 cor
678 3493 823 3534 suum
855 3487 1135 3552 posuerunt
1162 3477 1490 3548 inobedietts,
1528 3486 1580 3529 ut
1611 3491 1712 3529 non
1742 3474 1897 3527 audi-

302 3581 416 3628 rent
462 3575 624 3644 legem
667 3587 869 3638 nteant,
919 3580 964 3625 et
998 3571 1152 3625 verba
1192 3581 1305 3624 utea
1332 3581 1446 3640 quia
1472 3569 1613 3623 misit
1640 3567 1897 3622 Dominus

305 3669 626 3738 omnipotens
678 3668 732 3719 in
755 3667 946 3735 spiritu
985 3679 1078 3718 suo
1107 3706 1121 3730 ,
1172 3665 1227 3717 in
1257 3664 1496 3717 manibus
1527 3663 1895 3732 prapltetarum

307 3764 559 3835 priorum.
594 3760 664 3814 Et
713 3766 855 3829 facta
897 3769 969 3813 est
1017 3762 1096 3813 ira
1136 3771 1325 3830 magna
1348 3771 1380 3812 tt
1408 3758 1630 3812 Domino
1659 3758 1896 3828 omnipo-

308 3863 524 3920 tente,et
558 3855 653 3908 erit
679 3855 817 3908 sicut
848 3854 980 3915 dixi,
999 3859 1044 3906 et
1066 3865 1166 3906 non
1197 3853 1472 3905 audierunt
1501 3860 1638 3922 eum.
1673 3851 1762 3905 Sic
1791 3850 1902 3904 cta-

309 3947 542 4012 mabunt,
569 3954 618 3998 et
646 3960 749 3998 non
775 3945 1050 3998 exaudiant
1077 3958 1160 3997 eos
1183 3985 1196 4006 ,
1229 3943 1350 3996 dicit
1379 3939 1634 3996 Dominus
1664 3942 1902 4011 omnipo-

312 4049 452 4092 tens:
476 4045 520 4091 ct
551 4037 753 4109 ejiciam
775 4051 860 4091 eos
888 4038 939 4091 in
963 4047 1136 4090 omnes
1156 4045 1328 4109 gentes
1348 4047 1476 4106 quas
1503 4036 1868 4106 ignoraverunt
1883 4051 1902 4089 .-

312 4140 360 4184 et
389 4139 524 4182 terra
551 4129 781 4184 desolata
823 4139 894 4183 est
927 4135 1039 4199 post
1066 4143 1152 4183 eos
1179 4143 1211 4183 a
1243 4127 1630 4200 perambulante
1659 4139 1705 4182 et
1736 4139 1904 4183 recer-

314 4233 466 4291 tente,
493 4229 540 4276 et
565 4231 848 4294 posuerunt
878 4235 1063 4277 terram
1091 4223 1305 4276 electam
1324 4225 1374 4275 in
1405 4223 1755 4276 solitudinem.
1781 4223 1904 4278 litae

318 4315 488 4382 magis
520 4315 689 4380 volui,
720 4317 820 4370 ista
850 4316 1097 4386 quaesivi,
1129 4329 1246 4385 quae
1276 4329 1379 4369 non
1411 4313 1697 4381 facientes,
1729 4319 1902 4386 capti-

321 4407 474 4462 vitati
502 4410 632 4462 estis
673 4407 892 4473 traditi;
937 4419 989 4462 et
1032 4417 1057 4444 ⁸
1100 4419 1208 4462 non
1239 4407 1594 4464 (ἱρευιίηίοιιὶε
1620 4425 1682 4464 ac
1716 4410 1904 4464 mortis

318 4499 492 4569 quinti
514 4499 718 4554 mensis
746 4497 1069 4570 septimique
1089 4499 1376 4591 jejunium.
1403 4500 1612 4554 iustum
1641 4499 1904 4568 judicium

1998 3298 2343 3366 unusquisque
2382 3296 2436 3348 in
2481 3295 2718 3349 cordibus
2757 3295 2935 3349 uestris
2971 3303 3034 3348 ne
3075 3293 3430 3347 inemirterltis.
3458 3289 3594 3345 Cum

1997 3402 2098 3457 ego
2143 3388 2240 3442 ista
2295 3387 2687 3457 prmceperim,
2733 3387 2812 3440 illi
2856 3384 3143 3441 attendere
3187 3381 3503 3450 noluerunt,
3533 3389 3588 3438 et

2000 3489 2280 3536 verterunt
2317 3483 2591 3549 scapulam
2639 3480 2987 3535 recedentem
3013 3521 3028 3546 ,
3062 3479 3178 3534 sive
3207 3478 3430 3533 dorsum
3460 3483 3596 3531 con-

2003 3583 2272 3640 temnens,
2293 3583 2359 3628 cx
2383 3572 2567 3627 habitu
2591 3572 2836 3642 corporis
2860 3581 2974 3625 tuen
3000 3572 3224 3640 imperia
3251 3579 3590 3640 respuentes.

2004 3666 2252 3723 Solemus
2280 3666 2425 3720 enim
2462 3666 2678 3734 quando
2726 3671 2914 3734 rugata
2957 3663 3173 3729 fronte,
3219 3661 3275 3718 et
3303 3673 3435 3718 nare
3461 3675 3596 3718 con-

2005 3769 2175 3815 tracta
2213 3759 2613 3815 contemnimus
2653 3755 3042 3820 admonentes,
3091 3757 3314 3810 dorsum
3347 3763 3594 3820 vertere,

2000 3852 2149 3920 juxta
2174 3850 2308 3905 illud
2337 3849 2476 3920 quod
2501 3849 2764 3917 scriptum
2785 3856 2898 3905 est:
2933 3846 3206 3902 Verterunt
3230 3847 3300 3900 ad
3321 3859 3401 3901 me
3421 3847 3602 3908 dorsa.

2005 3953 2053 3998 et
2082 3955 2182 3999 non
2224 3945 2383 4015 facies
2413 3957 2532 3997 suas
2562 3940 2788 4015 (Jefem.
2823 3951 2883 4009 tt,
2915 3940 3033 4012 Ἦ).
3067 3942 3131 3996 Et
3173 3951 3368 4007 aures,
3403 3941 3597 4008 inquit,

2006 4049 2132 4093 suas
2168 4045 2598 4107 aggravaverunt
2649 4045 2716 4089 ne
2745 4031 2996 4089 audirent
3025 4077 3040 4100 ,
3073 4034 3212 4087 sicut
3253 4032 3456 4102 aspidis
3487 4031 3597 4101 [Αίδ

2007 4127 2246 4200 aSpidcs]
2274 4130 2454 4183 surdas
2467 4127 2770 4184 obturantis
2787 4123 2894 4198 [Αἰ.
2913 4123 3256 4196 obturantes]
3272 4139 3433 4180 aures
3447 4139 3596 4187 suas;

2009 4237 2128 4294 quae
2143 4236 2246 4277 non
2262 4220 2442 4276 audiet
2460 4220 2568 4293 [Αι.
2587 4218 2902 4290 cxaudient]
2921 4229 3104 4274 vocem
3121 4218 3535 4284 incantantium,
3552 4217 3607 4273 et

2008 4315 2238 4371 Venetici
2289 4314 2615 4370 incantantis
2659 4313 2956 4383 sapienter.
3002 4311 3425 4382 ingravaverunt
3465 4313 3610 4365 enim

2011 4421 2170 4463 aures
2211 4419 2338 4462 suas
2377 4406 2543 4478 838
2576 4415 2632 4459 ut
2677 4419 2780 4460 non
2811 4403 3084 4470 audirent,
3117 4409 3171 4457 et
3199 4417 3297 4457 cor
3325 4415 3482 4457 suum
3517 4415 3612 4472 poi-

2013 4509 2263 4565 suerunt,
2295 4508 2349 4552 ut
2387 4513 2492 4551 non
2524 4497 2938 4567 acquiescerent
2970 4495 3075 4564 legi
3107 4493 3226 4550 Dei.
3260 4493 3412 4550 Unde
3445 4494 3612 4549 Isaias

314 4591 576 4660 jadicate,
613 4605 679 4645 ne
707 4590 943 4645 audiatis
974 4592 1026 4644 in
1056 4583 1320 4644 Psalmis:
1362 4589 1635 4659 Usquequo
1656 4587 1910 4662 judicatis
1933 4583 1988 4644 D
2014 4595 2079 4648 ad
2121 4607 2219 4645 eos
2266 4591 2608 4646 comminans
2652 4590 2894 4659 loquitur
2925 4605 2938 4643 :
2990 4585 3352 4642 Incrassatum
3402 4589 3478 4640 est
3525 4603 3618 4641 cor

317 4685 664 4754 iniquitatem,
690 4695 736 4738 et
767 4697 1014 4756 personas
1044 4693 1365 4753 peccatorum
1394 4683 1638 4737 sumitis?
1665 4681 1913 4738 Judlcate

322 4776 526 4849 pupillo
549 4787 594 4831 et
621 4777 819 4831 uirtute:
845 4775 1090 4830 humilem
1113 4783 1159 4829 et
1185 4789 1461 4846 pauperem
1477 4775 1506 4847 j
1514 4775 1612 4828 usti
1618 4775 1770 4844 ﬁcate
1791 4775 1911 4847 (Ps.

324 4885 517 4934 um,
550 4868 605 4935 2,
639 4868 718 4942 5),
755 4884 820 4924 ne
850 4869 1004 4924 vobis
1034 4881 1253 4937 quoque
1283 4867 1537 4935 loquatur
1576 4867 1779 4923 lsaias:
1817 4870 1916 4935 Qui

314 4963 613 5034 justiﬁcant
637 4963 852 5031 impium
880 4971 1089 5034 propter
1115 4973 1360 5014 munera:
1388 4970 1431 5014 et
1460 4960 1814 5032 quodjustum
1840 4973 1918 5021 est

400 5111 424 5136 ἰ
453 5099 649 5170 Regia.
679 5114 807 5168 ms.,
838 5089 1120 5170 captivitati
1151 5100 1270 5152 estis
1303 5097 1502 5160 traditi,
1531 5108 1579 5170 et.
1611 5099 1918 5170 desolationi

327 5190 389 5226 at:
421 5163 594 5226 morti.
618 5163 828 5225 Justum
851 5163 1113 5242 judicate,
1140 5187 1223 5234 ne,
1257 5172 1487 5236 etc.,c-ui
1519 5163 1921 5231 fereVictorius

330 5243 588 5310 Concinit,
623 5243 841 5296 inducta
871 5243 1104 5312 negandi
1135 5242 1418 5308 particula.

403 5315 426 5352 ιι
461 5314 634 5368 Minus
667 5325 815 5368 recte
848 5310 1028 5383 legunt
1059 5313 1261 5382 vulgati
1297 5313 1444 5377 libri,
1474 5310 1599 5366 Post
1625 5312 1817 5381 judicii
1845 5332 1928 5371 ve-

331 5389 537 5457 ritatem
568 5397 832 5457 sequatur,
865 5393 970 5438 etc.

412 5469 432 5496 ε
501 5453 677 5513 Penes
746 5455 990 5520 Ἥρωι-η

336 5533 538 5584 vestris.

407 5599 432 5637 ἀ
469 5601 571 5655 Pro
609 5597 879 5666 let-emite,
914 5597 1054 5668 quod
1091 5598 1273 5666 legunt
1303 5611 1496 5651 omnes
1527 5612 1658 5668 mss.
1691 5598 1934 5663 codices,

339 5672 612 5728 Marianos
635 5669 903 5722 Zachariae
929 5667 1126 5723 nomen
1152 5668 1455 5734 substituit,
1480 5669 1604 5736 quia
1635 5667 1752 5724 haec
1774 5672 1938 5724 verba

339 5743 725 5811 consequentia
758 5742 1009 5811 leguntur
1043 5743 1092 5794 in
1125 5739 1231 5794 hoc
1257 5739 1450 5794 eodem
1485 5741 1750 5808 propheta
1782 5784 1796 5808 ,
1832 5753 1940 5796 non

345 5815 483 5885 apud
523 5810 840 5871 Jeremiam.
882 5810 994 5868 Nos
1023 5819 1207 5870 autem
1257 5812 1458 5868 imitari
1491 5811 1763 5868 voluimus
1813 5825 1943 5882 pru-

1059 5472 1120 5508 ne
1197 5455 1534 5508 memineritis
1587 5455 1639 5508 in
1689 5455 1930 5513 cordibus

2018 4683 2198 4756 populi
2235 4681 2392 4752 hujus
2422 4721 2435 4745 ,
2473 4689 2521 4732 et
2561 4681 2774 4734 auribus
2824 4681 2932 4735 suis
2977 4681 3202 4753 graviter
3227 4678 3538 4743 audierunt,
3573 4688 3618 4733 et

2017 4777 2188 4832 oculos
2215 4791 2337 4829 suos
2368 4775 2684 4843 clauserunt,
2711 4781 2775 4828 ne
2807 4775 2942 4844 forte
2967 4774 3198 4828 viderent
3222 4773 3387 4827 oculis
3414 4769 3542 4836 suis,
3569 4773 3617 4825 et

2019 4871 2262 4924 audirent
2290 4867 2504 4922 auribus
2525 4909 2537 4933 ,
2587 4877 2634 4922 et
2681 4848 2836 4922 corde
2865 4867 3246 4940 intelligerent,
3282 4877 3328 4920 et
3358 4874 3622 4919 converte-

2020 4977 2220 5032 rentur,
2250 4973 2296 5018 et
2325 4980 2416 5034 ego
2446 4979 2684 5018 sanarent
2705 4977 2792 5017 eos
2824 4961 2980 5032 (Isai.
2999 4977 3074 5027 vr,
3100 4973 3150 5016 et
3179 4961 3294 5014 Act.
3322 4973 3478 5022 xvul,
3502 4955 3624 5027 ‘27).

2029 5103 2266 5159 dentiam
2313 5100 2753 5154 doctissimorum
2793 5099 3052 5166 virorum
3086 5095 3176 5166 qui
3221 5110 3326 5148 non
3357 5085 3470 5166 ausi
3503 5097 3631 5166 sunt

2029 5179 2081 5231 in
2115 5170 2427 5241 Evangeliis
2450 5185 2648 5226 nomen
2669 5167 2955 5241 Zachariae
2975 5163 3328 5241 substituere,
3359 5171 3412 5218 et
3438 5163 3645 5218 delere-

2032 5261 2230 5303 nomen
2256 5238 2528 5309 Jeretnim,
2547 5244 2688 5312 quod
2710 5253 2888 5295 tamen
2912 5239 3063 5294 ﬂuxit
3086 5238 3630 5312 imperitiaveterum

2033 5317 2378 5373 librariorum
2424 5315 2478 5368 in
2516 5307 2830 5369 contextum
2873 5325 3089 5364 sacrmu
3125 5307 3404 5378 Evangelii
3435 5321 3632 5378 secun-

2037 5390 2163 5444 dnm
2190 5387 2499 5441 Mattincum
2521 5429 2533 5446 .
2567 5401 2686 5452 cap.
2723 5398 2894 5448 xxvn,
2929 5395 3070 5452 vers.
3103 5379 3158 5435 9.
3189 5375 3368 5434 Mser.
3390 5408 3468 5452 _——
3494 5375 3629 5452 Cum

2041 5461 2158 5515 haec
2192 5473 2298 5512 non
2341 5445 2751 5531 Jeremitcz'sed
2783 5445 2963 5524 potius
2989 5445 3450 5531 Zacliariauvcrba
3493 5449 3634 5531 sint,

2042 5543 2161 5602 qum
2185 5531 2320 5584 intra
2348 5517 2654 5602 replicatis.
2685 5517 2885 5602 Doctor
2915 5533 3034 5592 cap.
3066 5521 3365 5602 _8,curt-ig_it
3397 5519 3484 5574 ltic
3518 5517 3648 5602 Vica

2046 5593 2239 5664 torius,
2272 5601 2324 5663 in
2353 5593 2649 5666 chharia;
2680 5597 2834 5667 cujus
2867 5595 3079 5650 tametsi
3113 5593 3419 5667 esemplum
3452 5596 3642 5667 contra

2050 5653 2380 5727 ins—stlidem
2421 5687 2528 5726 non
2579 5653 2888 5741 se'qnli'nur,
2933 5671 3037 5722 non
3079 5653 3295 5721 videtur
3336 5653 3641 5718 damnanda

2053 5745 2294 5800 licentia.
