4056 6342
434 239 573 295 1465
647 235 652 240 ’

1682 240 1738 299 S.
1780 237 2055 299 EUSEBII
2093 240 2484 301 HIERONYMI

3591 251 3735 310 1464

431 359 601 415 Porro
636 356 779 431 quod
822 356 1024 414 dicitur
1058 358 1209 429 juxta
1238 357 1561 413 llebraicum
1590 373 1602 411 :
1638 351 1705 410 Et
1740 373 1829 412 cor
1868 372 2020 411 suum
2045 356 2235 419 Asum
2281 374 2413 415 eam.
2464 356 2595 415 Haec
2641 359 2768 415 dicit
2828 359 3080 418 Dominus
3132 365 3457 437 omnipotens
3482 380 3503 421 :
3534 363 3733 421 Rever-

431 461 716 525 posuerunt
756 451 1087 507 adamantem
1116 451 1241 522 (Al.
1273 460 1327 505 ut
1356 451 1736 522 adamantem),
1765 450 2021 507 duritiam

429 548 617 603 cordis
666 546 939 612 ostendit,
992 557 1047 602 et
1092 562 1187 601 cor
1232 546 1528 617 lapideum,
1561 547 1703 616 quod
1748 547 2024 602 noluerint

430 638 596 695 verba
623 640 714 694 Dei
745 638 1043 708 suscipere.
1070 638 1305 693 Adamas
1333 638 1478 695 enim
1503 639 1639 708 lapis
1670 639 2019 708 fortissimus,

429 734 521 804 qui
555 732 817 789 Hebraice
857 733 1055 788 dicitur
1094 750 1255 788 suam
1289 733 1521 808 (έηέἳυ),
1557 736 1826 791 intantum
1852 736 2022 792 durus

429 835 545 889 est.
589 835 649 881 ut
664 826 851 895 omnia
885 826 1102 881 metalla
1128 826 1461 898 euitl‘ringat,
1500 838 1555 884 et
1586 829 1701 898 ipse
1749 843 1854 883 non
1885 844 2018 883 con-

428 920 692 991 fringatur
716 921 785 975 ab
808 922 940 976 ullo.
975 920 1129 977 Unde
1153 938 1182 976 a
1212 921 1416 978 Graecis
1442 921 1775 978 indomabilis
1800 922 2015 978 dicitur.

430 1016 513 1071 Ab
542 1017 643 1071 hoc
672 1016 958 1071 adamante
1000 1016 1307 1071 induratum
1338 1025 1421 1072 est
1452 1032 1547 1071 cor
1578 1017 1880 1072 Pharaonis
1906 1061 1920 1086 ,
1956 1031 2022 1071 ne

426 1110 726 1167 dimitteret
756 1111 1012 1181 populum
1040 1111 1132 1167 Dei
1174 1109 1369 1184 (Exod.
1404 1126 1478 1167 vu
1502 1120 1548 1166 et
1578 1112 1765 1183 seqq.).
1798 1111 1867 1166 Et
1897 1110 2020 1181 quia

427 1204 731 1259 habuerunt
754 1246 767 1270 ,
813 1204 981 1259 immo
1021 1216 1317 1275 posuerunt
1342 1220 1437 1260 cor
1467 1219 1622 1259 suum
1654 1204 2018 1271 adamantem,

425 1298 642 1367 propria
684 1298 960 1353 voluntate
998 1298 1182 1353 cordis
1228 1297 1482 1352 duritiam
1524 1296 1916 1367 suscipientes,
1952 1311 2020 1353 ne

341 1380 343 1386 λ
425 1393 682 1449 audirent
728 1394 892 1448 verba
936 1394 1189 1460 Domini,
1223 1409 1344 1464 qua:
1394 1392 1542 1447 misit
1569 1394 1620 1447 in
1653 1395 1846 1463 spiritu
1878 1408 2016 1461 suo,

425 1487 477 1544 id
509 1496 623 1553 est,
658 1488 710 1541 in
733 1488 938 1556 Spiritu
978 1497 1167 1543 sancto
1206 1502 1302 1555 per
1353 1502 1574 1541 manum
1626 1487 2017 1557 prophetarum

425 1584 703 1650 priorum,
736 1582 921 1648 Isaiae,
966 1582 1139 1651 Osee,
1176 1592 1230 1635 et
1258 1592 1581 1637 cmterorum
1603 1624 1617 1649 ,
1664 1583 1753 1652 qui
1789 1582 2017 1637 mundas

423 1670 734 1727 habuerunt
760 1686 971 1741 manus,
999 1688 1133 1742 quos
1158 1683 1281 1727 ante
1304 1673 1677 1751 captivitatem
1709 1673 1875 1729 fuisse
1904 1689 2018 1728 ma-

2128 462 2209 509 tar
2230 456 2300 509 ad
2337 454 2493 522 Sion,
2515 465 2560 508 et
2583 456 2824 511 habitabo
2848 458 2903 512 in
2933 458 3105 513 medio
3133 458 3431 514 Jerusalem
3457 475 3474 513 :
3505 469 3553 514 et
3582 477 3738 515 uoca-

2126 548 2263 604 bitur
2283 548 2575 605 Jerusalem
2612 552 2791 606 civitas
2819 568 2960 618 vera,
2991 562 3040 608 et
3078 570 3226 608 mons
3254 552 3463 609 Domini
3489 556 3735 626 omnipo-

2128 645 2300 710 tentis,
2347 662 2494 701 mons
2542 654 2772 701 sanctus.
2806 646 2962 714 Quod
3007 647 3272 703 Dominus
3292 647 3624 714 Jerusalem,
3679 647 3735 703 id

2124 745 2231 802 est,
2267 735 2625 793 Israeliticum
2651 738 2911 809 populum
2938 739 2990 793 in
3022 740 3323 795 solitudine
3349 738 3525 794 instar
3546 739 3735 794 uxoris

2124 831 2423 901 acceperit,
2455 842 2507 885 et
2534 830 2812 901 jacentem
2842 832 2894 886 in
2926 832 3251 888 idololatria:
3281 834 3567 903 sanguine,
3599 848 3734 901 ope-

2124 925 2297 979 ruerit
2328 924 2491 993 pallio
2509 940 2634 994 suo,
2661 936 2713 980 et
2737 941 2926 981 amore
2954 926 3187 982 coluerit
3210 926 3471 992 maritali,
3504 926 3558 981 in
3593 926 3735 982 Eze-

2125 1015 2305 1074 chiele
2336 1017 2491 1091 (Cap.
2528 1019 2643 1091 xvr)
2693 1019 2906 1091 plenius
2946 1021 3229 1087 discimus,
3286 1036 3405 1092 qua:
3436 1031 3624 1092 po~tea
3659 1023 3736 1077 si-

2125 1111 2311 1166 milam
2344 1112 2663 1179 comedens,
2694 1122 2749 1168 et
2780 1114 2909 1182 mel,
2959 1125 3013 1170 et
3036 1115 3241 1184 oleum,
3272 1123 3330 1170 et
3358 1116 3605 1171 vestibus
3637 1130 3731 1172 or-

2124 1213 2251 1259 nata
2280 1204 2689 1276 pulcherrimis,
2714 1218 2766 1261 et
2791 1206 3003 1265 habens
3033 1224 3099 1264 ex
3130 1209 3381 1281 largitate
3404 1211 3509 1265 viri
3542 1211 3732 1267 omnia

2123 1310 2439 1355 ornamenta
2472 1316 2839 1371 gemmarum,
2889 1302 3153 1358 fornicata
3198 1311 3287 1359 est
3320 1318 3443 1359 cum
3485 1304 3735 1375 Assyriis

2123 1401 2286 1465 atque
2316 1392 2612 1459 Chaldaeis,
2641 1403 2696 1450 et
2726 1394 2937 1450 audivit
2964 1410 2994 1449 a
3028 1395 3258 1452 Domino
3294 1418 3307 1452 :
3342 1396 3494 1452 Sicut
3549 1396 3730 1469 despi-

2124 1487 2193 1540 cit
2212 1502 2344 1542 uxor
2369 1488 2541 1541 virum
2579 1504 2751 1554 suum,
2804 1489 2878 1543 sic
2908 1488 3149 1559 despexit
3186 1507 3267 1544 me
3316 1490 3501 1546 domus
3556 1488 3735 1545 Israel

2123 1577 2343 1653 (Jerem.
2397 1580 2503 1649 ιιι).
2537 1581 2847 1651 Captivitati
2878 1592 3059 1638 autem
3112 1582 3305 1638 tradita
3342 1592 3398 1639 et
3448 1582 3607 1638 illusa
3658 1582 3732 1638 ab

2125 1671 2466 1727 amatoribus
2508 1673 2643 1740 suis,
2700 1683 2754 1728 et
2803 1674 3040 1744 pristino
3070 1674 3269 1731 decore
3296 1674 3522 1742 nudata,
3578 1683 3733 1742 post-

425 1766 676 1823 nil'estum
719 1779 845 1823 est:
912 1768 1114 1823 idcirco
1142 1768 1210 1823 ad
1259 1783 1452 1839 magna
1506 1780 1764 1839 peccata,
1818 1784 2011 1840 magna
2048 1757 2097 1818 B
2126 1779 2288 1835 quam
2322 1764 2644 1820 divaricavit
2675 1765 2843 1836 pedes
2899 1781 3031 1822 suos
3082 1768 3232 1822 omni
3290 1767 3613 1834 transeunti,
3672 1775 3732 1823 et

424 1862 564 1916 facta
590 1870 675 1915 est
700 1861 1023 1931 indignatio,
1051 1869 1106 1916 et
1129 1861 1338 1916 Domini
1368 1862 1535 1918 verba
1568 1863 1833 1932 completa
1863 1870 2010 1934 sunt,

422 1966 524 2023 par
565 1954 676 2023 pari
723 1954 1014 2009 referentis
1041 1999 1055 2023 ,
1104 1962 1163 2007 ut
1197 1954 1337 2008 sicut
1384 1953 1461 2008 illi
1491 1954 1907 2010 ambulaverunt
1946 1955 2014 2011 ad

422 2061 548 2102 eum
577 2047 842 2117 perversi,
866 2056 921 2103 et
948 2049 1063 2118 ipse
1092 2047 1379 2103 adversum
1419 2063 1513 2104 eos
1544 2063 1836 2119 perversos
1864 2047 2015 2105 ince-

422 2137 595 2204 deret,
628 2147 685 2195 et
712 2157 817 2193 non
848 2140 1064 2195 audiret
1091 2140 1254 2196 verba
1288 2149 1314 2178 ει
1343 2140 1777 2210 inclamantium,
1808 2143 1934 2210 quia
1960 2150 2015 2197 et

422 2232 501 2288 illi
529 2236 695 2290 verba
730 2235 939 2290 Domini
962 2234 1126 2289 surda
1170 2249 1301 2289 aure
1331 2235 1783 2305 contempserint.
1814 2234 2015 2304 Quam-

421 2328 609 2382 ohrem
650 2337 705 2382 et
742 2326 999 2397 dispersit
1024 2343 1118 2383 eos
1177 2341 1275 2397 per
1330 2328 1511 2382 omnia
1552 2341 1720 2397 regna
1760 2344 1879 2395 quae
1918 2344 2015 2385 ne-

418 2425 634 2492 sciunt,
668 2422 1041 2495 Assyriorum,
1073 2430 1129 2478 et
1162 2422 1569 2490 Chaldaeorum,
1598 2422 1899 2492 Medorum,
1927 2432 2011 2479 at-

418 2531 523 2588 que
574 2517 908 2582 Persarum,
956 2526 1011 2571 et
1056 2518 1296 2589 gentium
1345 2526 1709 2581 ceterarum,
1758 2531 1879 2587 qua:
1928 2517 2013 2572 his

420 2607 665 2678 imperiis
688 2608 1059 2679 suhjacebant,
1082 2617 1137 2664 et
1159 2611 1211 2664 in
1235 2622 1461 2679 quarum
1487 2609 1647 2665 terris
1668 2609 2013 2666 disseminati

416 2714 565 2759 sunt.
603 2703 667 2757 Et
689 2703 869 2757 omnis
896 2688 1084 2758 Iudaea
1110 2702 1326 2759 deserta
1353 2711 1438 2759 est
1464 2748 1477 2772 ,
1521 2718 1587 2759 eo
1631 2703 1776 2773 quod
1804 2704 2010 2759 nullum

418 2795 672 2851 habuerit
724 2796 1085 2851 habitatorem
1111 2839 1125 2864 ,
1153 2805 1211 2853 et
1242 2812 1347 2850 non
1378 2804 1526 2852 esset
1556 2797 1608 2851 in
1642 2812 1702 2852 ca
1737 2798 2011 2853 transiens

417 2900 475 2947 et
502 2901 805 2948 revertens.
834 2893 899 2946 Et
926 2902 1123 2947 terram
1147 2908 1267 2963 quae
1292 2893 1444 2949 l‘avus
1465 2903 1583 2950 erat
1621 2908 1733 2964 prta
1760 2895 2011 2950 omnibus

416 2986 579 3041 terris
617 2994 673 3041 et
719 2994 939 3056 propter
966 2984 1312 3040 abundantiae
1339 2985 1742 3041 multitudinem
1785 2985 1925 3041 lacte
1956 2996 2012 3042 et

413 3076 577 3132 melle
605 3078 879 3143 manabat,
911 3086 1195 3133 verterunt
1226 3078 1278 3133 in
1310 3078 1677 3134 solitudinem.
1714 3077 2010 3134 Possumus

411 3171 529 3226 hcce
557 3184 608 3226 et
640 3171 705 3226 ad
730 3187 826 3228 eos
853 3173 1081 3239 referre,
1111 3173 1207 3243 qui
1237 3173 1287 3227 in
1320 3172 1561 3229 Ecclesia
1605 3172 2005 3244 delinquentes,
2037 3144 2085 3209 C

413 3264 642 3334 projeCti
673 3277 802 3320 sunt
831 3267 898 3321 de
927 3276 1074 3323 terra
1112 3266 1473 3323 confessionis
1501 3284 1515 3333 ;
1554 3268 1675 3337 quia
1718 3268 2011 3323 noluerunt

411 3357 603 3412 audire
634 3357 943 3426 Dominum,
973 3369 1028 3415 et
1058 3368 1341 3415 verterunt
1368 3359 1433 3414 ad
1462 3375 1584 3416 eum
1615 3360 1895 3431 scapulam
1922 3374 2007 3416 re-

412 3451 719 3521 cedentem,
751 3462 807 3507 et
851 3466 1009 3507 aures
1038 3466 1164 3506 suas
1194 3460 1626 3519 aggravaverunt
1646 3493 1661 3517 ,
1694 3460 1751 3508 et
1778 3468 1873 3509 cor
1913 3468 2011 3522 po-

413 3555 639 3601 suerunt
667 3557 723 3599 ut
754 3544 1121 3601 adamantem.
1155 3545 1218 3600 Et
1258 3544 1399 3601 facta
1429 3555 1514 3601 est
1542 3560 1710 3616 super
1739 3561 1833 3603 eos
1864 3547 2006 3601 indi-

410 3641 592 3711 gnatio
630 3638 793 3711 837
839 3638 1093 3702 Domini,
1136 3648 1190 3692 et
1222 3637 1456 3707 dispersi
1503 3646 1632 3692 sunt
1682 3652 1782 3708 per
1826 3639 2007 3694 omnia

411 3747 576 3802 regna
603 3730 887 3795 Vitiorum,
909 3739 965 3785 et
987 3729 1235 3784 desolata
1262 3736 1347 3785 est
1376 3737 1518 3784 terra
1541 3744 1756 3790 eorum.
1781 3729 1864 3784 vel
1890 3730 2009 3785 ani-

410 3842 498 3883 ma
530 3827 618 3882 vel
649 3839 887 3897 corpus,
921 3839 1026 3880 non
1062 3824 1267 3880 habens
1298 3823 1658 3880 habitatorem
1696 3825 2005 3891 Dominum,

412 3935 513 3976 nec
548 3921 599 3974 in
637 3934 697 3975 se
726 3920 976 3989 Spiritum
1030 3926 1417 3974 revertentem.
1454 3919 1520 3973 Et
1551 3927 1693 3974 terra
1733 3918 2007 3989 quondam

410 4012 791 4069 desiderabilis
811 4054 825 4079 ,
856 4026 975 4080 qua:
1015 4020 1132 4068 erat
1176 4011 1471 4080 hospitium
1497 4009 1779 4066 Trinitatis
1802 4051 1818 4077 ,
1852 4025 2006 4066 versa

410 4114 495 4163 est
542 4107 597 4160 in
642 4104 952 4169 desertum,
995 4103 1496 4172 habitationemque
1527 4103 1843 4157 draconum.
1875 4102 2008 4170 Quae

411 4198 570 4269 plana
621 4202 789 4262 sunt,
838 4193 1103 4249 velociter
1148 4202 1488 4249 transeamus
1514 4240 1527 4263 ,
1560 4205 1621 4249 ut
1664 4197 1715 4248 in
1755 4195 2008 4250 obscuris

411 4292 647 4362 spatium
672 4286 973 4344 disserendi
1000 4288 1099 4342 sit:
1131 4302 1237 4342 non
1255 4289 1400 4343 enim
1421 4289 1611 4357 longos
1638 4286 2008 4359 ﬂorentesque

409 4394 672 4441 tractatus
706 4384 759 4437 in
790 4382 981 4453 quibus
1012 4379 1311 4451 plausibilis
1335 4381 1472 4436 ludit
1498 4382 1697 4446 oratio,
1724 4381 1819 4436 sed
1852 4396 2004 4438 com-

409 4482 707 4536 mentarios
737 4477 1294 4546 scribimus,quurum
1325 4475 1565 4531 ofﬁciunt
1593 4483 1698 4541 est,
1723 4476 2006 4547 pratterire

406 4574 692 4633 manifesta
712 4616 726 4639 ,
758 4574 994 4629 obscura
1024 4572 1325 4630 disserere.

480 4666 633 4741 (Cap.
660 4664 871 4721 Vlll.—
891 4664 1047 4719 Vers.
1084 4665 1110 4719 1
1148 4664 1329 4736 seqq.)
1369 4663 1439 4718 Et
1467 4669 1667 4736 factum
1694 4673 1768 4719 est
1799 4665 2005 4719 uerbum

404 4761 617 4816 Domini
646 4760 982 4824 exercituum,
1010 4759 1184 4813 dicens
1217 4775 1236 4813 :
1266 4758 1397 4813 Htec
1422 4759 1547 4813 dicit
1579 4757 1834 4812 Dominus
1858 4776 2007 4813 exer-

404 4857 603 4909 cituum
622 4870 641 4909 :
671 4850 883 4907 Zelatus
913 4867 1027 4905 sum
1061 4851 1189 4905 Sion
1219 4852 1332 4905 zelo
1357 4868 1567 4922 magno,
1600 4861 1648 4905 et
1681 4851 2002 4920 indignatio-

403 4965 467 5002 ne
498 4964 687 5017 magna
711 4944 907 4999 zelatus
931 4959 1043 4997 sum
1068 4959 1196 4996 eam.
1260 4941 1311 4995 Η
1316 4957 1389 4996 ωε
1414 4943 1536 4996 dicit
1572 4941 1826 4995 Dominus
1856 4957 2003 4995 exer-

403 5041 599 5094 cituum
629 5056 646 5093 :
678 5037 928 5092 Reversus
976 5052 1091 5090 sum
1119 5035 1189 5088 ad
1213 5034 1366 5100 Sion,
1410 5043 1458 5087 et
1481 5032 1722 5088 habitabo
1750 5036 1803 5087 in
1831 5035 2000 5088 medio

402 5130 737 5189 Jerusalem:
766 5140 812 5185 et
856 5131 1122 5185 vocabitur
1164 5129 1480 5194 Jerusalem,
1514 5130 1693 5182 civitas
1738 5129 2001 5195 veritatis;

401 5236 449 5278 et
475 5240 620 5277 mons
643 5221 854 5275 Domini
882 5222 1223 5281 exercituum,
1244 5236 1393 5274 mons
1409 5220 1784 5289 sanctiﬁcatus.
1816 5219 1959 5274 LXX
1983 5238 1995 5273 :

401 5316 471 5371 Et
514 5316 681 5387 factus
711 5324 785 5369 est
834 5329 1002 5368 sermo
1055 5311 1268 5367 Domini
1329 5315 1719 5381 omnipotentis,
1778 5315 1998 5368 (licens:

402 5406 532 5463 Hcce
560 5408 685 5460 dicit
716 5404 973 5459 Dominus
1002 5406 1323 5474 omnipotens
1355 5421 1372 5460 :
1396 5403 1607 5459 Zelatus
1633 5422 1747 5459 sum
1784 5404 2000 5460 Jerusa-

398 5500 502 5558 lem
530 5512 577 5554 et
608 5499 739 5555 Sion
794 5499 905 5553 zelo
934 5514 1145 5571 magno,
1202 5507 1247 5552 et
1278 5499 1452 5567 furore
1500 5496 1527 5536 δ
1560 5498 1782 5553 maximo
1803 5499 2000 5554 zelatur

471 5645 499 5674 ι
528 5635 627 5691 Ms.
658 5633 878 5703 Regim.
906 5631 1061 5686 verba
1089 5633 1493 5693 incantantium.

469 5705 500 5744 ι’
531 5705 726 5775 Regio.
772 5718 871 5758 ms.
904 5703 1084 5773 furore
1122 5722 1334 5779 magno,
1368 5709 1521 5778 juxta
1557 5710 1734 5768 Graec.
1758 5712 1991 5787 μιγάλῳς

398 5789 452 5838 et
482 5793 606 5834 mox
632 5791 866 5830 reversus
885 5790 1020 5839 sum,
1051 5792 1146 5847 pro
1172 5792 1416 5834 revertar.

2120 1859 2324 1929 polluta
2358 1867 2443 1915 est
2471 1875 2643 1931 usque
2668 1858 2736 1915 ad
2760 1862 3045 1923 verticem,
3092 1876 3303 1916 memor
3338 1862 3582 1926 pristinae
3604 1859 3733 1917 feli-

2119 1951 2302 2008 citatis
2329 1963 2349 1991 ε
2378 1953 2609 2023 ingemit
2641 1970 2654 2006 :
2678 1951 2925 2008 Revertar
2964 1953 3033 2008 ad
3057 1954 3227 2008 virum
3258 1970 3423 2008 meum
3446 1955 3675 2023 priorem
3710 1966 3732 2009 :

2117 2046 2243 2117 quia
2272 2046 2461 2100 melius
2510 2044 2636 2099 mihi
2683 2054 2942 2100 erattunc
2980 2063 3136 2117 quam
3182 2064 3319 2100 nunc
3351 2045 3507 2115 (Osee
3538 2061 3600 2110 tt,
3634 2044 3723 2115 7).

2119 2139 2292 2208 Quam
2324 2140 2420 2195 ille
2450 2141 2759 2212 suscipiens
2789 2150 2847 2196 et
2868 2155 3083 2196 rursum
3124 2141 3335 2198 habens
3358 2143 3414 2197 in
3444 2141 3722 2213 conjugio,

2117 2234 2203 2287 cui
2253 2233 2405 2303 prius
2432 2233 2651 2289 dixerat
2682 2252 2697 2289 :
2732 2233 2856 2289 Non
2912 2237 3111 2291 irascar
3161 2236 3273 2302 tibi,
3307 2244 3357 2291 et
3392 2236 3534 2291 zelus
3579 2253 3727 2293 meus

2117 2326 2285 2401 838
2310 2328 2521 2381 recessit
2542 2344 2575 2381 a
2605 2336 2652 2382 te
2675 2324 2893 2401 (Ezech.
2925 2328 3064 2399 κνι),
3088 2344 3231 2384 nunc
3257 2330 3499 2400 loquitur
3528 2348 3543 2384 :
3567 2328 3727 2385 Zela-

2119 2429 2202 2475 tns
2214 2437 2327 2475 sum
2350 2420 2483 2476 Sion
2496 2421 2604 2475 zelo
2626 2437 2841 2493 magno,
2861 2432 2906 2476 et
2930 2423 3285 2495 indignatione
3311 2440 3500 2496 magna
3519 2426 3723 2479 zelatus

2116 2532 2230 2569 sum
2259 2531 2390 2570 eam.
2421 2514 2695 2585 Quantum
2729 2518 2880 2587 prius
2932 2518 3249 2589 indignatus
3295 2534 3438 2585 sum,
3501 2519 3647 2589 quod
3688 2535 3722 2575 a

2119 2605 2304 2663 multis
2331 2608 2663 2663 amatoribus
2702 2609 3000 2681 deturpata
3051 2620 3157 2680 est,
3214 2621 3270 2668 et
3312 2612 3605 2669 maculavit
3636 2623 3721 2669 to-

2117 2718 2236 2758 rum
2268 2718 2448 2759 meum
2483 2721 2495 2758 :
2530 2704 2697 2771 unde,
2724 2712 2781 2761 et
2810 2704 3012 2761 tradidi
3036 2720 3157 2762 eam
3197 2708 3538 2764 amatoribus
3577 2708 3715 2773 suis,

2118 2786 2463 2865 nequaquam
2496 2804 2555 2850 ut
2582 2796 2685 2851 sub
2709 2797 2905 2853 marito
2936 2796 3266 2863 adulteram,
3312 2800 3407 2855 sed
3456 2808 3514 2855 ut
3563 2815 3719 2855 scor-

2116 2895 2230 2942 tum
2271 2897 2325 2943 et
2354 2887 2464 2943 vile
2496 2888 2852 2960 mancipium,
2880 2900 2936 2945 et
2974 2891 3029 2946 in
3065 2891 3423 2963 lupanaribus
3455 2892 3719 2962 prostitu-

2115 2989 2267 3037 tam:
2303 2989 2455 3037 tauto
2483 2997 2626 3037 nunc
2667 2982 2905 3052 amplius
2947 2983 3013 3039 ad
3067 2999 3187 3040 eam
3237 3000 3493 3042 reversus
3559 3000 3711 3051 sum;

2115 3076 2239 3144 quia
2268 3074 2380 3147 egit
2411 3076 2810 3143 t-mnitentiam,
2841 3085 2897 3132 et
2928 3076 3221 3134 aediﬁcavit
3247 3079 3512 3150 templum
3529 3093 3714 3133 meum

2115 3170 2169 3227 in
2192 3187 2300 3243 quo
2329 3170 2590 3227 habitabo
2615 3172 2669 3228 in
2690 3172 2872 3229 medio
2911 3172 3077 3229 illius.
3113 3173 3179 3228 Et
3204 3174 3491 3230 vocabitur
3516 3174 3715 3229 civitas

2114 3266 2383 3329 veritatis,
2411 3281 2531 3333 qua}
2560 3275 2719 3321 antea
2740 3265 3025 3323 dicebatur
3048 3267 3177 3321 urbs
3198 3266 3493 3333 mendacii,
3516 3266 3584 3321 de
3607 3280 3713 3336 qua

2112 3369 2168 3416 et
2196 3360 2250 3414 itt
2291 3359 2429 3415 Isaia
2453 3358 2717 3428 scriptum
2750 3366 2833 3413 est
2862 3375 2877 3414 :
2916 3357 3125 3415 Veritas
3166 3359 3408 3413 dormivit
3439 3357 3553 3431 [AL
3582 3359 3713 3413 dor-

2112 3450 2332 3522 mitavit]
2360 3452 2412 3505 in
2455 3468 2517 3504 ea
2542 3466 2562 3505 :
2587 3467 2727 3504 nunc
2757 3460 2926 3505 autem
2979 3449 3255 3506 homicida:
3309 3448 3467 3523 (Isai.
3498 3465 3557 3518 tt,
3591 3447 3712 3521 2i).

2112 3543 2413 3600 Vocabitur
2452 3554 2637 3598 autem
2682 3552 2738 3599 et
2795 3557 2955 3598 mons
3015 3543 3233 3597 Domini
3284 3541 3712 3613 omnipotentis,

2114 3651 2272 3693 mons
2294 3636 2690 3704 sanetillcatus,
2725 3635 2779 3689 in
2798 3649 2907 3705 quo
2937 3636 3146 3704 templo
3171 3636 3497 3698 instaurata,
3521 3634 3717 3687 immo-

2112 3728 2296 3783 lantur
2330 3728 2586 3793 victimze,
2619 3726 3073 3783 cteremouiarum
3118 3727 3255 3782 ordo
3290 3734 3557 3782 servatur.
3582 3725 3715 3782 Haec

2107 3820 2263 3890 juxta
2294 3818 2608 3875 historiam.
2641 3818 2910 3875 Caeterum
2943 3819 3078 3873 nulli
3109 3818 3336 3874 dttbium
3366 3827 3471 3887 est,
3501 3818 3633 3875 Sion
3654 3827 3713 3873 et

2111 3913 2441 3978 Jerusalem,
2473 3912 2753 3983 speculam
2783 3912 3124 3968 etvisionem
3164 3913 3336 3982 pacis,
3368 3926 3532 3983 posse
3567 3913 3713 3967 acci-

2114 4006 2166 4076 pi
2189 4006 2399 4061 animas
2427 4006 2690 4073 ﬁdelium,
2724 4006 2921 4075 quibus
2967 4018 3090 4060 cum
3120 4004 3489 4074 peccaverint,
3539 4006 3715 4061 iratus

2114 4100 2375 4154 Dominus
2416 4099 2582 4153 tradit
2619 4113 2712 4153 cas
2756 4097 3082 4168 captivitati,
3128 4108 3186 4151 ut
3222 4112 3344 4167 qua:
3385 4097 3557 4153 Deum
3611 4112 3713 4168 per

2111 4193 2253 4249 bona
2287 4206 2655 4262 prosperaque
2690 4205 2800 4245 non
2832 4199 3140 4256 senserant,
3170 4206 3268 4262 per
3298 4188 3440 4244 mala
3471 4190 3713 4244 sentiant

2111 4295 2165 4341 et
2191 4285 2436 4341 adversa.
2461 4284 2706 4356 Cumque
2730 4285 2945 4355 egerint
2975 4286 3375 4353 paenitentiam,
3402 4295 3715 4343 revertetur

2115 4380 2374 4435 Dominus
2414 4379 2479 4434 ad
2502 4378 2658 4445 Sion,
2682 4391 2737 4435 et
2760 4378 3029 4435 habitabit
3062 4381 3113 4434 in
3147 4380 3325 4436 medio
3352 4380 3666 4437 Jerusalem
3692 4423 3710 4447 ,

2111 4488 2273 4541 quam
2293 4487 2453 4528 unam
2476 4479 2643 4543 atque
2669 4472 2917 4527 eamdem
2952 4471 3307 4544 intelligimus
3326 4473 3629 4542 civitatem,
3654 4484 3714 4530 et

2033 4538 2085 4599 θ
2112 4538 2166 4622 in
2198 4565 2392 4637 quibus
2460 4538 2589 4621 ante
2617 4566 2923 4637 regnabant
2950 4538 3215 4621 vitiorum
3247 4577 3715 4638 peccatorumque

2110 4661 2414 4726 mendacia,
2448 4670 2639 4730 postea
2692 4659 2945 4716 Christus
2999 4661 3206 4715 veritas
3252 4662 3712 4718 commorabitur.

2110 4756 2175 4809 Et
2218 4769 2375 4810 mons
2410 4752 2621 4808 Domini
2654 4753 2997 4809 exercituum
3044 4753 3330 4809 vocabitur
3365 4769 3524 4809 mons
3574 4769 3710 4810 san-

2106 4854 2226 4901 ctus
2245 4891 2258 4913 ,
2292 4845 2358 4900 de
2383 4860 2491 4915 quo
2522 4844 2723 4899 dicitur
2749 4863 2761 4899 :
2794 4845 2898 4912 Qui
2938 4847 3210 4914 conﬁdunt
3237 4847 3293 4900 in
3317 4846 3542 4902 Domino
3570 4849 3713 4903 sicut

2108 4955 2255 4993 mons
2308 4938 2439 4994 Sion
2471 4936 2588 5007 (Ps.
2621 4952 2786 4999 cxur,
2813 4936 2887 5009 l).
2940 4937 3009 4993 Et
3038 4956 3050 4991 :
3084 4937 3309 5011 Magnus
3352 4938 3611 4995 Dominus
3660 4950 3710 4995 et

2109 5030 2389 5088 laudabilis
2408 5030 2583 5096 nimis,
2616 5030 2667 5084 in
2692 5030 2896 5084 civitate
2925 5028 3024 5084 Dei
3052 5031 3216 5085 nostri
3246 5032 3299 5085 in
3326 5042 3501 5086 monte
3523 5042 3707 5088 sancto

2104 5144 2199 5181 suo
2230 5124 2342 5197 (Ps.
2381 5140 2545 5188 XLVII,
2582 5125 2657 5195 1).
2693 5125 2767 5180 De
2794 5140 2899 5193 quo
2928 5124 3096 5180 Isaias
3120 5125 3485 5196 Michazasque
3510 5128 3705 5183 clami-

2108 5229 2221 5273 tant
2248 5235 2262 5272 ε
2298 5216 2361 5271 In
2382 5216 2661 5271 novissimo
2712 5216 2912 5269 dierum
2942 5217 3037 5270 erit
3069 5233 3215 5271 mons
3246 5214 3273 5253 ἀ
3303 5216 3521 5272 Domini
3572 5236 3709 5291 prce-

2107 5321 2323 5383 paratus
2366 5309 2421 5361 in
2454 5308 2643 5361 uertice
2685 5308 2966 5372 montium,
2997 5316 3043 5362 et
3067 5308 3306 5363 sublimis
3335 5325 3493 5381 super
3522 5312 3703 5379 colles,

2104 5413 2151 5459 et
2179 5406 2342 5476 ﬂuent
2371 5402 2439 5456 ad
2472 5416 2590 5454 eum
2612 5416 2789 5455 omnes
2817 5401 3020 5472 populi,
3072 5411 3117 5455 et
3148 5403 3501 5474 praperabunt
3527 5412 3707 5475 gentes

2105 5501 2300 5565 multae,
2325 5506 2371 5551 et
2409 5496 2580 5549 dicent
2611 5511 2630 5549 :
2657 5492 2860 5559 Venite,
2892 5498 3234 5550 ascendamus
3262 5497 3315 5551 in
3344 5507 3565 5552 montem
3598 5496 3706 5553 Do-

2178 5652 2201 5677 ε
2230 5640 2490 5713 Fortasse
2542 5638 2726 5692 verius
2754 5638 2809 5692 in
2843 5638 3038 5694 eodem
3085 5653 3192 5695 ms.
3243 5640 3563 5711 ingeminat,
3600 5655 3704 5713 pro

2110 5712 2338 5766 inaemit.

2103 5729 2338 5784 ingemit.

2177 5783 2203 5821 ἀ
2234 5783 2291 5838 In
2315 5780 2435 5837 aliis
2460 5780 2637 5846 libris,
2662 5796 2809 5837 mons
2838 5781 3022 5836 domus
3056 5779 3282 5839 Domini.
