4056 6342
1662 76 1709 169 ’f
1712 55 1832 157 41's
1886 108 2107 204 χναφ(

314 272 453 330 1465

1026 268 1682 330 COMMENTARIORUM
1724 269 1792 327 1N
1832 266 2232 326 ZACHARIAM
2271 269 2400 327 LIB.
2443 269 2506 326 ll.
2549 269 2705 327 CAP.
2749 270 2885 328 VIII.

3463 266 3604 326 1166

308 392 457 458 mini,
499 400 546 447 et
582 389 652 445 ad
676 390 887 445 domum
914 388 1013 445 Dei
1055 387 1217 445 Iacob
1263 388 1420 462 (Isai.
1445 405 1506 455 ιι,
1533 388 1568 444 2
1590 431 1605 455 ,
1637 389 1703 453 5;
1737 386 1903 441 Mich.
1935 386 1980 444 A
2013 385 2093 457 8).
2148 386 2209 441 Hi
2261 386 2525 442 tenebunt
2565 402 2678 458 prae
2707 386 2916 441 dierum
2951 384 3299 442 multitudine
3337 384 3524 456 virgas
3553 393 3609 440 et

306 501 380 551 tv,
414 489 462 550 1,
496 485 572 555 ‘2).
607 486 681 539 De
713 487 816 541 boc
844 493 1052 553 monte,
1087 493 1143 540 et
1165 485 1233 539 de
1280 484 1381 539 bac
1414 484 1655 551 civitate,
1689 491 1746 538 et
1770 496 1902 548 apo-

305 579 479 636 stolns
502 578 701 634 Paulus
722 577 794 648 (si
820 587 1002 633 tamen
1024 580 1075 632 iu
1108 579 1457 649 suscipienda
1475 578 1734 648 Epistola.
1750 577 1901 632 Grae-

303 687 494 726 corum
552 671 935 726 auctoritatem
968 670 1156 725 Latina
1189 672 1367 741 lingua
1398 687 1504 725 non
1553 668 1782 741 respuit)
1810 684 1898 723 sa-

303 776 452 820 crata
483 763 733 819 oratione
763 763 1047 832 disputans
1084 764 1159 819 ait
1185 782 1197 817 :
1230 765 1532 819 Accessistis
1576 765 1646 817 ad
1674 772 1898 817 montem

302 856 437 913 Sion
464 867 511 911 et
533 858 795 912 civitatem
827 855 922 910 Dei
954 856 1191 923 viventis,
1218 855 1513 912 Jerusalem
1537 858 1813 923 caelestem,
1848 865 1896 910 et

301 952 586 1007 multorum
614 955 922 1022 angelorum
970 952 1134 1005 millia
1154 992 1168 1015 ,
1200 960 1247 1005 et
1290 949 1581 1005 Ecclesium
1612 950 1898 1021 primitiua-

299 1060 437 1109 rum,
464 1047 551 1114 qui
574 1046 752 1118 scripti
779 1054 902 1099 sunt
922 1046 975 1099 in
1004 1045 1143 1099 caelis
1180 1043 1339 1115 (Heb.
1365 1060 1460 1111 xu,
1493 1044 1610 1114 22).

371 1138 556 1208 (Vers.
590 1138 646 1204 4,
690 1139 774 1207 5.)
819 1138 950 1193 Hac
972 1140 1100 1193 dicit
1130 1139 1381 1194 Dominus
1409 1139 1747 1195 exercituum.
1788 1135 1898 1190 Ad-

298 1234 397 1287 huc
416 1234 583 1306 839
604 1232 913 1287 habitabant
959 1249 1104 1288 senes
1155 1242 1203 1287 et
1258 1250 1388 1287 anus
1441 1233 1495 1286 in
1525 1232 1711 1302 plateis
1738 1230 1899 1285 Jeru-

296 1328 481 1395 salem,
515 1338 564 1380 et
596 1337 620 1363 η
650 1328 743 1382 viri
776 1326 990 1381 baculus
1011 1327 1066 1381 in
1102 1344 1259 1381 manu
1286 1327 1396 1396 ejus
1427 1342 1534 1398 pra:
1566 1324 1895 1379 multitudine

297 1419 524 1474 dierum.
585 1417 653 1472 Et
679 1419 861 1490 platea:
902 1419 1122 1473 civitatis
1168 1418 1561 1492 complebantur
1582 1419 1892 1489 infantibus,

295 1522 343 1568 et
369 1511 578 1585 puellis,
610 1511 904 1566 ludentibus
934 1512 987 1565 in
1013 1513 1206 1584 plateis
1236 1515 1370 1585 ejus.
1398 1510 1540 1567 LXX
1572 1529 1585 1565 ε
1617 1510 1748 1565 Haec
1770 1511 1895 1565 dicit

300 1607 550 1662 Dominus
572 1607 932 1676 omnipotens:
960 1605 1142 1661 Adhuc
1168 1605 1414 1661 sedebant
1458 1623 1603 1661 senes
1625 1616 1669 1660 et
1693 1622 1821 1660 anus
1842 1606 1893 1659 in

294 1702 481 1773 plateis
506 1698 821 1766 Jerusalem,
851 1701 1203 1772 unusquisque
1244 1702 1297 1755 in
1338 1718 1495 1755 manu
1526 1702 1722 1771 virgam
1745 1716 1894 1754 suam

2006 480 2229 536 baculus
2270 481 2322 535 in
2375 480 2623 535 manibus
2648 480 2786 546 suis,
2820 488 2876 535 et
2915 480 3097 536 dicent
3137 480 3202 535 ad
3254 480 3551 549 discipulos
3585 494 3599 534 :

2009 576 2149 645 Quid
2180 577 2370 631 vultis?
2390 577 2445 630 in
2466 578 2610 649 virga
2629 578 2826 630 veniam
2850 575 2919 629 ad
2946 593 3055 643 vos,
3080 593 3147 629 an
3179 576 3233 629 in
3261 576 3445 648 spiritu
3470 575 3600 629 leni-

2004 672 2124 724 tatis
2170 680 2214 724 et
2266 671 2687 724 mansuetudinis
2735 670 2780 741 (l
2809 669 2931 725 Cor.
2965 686 3040 734 tv,
3069 670 3206 732 21)?
3231 668 3331 736 Qui
3362 668 3506 723 enim
3532 669 3602 723 de

2004 766 2167 820 labiis
2203 767 2315 820 suis
2341 765 2540 831 profert
2578 765 2933 832 sapientiam,
2982 767 3131 835 virga
3168 763 3399 831 percutit
3422 763 3598 818 virum

2002 857 2029 897 ι)
2061 860 2378 914 excordem.
2406 858 2473 913 Et
2508 875 2538 913 e
2560 860 2837 913 contrario
2871 877 2884 914 :
2922 858 3023 926 Qui
3044 861 3211 928 parcit
3259 858 3439 913 baculo
3481 874 3596 927 suo,

2002 953 2110 1006 odit
2133 952 2301 1021 [ilium
2327 967 2478 1005 suum
2504 968 2522 1005 :
2550 952 2637 1019 qui
2659 960 2826 1005 autem
2852 950 3130 1021 diligenter
3160 951 3387 1021 corripit,
3425 949 3598 1020 diligit

2005 1043 2186 1113 (Prov.
2220 1057 2339 1109 xut,
2372 1042 2488 1113 21).
2516 1041 2584 1097 Et
2615 1059 2725 1096 non
2756 1044 2931 1096 solum
2965 1058 3151 1104 senes.
3180 1042 3277 1097 sed
3302 1056 3435 1096 anus
3466 1058 3604 1110 quo-

2000 1154 2105 1209 que
2158 1136 2426 1192 sedebunt
2484 1137 2535 1191 in
2581 1138 2773 1205 plateis
2820 1136 3169 1191 Jerusalem:
3203 1152 3336 1203 quas
3397 1135 3595 1190 Paulus

1999 1232 2303 1303 apostolico
2334 1246 2430 1286 Ore
2478 1230 2798 1285 describens
2831 1248 2844 1283 :
2879 1229 3122 1294 Honora,
3176 1230 3369 1295 inquit.
3415 1227 3601 1281 viduas

1998 1343 2113 1399 qua:
2141 1342 2255 1380 vere
2282 1325 2451 1380 vidua:
2476 1332 2613 1378 sunt.
2666 1324 2729 1377 [Ct
2759 1323 2811 1378 in
2860 1322 2971 1377 alio
3015 1321 3122 1395 [AL
3158 1318 3378 1392 eodem]
3429 1322 3550 1375 loco
3579 1336 3593 1374 :

2006 1420 2179 1475 Vidua
2218 1422 2441 1491 eligatur
2494 1435 2597 1472 non
2634 1419 2805 1471 minus
2848 1434 3106 1471 annorum
3141 1418 3429 1486 sexaginta.
3480 1430 3597 1484 quae

1996 1516 2097 1586 fuit
2124 1515 2278 1568 unius
2312 1512 2408 1567 viri
2430 1528 2584 1576 uxor,
2608 1512 2659 1565 in
2690 1511 2839 1565 bonis
2871 1510 3113 1579 operibus
3142 1508 3332 1564 habens
3362 1509 3591 1563 testimo-

1999 1610 2140 1663 nium
2170 1626 2188 1663 :
2215 1609 2260 1662 si
2286 1608 2523 1662 educavit
2548 1607 2759 1669 liberos,
2805 1607 2849 1659 si
2878 1607 3069 1678 recepit
3096 1605 3339 1676 hospitio,
3375 1604 3421 1659 si
3467 1620 3593 1657 san-

1999 1712 2199 1757 ctorum
2232 1702 2387 1771 pedes
2412 1701 2555 1765 lavit,
2584 1700 2628 1754 si
2660 1701 2711 1755 in
2743 1698 3161 1753 tribulationibus
3190 1698 3371 1766 positis
3416 1696 3597 1750 minis-

293 1795 543 1858 retinens,
587 1810 697 1863 prce
717 1793 1050 1849 multitudine
1101 1795 1302 1849 dierum
1335 1804 1421 1849 :et
1444 1794 1632 1864 platea:
1663 1794 1888 1848 civitatis
1919 1783 1968 1843 B
1995 1798 2168 1860 ινηυὶι,
2194 1796 2239 1849 si
2260 1811 2409 1850 omne
2431 1811 2558 1867 opus
2584 1793 2767 1848 bonum
2796 1801 3063 1865 persecuta
3086 1802 3161 1846 est
3186 1791 3227 1863 (l
3259 1789 3399 1847 Tim.
3431 1806 3486 1855 ν,
3518 1791 3547 1842 5
3575 1830 3593 1855 ,

292 1885 631 1953 replebantur
651 1887 823 1956 pueris
851 1895 900 1941 et
921 1888 1439 1957 puellis,ludentibus
1456 1889 1509 1943 in
1540 1890 1725 1958 pluteis
1754 1891 1889 1960 ejus.

293 1976 490 2044 Tanta,
533 1980 732 2047 inquit,
764 1980 891 2044 erit,
922 1994 1146 2035 reverso
1173 1996 1261 2035 me
1288 1981 1341 2034 iu
1367 1979 1518 2047 Sion,
1554 1988 1609 2036 et
1638 1980 1888 2035 habitan-

299 2081 351 2126 te
377 2070 427 2125 in
452 2070 636 2127 medio
677 2071 1008 2136 Jerusalem,
1039 2087 1227 2128 rerum
1252 2075 1494 2128 omnium
1532 2073 1888 2143 prosperitas,

295 2172 354 2220 et
382 2164 649 2221 bellorum
680 2167 837 2238 quies
864 2176 1030 2234 atque
1065 2168 1451 2237 tranquillitas,
1481 2170 1706 2225 utnullo
1736 2170 1891 2225 boste

295 2267 636 2329 remanente,
683 2275 856 2331 usque
896 2261 961 2315 ad
1002 2261 1246 2316 ultimam
1277 2271 1495 2318 aetatem
1548 2263 1603 2318 in
1660 2274 1891 2333 utroque

294 2365 431 2406 sexu
458 2352 646 2407 senilis
673 2361 804 2406 tetas
834 2354 1140 2423 perveniat,
1190 2362 1246 2409 et
1268 2363 1565 2411 trementes
1592 2365 1743 2409 artus
1799 2356 1891 2409 ba-

294 2448 420 2503 culo
445 2457 668 2519 regente
694 2459 1023 2505 suSIentent.
1058 2449 1258 2506 Plateae
1289 2466 1505 2521 quoque
1533 2449 1773 2505 civitatis
1793 2450 1891 2505 im-

296 2538 551 2609 pleantur
596 2542 779 2611 pueris
811 2542 1118 2611 puellisque
1178 2542 1515 2597 ludentibus.
1562 2542 1677 2597 [loc
1706 2551 1888 2598 autem

296 2631 409 2690 lieri
460 2634 624 2699 solet,
665 2633 884 2705 quando
928 2635 1195 2691 securitas
1224 2642 1279 2690 et
1335 2635 1606 2705 profunda
1636 2649 1742 2703 pax
1792 2651 1889 2690 ur-

294 2725 443 2781 bium
469 2738 572 2792 eSt,
620 2727 950 2799 utgaudium
993 2728 1297 2794 civitatum,
1341 2726 1550 2782 lusibus
1577 2738 1631 2781 et
1674 2727 1891 2782 choreis

294 2818 404 2893 [ΑΙ.
440 2820 646 2895 choris]
676 2830 811 2877 tetas
845 2823 1047 2877 lasciva
1079 2822 1448 2877 concelebret.
1480 2822 1633 2889 Quod
1658 2823 1701 2876 si
1751 2821 1893 2879 rele-

297 2913 471 2969 rimus
500 2916 567 2969 ad
600 2914 925 2976 Ecclesium.
959 2914 1029 2970 de
1052 2932 1153 2982 qua
1180 2915 1383 2969 dicitur
1418 2932 1430 2967 :
1459 2912 1704 2968 Gloriosa
1751 2913 1891 2969 dicta

294 3016 411 3061 sunt
437 3008 500 3061 de
548 3018 617 3073 te,
645 3008 829 3061 civitas
857 3005 954 3062 Dei
982 3006 1099 3078 (Ps.
1131 3023 1357 3071 Lxxtttx,
1385 3007 1441 3077 ‘2)
1475 3024 1488 3059 :
1527 3007 1594 3060 Et
1635 3026 1649 3062 :
1686 3005 1892 3059 Flumi-

295 3101 374 3155 nis
404 3101 622 3174 impetus
646 3102 873 3171 ltetiﬁcat
897 3103 1156 3156 civitatem
1187 3100 1280 3155 Dei
1303 3118 1321 3156 :
1348 3102 1689 3172 sanctiﬁcavit
1718 3100 1890 3155 taber-

1994 1892 2059 1954 9.
2104 1888 2209 1961 10).
2244 1889 2560 1945 lstiusmodi
2588 1902 2749 1943 senes
2777 1898 2830 1943 et
2859 1903 2996 1941 anus
3024 1886 3289 1943 sedebunt
3318 1886 3370 1940 in
3399 1884 3593 1955 plateis

1993 1985 2317 2051 Jerusalem,
2346 1994 2400 2039 et
2436 1983 2697 2038 tenebunt
2721 1982 2945 2038 baculos
2969 1980 3022 2035 in
3059 1979 3312 2035 manibus
3344 1979 3484 2043 suis,
3541 1985 3598 2033 et

1994 2078 2195 2148 platetc
2246 2077 2485 2132 civitatis
2520 2075 2943 2147 complebantur
2988 2074 3173 2145 pueris
3199 2083 3253 2127 et
3286 2072 3479 2142 puellis
3506 2071 3589 2127 lu-

1992 2170 2267 2226 dentibus.
2303 2169 2399 2225 lsti
2427 2177 2551 2224 sunt
2597 2169 2750 2239 pueri
2780 2179 2835 2222 et
2864 2169 3058 2240 puella:
3081 2211 3097 2236 ,
3148 2181 3328 2233 senes,
3359 2176 3416 2221 et
3435 2166 3592 2236 juve-

1993 2281 2114 2329 nes,
2147 2280 2281 2331 quos
2332 2264 2620 2318 Psalmista
2652 2262 2718 2317 ad
2750 2261 3079 2317 cantandum
3129 2261 3362 2315 Domino
3392 2260 3592 2314 collor-

1994 2367 2143 2413 tatur
2168 2358 2357 2413 dicens
2388 2376 2401 2413 :
2431 2356 2656 2412 Juvenes
2693 2366 2741 2412 et
2768 2356 3014 2429 virgines,
3046 2371 3191 2410 senes
3222 2371 3337 2409 cum
3357 2353 3591 2427 juniori-

1992 2454 2084 2509 bus
2110 2453 2321 2508 laudent
2352 2469 2535 2507 nomen
2554 2450 2764 2505 Domini
2795 2449 2910 2521 (I’s.
2941 2465 3136 2514 cum,
3171 2449 3283 2515 19.).
3317 2447 3387 2504 Et
3426 2446 3592 2504 Joan-

1994 2561 2090 2600 nes
2144 2546 2482 2614 evangelista
2529 2554 2697 2615 atqne
2741 2542 3027 2613 apostolus
3060 2559 3075 2597 :
3107 2540 3320 2605 Scriba,
3389 2540 3587 2612 inquit,

1990 2641 2153 2709 vobis,
2183 2641 2354 2711 pueri,
2378 2642 2618 2705 quoniam
2659 2639 2990 2692 dimittuntur
3035 2635 3176 2690 vobis
3208 2645 3415 2706 peccata
3460 2649 3585 2705 pro-

1991 2744 2103 2808 pter
2125 2750 2310 2789 nomen
2344 2733 2635 2789 Salvatoris
2664 2749 2683 2787 .'
2707 2731 2892 2788 Scriba
2933 2730 3095 2795 vobis,
3130 2739 3322 2797 patres,
3347 2729 3471 2799 quia
3497 2743 3587 2781 co-

1994 2829 2237 2901 gnovistis
2261 2844 2373 2881 eum
2401 2827 2545 2897 quia
2573 2826 2827 2896 principio
2876 2835 2949 2879 est
3000 2823 3042 2891 (1
3072 2824 3229 2878 Joan.
3260 2839 3320 2887 ιι,
3356 2822 3444 2885 1‘2,
3476 2822 3592 2893 13).

1995 2922 2060 2977 Et
2089 2921 2161 2977 de
2209 2921 2291 2975 his
2322 2920 2579 2977 Salomon
2614 2920 2667 2973 in
2714 2918 3028 2973 Proverbiis
3077 2917 3324 2985 loquitur
3356 2933 3368 2967 :
3405 2913 3475 2969 Et
3505 2916 3590 2970 det

1990 3015 2349 3070 innocentibus
2376 3013 2653 3068 versutiam
2680 3030 2698 3068 :
2728 3030 2888 3086 puero
2912 3022 3083 3065 autem
3110 3011 3315 3084 juniori
3357 3026 3586 3076 sensum,

1994 3118 2040 3161 et
2064 3107 2479 3178 intelligentiam.
2514 3107 2579 3161 Et
2602 3121 2852 3162 rursum:
2880 3105 3086 3167 Audite,
3123 3106 3296 3173 pueri,
3348 3100 3586 3173 discipli-

294 3194 533 3250 naculum
584 3213 735 3250 suum
777 3195 1061 3249 altissimus
1084 3211 1103 3250 :
1139 3195 1271 3250 Deus
1320 3195 1377 3249 in
1406 3196 1575 3248 medio
1624 3197 1737 3267 ejus
1785 3209 1885 3247 non
1915 3168 1960 3229 θ
1996 3217 2112 3254 nam
2142 3168 2327 3268 patris,
2354 3209 2399 3253 et
2425 3198 2675 3254 attendite
2720 3208 2776 3252 ut
2821 3199 3150 3269 cognoscatis
3185 3196 3589 3269 intelligentiam

291 3288 688 3343 commovebitur
721 3288 841 3361 (Ps.
876 3305 1001 3358 va,
1034 3290 1153 3357 45),
1187 3290 1312 3358 quis
1360 3288 1558 3359 poterit
1612 3288 1888 3358 ambigere

293 3382 503 3452 plateas
537 3383 817 3447 Ecclesiae,
852 3398 976 3438 esse
1022 3384 1274 3452 virtutes,
1303 3384 1355 3437 in
1390 3382 1589 3454 quibus
1621 3382 1885 3454 sapientia

290 3478 402 3546 agit
424 3476 753 3533 liducialiter
775 3487 828 3533 et
860 3477 914 3532 in
945 3493 1225 3533 murorum
1258 3478 1665 3533 summitatibus
1690 3478 1887 3549 ιιι-ξιξ(ιί-

290 3569 486 3625 catur?
517 3569 672 3626 Unde
695 3579 751 3625 et
780 3570 845 3625 ad
879 3570 1169 3625 Dominum
1208 3571 1495 3626 P-almista
1517 3572 1827 3628 coiiclamat
1868 3589 1881 3626 :

288 3661 476 3717 Latum
506 3665 811 3718 mandatum
867 3675 1008 3717 tuum
1040 3663 1358 3719 vehementer
1387 3664 1508 3731 (Ps.
1538 3681 1732 3726 cxvut.
1760 3666 1880 3738 96).

288 3753 344 3809 lu
381 3754 468 3809 his
491 3756 691 3826 plateis
723 3755 1007 3810 Dominum
1038 3755 1378 3812 Salvatorem
1408 3772 1606 3828 sponsa
1650 3761 1886 3829 perqui-

288 3862 435 3911 rens,
470 3847 710 3919 loquitur
737 3849 793 3902 in
820 3848 1048 3901 Cantica
1084 3850 1421 3905 canticorum
1449 3868 1465 3907 :
1490 3850 1815 3921 Consurgam
1837 3861 1884 3907 et

286 3940 517 3994 circuibo
544 3940 795 3993 civitatem
817 3940 870 3994 in
898 3941 1035 4009 foro,
1081 3950 1127 3994 et
1154 3941 1206 3995 in
1230 3940 1414 4010 plateis
1440 3944 1573 4010 eius,
1604 3944 1767 3999 donec
1794 3945 1879 3999 in-

286 4033 489 4088 veniam
537 4049 653 4087 cum
681 4048 829 4102 quem
883 4033 1065 4088 dilexit
1094 4034 1269 4089 anima
1318 4051 1430 4089 mea
1480 4033 1658 4108 (Cant.
1690 4052 1770 4104 ιιι,
1796 4036 1877 4109 2).

286 4126 621 4183 ilabitabunt
651 4128 840 4198 igitur,
869 4128 955 4182 vel
1008 4129 1297 4193 sedebunt,
1336 4146 1500 4186 senes
1533 4140 1588 4187 et
1625 4147 1782 4193 anus,
1814 4132 1883 4189 de

284 4220 481 4290 quibus
511 4222 773 4291 scriptum
807 4230 889 4275 est
920 4221 988 4294 (si
1021 4222 1109 4278 cui
1144 4233 1320 4278 tamen
1352 4224 1529 4294 placet
1561 4225 1759 4281 librum
1786 4242 1879 4282 re-

283 4314 526 4384 cipere):
551 4314 798 4369 Senectus
828 4314 1168 4381 honorabilis,
1201 4335 1303 4371 non
1330 4321 1476 4372 multi
1498 4323 1760 4385 temnoris,
1789 4338 1879 4375 nec

284 4422 497 4459 numero
550 4423 804 4461 annorum
832 4409 1150 4463 acstimabilis
1194 4411 1350 4483 (Sap.
1380 4428 1453 4478 tv,
1498 4412 1575 4483 8).
1610 4415 1743 4469 Cani
1778 4430 1877 4469 au-

289 4508 395 4553 tem
429 4507 556 4552 sunt
579 4498 858 4555 hominum
890 4502 1194 4569 prudentia,
1240 4514 1294 4557 et
1323 4516 1578 4560 senectus
1609 4509 1717 4563 vita
1774 4506 1877 4561 im-

284 4592 553 4644 maculata
579 4608 593 4644 :
620 4590 688 4646 de
707 4592 905 4663 quibus
932 4604 985 4647 et
1001 4594 1514 4665 Dominusloquitur
1534 4597 1602 4652 ad
1616 4598 1835 4670 Moysen
1862 4618 1874 4654 :

282 4683 549 4739 Constitue
576 4694 735 4739 tecum
758 4688 1087 4757 septuaginta
1110 4704 1275 4753 senes,
1301 4705 1428 4759 quos
1454 4691 1563 4756 ipse
1587 4692 1721 4745 nosti
1748 4708 1879 4761 quo-

282 4779 419 4833 niam
441 4796 587 4835 senes
615 4791 732 4833 sunt
766 4779 955 4852 (Num.
988 4798 1062 4847 XI,
1110 4781 1221 4850 16);
1256 4782 1610 4851 quamobrem
1663 4795 1713 4837 et
1748 4795 1873 4839 ante

282 4872 558 4927 Abraham
611 4873 791 4928 nullus
819 4875 1125 4943 appellatus
1153 4885 1238 4931 est
1266 4891 1458 4945 senex,
1504 4876 1573 4932 de
1600 4894 1708 4945 quo
1736 4880 1875 4934 scri-

284 4977 433 5035 ptum
479 4966 709 5035 legimus
739 4983 752 5020 :
788 4965 1047 5036 Deﬁciens
1076 4967 1337 5022 Abraham
1369 4980 1603 5024 mortuus
1629 4980 1703 5025 est
1737 4987 1873 5026 :nu-

282 5060 434 5113 tritus
456 5060 511 5111 in
525 5067 784 5115 senectute
811 5060 965 5125 bona,
998 5077 1153 5116 senex
1179 5070 1225 5115 et
1248 5061 1434 5132 plenus
1479 5062 1679 5116 dierum
1710 5062 1869 5133 (Gen.

281 5166 406 5217 xxv,
433 5151 466 5204 8
498 5192 510 5205 .
543 5150 729 5206 Gloria
780 5152 926 5207 enim
968 5168 1160 5207 senum
1192 5158 1315 5209 cani
1345 5166 1490 5219 sunt,
1548 5156 1617 5210 de
1675 5158 1871 5227 quibus

279 5244 478 5300 dicitur
510 5263 523 5299 :
559 5246 691 5301 Cani
716 5247 940 5301 hominis
961 5245 1129 5319 85,0
1167 5249 1425 5320 sapientia
1456 5254 1567 5322 ejus
1606 5250 1763 5322 (Sap.
1797 5268 1872 5317 tv,

352 5391 377 5421 ⁸
418 5383 570 5459 Unus
599 5400 703 5459 ms.
729 5385 1006 5459 SLAIbiui
1040 5386 1469 5459 Andegavensis.
1495 5406 1654 5459 quem
1690 5391 1877 5446 laudat

281 5454 627 5531 Martianmus
676 5458 728 5511 in
782 5456 933 5531 Notis
986 5458 1050 5511 ad
1101 5454 1571 5531 llieronymiana‘tn
1624 5461 1870 5517 Latinam

280 5528 819 5600 interpretationem,
852 5528 904 5583 in
958 5538 1107 5584 recto
1134 5532 1211 5584 vir
1260 5528 1409 5600 legit.
1442 5548 1601 5599 quam
1636 5534 1755 5600 ipse
1797 5536 1869 5587 ibi

279 5597 570 5685 lectionem
618 5599 881 5667 retinuit,
936 5602 1245 5674 probatque
1310 5597 1376 5658 ex
1454 5597 1681 5659 llcbra‘o
1710 5606 1867 5685 jdio-

280 5680 445 5724 male.

352 5739 378 5777 δ
402 5741 508 5796 Pro
530 5742 819 5809 excordem,
872 5758 983 5799 uno
1009 5745 1196 5806 verbo.
1248 5745 1473 5802 retinnit
1522 5747 1869 5805 Martianaens

283 5814 572 5870 manifesto
626 5829 815 5871 errore
842 5813 1053 5871 duobus
1091 5816 1290 5889 verbis,
1325 5834 1387 5873 ea:
1418 5821 1593 5888 corde,
1649 5835 1772 5877 cum
1812 5831 1867 5879 et

1992 3291 2179 3365 (Prov.
2208 3308 2247 3360 ι,
2280 3297 2334 3357 4,
2368 3294 2445 3363 8).
2471 3292 2550 3347 De
2581 3292 2663 3346 bis
2689 3291 2897 3362 pueris,
2930 3288 3265 3356 virgunculis
3282 3304 3343 3343 ac
3367 3288 3587 3356 puellis,

1990 3396 2045 3442 et
2073 3386 2524 3453 quadragesimus
2571 3394 2798 3454 Quartus
2822 3384 3085 3453 psalmus,
3118 3382 3478 3447 Adduceutnr,
3507 3380 3589 3435 iu-

1988 3479 2127 3550 quit,
2157 3480 2265 3547 regi
2287 3480 2509 3552 virgines
2524 3485 2636 3550 post
2664 3494 2798 3532 eam.
2824 3476 3143 3544 Juxtaquod
3172 3475 3435 3542 scriptum
3463 3483 3580 3529 est:

1988 3572 2391 3627 Exsultaverunt
2418 3582 2463 3627 et
2480 3578 2670 3626 (tutata:
2689 3580 2805 3625 sunt
2831 3572 2955 3641 ﬁlice
2981 3569 3139 3624 Judae
3158 3574 3209 3623 in
3233 3569 3468 3623 omnibus
3484 3573 3583 3641 ju-

1988 3668 2137 3722 diciis
2167 3669 2288 3725 tuis.
2314 3668 2530 3721 Domine
2560 3666 2676 3735 (Ps.
2705 3682 2848 3729 xcw,
2881 3666 2957 3735 8).
2990 3665 3120 3731 Quae
3159 3680 3279 3719 cum
3314 3662 3586 3719 audierint

1987 3762 2054 3817 ab
2083 3761 2348 3831 Apostolo
2378 3778 2391 3814 :
2424 3760 2674 3822 Gaudete.
2703 3761 2887 3814 iterum
2920 3759 3036 3813 dico
3081 3759 3303 3829 gaudete
3332 3760 3348 3825 (
3380 3756 3581 3828 Philip.

1989 3873 2061 3922 Iv,
2089 3855 2170 3923 4).
2200 3856 2665 3911 mentisleetitiam
2697 3862 2855 3924 gestu
2886 3853 3134 3923 corporis
3160 3851 3497 3918 indicabunt,
3531 3859 3587 3906 et

1986 3950 2317 4015 tripudiante
2346 3950 2562 4009 saltatu.
2615 3948 2798 4003 dicent
2840 3962 2964 4000 cum
3024 3946 3190 4000 David
3227 3965 3239 3998 :
3270 3943 3488 4001 Saltobo
3538 3954 3585 3997 et

1985 4044 2164 4097 ludam
2188 4044 2240 4097 in
2278 4052 2552 4114 conspectu
2592 4040 2805 4095 Domini
2851 4039 2913 4109 (ll
2948 4039 3071 4111 Reg.
3107 4055 3181 4105 γι,
3211 4039 3330 4101 ‘22).

2056 4138 2236 4209 (Vers.
2263 4135 2345 4205 6.)
2384 4135 2516 4190 Haec
2544 4135 2669 4189 dicit
2702 4134 2954 4187 Dominus
2998 4132 3357 4186 exercituum:
3392 4129 3453 4185 Si
3478 4129 3588 4201 dif-

1985 4230 2123 4299 ﬁcile
2161 4229 2417 4284 videbitur
2464 4230 2516 4282 in
2564 4226 2728 4282 oculis
2769 4226 3111 4298 reliquiarum
3134 4226 3314 4298 populi
3341 4225 3495 4286 huius
3523 4224 3580 4277 in

1982 4324 2163 4378 diebus
2187 4324 2316 4383 illis,
2343 4322 2593 4393 numquid
2624 4323 2677 4375 in
2717 4322 2881 4375 oculis
2914 4322 3040 4374 meis
3071 4318 3280 4389 difficile
3297 4319 3433 4373 erit?
3454 4319 3581 4373 dicit

1986 4416 2236 4470 Dominus
2261 4417 2616 4469 exercituum?
2642 4414 2784 4469 LXX
2812 4432 2823 4465 :
2852 4413 2981 4466 Ηανε
2994 4413 3118 4465 dicit
3138 4411 3395 4465 Dominus
3408 4412 3577 4464 omni-

1982 4517 2161 4575 potens
2191 4523 2209 4561 :
2241 4504 2303 4559 Si
2334 4506 2654 4574 impossibile
2668 4506 2766 4559 erit
2791 4503 3209 4573 coramreliquiis
3225 4502 3407 4575 populi
3426 4502 3583 4575 hujus

1981 4596 2143 4669 84],
2178 4601 2229 4651 in
2256 4598 2433 4651 diebus
2454 4598 2562 4651 illis
2588 4614 2605 4652 :
2631 4598 2882 4668 numquid
2913 4607 2962 4650 et
3004 4613 3177 4651 coram
3210 4612 3290 4650 me
3331 4596 3579 4666 impossi-

1982 4690 2084 4742 bile
2106 4690 2241 4743 erit?
2264 4691 2387 4743 dicit
2418 4687 2672 4743 Dominus
2695 4691 3037 4759 omnipotens.
3065 4690 3168 4744 Pcr
3198 4689 3410 4757 singula
3455 4705 3578 4743 ver—

1983 4780 2047 4833 ba
2083 4790 2245 4848 atque
2296 4782 2599 4835 sententias
2628 4781 2823 4849 quibus
2864 4780 3048 4836 lsracli
3080 4796 3341 4852 prospera
3369 4789 3426 4836 et
3476 4796 3577 4850 pro

1984 4890 2164 4929 rerum
2195 4872 2566 4944 magnitudine
2598 4889 2736 4943 pene
2775 4873 3119 4930 incredibilia
3166 4876 3577 4943 promittuntur,

1986 4967 2251 5037 pr0pheta
2295 4966 2588 5037 proponit:
2626 4964 2753 5021 Haec
2797 4966 2918 5021 dicit
2946 4964 3203 5021 Dominus
3230 4970 3572 5032 omnipotens,

1983 5062 2091 5115 alio
2121 5076 2371 5115 sermone
2400 5061 2503 5113 hoc
2522 5060 2786 5130 loquens:
2820 5059 2895 5114 Ne
2928 5060 3127 5130 putetis
3157 5075 3275 5114 mea
3302 5073 3426 5114 esse
3455 5072 3577 5125 qua:

1980 5152 2248 5223 spondeo,
2296 5160 2351 5206 et
2379 5154 2529 5222 quasi
2583 5150 2789 5206 b0tuiui
2840 5168 2945 5205 non
2987 5152 3266 5206 credatis:
3321 5150 3413 5205 Dei
3453 5159 3581 5205 sunt

1983 5247 2254 5319 promissa
2281 5264 2400 5317 qua:
2432 5247 2656 5317 replico.
2693 5246 2865 5317 Supra
2900 5250 3134 5315 dixerat,
3172 5261 3308 5300 anus
3337 5254 3393 5301 et
3421 5258 3580 5299 senes

1986 5392 2265 5447 Victorius
2330 5400 2486 5444 antea
2530 5391 2911 5445 Brixianorum
2957 5390 3203 5448 codicum
3245 5407 3369 5459 ope,
3400 5408 3577 5448 vecor-

1980 5467 2097 5518 dem
2120 5465 2477 5523 restituisSt-t.
2501 5464 2585 5517 cui
2611 5471 2665 5516 et
2696 5462 2825 5517 illud
2858 5474 3104 5518 notatum
3140 5474 3254 5529 est,
3292 5464 3395 5519 boc
3424 5467 3577 5521 testi-

1979 5539 2220 5590 monium
2275 5536 2503 5589 inveniri
2559 5535 2611 5587 in
2659 5534 2851 5589 Gtmco
2907 5538 3049 5602 apud
3092 5536 3257 5596 LXX.
3318 5535 3569 5603 Pruv.’x,

1974 5606 2063 5686 ’³.ος
2103 5612 2156 5686 ἐκ
2189 5609 2398 5686 χειλέῳν
2432 5608 2673 5686 προφέρει
2718 5610 3129 5686 σοφίαν-.-ῥᾴϐδῳ
3175 5612 3361 5686 ruberes:
3408 5607 3571 5686 ἄνδρα

1973 5680 2235 5759 ἀκάρδιογ,
2292 5681 2448 5759 (Eli-ills
2494 5680 2612 5759 loco
2653 5696 2763 5759 nos
2792 5680 2845 5733 in
2902 5680 3127 5759 yt'tlgatn
3148 5682 3404 5759 editione
3438 5680 3569 5759 legi-

1974 5751 2096 5826 mus
2130 5771 2143 5807 :
2182 5751 2243 5804 In
2268 5751 2439 5826 labiis
2463 5753 2712 5826 sapientis
2744 5751 3024 5826 invenitur
3044 5755 3322 5826 sapientia,
3347 5764 3394 5809 et
3423 5755 3568 5825 virga

1972 5824 2026 5879 in
2046 5824 2199 5879 dorso
2230 5825 2358 5893 ejus,
2394 5823 2481 5892 qui
2520 5822 2720 5893 indiget
2757 5823 2929 5877 corde.
