4026 6346
435 289 571 346 lilii

1681 291 1739 353 S.
1785 287 2055 353 EUSEBI!
2095 295 2473 358 HIERONYMI

3589 293 3746 391 tto]
3773 310 3836 380 ςα

429 405 483 458 in
512 403 704 476 plateis
732 419 855 462 esse
879 417 1150 474 sessurus,
1182 411 1236 464 et
1277 423 1376 480 pro
1407 407 1667 480 temporis
1695 409 2032 481 longitudine
2060 411 2110 471 Α
2138 425 2239 467 nus
2264 411 2321 468 in
2364 411 2659 486 Evangelio
2709 415 3033 488 loquebatur
3082 433 3094 471 :
3142 417 3299 474 Multi
3347 420 3412 476 de
3444 420 3660 480 Oriente
3691 429 3746 479 et

428 497 651 553 baculus
683 501 928 556 manibus
959 503 1294 567 retenturos,
1341 501 1636 558 arctandas
1679 503 1885 574 plateas
1931 499 2028 557 bo-

432 592 638 647 minum
675 593 1040 660 multitudine,
1075 609 1272 665 pueros
1292 611 1356 650 ac
1390 595 1601 667 puellas
1633 591 1786 668 quasi
1833 593 1888 651 in
1922 595 2031 651 fasc

429 684 498 738 tis
529 683 717 739 diebus
750 683 947 740 choros
977 687 1204 753 ducere,
1235 699 1284 742 et
1304 687 1687 743 exstruendam
1701 687 2026 751 Jerusalem,

429 785 594 847 atque
635 777 685 831 in
740 785 939 834 statum
994 776 1272 834 felicitatis
1326 781 1564 848 pristinae
1610 780 2024 835 restituendam.

433 869 550 925 Hoc
578 869 824 940 reliquiis
855 874 1064 944 populi,
1112 887 1234 946 quae
1277 874 1344 929 de
1382 874 1703 945 captivitate
1749 882 2028 938 venerant,

428 961 719 1020 videbatur
769 965 1125 1032 incredibile,
1173 967 1528 1021 cernentibus
1577 971 1768 1021 urbem
1818 970 2032 1038 penitus

433 1058 773 1125 destitutam,
824 1075 1103 1117 murorum
1152 1063 1370 1127 ruinas,
1399 1059 1719 1118 combustus
1766 1064 2028 1133 parietes,

435 1167 626 1208 manus
657 1153 978 1226 Babylonias
1025 1163 1304 1211 ostentare
1331 1172 1344 1221 ;
1390 1154 1600 1211 idcirco
1629 1154 1906 1211 consociat
1933 1175 1944 1210 :
1975 1155 2033 1211 Si

432 1247 588 1302 Vobis
619 1250 710 1318 qui
744 1250 876 1304 estis
911 1247 1152 1321 reliquiae
1197 1250 1395 1321 captivi
1439 1252 1646 1322 populi,
1689 1250 1772 1304 vel
1813 1250 2032 1305 difficile
2073 1291 2076 1294 -

437 1341 525 1394 vel
556 1342 893 1409 impossibile
947 1343 1160 1399 videtur
1205 1359 1325 1398 esse
1371 1343 1512 1415 quod
1568 1343 1832 1412 spondeo,
1878 1352 1934 1398 ut
1979 1345 2030 1397 in

434 1431 630 1487 diebus
663 1434 771 1488 illis
801 1431 998 1506 quibus
1026 1435 1338 1490 mdilieaitda
1388 1445 1472 1490 est
1517 1435 1844 1502 Jerusalem,
1887 1443 2031 1491 tanta

432 1523 663 1580 felicitas
690 1528 760 1582 sit
791 1545 803 1581 :
839 1527 1099 1598 mtmquid
1125 1529 1177 1584 in
1211 1540 1512 1598 conSpcctu
1547 1531 1762 1586 Domini
1810 1537 1904 1586 aut
1931 1531 2033 1586 dira

433 1617 574 1674 ﬁcile
607 1619 728 1688 crit,
758 1627 853 1676 aut
884 1622 1240 1692 impossibile,
1273 1623 1360 1693 qui
1392 1623 1504 1677 iure
1549 1623 1720 1679 futura
1765 1639 1888 1680 meo
1938 1637 2034 1680 ore

432 1714 737 1784 promittit?
769 1715 898 1783 Quia
921 1716 1054 1771 enim
1085 1716 1226 1788 apud
1257 1716 1489 1772 homines
1511 1717 1855 1787 impossibilia
1887 1727 2027 1787 sunt,

2135 504 2408 562 Occidente
2456 511 2677 576 venient,
2730 517 2780 564 et
2823 510 3146 565 accubabant
3192 513 3243 566 in
3292 527 3454 585 regno
3491 515 3745 572 calorum

2132 611 2247 650 cum
2275 597 2561 670 Abraham,
2603 601 2775 668 Isaac,
2823 609 2874 658 et
2903 602 3068 660 Jaéob
3118 603 3297 677 (Matt.
3350 619 3465 670 Vill,
3525 609 3636 680 Η).
3669 610 3744 665 Et.

2132 691 2302 747 multo
2329 701 2454 748 ante
2483 693 2766 750 Psalmista
2804 697 3150 765 promiserat,
3180 697 3368 754 dicens
3399 715 3415 754 :
3443 699 3582 755 Deus
3613 703 3746 756 deo—

2130 793 2244 838 rum
2275 785 2530 842 Dominus
2569 789 2772 845 locutus
2796 797 2894 857 est,
2941 801 2988 844 et
3015 795 3210 847 vocavit
3233 802 3450 849 terram.
3508 795 3583 850 Ab
3617 807 3744 851 ortu

2131 880 2256 934 solis
2282 897 2443 949 usque
2472 883 2539 935 ml
2561 897 2796 938 occasum
2827 928 2842 950 ,
2874 886 2936 939 de
2963 885 3094 941 Sion
3138 885 3292 942 decor
3325 887 3749 961 pulchritudinis

2131 974 2244 1044 ejus
2276 971 2448 1043 (Psat.
2485 985 2638 1040 xm,
2675 976 2724 1041 l,
2771 975 2853 1048 ἓ).
2910 977 3104 1034 Veniet
3154 980 3301 1034 enim
3345 993 3410 1037 ex
3463 982 3596 1038 Sion
3647 983 3749 1054 qui

2131 1064 2348 1134 eripiat,
2409 1078 2462 1120 et
2498 1077 2707 1122 avertat
2755 1067 3073 1139 iniquitates
3107 1087 3136 1124 a
3185 1071 3355 1128 Jacob
3407 1074 3630 1144 quando
3669 1076 3748 1132 al)

2132 1156 2356 1212 Oriente
2397 1201 2411 1224 ,
2463 1165 2519 1214 et
2569 1160 2869 1217 Occidente
2909 1159 3192 1218 incensam
3239 1161 3470 1220 offertur
3527 1167 3745 1223 nomini

2136 1248 2344 1303 Domini
2377 1249 2600 1306 inomni
2632 1254 2773 1320 loco,
2821 1259 2875 1308 ct
2915 1254 3243 1310 sacrificium
3297 1257 3578 1325 mundum,
3637 1275 3750 1315 ne-

2133 1353 2404 1410 quaquam
2466 1343 2518 1397 in
2575 1344 2808 1399 victimis
2858 1347 3060 1401 veteris
3114 1341 3482 1415 Testamenti,
3535 1351 3633 1406 sed
3683 1352 3746 1406 in

2134 1436 2420 1489 sanctitate
2467 1439 2794 1507 evangelicae
2842 1437 3116 1508 puritatis,
3142 1439 3209 1494 de
3249 1455 3358 1510 quo
3411 1441 3638 1496 incenso
3685 1447 3754 1499 et

2135 1523 2260 1579 alibi
2285 1527 2514 1596 legimus
2546 1546 2559 1582 :
2595 1526 2865 1601 Dirigutur
2906 1532 3075 1584 oratio
3114 1541 3249 1598 mea,
3292 1534 3424 1586 sicut
3473 1534 3754 1589 incensum

2130 1617 2184 1670 in
2215 1629 2489 1687 conspectu
2516 1630 2604 1675 tuo
2637 1620 2757 1693 (Ps.
2785 1634 2907 1691 exc,
2935 1622 2991 1690 Ξ,
3021 1621 3102 1693 ὅ).
3142 1623 3208 1676 Ει
3238 1624 3381 1693 quod
3417 1625 3487 1679 sit
3523 1626 3624 1680 hoc
3659 1627 3753 1680 in-

2134 1723 2378 1776 censum,
2413 1727 2652 1784 sequens
2691 1729 2874 1770 sermo
2920 1715 3265 1771 demonstrat
3296 1734 3310 1772 :
3340 1717 3580 1772 Eleuatia
3629 1735 3752 1771 mae

431 1807 574 1875 apud
623 1807 787 1863 Deum
824 1810 1095 1881 possibilia
1150 1820 1270 1865 sunt
1317 1809 1532 1882 (Matth.
1591 1823 1700 1879 xix,
1747 1812 1866 1883 '26).
1909 1813 2035 1869 Hinc
2065 1793 2300 1859 Bnuum
2355 1821 2583 1860 arearum
2652 1809 2966 1878 sacriﬁcium
3025 1810 3393 1879 vespertinum
3445 1810 3748 1878 Postauam

432 1899 834 1969 persecutionis
888 1911 1135 1971 tempore
1177 1902 1229 1958 in
1271 1903 1533 1958 Ecclesiis
1571 1903 1772 1957 Christi
1817 1903 2030 1973 expleta

429 1996 838 2065 conspeximm,
873 1996 1092 2067 quando
1122 1998 1173 2052 in
1208 2005 1412 2051 tantam
1458 1997 1664 2051 rabiem
1714 2004 2025 2066 persecuto-

431 2105 554 2144 rum
588 2089 780 2146 feritas
824 2091 1060 2148 excitata
1094 2099 1200 2158 est,
1253 2099 1309 2146 ut
1341 2093 1506 2146 etiam
1537 2089 1905 2147 conciliabula
1934 2101 2034 2145 nua

431 2193 543 2238 stra
596 2184 967 2255 deStruerent,
1019 2187 1228 2242 divinos
1259 2184 1430 2241 libros
1479 2186 1692 2256 ignibus
1732 2185 2029 2253 traderent,

431 2295 623 2334 omnes
672 2279 887 2347 insulae,
940 2280 1182 2348 metalla,
1233 2289 1504 2344 earceres,
1553 2277 1932 2334 eonfessorum
1979 2288 2033 2334 et

440 2381 735 2445 martyrum
771 2375 1040 2430 catenatis
1079 2373 1331 2446 gregibus
1373 2374 1752 2444 implerentur.
1795 2373 1928 2442 Quis
1967 2381 2034 2427 eo

437 2474 681 2536 tempere
708 2465 959 2522 crederet
989 2481 1201 2523 rursum
1229 2467 1503 2523 Ecclesias
1533 2466 1929 2522 conslruendus
1963 2467 2032 2520 ab

436 2559 523 2614 his
547 2559 677 2631 ipsis
706 2561 794 2630 qui
825 2567 953 2615 ante
976 2561 1408 2616 desmtxerant?
1439 2576 1546 2616 non
1578 2561 1723 2631 quod
1748 2560 1910 2616 iidem
1937 2562 2034 2614 ho-

437 2651 612 2707 mines
645 2650 867 2717 fuerlnt,
894 2653 990 2708 sed
1024 2653 1166 2724 quod
1191 2653 1381 2710 eadem
1412 2654 1614 2724 regalis
1638 2661 1883 2724 potestas
1911 2667 2033 2726 quae

437 2745 586 2814 prius
613 2743 840 2801 sedebat
870 2745 921 2800 in
955 2747 1167 2801 insidiis
1206 2759 1328 2800 cum
1358 2746 1622 2802 divitibus
1663 2745 1838 2820 (Psal.
1873 2747 1951 2818 x),
1979 2757 2033 2804 et

435 2838 590 2907 quasi
623 2852 688 2892 ex
719 2840 1224 2894 senatus-consulto
1253 2837 1454 2893 Christi
1481 2849 1680 2895 nomen
1727 2840 2033 2896 conabatur

437 2932 806 3002 exstinguere,
843 2945 987 2988 nunc
1007 2934 1262 3002 expensis
1299 2933 1618 3002 reipublicae
1663 2927 2032 2990 Ecclesiarum

436 3021 688 3078 basilicas
718 3033 982 3091 exstruat,
1014 3032 1069 3080 et
1097 3025 1301 3080 exallet
1330 3035 1538 3080 siunma
1579 3025 1812 3096 fastigia,
1841 3035 2030 3082 utnon

432 3116 605 3170 solum
657 3115 934 3182 laquearia
991 3127 1044 3174 et
1091 3127 1230 3174 tecta
1280 3118 1532 3187 fulgentia
1587 3129 1717 3173 auro
1760 3120 2030 3187 decoret;

2135 1901 2279 1953 enim
2327 1897 2396 1954 de
2446 1902 2594 1970 virga
2641 1900 2798 1956 Jesse
2845 1900 3149 1970 pullulavit,
3214 1903 3307 1972 qui
3366 1902 3755 1957 dominaretur

2135 1993 2412 2063 gentibus,
2443 1995 2570 2049 etin
2593 1995 2713 2065 ipso
2741 2005 2935 2062 gentes
2959 2006 3252 2065 Sperarunt
3294 1995 3474 2068 (Rom.
3519 1995 3639 2060 xv),
3688 1999 3752 2051 et

2137 2085 2204 2142 de
2244 2087 2486 2154 Oriente,
2535 2096 2591 2142 et
2634 2087 2701 2141 de
2731 2087 3049 2153 Occidente,
3103 2097 3212 2142 tam
3263 2090 3474 2158 primus
3507 2089 3750 2160 populus

2135 2193 2296 2250 quam
2323 2179 2650 2235 novissimus
2673 2179 2725 2234 in
2755 2177 3042 2236 Dominum
3069 2179 3447 2246 crediderunt,
3480 2192 3538 2237 et
3564 2180 3749 2236 factus

2136 2283 2220 2327 est
2244 2287 2374 2342 grex
2406 2286 2546 2326 unus
2578 2289 2590 2326 :
2625 2282 2752 2327 tmte
2796 2272 2862 2327 ad
2912 2271 3156 2326 laetitiam
3208 2287 3400 2329 omnes
3434 2281 3748 2343 provocat:

2138 2375 2263 2418 sunt
2307 2366 2576 2430 nationes,
2623 2375 2676 2419 et
2725 2365 3012 2420 concitatae
3059 2366 3125 2418 ad
3155 2364 3436 2433 gaudium,
3475 2366 3745 2436 propheta

2138 2459 2354 2514 dii-eote
2377 2476 2389 2512 :
2427 2459 2721 2520 Lictantini,
2745 2469 2941 2529 gentes,
2967 2475 3080 2512 cum
3102 2459 3291 2531 populo
3314 2461 3427 2532 ejus
3459 2460 3580 2532 (Ps.
3619 2475 3738 2529 nt,

2137 2555 2250 2626 28).
2281 2554 2446 2608 Juxta
2476 2553 2640 2626 85.3
2676 2555 2805 2608 illud
2839 2553 2979 2623 quod
3011 2553 3138 2608 alibi
3166 2554 3431 2623 scriptum
3459 2561 3546 2608 est
3581 2571 3596 2609 :
3634 2552 3744 2606 Re-

2138 2648 2493 2700 cordnhuntur
2518 2658 2564 2700 et
2594 2655 2953 2700 convertentur
2979 2646 3048 2699 ad
3078 2645 3362 2699 Dominum
3394 2663 3572 2700 omnes
3613 2647 3745 2712 [inet

2138 2749 2307 2805 ιρι-τω,
2338 2751 2384 2793 ct
2412 2738 2704 2793 adorabunt
2735 2754 2907 2792 coram
2939 2755 2996 2792 eo
3040 2740 3294 2792 universe
3342 2738 3566 2810 familia:
3609 2755 3744 2810 gens

2137 2834 2285 2887 tium.
2320 2833 2588 2904 Quodque
2619 2834 2871 2904 sequitur
2903 2849 2918 2888 :
2952 2831 3019 2887 In
3064 2834 3276 2887 ueritate
3299 2835 3602 2905 etjustitia,
3638 2832 3745 2888 hoc

2136 2925 2425 2995 significat,
2469 2925 2612 2996 quod
2665 2925 2869 2981 veteris
2915 2925 3074 2995 Legis
3117 2925 3311 2979 umbra
3361 2925 3646 2989 discedat,
3688 2934 3749 2980 ct.

2139 3020 2419 3090 EVangelii
2448 3023 2654 3076 veritas
2685 3020 2892 3087 venint,
2931 3029 3270 3089 nequathatn
3303 3020 3357 3072 in
3381 3019 3595 3086 justitia
3646 3017 3750 3071 Ju-

2139 3113 2521 3176 d.eorum,sed
2553 3115 2602 3167 in
2631 3113 2840 3183 jnstitia
2871 3111 3217 3166 Christiana:
3268 3111 3387 3179 ipse
3437 3111 3583 3164 enim
3630 3110 3746 3164 Do-

435 3209 529 3264 sed
559 3211 793 3281 parietes
822 3213 1020 3268 diversi
1054 3215 1345 3268 marmoris
1385 3213 1582 3268 vestiat
1612 3213 1832 3280 crustis,
1867 3225 1919 3268 et
1952 3214 2031 3268 diu

2139 3208 2319 3262 minus
2351 3207 2556 3260 veritas
2589 3216 2670 3259 est
2703 3214 2869 3272 atque
2896 3204 3136 3274 justitia,
3187 3201 3260 3257 de
3305 3218 3411 3267 quo
3463 3203 3699 3272 legimus
3730 3221 3745 3256 :

433 3308 590 3360 vinos
620 3305 789 3362 libros
819 3321 953 3377 quos
994 3307 1142 3376 prius
1177 3307 1425 3364 tradebat
1457 3305 1731 3372 incendio,
1766 3315 1905 3362 nunc
1934 3307 2030 3363 tle-

429 3412 649 3454 auratos
695 3409 750 3455 et
789 3411 1138 3472 purpuratos,
1179 3411 1233 3456 ct
1273 3415 1608 3474 gemmarum
1642 3404 1908 3457 varietate
1947 3403 2030 3457 di-

430 3493 680 3559 stinctos,
712 3495 762 3548 in
791 3493 1093 3549 custodiam
1132 3493 1358 3550 Romani
1392 3503 1682 3551 veneretur
1721 3505 1919 3552 status.

508 3587 691 3657 (Vers.
718 3585 772 3652 7,
803 3587 883 3658 8.)
928 3587 1056 3642 Ho’t'
1078 3591 1201 3642 dicit
1233 3587 1484 3643 Dominus
1512 3591 1830 3644 exercituum
1858 3601 1875 3645 .‘
1901 3587 2032 3644 Ecce

431 3695 523 3750 ego
561 3679 770 3734 salrabo
803 3682 1055 3750 papulttm
1087 3693 1256 3735 meum
1298 3681 1361 3735 de
1394 3692 1530 3736 terra
1573 3681 1820 3748 Orientis,
1861 3679 2026 3756 842

427 3783 477 3827 et
520 3773 584 3826 de
620 3783 754 3828 terra
795 3789 1004 3828 occasus
1029 3775 1175 3828 solis.
1205 3774 1269 3828 Et
1297 3776 1558 3830 adducam
1597 3793 1702 3838 eos,
1730 3785 1776 3828 et
1820 3775 2026 3828 habita-

433 3865 554 3918 bttnt
581 3866 632 3918 in
661 3867 830 3919 medio
857 3867 1154 3920 Jerusalem
1184 3883 1201 3922 :
1235 3876 1278 3922 et
1307 3877 1454 3921 erunt
1489 3865 1614 3921 mihi
1655 3869 1707 3920 in
1753 3867 2023 3939 populum,

431 3966 475 4010 et
498 3973 591 4027 ego
616 3973 702 4010 ero
728 3959 799 4010 eis
832 3958 882 4010 in
908 3955 1095 4026 Deum,
1120 3960 1173 4011 in
1193 3961 1405 4012 veritate
1426 3967 1472 4012 et
1500 3961 1552 4012 in
1570 3960 1801 4029 justitia.
1831 3967 1854 3994 η
1883 3957 2022 4013 LXX

429 4049 701 4102 similiter.
741 4048 870 4104 ΙΙωο
897 4049 1206 4104 Judworum
1234 4051 1322 4103 alii
1364 4052 1576 4115 dicunt,
1625 4060 1747 4122 post
1788 4051 2029 4107 Zoroba-

431 4139 516 4194 bel
548 4137 961 4207 etNehomiam,
995 4142 1268 4196 :rdillcato
1293 4143 1516 4213 templo,
1542 4154 1594 4197 et
1627 4143 1798 4199 muris
1835 4145 2025 4198 civita-

433 4234 501 4286 tis
529 4232 844 4298 exstructis,
879 4243 933 4288 et
973 4243 1114 4288 statu
1147 4235 1374 4290 Judaico
1415 4237 1688 4304 restituto,
1739 4251 1766 4288 a
1816 4234 2032 4291 Macha-

433 4324 564 4379 lueis
589 4334 642 4380 et
680 4323 911 4382 diversis
943 4326 1298 4396 principibus,
1340 4329 1427 4397 qui
1460 4341 1628 4397 usque
1657 4329 1724 4383 ad
1758 4327 2028 4384 Herodem

427 4431 622 4474 rexere
647 4418 916 4486 Judteam,
949 4429 1073 4475 esse
1100 4419 1393 4490 completa.
1444 4419 1546 4474 Alii
1585 4421 1638 4476 in
1678 4432 2030 4477 consumma-

431 4511 579 4566 tione
612 4505 927 4568 mundi'sub
968 4511 1207 4578 Christo,
1243 4523 1406 4583 quem
1455 4509 1659 4568 frustra
1707 4515 2030 4584 praestolans

2149 3299 2348 3354 Veritas
2370 3302 2432 3353 de
2463 3309 2600 3352 terra
2631 3309 2742 3352 orta
2770 3305 2865 3364 est,
2890 3303 2937 3351 et
2956 3297 3170 3370 justitia
3197 3297 3262 3350 de
3299 3297 3426 3350 coelo
3467 3297 3740 3367 prospexit

2136 3393 2306 3464 (Psnl.
2341 3405 2558 3462 Lxxxtv,
2586 3393 2698 3463 ii).
2735 3392 2888 3448 Unde
2927 3399 2984 3445 et
3015 3391 3070 3445 in
3105 3399 3301 3460 quarto
3330 3390 3550 3444 decimo
3597 3391 3750 3458 psal-

2137 3501 2248 3552 mo,
2289 3487 2500 3556 justitia
2534 3485 2698 3539 simul
2723 3493 2778 3538 ct
2804 3485 3011 3538 veritas
3055 3482 3448 3537 nominantur:
3486 3481 3590 3546 Qui
3634 3497 3751 3534 am-

2137 3579 2277 3633 bulat
2325 3581 2432 3632 sine
2474 3579 2682 3633 macula
2713 3587 2759 3631 et
2801 3587 3048 3647 aperatur
3085 3578 3380 3649 justitiam,
3413 3585 3464 3630 et
3512 3577 3749 3646 loquitur

2133 3673 2397 3726 veritatem
2431 3673 2483 3725 in
2507 3671 2661 3724 corde
2687 3687 2798 3724 suo.

2208 3765 2386 3836 (νει-ει.
2419 3763 2498 3833 9.)
2542 3763 2668 3818 "(ac
2717 3763 2845 3817 dicit
2879 3759 3134 3816 Dominus
3185 3762 3513 3816 exercituum
3541 3776 3559 3816 ε
3589 3759 3734 3815 Con-

2135 3862 2387 3931 fortentur
2415 3875 2598 3914 manus
2625 3871 2828 3922 castrat,
2857 3858 2946 3927 qui
2973 3857 3168 3910 auditis
3196 3857 3250 3909 in
3281 3855 3459 3910 diebus
3501 3856 3579 3908 his
3624 3871 3744 3908 ser-

2135 3969 2311 4008 omnes
2331 3953 2452 4007 illos
2485 3969 2575 4024 per
2600 3969 2656 4006 os
2689 3950 3061 4020 prophetarum
3091 3951 3144 4002 in
3175 3948 3262 4002 die
3289 3965 3390 4016 quo
3415 3947 3638 4018 {aridam
3657 3956 3738 4000 ut

2135 4047 2320 4100 domus
2350 4045 2556 4100 Domini
2579 4047 2920 4110 exercituum,
2973 4053 3028 4096 ut
3071 4042 3326 4114 templum
3353 4043 3732 4112 (adiﬁcantur.

2138 4140 2490 4209 Septuaginta
2520 4154 2618 4209 pro
2644 4138 2876 4192 Domino
2903 4137 3269 4198 exercituum,
3302 4133 3588 4189 Dominum
3619 4148 3740 4187 am-

2133 4235 2464 4301 nipotentem,
2496 4240 2690 4287 cmtera
2719 4231 2975 4285 similiter
3001 4231 3423 4284 transtulerunt.
3468 4227 3736 4284 Edilicao

2136 4336 2190 4380 to
2219 4327 2425 4393 templo
2465 4325 2568 4378 sub
2613 4324 2913 4378 Zorobahcl
2963 4330 3020 4378 et
3067 4322 3195 4377 Jesu
3245 4322 3324 4393 (in
3355 4332 3556 4392 quarto
3585 4323 3735 4376 enim

2135 4435 2278 4472 anno
2308 4417 2457 4472 Darii
2491 4418 2657 4488 regis,
2708 4427 2896 4488 quarta
2929 4415 3020 4470 die
3068 4416 3274 4470 mensis
3309 4416 3478 4482 noni,
3513 4416 3604 4484 qni
3638 4431 3736 4482 ap-

2139 4513 2372 4580 pellatur
2399 4525 2623 4577 CASLEU,
2651 4511 2764 4564 haec
2795 4510 3045 4563 universa
3070 4509 3346 4575 dicuntur,
3375 4507 3730 4575 quandojam

433 4612 558 4668 tur,
612 4606 877 4675 capienda
930 4616 1386 4662 commemorant.
1434 4607 1542 4663 Nos
1597 4583 1776 4664 autem
1831 4620 1885 4663 et
1938 4583 2110 4666 illoD
2138 4607 2395 4676 templum
2442 4605 2619 4660 fuerat
2665 4603 3040 4671 exstructum)
3085 4601 3251 4656 iidem
3299 4601 3583 4671 propheta:
3623 4601 3737 4671 Ag-

437 4709 701 4767 tempore,
735 4700 784 4752 id
809 4709 913 4767 est,
940 4709 1060 4771 post
1087 4699 1392 4757 Zorobahel
1423 4711 1477 4756 et
1526 4701 1868 4770 Nehemiam,
1898 4703 2028 4758 dici—

435 4805 556 4844 mus
587 4805 650 4844 ex
683 4799 837 4858 parte
868 4792 1158 4860 completa,
1190 4801 1246 4846 et
1279 4795 1430 4862 quasi
1461 4793 1512 4848 in
1567 4793 1706 4866 typis
1745 4802 1800 4849 et
1840 4795 2033 4866 imagi-

435 4883 596 4938 nibus
625 4885 988 4953 prazeessisse,
1029 4887 1249 4955 quando
1294 4887 1527 4955 populus
1563 4887 1819 4942 reductus
1845 4899 1927 4941 est
1964 4888 2032 4943 de

435 4977 770 5046 captivitate,
804 4987 856 5033 et
888 4978 1156 5033 habitavit
1179 4979 1231 5033 in
1257 4979 1582 5048 Jerusalem,
1623 4990 1677 5034 et
1717 4980 1811 5035 Del
1857 4993 2027 5050 popu-

432 5070 517 5126 los
555 5072 860 5141 appellatus
890 5079 996 5137 est,
1052 5080 1106 5126 et
1144 5085 1363 5128 rursum
1404 5072 1667 5128 Dominus
1687 5083 1913 5130 vocatus
1951 5083 2034 5130 est

437 5164 579 5220 Deus
605 5179 792 5219 eorum
827 5183 839 5218 ε
867 5179 1207 5236 nequaquam
1251 5167 1304 5220 in
1339 5166 1620 5222 mendacio
1642 5171 1696 5222 et
1729 5169 2030 5238 iniquitate,

435 5258 531 5314 sed
565 5259 617 5312 in
659 5263 890 5314 veritate
930 5267 983 5313 et
1010 5259 1244 5327 iustitia.
1295 5257 1364 5314 Et
1397 5273 1538 5313 lltlﬂc
1574 5259 1887 5328 plenissime
1933 5261 2035 5316 sub

439 5352 675 5406 Domino
699 5351 983 5408 Salvatore
1015 5353 1067 5406 in
1093 5352 1362 5418 Ecclesia,
1387 5352 1436 5406 id
1465 5360 1567 5416 est,
1615 5353 1667 5407 in
1703 5368 1829 5408 vera
1871 5353 2032 5409 Jeru-

435 5443 604 5498 salem
637 5442 1055 5512 promissionem
1088 5443 1252 5500 rebus
1281 5443 1510 5512 expleri,
1546 5443 1783 5500 niaxime
1804 5446 1924 5515 quia
1953 5446 2038 5501 di-

436 5535 616 5590 citur:
664 5533 798 5589 Ecce
847 5551 942 5607 ego
988 5537 1200 5591 saltmbo
1263 5535 1515 5609 populum
1567 5552 1734 5591 meum
1787 5537 1852 5590 de
1904 5546 2041 5593 terra

445 5625 693 5692 Orientis,
723 5631 771 5680 et
809 5627 873 5681 de
902 5639 1038 5682 terra
1072 5628 1393 5697 Occidentis,
1427 5630 1496 5685 de
1525 5629 1722 5700 quibus
1765 5637 1820 5685 et
1860 5629 2045 5686 Domi-

2132 4715 2283 4771 gaeus
2312 4709 2364 4754 et
2405 4697 2726 4762 Zacharias,
2754 4693 2847 4765 qui
2877 4703 2934 4748 ut
2968 4691 3350 4758 aedificaretur,
3400 4701 3460 4748 et
3489 4694 3660 4746 duces
3685 4699 3740 4746 et

2137 4792 2394 4862 populum
2426 4789 2644 4844 fuerant
2673 4787 2966 4852 cohortati,
3021 4802 3165 4841 nunc
3215 4786 3577 4841 cohortantur
3621 4799 3740 4845 eos.

2134 4893 2193 4937 ut
2216 4898 2282 4935 ex
2313 4882 2558 4948 priorum
2581 4879 2812 4934 veritate
2841 4880 2924 4932 his
2945 4893 3068 4949 qua:
3111 4879 3162 4932 in
3217 4878 3458 4933 futurum
3511 4877 3737 4948 promit-

2136 4985 2346 5040 tuntur,
2389 4973 2800 5030 accommodent
2845 4972 3032 5043 tidem,
3097 4979 3154 5028 et
3203 4972 3516 5027 Confertent
3548 4984 3743 5026 manus

2139 5087 2288 5134 sitas,
2323 5083 2664 5140 nequaquam
2719 5067 3000 5122 Medorum
3051 5067 3308 5136 impetum
3363 5074 3422 5120 et
3477 5064 3744 5133 impedire

2141 5161 2474 5230 cupientium
2507 5175 2602 5230 per
2633 5159 2922 5214 circuitum
2953 5159 3234 5212 nationdm
3281 5158 3511 5212 insidias
3558 5156 3743 5211 formi—

2139 5255 2332 5310 dantes
2364 5271 2378 5308 :
2413 5263 2468 5306 et
2493 5251 2873 5307 confortentur
2899 5259 2997 5320 per
3021 5263 3083 5305 us
3117 5250 3508 5319 prophetarum
3541 5267 3605 5304 ex
3649 5251 3738 5303 die

2139 5366 2246 5421 quo
2277 5346 2465 5418 templi
2513 5345 2860 5400 fundamenta
2911 5351 3039 5404 sunt
3080 5347 3246 5411 jarta,
3297 5343 3564 5413 usquead
3595 5343 3732 5398 diem

2142 5461 2248 5516 quo
2293 5437 2786 5512 supermdiiicatum
2830 5447 2913 5493 est
2947 5437 3229 5507 templum,
3269 5447 3318 5489 ct
3353 5437 3575 5492 audiant
3619 5449 3734 5506 quae

2145 5545 2464 5610 sequuntur.
2491 5534 2745 5589 Breviter
2774 5531 3132 5601 explanamus
3165 5529 3450 5584 historiam
3481 5526 3736 5599 quidquid

2146 5632 2214 5688 de
2244 5626 2574 5692 ieritsalem,
2602 5634 2658 5681 et
2681 5626 2750 5679 de
2777 5624 2980 5692 templo
3009 5621 3215 5675 dicitur
3237 5663 3250 5685 ,
3283 5622 3644 5690 spiritualiter
3671 5617 3733 5671 ad

525 5811 549 5839 ι
590 5805 722 5872 Quae
749 5806 983 5866 deerant.
1010 5763 1198 5878 verba,
1238 5807 1385 5868 LIX
1410 5809 1668 5880 similiter,
1710 5810 1886 5868 nostri
1915 5826 2049 5872 mss.
2075 5811 2373 5873 sufﬁciunt.
