4056 6342
293 338 429 393 Hti’l

1011 323 1664 392 COMMENTARIORUM
1700 321 1767 388 tu
1807 319 2215 389 ZACIIARIAM
2256 331 2388 388 LIB.
2431 333 2496 388 u.
2541 335 2692 389 car.
2736 331 2872 387 Vlll.

3460 325 3594 383 ilio

290 452 592 524 Ecclesium
643 451 964 520 referentes,
1020 452 1075 507 in
1117 465 1226 522 qua
1273 449 1652 506 confortantnr
1698 450 1892 504 manus
1917 437 1967 514 Δ
1997 451 2423 522 proclamantem
2457 463 2470 507 ξ
2509 445 2867 522 Unusquisque
2887 447 3111 520 accipiet
3153 457 3417 520 prapriam
3456 455 3590 500 mer-

291 560 390 616 per
430 544 567 598 bona
614 555 804 613 opera,
851 554 905 599 et
937 543 1233 598 fundantur
1258 543 1478 608 domus,
1513 541 1734 611 quando
1764 540 1893 596 ﬁdei

290 637 640 693 fundamenta
702 637 1016 706 iaciuntur,
1093 637 1474 708 templumque
1547 637 1890 703 exstruitur,

291 730 512 799 quando
551 728 845 785 multitudo
882 729 1224 786 credentium
1267 729 1580 798 robortnr,
1622 737 1678 785 et
1712 731 1784 784 ita
1809 730 1894 785 vi-

291 821 391 890 vit,
424 833 480 877 ut
507 821 768 893 templum
805 821 898 877 Dei
919 835 1047 877 esse
1079 830 1376 878 mereatur.

366 914 547 986 (Vere.
581 913 696 984 10.)
739 913 1010 980 Siquidem
1031 924 1152 970 ante
1179 914 1288 970 dies
1328 915 1450 968 illos
1483 929 1674 968 merces
1723 913 1888 968 homi-

292 1021 416 1060 num
439 1021 542 1060 non
567 1016 697 1071 erat,
739 1019 832 1060 nec
855 1021 1052 1060 merces
1072 1010 1433 1079 jumentorum
1465 1019 1597 1071 erat,
1629 1021 1787 1075 neque
1814 1006 1898 1058 ine

293 1102 519 1156 troeunti
557 1109 603 1153 et
637 1099 846 1154 exeunti
881 1109 990 1154 erat
1024 1115 1128 1170 pax
1171 1115 1277 1168 pra:
1316 1098 1694 1154 tribulatione:
1734 1107 1779 1150 et
1812 1098 1895 1150 di-

295 1193 412 1248 misi
457 1209 631 1247 omnes
672 1193 906 1247 homines
951 1209 1364 1264 unumquemque
1400 1204 1580 1246 contra
1609 1193 1900 1262 proximum

295 1305 466 1343 suum.
505 1287 674 1360 ΒΜ
711 1286 894 1342 LXX:
937 1287 1078 1355 Quia
1114 1300 1233 1342 ante
1273 1289 1383 1342 dies
1420 1289 1538 1342 illos
1575 1301 1770 1341 merces
1810 1286 1904 1340 hoe

295 1367 497 1438 minam
545 1399 651 1436 non
691 1383 785 1437 erit
835 1383 890 1436 in
929 1383 1129 1435 lucrum
1156 1419 1173 1450 ,
1214 1393 1261 1436 et
1312 1396 1504 1436 merces
1533 1384 1900 1453 jumentorum

295 1492 399 1530 non
442 1475 708 1543 subsistet,
761 1485 808 1530 et
857 1475 1173 1546 egredienti,
1215 1486 1262 1530 et
1303 1473 1608 1546 ingredienti
1656 1489 1758 1528 non
1806 1475 1901 1527 erit

297 1583 402 1638 paa:
441 1581 551 1638 prie
608 1565 944 1621 tribulatione
987 1583 1008 1622 :
1066 1577 1115 1622 et
1161 1568 1392 1622 emittam
1444 1581 1617 1622 omnes
1672 1565 1902 1620 homines

298 1674 703 1728 unumquemque
747 1659 816 1712 ad
869 1660 1167 1730 proximum
1206 1675 1380 1713 suum.
1425 1658 1787 1730 Septuaginta
1835 1656 1902 1711 ad

298 1753 538 1808 futurum
579 1763 794 1823 tempus
831 1754 1009 1810 omnia
1061 1755 1391 1821 retulerunt,
1441 1753 1538 1810 sed
1587 1754 1783 1809 melius
1834 1751 1901 1806 ad

1999 543 2170 600 cedem
2185 548 2342 619 juxta
2364 559 2500 615 opus
2535 557 2687 598 suum
2715 541 2756 615 (I
2779 541 2899 599 Cor.
2929 555 3011 610 tn,
3041 539 3118 612 8).

2073 635 2091 708 (
2119 636 2269 692 Vers.
2292 635 2379 704 ll,
2412 631 2541 708 η.)
2572 630 2729 690 Nunc
2753 645 2927 689 autem
2957 649 3057 688 non
3079 636 3235 706 juxta
3259 629 3368 687 dies
3397 632 3596 704 priores

1998 750 2092 805 ego
2117 729 2305 803 faciam
2329 725 2563 800 reliquiis
2596 729 2776 800 pepuli
2806 727 2986 799 huius,
3019 727 3146 783 dicit
3169 725 3421 781 Dominus
3449 737 3598 781 exer-

2001 830 2235 894 cituum;
2275 827 2366 881 sed
2408 839 2582 880 semen
2626 827 2766 894 pacis
2827 823 2946 878 erit.
2990 820 3160 877 Vinea
3191 819 3337 874 dabit
3369 827 3596 889 fructum

1999 936 2153 974 suum
2183 936 2199 972 :
2228 928 2274 973 et
2305 930 2443 974 terra
2471 917 2611 972 dabit
2639 925 2842 987 germen
2872 923 3022 971 suum
3049 931 3066 970 :
3090 923 3135 968 et
3162 913 3274 969 coeli
3296 911 3493 966 dabunt
3516 927 3602 965 ro-

2002 1031 2108 1068 rem
2139 1027 2291 1068 suum
2321 1029 2337 1066 :
2376 1019 2423 1067 et
2444 1012 2706 1085 possidere
2736 1009 2922 1084 faciam
2948 1009 3197 1080 reliquias
3217 1008 3396 1082 pepuli
3418 1005 3600 1078 hujus,

2003 1103 2239 1160 universa
2266 1105 2394 1160 htec.
2426 1101 2570 1159 LXX
2598 1119 2611 1156 :
2644 1099 2713 1156 Et
2761 1115 2898 1156 nunc
2925 1117 3031 1156 non
3071 1101 3227 1172 juxta
3269 1099 3381 1152 dies
3409 1100 3606 1169 priores

2003 1218 2094 1273 ego
2113 1199 2303 1274 factum
2324 1193 2557 1268 reliquiis
2585 1196 2768 1270 populi
2793 1195 2972 1264 hujus,
2998 1193 3127 1248 dicit
3155 1192 3411 1247 Dominus
3435 1191 3606 1246 omni-

2003 1291 2350 1367 potens:sed
2393 1297 2573 1364 pacem
2615 1288 2931 1343 monstrabo.
2974 1281 3136 1340 Vinea
3185 1284 3328 1339 dabit
3375 1284 3602 1351 fructum

2003 1403 2155 1442 suum
2190 1403 2208 1442 :
2235 1395 2282 1441 et
2305 1393 2442 1439 terra
2463 1382 2606 1438 dabit
2638 1383 2871 1454 germina
2896 1396 2990 1434 sua
3023 1393 3041 1432 :
3070 1389 3114 1432 et
3139 1375 3323 1431 coelum
3349 1373 3494 1429 dabit
3517 1387 3606 1427 ro-

2005 1501 2110 1540 rem
2131 1498 2314 1539 suum:
2332 1489 2376 1537 et
2402 1479 2666 1553 possidere
2684 1477 2876 1548 faciam
2900 1475 3145 1543 reliquias
3170 1471 3352 1542 populi
3375 1470 3472 1524 mei
3494 1467 3606 1524 lucc

2006 1578 2196 1632 Omnia.
2219 1576 2536 1645 Priusquam
2561 1572 2755 1627 domus
2773 1565 2863 1626 Dei
2894 1567 3245 1624 fundamenta
3262 1565 3603 1636 jacerentur,

2005 1681 2059 1727 et
2076 1669 2435 1726 mdiiicaretur
2476 1665 2756 1736 templum,
2778 1677 2985 1718 merces
3015 1657 3292 1715 hominum
3319 1675 3423 1712 non
3454 1659 3602 1727 erat,

2009 1781 2108 1821 nec
2135 1778 2343 1819 merces
2369 1762 2766 1832 iumentorum,
2791 1774 2890 1814 nec
2914 1771 3026 1829 pra:
3049 1754 3398 1811 tribulatione
3421 1762 3474 1807 et
3506 1765 3603 1806 au-

298 1847 660 1914 prazteritum,
711 1857 771 1902 ut
816 1850 869 1903 in
919 1848 1192 1904 Hebraico
1231 1849 1482 1913 habetur,
1537 1859 1592 1903 et
1622 1857 1646 1883 ἰ
1678 1841 1896 1918 exposi-
1926 1843 1973 1909 Β
2001 1858 2173 1930 gustia
2206 1867 2308 1923 pax
2336 1849 3186 1915 introeuntilms,etexeuntibus,
3213 1851 3469 1900 elomnes
3501 1843 3601 1897 bo-

299 1940 460 1994 tionis
488 1941 693 1995 veritas
718 1940 1065 2012 bpprobabil.
1099 1943 1403 2012 Antequam
1437 1943 1762 1998 fundaretur
1802 1942 1899 1996 do-

299 2048 420 2088 mus
445 2034 679 2101 Domini,
709 2043 765 2090 et
807 2035 1175 2092 aedificaretur
1219 2038 1478 2106 templum
1512 2037 1748 2104 Domini,
1783 2051 1901 2091 om-

298 2127 380 2180 nis
424 2128 575 2182 labor
613 2137 797 2184 vester
838 2129 1024 2184 irritus
1055 2129 1178 2185 fuit.
1205 2131 1272 2185 Et
1312 2141 1420 2184 tam
1447 2130 1698 2186 homines
1734 2139 1898 2200 quam

291 2220 534 2290 jumenta
585 2223 636 2276 in
686 2219 1048 2294 agricultura,
1101 2223 1156 2278 in
1198 2223 1590 2288 mercimoniis,
1623 2224 1901 2295 operibus-

298 2329 405 2383 que
445 2314 704 2383 diversis,
751 2316 922 2372 cassis
953 2317 1241 2373 conatibus
1287 2317 1734 2373 frustrabantur:
1768 2317 1902 2372 foris

297 2409 631 2479 adversarii,
675 2409 825 2466 domi
862 2411 1062 2468 seditio
1097 2413 1395 2469 turbabant
1429 2427 1642 2484 pacem,
1693 2421 1748 2469 et
1785 2419 1904 2468 erat

294 2502 497 2572 ubique
522 2501 550 2541 ι’
577 2501 852 2573 iustitium
883 2506 954 2558 ob
983 2504 1255 2561 bellorum
1291 2502 1683 2576 frequentiam,
1726 2517 1779 2561 et
1820 2508 1904 2561 in-

296 2594 462 2650 sidias
495 2594 848 2666 domesticas,
880 2598 1008 2654 dum
1035 2614 1137 2655 nec
1162 2597 1336 2655 frater
1367 2602 1518 2656 fratri
1563 2599 1789 2657 exhibet
1841 2599 1904 2655 fl-

296 2687 444 2754 dem,
475 2699 527 2744 et
553 2691 730 2746 omnis
758 2700 843 2747 est
883 2691 1099 2747 inimica
1146 2693 1551 2764 propinquitas.
1589 2694 1740 2749 Hunc
1779 2703 1906 2748 Sen-

293 2796 414 2837 sum
456 2783 585 2837 aliis
628 2783 810 2839 verbis
858 2787 1090 2856 Aggtcus
1131 2785 1396 2856 prOpbeta
1423 2784 1904 2856 comprehendens

299 2875 373 2927 ait
410 2893 422 2929 :
464 2876 525 2928 Et
563 2891 702 2930 nunc
731 2879 906 2949 ponite
940 2879 1102 2933 corda
1142 2891 1310 2934 uestra
1341 2891 1371 2933 α
1394 2879 1476 2935 die
1505 2880 1603 2934 huc
1631 2889 1675 2935 et
1700 2897 1857 2951 supra
1887 2889 1903 2933 .‘

301 2976 577 3037 antequam
607 2979 880 3040 poneretur
901 2967 1033 3041 lapis
1053 2983 1211 3042 super
1242 2971 1470 3042 lapidem
1496 2973 1550 3024 in
1577 2969 1768 3042 templo
1798 2971 1905 3024 Do-

300 3061 444 3113 mini.
477 3059 604 3114 Cum
636 3062 945 3116 accederetis
975 3063 1043 3116 ad
1081 3077 1323 3117 acervum
1365 3062 1547 3134 uiginti
1585 3063 1904 3129 modiorum,

302 3161 347 3204 et
377 3153 552 3219 ﬁerent
595 3151 772 3206 decem
793 3169 812 3208 :
839 3162 887 3206 et
916 3154 1182 3208 intraretis
1206 3154 1273 3208 ad
1300 3155 1549 3220 torcular,
1577 3165 1629 3208 ut
1655 3157 1909 3226 exprime-

302 3246 420 3297 retis
456 3246 831 3319 quinquaginta
870 3249 1104 3316 (agonas,
1135 3258 1178 3301 et
1201 3249 1390 3319 ﬁebant
1421 3249 1622 3320 viginti.
1658 3247 1902 3304 Percussi
1930 3240 1974 3302 C

302 3353 388 3390 ros
418 3348 560 3392 uento
589 3349 769 3392 urente
799 3350 843 3392 et
865 3341 1124 3411 aurigine,
1157 3351 1205 3395 et
1244 3344 1499 3412 grandine
1543 3344 1716 3396 omnia
1748 3359 1903 3412 opera

303 3447 552 3484 manuum
570 3442 874 3496 uestrarum,
913 3441 957 3487 et
991 3449 1092 3488 non
1127 3443 1237 3488 erat
1260 3435 1315 3490 in
1336 3435 1474 3490 vobis
1495 3437 1581 3504 qui
1627 3443 1904 3490 revertere-

303 3532 390 3576 tur
412 3523 478 3576 ad
523 3538 621 3588 me,
667 3523 795 3576 dicit
839 3523 1093 3580 Dominus
1119 3521 1276 3598 (Agg.
1310 3539 1370 3590 tt,
1403 3527 1468 3581 16
1511 3526 1680 3598 seqq.)
1717 3545 1727 3580 :
1760 3525 1903 3598 quod

303 3625 356 3668 ct
390 3617 441 3668 in
465 3613 710 3670 Ecclesia
743 3627 798 3671 et
828 3616 880 3669 in
911 3630 1239 3688 unoquoque
1275 3623 1620 3674 credentium
1655 3622 1906 3690 accipere

305 3721 614 3778 possumus.
645 3708 925 3778 Siquidem
959 3718 1245 3781 antequam
1273 3710 1470 3766 domus
1515 3713 1609 3766 Dei
1653 3714 1704 3766 in
1751 3713 1907 3770 nobis

306 3799 652 3856 fundamenta
677 3800 985 3870 jar-iantur,
1015 3811 1069 3857 et
1095 3802 1433 3859 mdiflcemur
1463 3806 1724 3875 templum
1765 3805 1904 3872 Deo,

305 3902 359 3946 et
391 3891 677 3947 audiamus
717 3892 786 3947 de
826 3892 1132 3964 Apostolo;
1183 3893 1287 3950 Vos
1337 3896 1457 3950 estis
1491 3899 1740 3969 templum
1771 3896 1908 3953 Dei:

306 3991 354 4038 et
403 3982 636 4054 Spiritus
680 3992 886 4038 sanctus
927 3985 1126 4040 habitat
1169 3987 1220 4039 in
1259 3987 1398 4041 uobis
1440 3988 1654 4056 (llCor.
1691 4005 1764 4053 vr,
1794 3989 1905 4062 l6),

306 4074 570 4146 quidquid
601 4075 727 4131 boui
756 4077 940 4146 operis
981 4077 1187 4132 habere
1221 4079 1546 4136 videbamur
1576 4080 1688 4153 [ΑΙ.
1717 4082 1909 4137 γὶᾱθθδ

307 4165 473 4239 mur],
499 4170 616 4224 sive
645 4169 970 4236 rationales,
1004 4171 1093 4240 qui
1133 4172 1480 4242 appellantur
1527 4173 1796 4242 homines,
1835 4171 1909 4228 tsi-'-

305 4279 374 4318 ve
404 4262 678 4328 simplices
705 4303 719 4327 ,
763 4267 860 4333 qui
894 4263 1139 4331 iumenta
1171 4264 1430 4320 dicuntur
1461 4265 1728 4336 (homines
1771 4268 1907 4322 enim

307 4365 354 4408 et
379 4357 642 4427 jumenta,
672 4355 868 4426 inquit,
901 4357 1070 4412 sulcos
1097 4357 1277 4428 facies,
1321 4357 1545 4413 Domine
1589 4358 1710 4429 (Ps.
1742 4373 1904 4427 xxxv,

311 4446 387 4515 7),
423 4447 734 4501 mercedem
771 4461 879 4502 non
911 4447 1078 4504 habet
1101 4450 1242 4518 apud
1273 4450 1464 4516 Deum,
1484 4461 1540 4506 et
1569 4462 1696 4507 sunt
1727 4452 1780 4507 in
1808 4468 1908 4506 no-

309 4539 393 4595 bis
437 4540 577 4595 bclla
621 4548 786 4609 atque
829 4541 1142 4606 discordiae,
1188 4552 1240 4598 et
1293 4544 1494 4614 ubique
1537 4546 1822 4599 tribulatio
1854 4558 1909 4599 ct

2003 1954 2174 2006 mines
2189 1947 2327 2004 inter
2346 1941 2594 2004 sebostiii
2614 1942 3106 2000 odiodissidebant.
3124 1939 3274 1994 Nunc
3287 1947 3461 1994 autem
3479 1935 3605 2006 quia

1996 2048 2106 2117 jam
2122 2045 2312 2100 domus
2345 2043 2556 2098 Domini
2573 2038 3074 2106 fundamentajacta
3093 2045 3240 2100 sunt,
3258 2041 3312 2088 et
3339 2029 3601 2103 templum

2003 2137 2328 2194 aediﬁcatum
2353 2143 2471 2199 est,
2505 2141 2842 2204 nequaquam
2874 2128 3068 2185 faciam
3103 2135 3160 2182 ttt
3183 2128 3336 2200 prius
3367 2125 3605 2180 feceram

2005 2231 2090 2286 bis
2133 2229 2224 2300 qui
2272 2229 2339 2284 de
2369 2227 2686 2296 captivitate
2712 2221 3006 2295 Babylonia
3039 2229 3167 2277 sunt
3207 2219 3451 2283 reversi;
3508 2213 3605 2272 sed

2005 2322 2109 2377 erit
2136 2317 2336 2391 ubique
2367 2333 2466 2389 pax
2496 2325 2550 2373 et
2578 2315 2830 2387 gaudium
2851 2357 2864 2378 ,
2895 2321 2950 2369 et
2975 2305 3279 2367 ariditatcm
3313 2325 3374 2364 ac
3407 2309 3604 2363 famem

2005 2411 2215 2486 pristini
2277 2401 2536 2482 temporis
2583 2405 2758 2464 futura
2819 2403 3144 2462 abundantia
3206 2403 3601 2472 compensabit.

2007 2509 2176 2564 Vinea
2223 2511 2367 2563 enim
2437 2499 2588 2560 dabit
2648 2503 2883 2558 fructum
2941 2516 3135 2568 suum,
3195 2507 3248 2552 et
3312 2493 3606 2550 toreularia

2004 2603 2186 2656 omnia
2213 2595 2661 2669 complebantur,
2690 2603 2834 2650 terra
2863 2591 3002 2648 lmtis
3020 2587 3300 2659 segetibus
3323 2589 3606 2653 vestietur,

2004 2703 2056 2750 et
2086 2685 2441 2763 irrigantibus‘
2479 2688 2675 2758 pluviis
2705 2699 2768 2742 ac
2794 2695 2919 2740 rore
2945 2690 3214 2738 nocturno
3239 2721 3253 2745 ,
3284 2679 3463 2734 omnia
3490 2677 3604 2746 pul-

2005 2785 2302 2842 lulabunt:
2354 2781 2607 2837 universa
2663 2793 2785 2848 rpite
2841 2775 2992 2841 dixi,
3051 2771 3304 2828 faciamd
3357 2770 3609 2841 reliquiis

2009 2877 2189 2950 populi
2222 2877 2322 2930 mei
2357 2873 2670 2944 possidere:
2723 2871 2849 2942 quia
2883 2867 3234 2924 fundamenta
3269 2863 3466 2921 domus
3501 2865 3607 2919 Do-

2008 2974 2137 3028 mini
2170 2971 2314 3042 jacta
2363 2978 2489 3024 sunt
2514 3014 2527 3036 ,
2581 2977 2634 3021 et
2669 2963 2928 3036 templum
2961 2969 3299 3018 exstructum
3330 2968 3428 3015 est.
3484 2957 3610 3014 [lare

2009 3067 2268 3122 eademet
2296 3061 2530 3133 Aggzcus
2559 3059 2824 3130 prapheta
2851 3056 3042 3112 eodem
3069 3065 3318 3125 tempore
3342 3052 3602 3122 loquitur,

2010 3161 2100 3231 qui
2131 3169 2290 3228 supra
2326 3153 2540 3211 dixerat
2566 3173 2578 3208 :
2612 3151 2858 3207 Percussi
2889 3167 2975 3204 vos
2997 3157 3148 3203 vento
3177 3153 3357 3202 urente
3394 3153 3441 3199 et
3467 3145 3612 3197 auri-

2008 3253 2126 3324 giae
2173 3259 2219 3303 et
2267 3245 2519 3321 grandine
2561 3245 2732 3300 omnia
2777 3259 2939 3312 opera
2987 3251 3236 3294 manuum
3292 3249 3602 3304 vestrarum,

2011 3356 2293 3414 postquam
2343 3339 2531 3412 templi
2575 3335 2922 3394 fundamenta
2979 3342 3106 3389 sunt
3153 3337 3294 3404 jacta
3335 3350 3348 3385 :
3387 3331 3602 3396 Ponite,

2010 3439 2183 3508 inquit
2209 3478 2224 3503 ,
2248 3436 2301 3490 in
2328 3435 2490 3489 corda
2511 3441 2677 3487 reslra
2707 3449 2770 3486 ca'
2801 3431 2882 3485 die
2899 3429 3001 3484 ista
3029 3441 3072 3481 et
3099 3429 3152 3481 in
3187 3429 3438 3497 {utin-um,
3469 3442 3498 3477 a
3522 3425 3606 3479 die

2008 3527 2246 3587 vicesimo
2269 3537 2453 3600 quarto
2478 3528 2600 3582 noni
2625 3525 2887 3580 mensism
2915 3523 2998 3576 die
3023 3539 3123 3592 quo
3153 3517 3491 3590 fundamenta
3511 3519 3604 3586 ja-

2009 3635 2088 3682 cta
2119 3635 2241 3679 sunt
2272 3621 2449 3692 templi
2475 3666 2490 3688 ,
2543 3619 2721 3693 ponite
2747 3625 2899 3689 super
2936 3625 3022 3669 eor
3052 3621 3294 3669 rostrum.
3335 3607 3605 3679 Numquid

2000 3725 2114 3793 jam
2140 3733 2310 3773 semen
2336 3717 2387 3770 in
2440 3713 2668 3786 germine
2719 3719 2790 3767 est
2833 3723 2850 3764 .‘
2881 3717 2928 3763 et
2961 3707 3134 3762 adhuc
3159 3708 3304 3761 uinea
3332 3713 3377 3759 el
3410 3706 3536 3776 ﬁcus
3559 3711 3606 3760 et

2008 3811 2426 3882 malogranatum
2456 3818 2505 3862 et
2535 3805 2735 3880 lignum
2758 3801 3019 3858 olivrenon
3042 3797 3266 3872 ﬂoruit?
3292 3793 3373 3853 Ea:
3395 3797 3478 3852 die
3506 3797 3604 3851 ista

2011 3908 2324 3972 benedicam,
2358 3913 2404 3959 et
2431 3917 2632 3956 rursum
2665 3897 2872 3954 morebo
2901 3896 3083 3950 caelum
3114 3895 3307 3964 pariter
3337 3901 3382 3946 et
3416 3899 3603 3944 terram

2015 4002 2185 4072 (Agg.
2241 4013 2296 4062 ιι,
2363 3997 2429 4052 18
2477 3993 2677 4064 seqq.).
2733 3989 2982 4045 Dicamus
3027 3997 3079 4042 et
3126 3983 3319 4048 aliter,
3371 3991 3604 4052 emptam

2010 4105 2175 4159 super
2203 4085 2444 4144 Ecclesia
2469 4084 2906 4154 explanationem
2937 4087 3252 4149 sequentes.
3281 4073 3604 4144 Priusquam

2011 4184 2173 4238 ﬁdem
2205 4179 2404 4236 Christi
2436 4181 2557 4252 quis
2590 4177 2809 4247 recipiat
2841 4217 2856 4236 ,
2887 4184 2936 4227 et
2970 4173 3021 4226 in
3055 4188 3119 4227 eo
3151 4169 3388 4240 Spiritus
3429 4159 3606 4221 sancti

2007 4274 2175 4350 846
2201 4274 2551 4330 fundamenta
2596 4272 2896 4344 iaciantur,
2931 4265 3115 4323 nullus
3145 4263 3337 4319 audire
3361 4261 3560 4350 poterit
3589 4299 3605 4324 ,

2009 4349 2107 4424 est
2122 4381 2333 4423 merces
2360 4365 2510 4435 operi
2539 4367 2652 4419 luo.
2684 4364 2814 4420 Sive
2845 4361 2937 4416 ille
2969 4355 3190 4414 Juda-us
3221 4355 3328 4418 sit,
3356 4354 3470 4407 sive
3501 4349 3612 4405 ha:-

2008 4463 2211 4516 reticus
2239 4504 2254 4527 ,
2289 4462 2406 4515 sive
2435 4457 2662 4531 gentilis
2690 4475 2702 4511 :
2736 4451 3000 4525 quidquid
3026 4451 3155 4506 boni
3179 4447 3360 4518 operis
3391 4443 3606 4510 fecerit,

2014 4554 2114 4608 nisi
2142 4555 2193 4608 in
2226 4552 2443 4608 nomine
2493 4547 2694 4605 Christi
2740 4545 2977 4613 fecerit,
3011 4539 3321 4599 mercedem
3355 4537 3436 4595 sui
3487 4538 3617 4594 boni

309 4633 429 4690 sine
461 4647 592 4703 pace
621 4634 848 4700 Christi,
873 4649 1032 4707 quam
1061 4635 1129 4691 ad
1166 4636 1382 4692 Patrem
1431 4638 1655 4700 vadens.
1689 4650 1909 4708 apostoo
1933 4619 1985 4680 Ῑ)
2013 4643 2198 4713 operis
2228 4659 2333 4699 non
2368 4640 2612 4698 habebit.
2643 4637 2906 4696 Videmus
2933 4636 3315 4692 brereticorum
3339 4631 3602 4702 virgines,

311 4727 375 4782 lis
423 4727 716 4796 dereliquit
762 4727 944 4800 (Joan.
994 4729 1152 4800 ιη),
1207 4730 1575 4799 impleturque
1631 4731 1687 4786 in
1745 4733 1906 4788 nobis

315 4817 525 4874 Domini
573 4819 844 4874 sententia
879 4837 892 4874 :
941 4819 1153 4875 Inimici
1197 4821 1443 4891 hominis,
1482 4824 1748 4878 domestici
1794 4825 1908 4894 ejus

311 4910 500 4982 (Mich.
527 4925 624 4978 vn,
653 4910 730 4981 ϐ).
755 4910 938 4968 Omnis
980 4914 1116 4968 enim
1146 4915 1308 4985 frater
1333 4918 1750 4988 supplantatione
1774 4934 1902 4987 sup-

312 5006 551 5077 plantat;
574 5013 620 5059 et
639 5005 809 5060 omnis
829 5008 1026 5061 amicus
1053 5008 1410 5080 fraudulenter
1453 5011 1662 5079 incedit,
1699 5019 1722 5050 θ
1751 5022 1795 5066 et
1831 5012 1908 5065 uir

312 5095 526 5165 fratrem
549 5112 700 5150 suum
728 5098 949 5164 deridet,
972 5108 1020 5153 et
1061 5103 1328 5155 ueritatem
1359 5119 1459 5155 non
1490 5103 1740 5173 loquitur,
1769 5103 1909 5158 didi-

312 5191 381 5245 cit
419 5189 600 5260 lingua
643 5205 828 5245 eorum
874 5193 1016 5263 loqui
1055 5194 1384 5250 mendacium
1428 5194 1644 5268 (Ierem.
1699 5212 1773 5264 Is,
1824 5198 1905 5268 4).

313 5281 469 5350 Quod
509 5285 555 5338 si
597 5293 984 5342 convertamur
1003 5286 1069 5341 ad
1091 5286 1391 5356 Christum,
1418 5302 1471 5345 et
1501 5293 1759 5360 templum
1797 5293 1916 5361 ejus

312 5372 478 5448 845
531 5374 890 5447 efficiamur,
971 5385 1157 5436 statim
1225 5382 1516 5438 audiemus
1599 5387 1920 5454 Apostolum

387 5638 412 5702 ει
458 5629 658 5702 Victor.
687 5638 780 5702 ,et
804 5631 859 5684 in
887 5631 1218 5702 expositionis
1246 5632 1377 5687 serie
1398 5634 1606 5698 ueritas,
1633 5641 1742 5689 etc.

391 5700 414 5738 δ
457 5700 679 5777 lu__aliis
711 5701 867 5777 libris
883 5700 1207 5777 justitia,_in
1254 5703 1376 5777 aliis
1411 5719 1567 5774 teque
1605 5707 1744 5761 male
1782 5708 1900 5777 jur-

315 5773 481 5844 gium.
511 5771 714 5844 Notum
745 5771 965 5842 quippe,
998 5774 1269 5842 publicum
1298 5771 1524 5842 luctum,
1551 5789 1642 5832 seu
1677 5771 1898 5844 malum,

317 5851 371 5899 et
395 5843 598 5916 publici
623 5843 763 5915 juris
809 5845 1196 5917 cessationem,
1212 5848 1482 5922 justitium
1507 5848 1634 5908 dici.

2013 4735 2460 4807 philosophorum
2493 4735 2728 4803 rigorem
2757 4776 2770 4796 ,
2805 4729 3120 4788 Judmorum
3149 4729 3200 4782 in
3234 4739 3485 4784 escarum
3513 4739 3609 4780 va—

2011 4830 2209 4884 rietate
2239 4826 2640 4881 observantiam
2668 4839 2681 4882 :
2716 4831 2771 4879 et
2827 4831 3008 4876 tamen
3058 4817 3289 4876 dicimus
3317 4817 3334 4892 [
3360 4820 3444 4873 Al.
3475 4817 3610 4872 dici—

2011 4918 2142 4990 tur]
2175 4962 2188 4986 ,
2223 4918 2375 4986 juxta
2410 4918 2662 4987 Aggteum
2690 4958 2703 4982 ,
2737 4913 2880 4986 quod
2912 4913 3201 4970 comedaut
3223 4955 3238 4979 ,
3297 4921 3351 4966 et
3379 4924 3487 4965 non
3521 4923 3608 4964 sa-

2015 5014 2219 5068 tientur
2249 5029 2261 5064 :
2294 5010 2518 5074 bibant,
2545 5017 2602 5063 et.
2627 5023 2731 5063 non
2773 5007 3110 5063 inebrientur
3136 5022 3149 5059 :
3174 5005 3488 5075 operiuntur
3508 5043 3521 5066 ,
3555 5007 3612 5058 et

2013 5119 2124 5159 non
2169 5101 2463 5158 caleflant:
2496 5109 2551 5156 et
2585 5101 2673 5171 qui
2719 5099 3004 5156 mercedes
3048 5106 3382 5168 congregat,
3431 5096 3611 5151 mittat

2015 5212 2108 5252 eas
2141 5197 2193 5250 in
2225 5206 2503 5265 pertusum
2535 5193 2809 5248 sacculum
2841 5193 3018 5264 (Agg.
3045 5207 3060 5246 t
3085 5192 3126 5262 ).
3159 5191 3451 5259 Postquam
3477 5203 3610 5244 vero

2023 5290 2180 5342 fidunt
2211 5289 2420 5343 Clu-isti
2444 5288 2757 5357 receperint
2777 5327 2792 5351 ,
2824 5287 2977 5342 etilli
3005 5293 3060 5340 et
3091 5286 3142 5338 bi
3168 5283 3259 5353 qui
3289 5286 3343 5337 in
3371 5283 3612 5338 Ecclesia

2022 5385 2237 5442 fuerant
2265 5393 2578 5454 peccatores
2607 5425 2621 5451 ,
2655 5390 2708 5438 et
2741 5395 2838 5452 pro
2874 5377 3252 5451 magnitudine
3286 5377 3610 5434 delictorum

2092 5643 2114 5672 ε
2158 5633 2357 5696 Verba,
2390 5641 2439 5688 et
2479 5633 2556 5686 uir
2603 5636 2818 5703 fratrem
2866 5641 3017 5684 suum
3057 5626 3277 5694 deridet,
3309 5626 3375 5683 ad
3401 5634 3617 5681 austro-

2008 5722 2126 5761 rum
2161 5721 2294 5762 mss.
2332 5705 2492 5760 fidem
2519 5706 2938 5759 interseruntur.

2079 5776 2107 5815 ιι
2139 5781 2310 5832 Antea
2333 5785 2450 5832 erat
2481 5775 2673 5848 faciam
2701 5775 2886 5848 populi
2911 5776 3011 5831 mei
3044 5771 3298 5843 reliquias
3329 5773 3620 5845 possidere.

2010 5849 2198 5910 Nostri
2227 5864 2362 5911 mss.
2416 5847 2736 5908 emendant.
