4026 6346
445 301 580 360 1-171

1683 301 1743 359 S.
1786 297 2062 358 EUSEBII
2101 298 2489 360 HIERONYMI

3558 315 3565 375 ἶ
3586 312 3706 370 14ῖὲ

440 418 745 490 captivitati
787 417 949 490 hujus
984 418 1172 475 mundi
1215 416 1430 483 traditi,
1484 425 1540 474 et
1573 417 1876 489 Babylonio
1912 418 2040 488 igne
2066 418 2118 480 Α
2147 417 2295 473 Sicut
2322 420 2544 493 cogitavi
2592 431 2647 476 ut
2676 423 2964 494 afﬂigerem
3007 440 3119 490 vos,
3173 441 3290 480 cum
3319 426 3386 481 ad
3412 428 3710 485 iracundiam

445 513 754 580 combusti,
820 522 877 571 et
928 514 1201 569 audierint
1250 514 1541 568 Dominum
1599 512 2042 582 praedicantem:

448 605 677 680 Spiritus
706 605 919 661 Domini
970 624 1124 679 super
1163 623 1242 661 me
1264 650 1278 674 ,
1335 614 1543 676 propter
1566 605 1706 677 quod
1750 604 1898 658 unxit
1927 620 2004 657 me
2028 620 2047 658 :

441 700 800 771 euangelizare
844 699 1157 771 pauperibus
1190 698 1327 754 misit
1358 715 1437 752 me
1466 714 1483 751 :
1524 698 1807 770 praedicare
1833 696 2048 768 captivis

446 794 803 849 remissionem
828 835 843 859 ,
892 804 939 847 et
969 793 1116 846 circis
1144 800 1199 845 ut
1230 792 1433 846 videant
1453 807 1472 845 :
1494 806 1682 844 sanare
1706 806 1789 844 eos
1819 790 1906 859 qui
1924 804 2049 842 con-

446 886 572 940 trito
599 895 717 939 sunt
743 885 898 939 corde
924 885 942 957 (
967 883 1100 939 Isai.
1134 900 1246 948 ut,
1276 885 1311 939 :2
1336 882 1389 955 ),
1420 892 1475 937 et
1503 882 1836 951 completum
1885 880 2051 935 fuerit

451 980 505 1034 in
538 979 618 1035 eis
645 979 774 1033 illud
806 980 951 1050 quod
994 995 1092 1049 per
1124 982 1294 1034 Amos
1322 978 1523 1033 dicitur
1550 995 1562 1032 :
1595 974 1903 1032 Convertam
1950 992 2049 1043 po-

448 1071 563 1141 puli
593 1072 693 1125 mei
725 1070 894 1125 Israel
944 1072 1333 1140 captivitatem,
1367 1083 1413 1124 et
1444 1070 1773 1139 aediﬁcabant
1819 1070 2050 1122 civitates

442 1164 750 1233 dissipatas,
799 1175 844 1217 et
884 1164 1132 1237 plantabo
1173 1182 1257 1219 eos
1288 1164 1480 1236 (Amos
1522 1179 1599 1228 ix,
1632 1164 1774 1233 l4),
1818 1171 1947 1218 tunc
1992 1162 2049 1217 in

450 1258 643 1313 diebus
675 1257 782 1313 illis
802 1261 1009 1314 orietur
1038 1259 1249 1327 justitia
1277 1268 1334 1315 et
1365 1257 1661 1313 multitudo
1691 1255 1839 1328 pacis
1863 1258 1880 1326 (
1900 1256 2050 1313 Psal.

455 1353 643 1422 LXXI).
694 1352 863 1408 Vinea
903 1352 1055 1409 dabit
1106 1353 1341 1408 fructum
1392 1369 1590 1420 suttm,
1649 1368 1768 1420 qua:
1814 1350 1949 1406 dicit
1995 1351 2049 1406 in

450 1444 745 1513 Evangelio
778 1462 790 1497 :
818 1442 934 1517 Ego
964 1461 1077 1498 sum
1108 1446 1224 1498 vitis
1247 1487 1261 1510 ,
1294 1460 1382 1498 vos
1411 1444 1563 1497 rami.
1600 1442 1817 1496 Omnem
1846 1458 2051 1497 ramum

451 1538 542 1606 qui
569 1544 737 1591 manet
770 1538 820 1590 in
855 1553 934 1590 me
954 1578 970 1602 ,
1018 1537 1234 1589 mundat
1271 1534 1431 1589 Pater
1454 1574 1471 1601 ,
1501 1544 1557 1589 ut
1591 1538 1818 1608 majores
1848 1536 2052 1606 fructus

451 1626 643 1694 a/fcrat
671 1625 861 1696 (Joan.
886 1643 975 1693 xv,
1007 1628 1103 1698 8).
1130 1628 1376 1698 Cumque
1406 1627 1650 1682 mundati
1680 1626 1884 1682 fuerint
1910 1629 2050 1682 rami

455 1720 575 1789 ejus
603 1761 617 1784 ,
650 1719 701 1773 id
735 1731 842 1786 est,
868 1717 1076 1789 ﬂagella
1108 1728 1163 1774 et
1191 1720 1618 1789 propagines,et
1646 1719 2052 1790 gemmantibus

2154 522 2514 580 provocassem
2542 530 2619 568 me
2643 526 2816 585 patres
2846 518 2995 571 t-estri
3014 560 3029 582 ,
3083 519 3209 573 dicit
3234 517 3512 587 Dominus,
3555 533 3600 576 et
3627 541 3712 578 non

2150 619 2264 657 sum
2288 605 2524 659 misertus
2552 622 2571 660 :
2593 608 2668 661 sic
2697 624 2969 663 conversus
2995 611 3214 681 cogitavi
3240 613 3295 665 in
3322 612 3494 668 diebus
3520 615 3642 683 istis,
3669 625 3715 670 ut

2151 697 2468 767 benefaciam
2497 697 2787 754 Jerusalem
2818 710 2869 756 et
2918 702 3098 756 domui
3146 702 3181 756 J
3187 704 3289 757 uda
3318 720 3337 758 :
3363 705 3517 759 nolite
3546 707 3713 762 timere.

2152 789 2298 844 LXX
2330 808 2341 843 :
2380 791 2444 845 Et
2476 793 2606 859 erit,
2659 793 2790 847 sicut
2809 795 2963 850 eratis
3006 797 3057 849 in
3082 796 3441 851 maledictione
3468 798 3597 852 inter
3614 814 3717 869 gen-

2153 890 2255 950 tes,
2290 882 2633 936 domusluda
2660 894 2705 938 et
2734 884 2917 939 domus
2945 883 3115 941 lsrael
3143 903 3162 942 :
3183 888 3258 942 sic
3287 887 3499 942 salvabo
3524 904 3607 943 vos
3631 933 3644 957 ,
3680 898 3719 943 et

2154 978 2301 1031 eritis
2352 978 2406 1030 in
2452 976 2810 1033 benedictione
2837 996 2856 1034 :
2885 981 3137 1048 conﬁdite
3183 990 3230 1035 et
3278 982 3635 1052 confortamini
3674 984 3718 1035 in

2154 1069 2181 1108 δ
2213 1070 2455 1125 cordibus
2478 1074 2681 1140 vestris,
2697 1072 2820 1144 quia
2842 1074 2951 1127 hare
2977 1073 3102 1128 dicit
3123 1074 3377 1128 Dominus
3398 1076 3721 1144 omnipotens:

2155 1164 2302 1221 Sicut
2329 1165 2545 1238 c0gitavi
2574 1175 2630 1220 ut
2656 1170 2945 1239 afﬂigerem
2970 1184 3058 1222 vos
3086 1169 3139 1221 in
3169 1183 3229 1221 eo
3253 1167 3393 1238 quod
3429 1184 3509 1221 me
3541 1167 3606 1220 ad
3634 1168 3725 1221 ira-

2155 1261 2401 1316 cundiam
2451 1271 2812 1333 provocassent
2862 1271 3039 1334 patres
3093 1262 3284 1327 vestri,
3336 1261 3461 1315 dicit
3491 1257 3725 1314 Dominus

2157 1356 2513 1424 omnipotens,
2570 1366 2617 1409 et
2644 1372 2746 1409 non
2776 1373 2855 1411 me
2881 1356 3119 1425 paenituit
3153 1371 3173 1409 .'
3198 1355 3274 1408 sic
3305 1363 3525 1422 paratus
3562 1370 3665 1408 sum
3690 1362 3728 1408 et

2156 1449 2376 1519 cogitavi
2406 1449 2456 1503 in
2486 1448 2665 1502 diebus
2698 1448 2807 1503 istis
2827 1488 2843 1514 ,
2896 1456 2953 1501 ut
3008 1447 3327 1518 benefaciam
3371 1443 3660 1501 Jerusalem
3685 1454 3726 1499 ct

2155 1539 2334 1593 domui
2363 1537 2507 1593 Iuda
2534 1555 2553 1594 :
2575 1539 2841 1609 confidite.
2872 1538 2995 1594 llmc
3010 1549 3134 1610 post
3163 1537 3578 1594 aediﬁcationem
3606 1546 3725 1593 tem-

2160 1632 2233 1704 pli
2262 1632 2443 1688 futura
2474 1634 2746 1704 promittit
2771 1678 2784 1702 ,
2846 1642 2909 1688 ut
2937 1634 3083 1689 sicut
3107 1642 3265 1688 erant
3294 1634 3347 1688 in
3374 1632 3585 1687 cunctis
3611 1646 3727 1702 gen-

2158 1727 2301 1783 tibus
2331 1728 2385 1783 in
2424 1728 2871 1784 maledictionem
2900 1736 2955 1783 et
2985 1727 3039 1783 in
3090 1726 3345 1794 sibilum,
3398 1736 3455 1780 et
3487 1726 3540 1781 in
3575 1740 3734 1780 exem-

448 1815 627 1869 oculis
658 1828 810 1884 spem
843 1812 1151 1869 futurorum
1181 1815 1453 1885 coeperint
1476 1812 1752 1870 fructuum
1776 1814 2051 1883 polliceri,
2085 1818 2132 1877 B
2160 1821 2332 1892 plum,
2363 1821 2560 1875 domus
2586 1821 2721 1876 Juda
2744 1824 2839 1887 ,τοι
2876 1821 3073 1876 domus
3106 1820 3272 1875 lsrael
3305 1820 3461 1893 (dua;
3480 1819 3733 1887 videlicet,

448 1916 507 1961 ut
537 1907 831 1978 impleatur
858 1905 993 1961 illud
1025 1909 1168 1977 quod
1195 1909 1457 1977 scriptum
1489 1917 1574 1964 est
1607 1925 1619 1960 :
1653 1906 1832 1962 Vinea:
1861 1908 2053 1977 ﬂoren-

452 2008 527 2053 tes
560 2000 814 2054 dederunt
846 1999 1053 2052 odorem
1087 1998 1279 2070 (Cant.
1308 2016 1368 2067 tt,
1403 2001 1509 2068 15)
1550 2019 1560 2054 :
1597 2008 1725 2055 tunc
1756 1999 2056 2070 pendentes

453 2090 640 2147 botros
661 2092 932 2147 colorabit
971 2092 1053 2146 sol
1082 2092 1311 2161 juStitim
1335 2137 1350 2161 ,
1400 2104 1456 2148 ut
1486 2092 1636 2149 missi
1671 2098 1722 2148 in
1764 2094 2055 2150 torcularia

451 2187 630 2240 octivi
671 2194 725 2239 et
753 2184 1072 2254 octogesitni
1105 2186 1251 2240 tertii
1292 2186 1528 2255 psalmi,
1565 2187 1656 2257 qui
1693 2201 1789 2255 pro
1819 2187 2058 2242 torcula-

456 2277 608 2333 ribus
634 2278 1005 2332 inscribuntur
1030 2321 1045 2347 ,
1074 2278 1288 2332 Domini
1320 2279 1599 2334 calcentur
1632 2279 1767 2349 pede
1793 2321 1808 2344 ,
1843 2280 1935 2351 qui
1966 2296 2058 2335 as-

456 2372 645 2426 cendit
672 2371 739 2426 de
775 2370 984 2440 Bosor,
1027 2380 1053 2409 ι
1081 2382 1140 2426 ιιι
1176 2371 1370 2428 fundat
1414 2374 1601 2429 vinum
1645 2375 1789 2444 quod
1821 2376 2061 2433 ltetilicat

467 2479 564 2519 cor
595 2465 849 2518 hominis.
874 2463 1043 2520 Terra
1070 2481 1285 2536 quoque
1314 2465 1463 2522 dabit
1482 2482 1702 2538 germen
1727 2484 1881 2523 suum
1902 2511 1916 2533 ,
1952 2485 2061 2525 non

468 2558 622 2613 arida
654 2568 707 2612 et
740 2569 956 2627 petrosa
1005 2568 1057 2614 et
1099 2561 1259 2629 plena
1290 2560 1561 2626 sentium;
1616 2561 1712 2617 sed
1750 2572 1892 2617 terra
1926 2562 2063 2617 bona

466 2666 589 2720 qua:
618 2650 711 2704 dat
737 2651 1098 2706 centesimum
1126 2660 1181 2705 et
1206 2654 1606 2724 sextigesimum
1637 2662 1692 2709 et
1723 2655 2061 2711 tricesimum

466 2743 701 2799 fructum
731 2744 750 2816 (
781 2743 969 2798 Matth.
1002 2745 1136 2813 xm)
1167 2762 1181 2800 :
1211 2755 1268 2800 ut
1318 2747 1409 2817 qui
1459 2748 1850 2802 setninaverint
1892 2749 1943 2802 in
1991 2749 2067 2802 Ia-

465 2841 666 2913 crytnis
691 2882 704 2905 ,
736 2840 789 2894 in
820 2840 1018 2910 gaudio
1047 2850 1253 2896 metant
1285 2842 1303 2914 (
1332 2841 1480 2895 Psal.
1510 2843 1700 2912 cxxv).
1734 2842 1838 2898 Sed
1868 2853 1922 2899 et
1944 2844 2065 2899 caeli

471 2933 683 2989 dabunt
720 2949 901 2990 rorem
935 2950 1091 2990 suum
1122 2978 1136 3003 ,
1196 2936 1264 2990 de
1308 2936 1501 3005 quibus
1528 2935 1581 2989 in
1614 2937 1829 2991 decimo
1877 2946 2069 2992 octavo

472 3028 685 3083 Psaltno
714 3029 733 3100 (
761 3027 913 3083 Vers.
947 3030 972 3083 1
999 3027 1018 3099 )
1052 3031 1310 3098 εει-ἱριιιιιι
1345 3039 1430 3085 est
1458 3048 1469 3083 :
1505 3027 1630 3085 Caeli
1674 3038 1921 3084 enarranl
1952 3032 2069 3102 glo—

470 3121 604 3174 riam
630 3119 723 3173 Dei
748 3160 763 3185 ,
793 3129 840 3173 et
873 3135 1031 3189 Opera
1060 3137 1304 3173 manuum
1329 3121 1437 3189 eius
1467 3121 1746 3174 annuntiat
1775 3121 2069 3190 ﬁrmamen-

2157 1922 2213 1968 et
2242 1913 2427 1968 decem
2458 1913 2677 1984 tribus),
2698 1914 2776 1969 sic
2804 1929 2926 1969 cum
2957 1914 3185 1968 salvataa
3208 1912 3435 1978 fuerint,
3455 1923 3735 1968 etreversaa

2159 2004 2213 2059 in
2243 2003 2520 2069 Judaeum,
2555 2006 2662 2060 sint
2694 2005 2938 2060 omnium
2960 2004 3294 2061 benedictio.
3320 2003 3537 2068 Nolite,
3564 2003 3735 2074 inquit,

2162 2096 2360 2151 timere
2399 2097 2746 2151 adversarios
2776 2096 3120 2153 rebellantes
3154 2114 3169 2150 :
3200 2095 3459 2152 conﬁdite
3478 2110 3601 2151 vera
3630 2109 3737 2151 esse

2161 2204 2281 2259 quae
2315 2204 2411 2259 per
2434 2203 2520 2244 me
2552 2188 2813 2243 Dominus
2838 2188 3126 2257 pollicetur
3157 2205 3171 2242 :
3201 2186 3738 2261 meoiilortentur

2164 2299 2356 2339 manus
2385 2291 2583 2339 vestrm
2609 2301 2621 2336 :
2654 2282 2879 2351 implete
2926 2297 3091 2353 Opera
3123 2298 3248 2353 quae
3274 2282 3542 2351 cmpistis.
3587 2281 3740 2337 Causa

2162 2376 2577 2432 contortatiouis
2596 2418 2611 2442 ,
2639 2375 2852 2430 Domini
2882 2376 3178 2445 promissio
3199 2382 3288 2430 est
3313 2393 3326 2430 :
3358 2373 3494 2428 Htec
3514 2375 3646 2428 enim
3668 2374 3739 2427 di-

2163 2471 2230 2525 cit
2254 2468 2508 2523 Dominus
2537 2470 2865 2540 omnipotens
2893 2509 2907 2533 ,
2935 2468 3022 2523 cui
3064 2468 3200 2523 nihil
3248 2466 3589 2538 impossibile
3634 2475 3737 2533 est,

2165 2563 2255 2632 qui
2285 2570 2461 2631 potest
2489 2576 2609 2631 qua:
2641 2561 2945 2631 promittit,
2977 2560 3206 2632 implere
3235 2578 3248 2615 :
3283 2562 3426 2615 sicut
3460 2559 3742 2631 excogitavi

2167 2662 2228 2710 ut
2256 2653 2551 2725 alﬂigercm
2594 2668 2725 2720 vos,
2760 2663 2815 2709 et
2842 2654 3144 2723 captivitati
3180 2653 3458 2708 traderem
3481 2694 3498 2719 ,
3527 2654 3642 2721 quia
3672 2666 3745 2706 me

2170 2759 2350 2820 patres
2383 2749 2546 2803 vestri
2566 2747 2634 2801 ad
2662 2744 3001 2803 iracundiam
3019 2755 3386 2817 provocarunt
3406 2785 3424 2811 ,
3456 2753 3505 2799 et
3529 2760 3625 2798 non
3649 2758 3745 2797 sunt

2169 2844 2447 2895 misertus:
2477 2841 2621 2908 quod
2646 2838 2791 2895 LXX
2819 2839 3220 2894 transtulerunt
3239 2839 3300 2893 οὐ
3326 2836 3636 2910 μετενόησα,
3659 2835 3747 2890 hoc

2174 2943 2294 2997 est,
2324 2950 2424 2987 non
2458 2950 2539 2987 me
2586 2934 2858 3004 poenituit,
2892 2930 3037 3002 quod
3071 2931 3343 2987 Hebraice
3391 2929 3644 2985 scribitur
3663 2942 3749 2984 uo

2172 3043 2443 3083 NAAMATHI
2478 3028 2689 3097 (tam:
2721 3010 2897 3097 RS1);
2927 3040 3037 3082 non
3064 3040 3185 3082 sum
3208 3034 3390 3081 autem
3422 3025 3688 3090 misertus,
3701 3031 3752 3078 ut

2174 3139 2273 3178 vos
2312 3122 2633 3189 captivitate
2677 3120 3010 3191 corrigerem
3031 3161 3045 3186 ,
3080 3129 3137 3175 et
3165 3134 3262 3190 per
3290 3118 3475 3174 omnia
3504 3127 3751 3173 tormenta

471 3223 601 3268 tum.
636 3213 709 3267 De
743 3213 826 3266 his
858 3213 1011 3269 caelis
1040 3213 1095 3267 in
1130 3214 1531 3268 Denteronumii
1560 3212 1722 3285 847
1753 3215 1965 3268 cantico
1990 3213 2071 3267 di-
2100 3209 2145 3272 C
2175 3228 2229 3271 et
2259 3214 2471 3285 ﬂagella
2519 3211 2791 3267 crudirem
2825 3230 2836 3266 :
2868 3213 2949 3267 sic
2976 3226 3123 3267 nunc
3155 3213 3207 3267 in
3237 3212 3499 3283 przrscnti
3534 3222 3753 3280 tempore

472 3308 614 3361 citur
648 3322 661 3359 :
699 3303 978 3360 Ltetamini
999 3348 1012 3368 ,
1042 3305 1156 3358 coeli
1187 3322 1304 3359 cum
1332 3323 1390 3360 eo
1416 3304 1615 3378 (Deut.
1644 3322 1815 3373 xxxii,
1845 3304 1985 3378 45),
2022 3307 2071 3360 id

476 3408 593 3465 est,
625 3416 747 3455 cum
774 3399 1003 3454 Domino
1034 3399 1318 3454 Salvatore
1346 3441 1359 3462 ,
1394 3416 1530 3471 quos
1556 3401 1832 3470 prmscivit
1862 3410 1916 3455 et
1940 3416 2075 3469 prte-

479 3494 772 3548 deStinavit
796 3492 1109 3547 conforines
1142 3493 1261 3547 lieri
1291 3494 1546 3562 imaginis
1576 3493 1703 3548 Filii
1748 3495 1829 3548 sui
1876 3492 2072 3565 (Rom.

477 3604 572 3644 VIII
597 3586 615 3659 )
644 3630 658 3651 ,
692 3590 781 3658 qui
816 3588 1057 3659 loquitur
1092 3603 1215 3643 cum
1243 3588 1427 3659 Moyse
1462 3604 1474 3639 :
1508 3585 1855 3659 Exspectetur
1875 3597 1927 3640 ut
1962 3588 2081 3657 plu-

478 3686 559 3740 ria
599 3686 858 3755 eloquium
886 3701 1053 3738 meum
1078 3729 1091 3751 ,
1128 3693 1174 3738 et
1217 3683 1533 3738 descendant
1575 3694 1746 3736 utros
1787 3683 1939 3736 verba
1970 3700 2079 3737 mea

483 3777 671 3850 (Dent.
706 3794 877 3844 χχχιι,
907 3777 1001 3847 2).
1039 3778 1340 3848 Resurgent
1363 3778 1507 3832 enim
1537 3776 1631 3847 qui
1662 3786 1816 3831 erant
1842 3777 2081 3846 peccatis

489 3874 686 3929 mortui
714 3858 735 3938 ,’
788 3882 843 3927 ct
873 3872 1283 3928 suscitabuntur
1312 3873 1401 3943 qui
1444 3872 1701 3942 jaccbant
1731 3872 1783 3926 in
1817 3872 2084 3941 sepulcris

489 3965 762 4021 dealbatis
783 4008 797 4029 ,
830 3981 951 4035 qua:
979 3965 1135 4034 plena
1183 3974 1312 4018 sunt
1339 3965 1554 4019 ossibus
1597 3973 1969 4028 mortuorum,
2030 3972 2084 4018 et

486 4059 819 4115 laetabuntur
844 4059 933 4127 qui
962 4068 1244 4113 morantur
1270 4059 1320 4112 in
1363 4068 1528 4112 terra.
1563 4058 1631 4112 Et
1663 4073 1781 4127 quae
1808 4057 1882 4111 sit
1920 4072 2083 4113 causa

489 4152 723 4217 ltetitim,
757 4165 994 4221 sequens
1021 4166 1204 4206 sermo
1232 4151 1573 4206 demonstrat
1607 4168 1619 4205 :
1648 4150 1751 4205 Ras
1775 4154 1914 4205 enim
1940 4152 2027 4221 qui
2056 4167 2088 4204 a

491 4255 540 4299 te
565 4253 671 4305 cst.
704 4246 902 4298 sanitas
933 4261 1113 4299 eorum
1136 4253 1228 4299 est.
1282 4246 1348 4299 Et
1379 4245 1493 4298 lucc
1516 4246 1735 4311 omnia,
1788 4260 1974 4316 pacem
2006 4245 2089 4299 vi-

493 4337 691 4393 delicet
718 4345 772 4392 et
792 4338 1077 4392 vinearum
1110 4338 1370 4403 fructum,
1404 4345 1461 4392 et
1495 4347 1765 4392 terrarum
1801 4336 2086 4391 abundan-

492 4431 653 4495 tiam,
696 4445 816 4500 qure
844 4430 1109 4485 malarum
1132 4444 1257 4483 rore
1282 4429 1553 4483 succrevit
1574 4474 1588 4497 ,
1623 4427 1978 4496 possidebunt
2011 4444 2090 4483 re-

495 4523 677 4592 liquiae
720 4524 903 4593 populi
939 4524 1072 4590 mei,
1119 4524 1189 4578 de
1216 4523 1409 4589 quibus
1438 4521 1607 4578 Isaias
1651 4522 1926 4592 loquitur:
1972 4522 2090 4577 Nisi

2177 3310 2437 3380 c0gitavi,
2497 3318 2553 3363 ut
2605 3309 2935 3364 benefaciam
2967 3307 3272 3365 Jerusalem
3306 3315 3365 3362 et
3395 3304 3582 3360 domui
3606 3303 3748 3359 Juda.

2181 3404 2249 3459 Et
2274 3402 2571 3457 notandum
2605 3400 2748 3472 quod
2798 3401 3019 3472 quando
3070 3401 3363 3464 irascitur,
3406 3409 3427 3438 ε
3466 3394 3757 3452 maledictio

2180 3497 2252 3551 sit
2278 3499 2329 3552 in
2354 3496 2606 3567 gentibus
2629 3496 2827 3552 domus
2859 3494 3027 3559 Juda,
3060 3501 3117 3548 et
3147 3494 3345 3547 domus
3370 3490 3565 3559 lsrael,
3594 3489 3640 3542 id
3667 3497 3756 3551 est,

2184 3605 2377 3646 omnes
2404 3590 2692 3645 duodecim
2719 3590 2892 3645 tribus
2921 3603 3041 3658 qum
3070 3584 3370 3658 captivitati
3402 3583 3613 3639 traditae
3627 3589 3755 3637 sunt.

2185 3686 2477 3753 Postquam
2531 3694 2714 3739 autem
2745 3682 3001 3753 cogitavit
3035 3691 3093 3735 ut
3119 3678 3422 3735 benelaciat
3447 3723 3463 3746 ,
3500 3691 3605 3731 non
3649 3673 3762 3728 facit

2184 3779 2337 3835 Judm
2369 3789 2425 3833 et
2470 3778 2631 3832 lsrael
2655 3820 2668 3842 ,
2715 3778 2913 3840 idest,
2944 3775 3157 3830 duabus
3184 3783 3241 3828 et
3267 3773 3457 3827 decem
3489 3769 3725 3825 tribubus
3746 3807 3761 3833 ,

2187 3874 2489 3930 Jerusalem
2519 3872 2772 3926 videlicet
2802 3882 2857 3926 et
2886 3870 3181 3934 Samariam
3216 3866 3386 3922 Oollac
3432 3875 3490 3921 et
3528 3862 3762 3926 Oolibar;

2187 3968 2280 4023 sed
2312 3968 2503 4021 relicto
2530 3965 2697 4020 lsrael
2731 3967 2781 4018 in
2814 3964 3153 4033 captivitate,
3179 3958 3452 4016 benefacit
3481 3954 3762 4014 Jerusalem

2189 4071 2241 4115 et
2280 4059 2461 4113 domui
2494 4058 2629 4113 Juda
2669 4076 2681 4109 :
2717 4065 2769 4112 et
2813 4056 2994 4127 jungit
3042 4056 3094 4107 in
3139 4054 3294 4109 line:
3340 4050 3522 4105 Nolite
3562 4051 3761 4110 timere,

2190 4151 2339 4215 sive,
2374 4149 2649 4218 conﬁdite,
2699 4163 2765 4203 eo
2810 4163 2977 4202 sensu
3004 4161 3166 4216 quem
3200 4159 3361 4214 supra
3403 4142 3763 4211 exposuimus.

2191 4244 2369 4312 Super
2409 4242 2654 4296 Ecclesia
2698 4251 2878 4296 autem
2912 4250 2968 4295 et
2996 4254 3162 4308 super
3192 4250 3527 4307 unoquoque
3555 4231 3768 4288 crcden-

2195 4341 2327 4394 tium
2361 4339 2439 4393 sic
2472 4338 2702 4408 intelligi
2730 4337 3094 4405 potest,quod
3113 4332 3516 4404 persecutionis
3546 4342 3770 4400 tempore

2194 4435 2405 4490 cunctis
2436 4436 2487 4488 in
2522 4434 2757 4489 circuitu
2808 4432 3064 4499 gentibus
3106 4430 3158 4485 in
3190 4428 3544 4484 maledictum
3573 4468 3588 4493 ,
3640 4434 3692 4479 et
3724 4422 3770 4477 in

2196 4530 2501 4599 exemplum
2534 4529 2734 4584 fuerint
2760 4524 3060 4581 Christiani
3086 4566 3101 4588 ,
3158 4524 3283 4595 quia
3322 4520 3650 4578 offenderint
3681 4517 3772 4573 Do-

497 4615 756 4671 Dominus
802 4618 1015 4672 sabaoth
1048 4619 1337 4687 reliquisset
1386 4618 1532 4672 nobis
1562 4634 1773 4683 semen,
1821 4618 1957 4672 sicut
1991 4618 2090 4674 So-
2120 4606 2405 4679 Dminum
2463 4639 2670 4678 suum:
2716 4632 2771 4677 et
2823 4631 3009 4691 postea
3068 4619 3182 4673 sint
3247 4618 3300 4671 in
3368 4613 3774 4677 benediCIione,

499 4709 653 4762 doma
696 4726 955 4775 essensus,
1002 4720 1047 4764 et
1104 4712 1235 4764 sicut
1264 4709 1555 4766 Gomorrha
1582 4711 1776 4765 similes
1816 4712 2092 4782 fuissemus

500 4802 745 4875 (lsai.t,
778 4804 862 4874 9).
921 4805 1184 4875 Reliquiae
1229 4808 1374 4861 enim
1430 4806 1731 4862 secundum
1766 4806 2092 4862 electionem

495 4899 685 4971 gratiae
707 4941 722 4966 ,
782 4900 946 4954 Salvae
974 4899 1128 4955 factm
1158 4908 1284 4956 sunt
1316 4918 1329 4955 :
1362 4916 1468 4956 non
1500 4917 1566 4956 ex
1621 4901 1906 4972 operibus;
1962 4900 2095 4954 alio-

497 4993 625 5065 quin
658 5009 767 5047 non
795 5003 939 5048 esset
964 4994 1161 5063 gratia.

566 5088 761 5158 (Vers.
802 5090 868 5144 l5
898 5090 1092 5159 seqq.)
1126 5088 1190 5142 Et
1214 5090 1308 5142 erit
1335 5132 1348 5151 ,
1379 5092 1509 5141 sicut
1534 5090 1691 5143 eratis
1720 5088 2012 5142 machictio
2039 5089 2092 5142 in

493 5183 732 5253 gentibus
754 5226 768 5247 ,
800 5184 983 5238 donms
1017 5182 1191 5250 Iuda,
1234 5193 1278 5237 et
1307 5182 1487 5236 domus
1529 5182 1697 5237 Israel
1723 5199 1740 5235 :
1762 5185 1837 5235 sic
1881 5183 2092 5236 salcabo

493 5290 581 5328 vos
619 5284 668 5328 et
718 5277 860 5330 eritis
907 5276 1191 5330 benedictio
1224 5291 1243 5326 .·
1276 5276 1433 5329 nolite
1481 5275 1689 5340 timere,
1737 5276 2093 5345 confortentur

486 5382 672 5420 manus
701 5377 901 5421 vestrm.
938 5367 1073 5435 Quia
1104 5367 1216 5420 lucc
1265 5368 1391 5421 dicit
1423 5365 1677 5421 Dominus
1718 5371 2039 5423 exercituum
2071 5387 2088 5422 :

562 5562 587 5626 β
611 5552 804 5626 Begin.
837 5570 938 5608 ms.
965 5562 1021 5609 ut
1040 5554 1297 5626 fundant,
1324 5553 1535 5608 scilicet
1560 5549 1725 5606 botri.

559 5623 587 5664 ι)
620 5621 725 5680 Pro
757 5627 1000 5681 cordibus
1021 5621 1050 5693 ς’
1094 5628 1325 5682 re~lilttil
1365 5626 1640 5680 Victorius
1677 5622 1936 5679 manibus.
1968 5621 2086 5677 Non

486 5695 663 5752 solum
693 5700 837 5781 enim
865 5741 880 5763 ,
900 5701 986 5790 ‘ait
1006 5741 1019 5761 ,
1051 5697 1398 5790 Septuaginta
1426 5739 1442 5764 ,
1471 5712 1703 5790 quorum
1750 5696 1864 5750 hmc
1894 5696 2089 5790 estnin-

487 5770 813 5845 terpretatio
832 5810 847 5833 ,
900 5770 1086 5845 legunt
1113 5772 1162 5845 ἔγ
1190 5766 1524 5845 ταῖς-χερσίῆ
1545 5771 1687 5845 ὑμῶν
1715 5783 1946 5845 :__vernm
1974 5766 2087 5823 He-

488 5836 733 5890 braicum
762 5836 976 5909 quoque
999 5882 1012 5905 ,
1038 5839 1226 5895 Latina
1257 5836 1457 5905 editio,
1493 5853 1544 5895 et
1575 5836 1689 5910 ipse
1722 5840 2089 5910 Hieronymus

2196 4718 2419 4787 quando
2468 4732 2571 4786 pax
2627 4714 2843 4771 reddita
2880 4711 3071 4777 fuerit,
3104 4721 3159 4766 et
3210 4710 3315 4764 hoc
3343 4723 3506 4762 omne
3533 4705 3772 4769 eveniat,

2196 4812 2323 4882 quia
2366 4811 2631 4865 Dominus
2678 4809 2769 4880 qui
2803 4810 2957 4876 prius
3008 4806 3186 4860 fuerat
3235 4804 3445 4871 iratus,
3490 4809 3678 4871 postea
3715 4797 3776 4850 sit

2196 4905 2450 4961 misertus
2479 4903 2785 4958 Jerusalem
2807 4943 2820 4965 ,
2866 4899 3069 4955 visioni
3100 4897 3249 4967 pacis
3272 4939 3286 4960 ,
3334 4905 3390 4952 et
3416 4894 3571 4951 Judac
3600 4935 3616 4961 ,
3664 4904 3773 4960 qua:

2196 4998 2358 5054 {idem
2389 4995 2604 5051 Domini
2655 4994 2969 5049 confitetur.
3021 4989 3239 5059 Singuli
3291 5003 3509 5059 quoque
3557 4984 3775 5041 creden-

2195 5095 2363 5157 tium,
2393 5093 2481 5161 qni
2514 5098 2736 5160 propter
2779 5087 2912 5142 vitia
2953 5085 3254 5155 ejiciuntur
3308 5082 3377 5138 de
3405 5080 3676 5146 Ecclesia,
3726 5082 3777 5131 et

2200 5186 2486 5242 traduntur
2518 5185 2737 5240 Satanas.
2779 5183 2832 5236 in
2860 5180 3143 5235 interitum
3175 5178 3361 5233 carnis
3393 5173 3436 5249 (1
3461 5173 3582 5231 Cor.
3610 5171 3698 5241 v),
3726 5178 3777 5224 ut

2195 5278 2409 5334 discant
2464 5292 2571 5330 non
2632 5273 3021 5343 blasphemare
3069 5270 3123 5345 (Ι
3152 5269 3291 5324 Tim.
3318 5268 3402 5341 ι),
3437 5283 3557 5323 cum
3589 5265 3782 5335 egerint

2197 5371 2604 5441 paenitentiam,
2639 5375 2990 5424 revertentur
3022 5365 3074 5419 in
3122 5361 3415 5434 pristinum
3447 5367 3646 5415 statum
3671 5399 3684 5423 ,
3734 5360 3780 5409 et

2192 5550 2247 5606 in
2278 5548 2706 5605 Commentario.
2739 5545 3054 5604 Confortari
3108 5549 3290 5597 autem
3323 5540 3603 5607 manibus,
3659 5550 3779 5610 opus

2194 5633 2433 5689 emptum
2462 5623 2687 5690 explere
2710 5665 2724 5688 ,
2760 5618 3052 5694 signiﬁcat-
3084 5688 3117 5694 _
3205 5688 3215 5694 _
3479 5684 3538 5694 -..
3667 5682 3678 5694 .

2274 5684 2296 5734 ὁ
2331 5684 2546 5760 Antea,
2597 5684 2863 5750 maledicti
2898 5698 3040 5745 sunt.
3084 5688 3258 5744 Paulo
3301 5697 3429 5760 post
3479 5684 3777 5747 Victorius,

2199 5785 2300 5824 non
2330 5768 2455 5821 bene
2485 5766 2640 5835 facit,
2677 5780 2775 5836 pro
2802 5779 2904 5817 non
2932 5762 3079 5833 facit.
