4026 6346
235 258 370 315 1475

940 256 1594 318 COMMENTARIORUM
1634 256 1701 315 IN
1741 253 2149 314 ZACIIARIAM
2189 252 2315 314 LIB.
2367 257 2432 314 ll.
2474 257 2633 316 CAP.
2675 255 2815 316 Vill.

3392 256 3534 316 1474

234 375 492 431 videbunt
525 386 712 445 pacem
744 377 871 443 Dei,
929 390 983 434 ct
1014 380 1380 437 confessionis
1431 395 1544 436 sua:
1595 379 1822 449 gloriam
1852 388 1899 447 Α
1929 376 1975 432 si
2024 378 2305 447 proximus
2354 379 2692 449 propinquus
2767 376 3063 449 accipitur,
3122 378 3431 450 peregrinis
3482 388 3541 435 et

234 469 608 540 possidebunt.
642 470 755 525 Hoc
796 471 940 541 quod
985 474 1249 543 scriptum
1280 486 1402 530 est:
1437 472 1559 528 Non
1589 488 1709 525 sum
1729 471 1827 524 mi-

231 572 393 620 serius
412 606 425 629 ,
462 564 551 619 vel
572 582 676 619 non
706 581 784 620 me
804 566 1073 637 paenituit,
1102 568 1511 623 calumniantur
1539 564 1784 622 haeretici
1808 606 1823 630 ,

231 658 382 730 quasi
414 658 805 726 autcrudelis,
841 668 935 714 aut
972 660 1255 717 mutabilis
1285 662 1358 716 sit
1388 661 1569 726 Deus,
1613 660 1658 714 si
1701 672 1825 713 eum

232 762 323 809 aut
351 766 460 807 non
486 751 773 825 poeniteat,
802 763 895 807 aut
925 755 1208 822 pmniteat.
1236 754 1293 809 Si
1317 755 1460 809 enim
1489 752 1821 823 ptenituerit,

231 843 419 901 dicunt
444 860 568 900 eum
601 860 727 901 eSse
753 847 1108 914 mutabilem;
1142 848 1186 901 si
1218 863 1326 903 non
1359 848 1708 918 paenituerit,
1741 860 1829 901 as-

230 950 421 997 serunt
471 955 597 996 esse
624 940 929 995 crudelem.
961 940 1224 995 Pmnituit
1248 953 1432 996 autem
1463 941 1630 1013 859
1657 941 1827 994 Deum

231 1035 376 1107 quod
404 1034 538 1092 Saul
576 1033 733 1088 unxit
761 1034 815 1088 in
850 1049 1033 1105 regem
1059 1034 1116 1105 (ι
1147 1034 1276 1105 Reg.
1311 1035 1434 1105 xv).
1469 1035 1535 1088 Et
1568 1033 1708 1102 apud
1740 1032 1831 1087 Ni-

232 1129 465 1195 nivitas,
495 1128 697 1200 quibus
728 1143 827 1198 per
858 1129 1185 1199 prophetam
1215 1130 1560 1185 nuntiaverat
1590 1147 1602 1182 :
1647 1126 1833 1183 Adhuc

231 1221 550 1287 triduum,et
582 1220 775 1276 Ninioe
803 1221 1121 1277 subrertetur
1151 1221 1333 1294 (Jonas
1352 1237 1431 1287 ιιι,
1452 1223 1483 1276 ei
1512 1225 1552 1289 ),
1583 1222 1674 1290 qui
1706 1235 1835 1289 cge-

230 1323 361 1370 runt
389 1313 797 1384 ptenitentiam,
843 1313 1042 1369 dicitur
1068 1324 1126 1370 et
1175 1315 1294 1385 ipse
1340 1328 1583 1369 mutasse
1610 1323 1834 1368 senten-

233 1407 367 1463 tiam
412 1423 603 1477 suam,
659 1423 768 1463 non
799 1408 931 1462 vitio
980 1408 1178 1463 mentis
1206 1407 1564 1477 improvidae,
1618 1405 1714 1461 sed
1767 1420 1831 1459 ex

234 1517 428 1559 eorum
480 1518 600 1573 quae
630 1503 772 1557 male
818 1512 912 1557 aut
946 1503 1086 1557 bene
1139 1503 1380 1570 faciunt,
1434 1504 1719 1557 varietate.
1776 1499 1834 1555 Si

234 1594 383 1651 enim
407 1594 552 1650 male
582 1593 844 1659 fecerint,
876 1594 1336 1650 comtninaturzsi
1358 1595 1590 1663 pristina
1617 1600 1832 1662 peccata

234 1687 592 1753 deﬂeverint,
622 1698 645 1724 υ
672 1686 996 1743 miseretur:
1027 1704 1135 1742 non
1157 1697 1402 1741 mutatur
1424 1688 1667 1755 Deusqui
1697 1700 1835 1739 unus

1929 470 2523 528 alienismentiemlum
2556 484 2659 528 est.
2696 472 2811 528 Hoc
2851 472 2992 529 idem
3021 473 3319 543 Apostolus
3363 474 3542 545 loqui-

1931 570 2070 618 tur:
2133 563 2467 633 Deponentes
2544 566 2897 631 mendacium,
2955 565 3229 636 loquimini
3270 568 3535 622 veritatem

1930 656 2283 727 unusquisque
2301 674 2419 710 cum
2448 659 2685 725 proximo
2734 673 2827 711 suo
2874 656 3098 729 (Ephes.
3131 674 3201 725 tv,
3234 656 3349 730 25).
3386 657 3539 715 Veri-

1932 756 2123 815 tatem,
2154 749 2350 820 ittqnit,
2382 760 2438 805 et
2478 750 2744 820 judicium
2772 752 2925 819 pacis
2969 752 3218 821 judicate
3260 754 3313 807 in
3363 752 3539 823 portis

1931 842 2154 895 vestris.
2184 841 2240 895 In
2283 841 2497 911 judicio
2528 843 2702 913 prima
2743 843 2814 898 sit
2838 845 3045 900 veritas
3096 845 3494 916 atqnejustitia
3527 861 3541 911 ;

1935 930 2132 988 deinde
2155 934 2399 1003 sequitur
2423 934 2821 990 misericordia.
2848 936 2964 992 lloc
2997 948 3079 993 est
3099 940 3245 994 enim
3273 937 3540 1007 judicium

1936 1024 2108 1093 pacis,
2146 1037 2201 1079 ut
2246 1027 2586 1095 propositum
2633 1026 2807 1097 judex
2841 1028 3043 1085 habeat
3087 1032 3377 1101 paciﬁcare
3420 1032 3537 1088 dis-

1936 1117 2153 1183 cordes,
2197 1117 2358 1185 juxta
2394 1119 2525 1173 illttd
2585 1120 2906 1191 Evangelii:
2956 1121 3110 1178 Beati
3149 1125 3380 1196 paciﬁci,
3413 1143 3544 1197 quo-

1940 1208 2082 1261 niam
2111 1208 2212 1277 ﬁlii
2262 1209 2360 1264 Dei
2408 1212 2739 1265 vocabuntur
2776 1212 2995 1283 (Matth.
3048 1231 3102 1282 ν,
3152 1215 3232 1287 9).
3285 1218 3552 1289 Quodque

1938 1301 2187 1370 sequitur
2212 1318 2226 1354 :
2254 1300 2323 1355 In
2345 1303 2511 1372 portis
2528 1305 2731 1374 vestris,
2769 1304 2845 1360 illi
2896 1308 3216 1379 prophetico
3244 1313 3499 1381 congruit
3528 1331 3541 1368 :

1944 1393 2183 1448 Oderunt
2204 1395 2259 1448 in
2297 1397 2462 1467 portis
2516 1398 2900 1468 corripientem,
2959 1408 3006 1455 et
3060 1401 3267 1456 verbum
3310 1414 3546 1459 sanctum

1940 1486 2230 1541 abominati
2277 1498 2396 1542 sunt
2428 1488 2608 1559 (Amos
2651 1505 2706 1558 ν,
2745 1492 2857 1563 ttl).
2911 1494 2981 1549 Et
3012 1495 3066 1547 in
3096 1496 3205 1550 alto
3235 1496 3356 1552 loco
3383 1516 3397 1551 :
3424 1497 3550 1553 Non

1941 1580 2326 1648 confundentur
2373 1596 2489 1633 cum
2531 1582 2813 1652 loquentur
2862 1585 3089 1641 inimicis
3151 1590 3260 1643 suis
3297 1590 3353 1643 in
3399 1602 3550 1661 porta

1942 1670 2063 1741 (Ps.
2096 1687 2279 1737 cxxtx,
2308 1672 2385 1761 6).
2423 1675 2590 1729 David
2640 1692 2859 1747 quoque
2904 1679 3191 1749 judicabat
3234 1686 3290 1738 in
3323 1685 3498 1755 portis
3530 1726 3547 1754 ,

235 1791 406 1852 atque
445 1781 589 1837 idem
617 1791 731 1849 est,
760 1792 815 1838 et
844 1786 1038 1837 mutari
1072 1799 1178 1837 non
1218 1792 1423 1852 potest;
1472 1781 1566 1837 sed
1620 1781 1729 1835 illis
1772 1795 1840 1835 ex

1965 1768 2166 1835 luando
2215 1764 2456 1822 Absalon
2490 1772 2772 1825 veritatem
2798 1770 2989 1841 judicii
3017 1776 3432 1845 repromittens,
3458 1793 3550 1849 pa-

237 1873 403 1930 malis
434 1873 500 1927 ad
557 1874 700 1929 bona
741 1890 908 1945 opera
962 1876 1343 1941 commutatis,
1396 1885 1570 1929 mutat
1598 1884 1652 1929 et
1684 1889 1841 1927 suum

238 1965 360 2035 ipse
389 1965 692 2023 decretum.
741 1967 847 2033 Qui
876 1978 930 2023 et
962 1967 1015 2023 in
1046 1966 1247 2023 Genesi
1289 1968 1533 2037 loquitur
1565 1984 1578 2021 :
1634 1965 1846 2020 Clamor

242 2058 601 2117 Sodomorum
626 2070 673 2114 et
703 2059 1013 2117 Gomorrlue
1036 2062 1411 2131 multiplicatus
1432 2071 1505 2117 est
1526 2081 1543 2127 ;
1571 2072 1617 2115 et
1639 2072 1845 2133 peccata

242 2169 427 2211 eorum
459 2170 645 2226 magna
670 2165 790 2208 sunt
819 2154 971 2209 nimis
998 2170 1018 2209 :
1046 2155 1356 2209 descendens
1402 2170 1521 2226 ergo
1570 2152 1751 2207 videbo
1804 2153 1848 2206 si

234 2249 399 2319 juatta
446 2246 723 2303 clamorem
752 2264 929 2302 eorum
952 2248 1042 2319 qui
1071 2248 1209 2302 venit
1256 2246 1323 2300 ad
1351 2263 1429 2299 me
1449 2289 1463 2310 ,
1513 2246 1802 2313 compleant
1830 2260 1847 2298 :

253 2340 339 2395 sin
366 2349 537 2395 autem
567 2357 697 2407 non,
754 2350 810 2394 ut
840 2340 1001 2395 sciam
1035 2338 1197 2411 (Gen.
1232 2354 1382 2406 xmt,
1414 2339 1504 2406 ΞΟ,
1532 2338 1597 2393 ει
1619 2341 1662 2409 ).
1694 2336 1850 2405 Quod

255 2432 433 2499 dixit,
469 2431 571 2488 hoc
594 2441 679 2488 est
707 2450 720 2485 :
752 2432 809 2489 Si
837 2432 1237 2502 permanserint
1268 2432 1320 2486 in
1348 2430 1531 2486 lurore
1552 2476 1566 2499 ,
1600 2446 1708 2484 non
1754 2429 1852 2485 de-

254 2527 365 2583 erit
392 2540 552 2598 pcena
583 2526 937 2598 peccantibus
970 2544 984 2580 :
1014 2528 1056 2582 si
1086 2526 1349 2582 desierint
1379 2525 1449 2581 ab
1471 2524 1700 2588 insania,
1735 2539 1854 2579 mea

255 2620 392 2677 ﬁent
420 2620 731 2692 cognitione
754 2620 1079 2692 dignissimi.
1111 2618 1385 2693 Cognoscit
1406 2631 1575 2675 autem
1604 2618 1857 2672 Dominus

256 2731 347 2771 eos
370 2717 458 2787 qui
480 2716 561 2770 sui
581 2726 697 2770 sunt
720 2716 740 2785 (
764 2714 804 2769 ll
830 2714 968 2769 Tim.
999 2731 1060 2779 ιι,
1089 2716 1223 2787 19).
1259 2715 1327 2770 Ει
1346 2716 1638 2785 Apostolus
1670 2715 1862 2770 scribit

258 2810 330 2865 ad
361 2808 578 2867 Galatas
612 2830 623 2865 :
660 2810 768 2866 Sed
795 2819 914 2864 tunc
937 2812 1212 2865 nescientes
1232 2810 1399 2864 Deum
1420 2809 1629 2881 (Galat.
1663 2826 1737 2876 tv,
1760 2810 1793 2865 8
1816 2806 1857 2879 ).

260 2903 508 2975 Cumque
536 2904 749 2960 noverit
779 2918 969 2960 omnes
993 2903 1136 2960 Deus
1161 2945 1176 2969 ,
1207 2913 1261 2959 et
1290 2903 1424 2959 nilnl
1455 2919 1575 2959 cum
1603 2918 1704 2958 nec
1723 2918 1862 2973 pra:-

264 2997 548 3053 teritorum
570 3037 587 3062 ,
630 3011 729 3052 nec
755 2997 1104 3068 prtesentium
1133 2997 1296 3053 lateat
1321 3038 1335 3063 ,
1385 3012 1486 3051 nec
1516 2996 1818 3051 futurorum
1846 3038 1861 3063 ,

264 3090 463 3160 impios
486 3090 537 3144 in
570 3090 865 3161 Evangelio
892 3091 1105 3145 nescire
1133 3105 1194 3145 se
1221 3089 1351 3144 dicit
1384 3107 1397 3143 :
1430 3089 1671 3144 Recedite
1690 3105 1720 3142 a
1744 3104 1823 3142 me
1849 3130 1863 3154 ,

1948 1860 2019 1914 tri
2070 1862 2330 1915 tendebat
2392 1862 2623 1918 insidias
2685 1864 2763 1934 (Il
2797 1866 2927 1936 Reg.
2973 1871 3110 1939 χιχ).
3173 1871 3243 1925 Et
3282 1876 3553 1943 quaeritur

1946 1969 2115 2024 quare
2145 1956 2285 2025 apud
2308 1954 2527 2011 Judaeos
2558 1958 2610 2011 in
2654 1959 2829 2028 portis
2857 1960 3011 2015 locus
3042 1962 3212 2019 fuerit
3248 1966 3551 2035 judicandi.

1949 2048 2027 2105 Ne
2071 2060 2406 2120 cogerentur
2455 2053 2712 2122 agricola:
2751 2054 2957 2111 intrare
3002 2059 3188 2124 urbes,
3249 2072 3301 2115 et
3333 2062 3555 2132 aliquod

1952 2142 2134 2198 subire
2164 2144 2536 2213 dispendium,
2578 2147 2796 2215 judiCes
2823 2146 2876 2202 in
2908 2149 3083 2219 portis
3113 2151 3466 2222 residebant,
3502 2165 3562 2211 ut

1955 2246 2065 2291 tam
2090 2237 2331 2293 urbanos
2358 2254 2523 2310 quam
2571 2243 2809 2297 ruSticos
2854 2243 2907 2297 in
2935 2248 3086 2299 exitu
3107 2256 3162 2301 et
3210 2249 3432 2303 introitu
3468 2266 3559 2305 ur-

1954 2331 2040 2387 bis
2060 2333 2335 2401 audirent,
2366 2344 2422 2389 et
2451 2336 2604 2390 linito
2648 2339 2893 2407 negotio,
2926 2343 3303 2410 unusquiSque
3338 2343 3557 2400 confes-

1959 2425 2052 2481 tim
2084 2427 2152 2481 ad
2200 2429 2363 2484 sedes
2394 2431 2646 2499 prOpt'ias
2695 2441 3089 2489 reverteretur.
3127 2435 3192 2489 Et
3228 2436 3445 2503 malum,
3474 2439 3559 2494 itt-

1958 2521 2077 2589 quit
2106 2562 2119 2587 ,
2145 2533 2329 2576 contra
2384 2525 2575 2578 amicos
2602 2533 2796 2579 vestros
2827 2543 2891 2581 ne
2937 2529 3174 2599 cogitetis
3232 2530 3287 2585 in
3315 2534 3559 2589 cordibus

1961 2616 2142 2669 vestris
2180 2631 2196 2668 :
2243 2631 2385 2671 BAAII
2425 2618 2586 2688 (mh)
2619 2660 2634 2685 ,
2689 2619 2836 2689 quod
2887 2635 3083 2676 omnes
3133 2637 3268 2679 voce
3320 2640 3561 2683 consona

1962 2712 2159 2777 κακίαν,
2186 2709 2238 2764 id
2268 2720 2375 2779 est,
2409 2711 2667 2766 malitiam
2708 2713 3056 2784 interpretati
3086 2728 3230 2787 sunt,
3273 2718 3563 2789 dupliciter

1964 2806 2213 2873 accipere
2240 2819 2554 2875 possumus,
2584 2813 2643 2861 et
2684 2822 2782 2875 pro
2814 2806 3135 2877 afﬂictiOue,
3170 2820 3224 2866 et
3254 2826 3354 2884 pro
3392 2814 3559 2870 malo.

1965 2895 2075 2952 Pro
2112 2897 2409 2953 afﬂictione
2441 2915 2455 2955 :
2489 2898 2552 2954 Si
2580 2910 2657 2953 est
2688 2900 2891 2954 malitia
2930 2902 2985 2954 in
3026 2903 3233 2957 civitate
3262 2921 3415 2971 quam
3450 2905 3560 2961 Do-

1966 2989 2136 3042 minus
2168 3006 2268 3043 non
2302 2991 2477 3060 fecerit
2502 2992 2682 3060 (Amos
2711 3007 2793 3059 ιιι,
2825 2993 2899 3063 6).
2930 2994 2993 3046 Et
3027 3011 3039 3047 :
3074 2994 3291 3065 Sufﬁcit
3318 2996 3421 3050 diei
3453 3013 3564 3051 ma-

1970 3083 2083 3135 litia
2104 3099 2199 3137 sua
2228 3082 2389 3155 (Mat.
2417 3100 2493 3150 vr,
2545 3085 2658 3156 54).
2689 3086 2794 3140 Pro
2839 3088 2984 3144 mulo
3012 3088 3067 3143 in
3113 3089 3249 3145 Jona
3298 3093 3567 3162 propheta

266 3184 501 3255 aperarii
545 3182 859 3253 iniquitatis,
910 3183 1080 3238 nescio
1106 3198 1191 3237 vos
1220 3181 1377 3252 (Luc.
1408 3197 1526 3248 xm,
1552 3182 1621 3235 27
1645 3182 1686 3254 ).
1723 3182 1864 3252 Ergo
1891 3167 1936 3229 C
1972 3175 2217 3246 loquitur
2248 3180 2393 3233 Deus
2427 3197 2441 3232 :
2489 3178 2740 3235 Ascendit
2788 3181 2985 3237 clamor
3029 3186 3249 3240 malitite
3273 3202 3449 3242 eorum
3496 3189 3566 3244 ad

265 3285 323 3333 et
350 3276 593 3332 notitiam
613 3317 629 3343 ,
661 3287 717 3332 et
746 3276 1115 3347 panitentiam
1134 3317 1150 3343 ,
1179 3285 1232 3331 et
1259 3274 1391 3330 iram
1420 3317 1434 3342 ,
1459 3286 1514 3330 et
1538 3275 1865 3346 indignatio-

267 3384 396 3425 nem
448 3378 505 3425 et
547 3385 736 3425 omnes
791 3370 1017 3425 allectus
1060 3368 1187 3437 Dei,
1244 3386 1349 3423 non
1385 3369 1605 3423 humani
1657 3384 1868 3424 sermo-

267 3460 357 3519 nis
385 3462 520 3517 vitio
545 3507 560 3531 ,
612 3462 708 3518 sed
740 3462 939 3517 divina:
990 3462 1287 3532 majestatis
1316 3477 1481 3516 sensu
1513 3461 1863 3531 accipiamus.

349 3553 536 3626 (Vcrs.
575 3555 665 3620 16,
698 3555 814 3623 17.)
844 3554 977 3610 Haec
1004 3564 1125 3608 sunt
1152 3570 1272 3624 ergo
1296 3553 1451 3608 verba
1490 3570 1605 3624 qua:
1628 3554 1824 3625 facietis
1850 3568 1869 3608 :

271 3646 572 3718 Loquimini
619 3647 884 3701 veritatem
914 3646 1265 3717 unusquisque
1315 3662 1433 3700 cum
1483 3646 1722 3715 proximo
1750 3662 1866 3716 suo,

272 3740 544 3795 veritatem
572 3749 622 3794 et
630 3739 897 3812 judicium
918 3740 1059 3812 pacis
1074 3740 1313 3811 judicate
1328 3739 1381 3792 in
1410 3741 1574 3809 portis
1594 3741 1795 3802 vestris,
1826 3750 1873 3794 et

274 3834 630 3905 unusquisque
649 3834 843 3887 malum
884 3842 1066 3887 contra
1097 3834 1321 3885 amicum
1374 3848 1527 3885 suum
1557 3849 1657 3887 non
1684 3833 1875 3905 cogite-

278 3928 347 3984 tis
379 3928 431 3981 in
454 3926 698 3982 cordibus
726 3930 926 3993 vestris,
956 3936 1003 3981 et
1024 3926 1384 3995 jnramentum
1424 3924 1643 3979 mendax
1666 3941 1727 3978 ne
1750 3923 1875 3979 dilio'

278 4026 414 4099 gatis
448 4041 465 4079 :
497 4026 671 4079 omnia
696 4024 832 4078 enim
863 4024 970 4079 liter
1008 4032 1129 4077 sunt
1157 4036 1273 4093 qua:
1302 4022 1413 4091 odi,
1448 4022 1575 4075 dicit
1596 4021 1872 4076 Dominus.

280 4117 468 4176 LXX:
503 4117 601 4173 Isti
640 4133 901 4173 sermones
949 4125 1070 4172 sunt
1117 4132 1243 4187 quos
1284 4116 1529 4186 facietis:
1581 4114 1877 4187 Loquimini

280 4211 547 4266 veritatem
592 4210 946 4281 unusquisque
993 4224 1107 4263 cum
1144 4209 1383 4277 proximo
1424 4224 1519 4262 suo
1552 4224 1571 4262 :
1615 4210 1879 4262 veritatem

281 4316 330 4363 et
361 4307 618 4371 iudicium
641 4308 940 4378 pacificum,
965 4316 1010 4361 et
1031 4308 1232 4379 justum
1253 4308 1493 4379 judicate
1517 4306 1569 4359 in
1583 4306 1746 4377 portis
1767 4319 1881 4358 ves-

284 4400 398 4464 tris,
431 4409 478 4454 et
521 4400 873 4471 unusquisque
900 4399 1094 4453 malum
1141 4400 1381 4471 proximo
1406 4415 1500 4453 suo
1543 4414 1645 4452 non
1696 4398 1882 4468 cegitet

281 4492 339 4547 in
367 4491 606 4547 cordibus
636 4494 840 4558 vestris,
873 4501 919 4546 et
960 4494 1318 4562 juramentunt
1346 4492 1572 4545 mendax
1598 4507 1661 4545 ne
1687 4491 1882 4561 diliga-

1970 3288 2049 3326 me
2102 3271 2275 3345 (lanae
2329 3290 2366 3341 ι,
2397 3275 2476 3345 ἓ).
2506 3273 2573 3328 Ει
2624 3275 2677 3328 in
2719 3275 2984 3346 Apostolu
3037 3278 3314 3350 legimus:
3362 3282 3571 3355 chlcti

1969 3368 2112 3423 omni
2157 3368 2429 3437 iniquitate
2480 3378 2528 3422 et
2580 3369 2787 3424 malitia
2842 3370 3024 3441 (Rom.
3086 3374 3269 3446 1,29).
3325 3374 3570 3448 Utroque

1971 3459 2134 3530 igitur
2160 3461 2323 3516 modo
2356 3476 2458 3517 nec
2496 3461 2687 3532 allligit
2725 3464 2961 3519 amicum
2994 3474 3178 3534 suum,
3212 3483 3315 3524 nec
3366 3470 3567 3526 malum

1972 3552 2257 3609 adversum
2312 3570 2434 3610 eum
2480 3555 2685 3626 cogitat
2714 3556 2767 3612 in
2814 3558 3005 3625 corde,
3057 3561 3152 3631 qui
3194 3573 3423 3619 sanctus
3464 3572 3573 3621 est.

1972 3644 2042 3700 Et
2062 3649 2446 3718 juramentum,
2480 3647 2580 3715 ait,
2612 3650 2836 3704 mendax
2862 3667 2925 3704 ne
2941 3652 3209 3722 diligatis:
3242 3655 3571 3726 praecipien-

1976 3752 2027 3797 te
2058 3743 2285 3797 Domino
2326 3742 2378 3797 in
2423 3741 2722 3814 Erangelio
2750 3760 2769 3797 :
2818 3742 2931 3816 Ego
2961 3755 3135 3801 autem
3163 3748 3277 3801 dico
3320 3750 3484 3818 vobis,
3514 3760 3573 3805 ut

1976 3853 2078 3891 non
2099 3837 2296 3909 jnretis
2317 3836 2543 3909 penitus,
2575 3837 2665 3891 sed
2695 3838 2760 3890 sit
2804 3848 2972 3892 vester
2999 3856 3190 3907 sermo,
3221 3850 3297 3897 est
3322 3852 3418 3907 est,
3468 3861 3571 3899 non

1978 3946 2082 3984 non
2114 3929 2271 4002 (Mat.
2297 3945 2352 3995 ν,
2376 3928 2491 3999 54);
2525 3929 2617 4000 qui
2646 3930 2794 3985 enim
2827 3946 2933 3984 non
2956 3930 3248 4002 juraverit,
3279 3951 3575 4007 numquam

1980 4021 2181 4091 poterit
2205 4022 2477 4091 pejerare.
2508 4020 2673 4095 851
2701 4020 2801 4089 Qui
2829 4020 2997 4091 jttrat,
3040 4023 3229 4078 audiat
3267 4024 3400 4081 illud
3430 4028 3575 4098 quod

1979 4115 2242 4186 scriptum
2275 4123 2397 4171 est:
2452 4114 2576 4169 Non
2630 4132 2862 4171 assumes
2900 4133 3085 4171 nomen
3117 4116 3329 4172 Domini
3373 4119 3472 4173 Dei
3505 4122 3581 4175 tui

1980 4224 2138 4279 super
2167 4225 2220 4262 re
2243 4224 2375 4262 vana
2431 4206 2629 4279 (Exod.
2652 4224 2748 4271 xx,
2772 4208 2849 4279 7).
2890 4209 3085 4264 Omnia
3120 4211 3236 4266 haec
3274 4221 3404 4266 sunt
3455 4229 3578 4283 qua:

1982 4301 2100 4369 odi,
2131 4301 2266 4357 dicit
2297 4300 2560 4355 Dominus
2588 4318 2602 4355 :
2630 4302 2783 4370 juxta
2817 4302 3098 4357 Malacbiae
3116 4303 3282 4357 verba
3310 4287 3582 4361 ditentis:

1982 4397 2049 4451 Et
2082 4400 2253 4452 omnia
2276 4413 2392 4468 qua:
2432 4399 2669 4464 oderam,
2700 4399 2973 4469 faciebatis
3000 4398 3192 4471 (Mala.
3222 4417 3280 4467 ll,
3331 4403 3428 4468 l3;
3473 4419 3576 4457 sec.

1984 4487 2184 4559 LXX).
2218 4490 2270 4542 In
2296 4490 2722 4559 praaceptiSqua:
2752 4490 2822 4545 ad
2852 4493 3017 4544 vitam
3049 4493 3350 4562 pertinent,
3382 4503 3584 4551 etsunt

284 4585 374 4651 tis,
397 4586 521 4655 quia
547 4582 659 4640 lucc
710 4585 884 4640 omnia
910 4585 1017 4652 odi,
1067 4585 1192 4639 dicit
1234 4584 1490 4639 Dominus
1533 4586 1875 4656 omnipotens.
1906 4563 2293 4651 I)perspicua,
2343 4596 2456 4635 non
2504 4581 2770 4637 debemus
2828 4598 3077 4652 quaerere
3128 4584 3470 4657 allegoriam,
3516 4604 3584 4642 ne

284 4676 546 4745 Promisi,
574 4694 661 4735 me
696 4693 802 4734 non
832 4678 984 4749 juxta
1015 4677 1136 4733 dies
1166 4678 1381 4749 priores
1408 4676 1593 4733 facere
1632 4676 1879 4746 reliquiis

286 4770 477 4843 pOpttli
527 4772 899 4843 captivorum.
937 4770 1005 4826 Et
1033 4770 1176 4826 sicut
1212 4770 1441 4842 cogitavi
1490 4780 1546 4824 ut
1578 4768 1875 4840 afﬂigerem

288 4880 407 4928 eos.
437 4879 562 4921 cum
612 4881 700 4922 me
753 4865 822 4921 ad
857 4864 1195 4921 iracundiam
1252 4874 1649 4934 provocassem
1697 4874 1879 4933 patres

290 4972 510 5026 eorum,
535 4967 727 5013 etnon
759 4972 879 5013 sum
930 4958 1231 5013 misertus:
1280 4957 1361 5011 sic
1412 4973 1555 5012 nunc
1584 4963 1612 5003 ι»
1651 4956 1885 5028 cogitavi

290 5064 600 5107 conversus
626 5049 794 5123 850
816 5051 874 5105 in
931 5050 1123 5105 diebus
1151 5048 1293 5114 istis,
1325 5058 1383 5104 ut
1412 5047 1754 5103 benefaciam
1796 5049 1888 5103 Je-

292 5145 530 5201 rusalem
563 5143 814 5201 etdomui
845 5142 1007 5199 Juda.
1043 5142 1113 5199 Ut
1134 5144 1296 5213 igitur
1325 5152 1643 5212 permaneat
1668 5150 1888 5197 senten-

294 5238 370 5293 tia
389 5254 532 5308 mea,
587 5246 645 5295 et
696 5254 803 5295 non
834 5237 927 5291 liat
980 5238 1129 5293 irrita
1159 5235 1505 5305 pollicitatio,
1554 5235 1669 5291 haec
1728 5235 1889 5292 facite

294 5346 419 5403 qua:
447 5331 757 5402 praecipio:
813 5329 1109 5402 Loquimini
1157 5329 1424 5384 veritatem
1474 5345 1589 5382 cum
1641 5329 1893 5399 proximis

294 5426 494 5483 vestris.
537 5428 877 5494 Proximum,
911 5439 1074 5482 omne
1123 5422 1405 5479 hominum
1448 5439 1621 5495 genus
1657 5423 1894 5493 accipia-

293 5537 444 5591 mus,
468 5522 595 5593 quia
615 5538 685 5579 ex
718 5537 827 5578 uno
848 5534 1041 5577 sumus
1070 5528 1291 5590 parente
1318 5519 1587 5590 generati.
1633 5517 1892 5588 Alioquin

376 5671 399 5700 ιι
431 5660 689 5730 Verbum,
716 5660 1009 5724 miseretur,
1058 5658 1180 5716 sine
1212 5674 1317 5727 quo
1360 5658 1688 5730 incongruus
1716 5665 1856 5730 erat
1879 5698 1896 5726 ,

297 5742 395 5789 aut
421 5734 641 5790 mutilus
667 5729 878 5799 Sensus,
919 5732 1231 5786 sullecimus
1259 5747 1323 5786 ex
1354 5729 1551 5802 llegin.
1578 5744 1682 5786 ms.
1711 5729 1764 5786 in
1792 5744 1900 5801 quo

299 5818 357 5868 et
388 5805 689 5874 deleverint,
718 5820 817 5877 pro
848 5805 1169 5876 deﬂeverint,
1203 5803 1417 5874 legitur.

1981 4672 2133 4744 juxta
2165 4675 2467 4743 (jomicum,
2502 4674 2707 4731 nodum
2740 4691 3051 4746 quaeramus
3100 4680 3153 4735 in
3186 4681 3368 4753 scirpo
3395 4680 3583 4753 (Plau-

1987 4776 2093 4833 tus,
2125 4767 2271 4821 Men.
2302 4784 2359 4835 ιι,
2397 4765 2473 4839 1).

2064 4858 2249 4932 (Vers.
2279 4861 2527 4930 18,19,.)
2550 4860 2620 4917 Et
2645 4864 2842 4934 factum
2877 4874 2950 4920 est
2976 4867 3185 4923 verbum
3208 4868 3421 4924 Domini
3441 4883 3582 4923 eaer-

1991 4955 2186 5009 cituum
2213 4956 2281 5009 ad
2299 4972 2377 5009 me
2397 4957 2612 5011 dicens:
2643 4956 2776 5013 Hcec
2794 4957 2922 5013 dicit
2941 4959 3197 5017 Dominus
3233 4963 3587 5018 exercituum:

1992 5048 2267 5122 Jejunium
2285 5053 2474 5119 quarti,
2509 5062 2556 5107 et
2600 5055 2857 5125 jejunium
2883 5058 3075 5126 quinti,
3101 5066 3151 5111 et
3188 5060 3454 5131 jejunium
3475 5076 3590 5132 sep-

1995 5143 2129 5207 timi,
2158 5155 2204 5197 et
2218 5146 2483 5214 jejunium
2522 5147 2709 5203 decimi
2750 5150 2847 5206 erit
2876 5149 3055 5204 domui
3098 5151 3241 5206 Inda
3264 5153 3316 5206 in
3337 5153 3591 5225 gaudium

1995 5246 2045 5292 et
2072 5238 2125 5290 in
2151 5236 2406 5303 laetitiam,
2435 5241 2555 5295 etin
2581 5243 2931 5298 solemnitates
2974 5244 3254 5311 praeclaras
3284 5261 3301 5298 :
3330 5246 3596 5299 veritatem

1998 5338 2221 5397 tantum,
2252 5342 2302 5385 et
2331 5349 2510 5401 pacem
2537 5335 2762 5408 diligite.
2795 5334 2940 5391 LXX
2972 5352 2985 5390 :
3026 5335 3094 5391 Et
3116 5338 3286 5407 factus
3315 5350 3390 5394 est
3428 5354 3596 5393 sermo

1999 5423 2214 5479 Domini
2237 5428 2600 5499 omnipotentis
2627 5431 2697 5481 ad
2722 5445 2824 5498 me,
2853 5430 3030 5485 dicens
3056 5449 3071 5485 :
3109 5431 3235 5488 Ilaec
3258 5434 3386 5488 dicit
3413 5433 3596 5489 Domi-

2000 5534 2096 5574 nus
2121 5521 2465 5589 omnipotens.
2489 5520 2765 5590 Jejunium
2795 5534 3064 5594 quartum,
3096 5537 3144 5581 et
3160 5529 3428 5599 jejunium
3449 5530 3604 5595 quin-

2010 5730 2022 5741 .
2055 5655 2106 5782 ’ξ’
2129 5656 2190 5715 In
2221 5659 2415 5718 eodem
2464 5676 2594 5730 ms.,
2647 5663 2876 5733 cogitare
2931 5678 3206 5722 conversus
3235 5684 3349 5725 sum
3370 5667 3426 5723 in
3453 5668 3602 5726 rebus

2010 5747 2048 5782 l8
2075 5748 2134 5782 18.

2004 5747 2134 5786 Nil".
