4056 6342
515 273 656 334 N75

1751 271 1815 328 8.
1854 268 2125 336 EUSEBII
2163 267 2550 331 HIERONYMI

3649 265 3684 340 η
3697 267 3782 330 ΗΒ

513 401 644 450 tum,
703 397 750 443 et
781 389 1047 462 jejunium
1092 388 1391 461 septimum,
1444 396 1493 442 et
1535 385 1796 459 jejunium
1848 386 2110 442 decimum
2141 391 2190 448 Α
2216 387 2506 442 Ianuarius
2538 386 2764 454 dicitur,
2792 401 2860 444 eo
2876 382 3020 456 quod
3051 382 3212 453 ianua
3231 381 3358 442 anni
3385 381 3459 440 sit
3485 390 3640 453 atque
3659 389 3786 456 priu-

516 492 662 535 ernnt
691 481 863 535 domui
892 479 1037 535 Iuda
1069 482 1121 534 in
1151 480 1402 552 gaudium
1423 487 1472 533 et
1503 480 1558 534 itt
1591 479 1848 548 laztitiam,
1882 489 1926 534 et
1955 479 2008 533 in
2035 477 2112 546 fe-

521 576 773 630 stivitates
794 574 904 645 [AL
926 572 1305 644 solemnitales]
1337 575 1494 627 bonas
1519 571 1650 640 (hoc
1675 571 1822 626 cnim
1850 571 2120 632 llebraicu

519 665 721 721 dicitur
741 682 900 722 'romtt
930 665 1154 738 (οξτο),
1193 665 1243 718 id
1290 675 1394 730 est,
1429 663 1669 740 ἀγαθὰς),
1704 674 1752 718 et
1783 672 1808 700 ο
1839 664 2121 729 ltetamini,

517 770 566 815 et
599 761 859 813 veritatem
879 767 927 812 et
959 773 1140 827 pacem
1171 755 1391 828 diligite.
1426 757 1506 816 Ad
1536 755 1590 810 id
1641 755 1788 830 quod
1818 770 1985 826 supra
2017 753 2122 810 Sa-

521 866 705 915 rasar,
754 859 808 906 et
865 847 1288 919 Rogomtnclech
1340 863 1436 917 per
1492 847 1703 916 legatos
1759 844 2118 917 quaesieram,

521 953 701 998 utrum
737 945 790 997 in
819 956 1008 996 mense
1039 941 1256 1010 quinto,
1284 947 1340 994 et
1371 939 1426 992 in
1458 951 1646 993 mense
1677 936 1938 1006 septimo,
1979 937 2122 994 sicut

524 1035 752 1092 habetur
781 1037 833 1090 in
866 1034 1036 1102 LXX,
1091 1035 1340 1106 jejunare
1369 1032 1638 1088 deberent
1658 1040 1714 1086 et
1740 1029 2023 1102 plangere,
2053 1044 2122 1086 an

523 1139 642 1198 post
667 1127 1088 1186 aediﬁcationem
1119 1127 1306 1198 templi
1353 1125 1511 1182 linire
1555 1125 1852 1196 jejunium,
1886 1123 2122 1178 luctum-

521 1237 629 1293 quc
659 1221 958 1294 deponere,
996 1221 1180 1278 multis
1207 1221 1260 1276 in
1293 1218 1475 1276 medio
1502 1217 1696 1294 positis
1716 1231 1839 1290 qua:
1858 1214 2123 1279 iacerent,

523 1326 578 1370 ct
602 1332 722 1386 quae
754 1323 1062 1385 sperarent,
1094 1329 1161 1370 ex
1211 1327 1444 1382 persona
1470 1311 1686 1370 Domini
1739 1309 2007 1382 propheta
2036 1325 2126 1366 re~

527 1406 752 1475 Spoudit
788 1407 1092 1478 :jejnnittm
1118 1406 1316 1470 quarti,
1343 1413 1388 1458 et
1411 1404 1676 1474 jejunium
1724 1401 1916 1474 quinti,
1945 1411 1992 1456 et
2035 1403 2122 1467 je-

526 1501 732 1568 junium
768 1500 974 1570 septimi
996 1539 1011 1563 ,
1037 1507 1085 1552 et
1100 1498 1367 1568 jejunium
1394 1495 1580 1554 decimi
1610 1495 1748 1562 (ἀπὸ
1777 1499 1945 1548 κοινοῦ
1976 1491 2126 1547 enim

525 1591 852 1648 subauditur
873 1589 1085 1662 mensis)
1128 1590 1304 1643 domui
1327 1586 1470 1644 Juda
1499 1598 1545 1643 et
1596 1584 1894 1642 Jerusalem
1925 1589 1979 1638 in
2016 1585 2128 1640 dies

525 1688 684 1754 festos
711 1694 934 1737 vertetur
971 1693 1020 1738 et
1063 1681 1339 1753 gaudium.
1395 1681 1686 1736 Veritatem
1739 1687 1950 1734 tantum
1983 1678 2128 1733 Deus

2219 483 2448 552 cipium,
2486 481 2740 538 Ezechiel
2784 479 2838 535 in
2885 478 3202 547 captivitate
3260 476 3472 546 positus
3498 475 3714 543 audivit,
3743 491 3789 536 ct

2221 585 2451 630 cunctus
2481 574 2711 644 populus
2741 573 3088 644 captivorum
3105 569 3298 639 quinto
3324 583 3518 624 mense
3547 572 3786 640 templum

2220 681 2344 726 esse
2365 666 2715 733 subversum,
2738 663 2882 734 quod
2909 662 3230 734 plenissime
3256 662 3308 718 in
3339 662 3534 716 eodem
3560 665 3792 734 propheta

2221 760 2627 828 cognoscimus.
2677 758 2792 814 Hoc
2835 756 3110 825 estigitur
3161 770 3324 811 omne
3372 751 3520 824 quod
3568 755 3790 814 dicitur:

2223 853 2354 914 Dies
2385 852 2642 922 planctus
2665 861 2716 910 et
2766 851 3100 920 jejuniorum
3146 863 3288 918 quos
3311 850 3579 905 hactenus
3601 849 3795 907 habuis-

2225 946 2380 1009 tisin
2407 948 2642 1012 luctum,
2670 945 2860 1004 sciatis
2910 944 3092 1012 vobis,
3115 945 3242 1014 quia
3266 945 3500 1012 cogitavi
3553 953 3611 998 nt
3657 945 3798 1002 lit-ne-

2225 1037 2418 1096 faciam
2463 1037 2788 1103 Jerusalem,
2842 1045 2900 1091 et
2946 1035 3136 1094 domui
3178 1033 3344 1100 .luda,
3378 1035 3434 1089 in
3484 1035 3714 1090 laetitiam
3753 1048 3797 1094 ct

2225 1131 2510 1202 gaudium,
2543 1129 3020 1188 etsolemnitates.
3052 1141 3176 1184 esse
3201 1127 3502 1183 vertendos
3529 1146 3544 1182 :
3573 1130 3640 1181 ita
3661 1129 3796 1183 dunt-

2228 1233 2378 1283 taxat
2403 1225 2449 1282 si
2474 1224 2762 1284 veritatem
2783 1223 3026 1298 diligatis
3037 1231 3093 1278 et
3117 1237 3330 1292 pacem.
3359 1219 3526 1276 Juxta
3547 1224 3796 1295 ἀναγωγὴ,

2226 1321 2354 1390 quia
2389 1327 2516 1376 tunc
2570 1319 2900 1389 ieiunamus,
2954 1316 3178 1387 quando
3226 1331 3472 1387 sponsus
3514 1316 3744 1372 aufertur
3773 1334 3799 1374 a

2228 1413 2388 1466 nobis
2410 1410 2566 1472 (Luc.
2589 1411 2670 1481 v).
2700 1420 2758 1466 et
2789 1426 2898 1466 non
2917 1425 3194 1466 meremur
3211 1408 3335 1478 ejus
3357 1409 3422 1461 ha
3433 1408 3566 1463 bere
3585 1423 3802 1476 prasen-

2229 1507 2379 1569 tiam,
2395 1522 2517 1562 cum
2535 1520 2786 1562 reversus
2806 1503 3250 1560 lueritDominus
3263 1503 3330 1556 ad
3347 1517 3473 1571 nos,
3486 1501 3648 1574 853
3665 1513 3709 1558 et
3723 1521 3803 1558 eo.

2227 1597 2478 1665 gitaverit
2507 1607 2564 1652 ut
2604 1597 2920 1654 benel'aciat
2943 1596 3128 1659 nobis,
3159 1594 3342 1649 omnis
3383 1594 3608 1648 tristitia
3652 1604 3804 1650 verte-

2230 1697 2318 1746 tur
2343 1690 2393 1744 in
2413 1689 2702 1759 gaudium;
2725 1700 2780 1744 et
2803 1687 2980 1744 (ames
3009 1687 3236 1756 pristina
3259 1684 3538 1742 sermonis
3562 1686 3673 1754 Dei,
3689 1704 3806 1756 prae-

527 1777 746 1848 quaarit,
779 1786 836 1832 et
869 1792 1078 1848 pacem.
1115 1777 1172 1832 In
1196 1777 1300 1831 hoc
1328 1776 1450 1834 loco
1477 1783 1792 1829 nostrorum
1810 1772 1962 1828 multi
1991 1769 2123 1825 mul-
2153 1777 2202 1840 Β
2227 1783 2402 1838 senm
2442 1783 2824 1842 doctrinarum
2868 1781 3009 1852 eius,
3041 1789 3100 1838 οι
3149 1780 3394 1837 celestis
3436 1781 3594 1850 pani;
3640 1783 3807 1836 saturi.

529 1877 582 1926 ta
623 1872 906 1937 dixerunt,
927 1879 982 1926 et
1015 1872 1156 1925 inter
1189 1884 1247 1924 se
1274 1867 1633 1924 dissonantia.
1671 1863 1904 1933 Quidam
1931 1862 2128 1918 obscu-

526 1965 747 2019 ritatem
783 1964 1004 2020 silentio
1037 1961 1294 2032 professi,
1341 1960 1497 2029 quasi
1523 1956 2012 2028 profundissimam
2049 1953 2130 2009 l'o-

530 2073 686 2114 veim
739 2059 792 2112 in
840 2055 1253 2112 commentariis
1312 2053 1685 2110 transierunt:
1743 2052 1946 2106 reetius
1985 2049 2132 2104 arbi-

530 2159 763 2215 trantes,
796 2150 930 2204 nihil
960 2151 1185 2204 omnino
1224 2163 1297 2220 qu
1321 2163 1385 2200 .tn
1418 2161 1611 2218 parum
1636 2145 1839 2201 dicere.
1872 2143 2132 2214 Cogimur

530 2242 694 2314 igitur
720 2242 787 2296 ad
841 2242 1100 2297 Hebraaos
1151 2254 1460 2304 recurrere,
1489 2250 1538 2293 et
1569 2238 1815 2294 scientia:
1843 2236 2131 2292 veritatem

532 2335 599 2390 de
631 2336 780 2391 fonte
810 2337 980 2407 magis
1007 2351 1168 2406 quam
1193 2333 1260 2388 de
1292 2333 1481 2388 rivulis
1505 2346 1752 2403 quaerere
1784 2350 1795 2385 ε
1832 2330 2134 2400 praesertim

530 2443 652 2482 cum
687 2444 791 2482 non
813 2428 979 2500 852
1003 2426 1288 2498 pr0phetia
1322 2425 1499 2496 aliqua
1542 2425 1611 2480 de
1637 2425 1876 2490 Christo,
1913 2423 2001 2480 ubi
2032 2432 2135 2479 ter-

531 2521 798 2590 giversari
829 2522 1029 2584 solent,
1063 2527 1119 2575 et
1149 2519 1433 2572 veritatem
1466 2517 1649 2572 celare
1683 2516 2004 2581 mendacio;
2037 2515 2134 2572 sed

536 2614 781 2667 historiae
812 2629 880 2667 ex
909 2611 1344 2682 praecedentibus
1394 2620 1453 2666 ct
1505 2611 1974 2682 consequentibus
2000 2609 2137 2666 ordo

539 2717 776 2762 texatur.
812 2706 1086 2775 Jejuniutn
1113 2701 1141 2743 δ
1194 2705 1378 2776 quarti
1411 2703 1642 2770 mensis,
1671 2704 1762 2773 qui
1820 2705 1962 2774 apud
1995 2703 2139 2758 Lati-

538 2817 637 2857 nos
670 2812 900 2856 vocatur
928 2798 1131 2868 Julius,
1159 2799 1249 2854 die
1290 2799 1522 2868 septima
1555 2806 1611 2853 et
1635 2797 1844 2854 decima
1891 2796 2135 2868 ejusdem

536 2896 763 2964 mensis,
785 2893 922 2948 illud
947 2893 1312 2958 arbitrantur,
1333 2889 1550 2961 quando
1563 2888 1910 2948 descendens
1926 2888 2139 2959 Moyses

538 2989 608 3044 de
639 2997 823 3043 monte
846 2987 976 3043 Sina
1011 2985 1226 3040 tabulas
1253 2984 1416 3055 Legis
1441 2983 1706 3054 abjecerit
1727 2992 1893 3052 atque
1924 2982 2138 3037 Confre-

537 3083 684 3154 gerit
713 3081 916 3155 (Exod.
949 3080 1146 3150 xxxii),
1204 3091 1256 3133 et
1295 3079 1444 3148 juxta
1477 3078 1772 3133 .Ieremiam
1833 3077 1971 3131 muri
2013 3075 2142 3144 pri—

2234 1883 2342 1932 tate
2359 1916 2374 1938 ,
2409 1876 2746 1944 pensabitur.

2305 1966 2485 2040 (Vers.
2519 1967 2586 2024 ει
2618 2009 2633 2032 ,
2664 1966 2784 2038 2'2.)
2817 1965 2942 2026 litua
2981 1965 3110 2021 dicit
3155 1963 3418 2020 Domiuus
3466 1964 3807 2020 exercitum:

2237 2059 2512 2132 Usquequo
2532 2061 2735 2115 veniant
2757 2058 2964 2131 populi,
2992 2069 3037 2116 et
3058 2056 3292 2114 habitent
3309 2058 3364 2112 iu
3383 2056 3672 2111 civitatibus
3690 2059 3806 2111 stul-

2232 2153 2320 2220 tis,
2348 2163 2394 2208 et
2423 2152 2616 2209 cadant
2650 2152 2965 2210 habitatores
2996 2166 3130 2206 unus
3156 2149 3226 2204 ad
3264 2147 3496 2203 alterum
3521 2191 3541 2220 ι
3563 2149 3768 2204 dicentes
3793 2168 3807 2204 :

2235 2245 2433 2300 Eamus
2455 2257 2502 2300 et
2515 2247 2848 2312 deprecemur
2873 2245 3060 2316 {aciem
3084 2240 3324 2306 Domini,
3343 2250 3392 2295 et
3411 2256 3699 2311 Mantus
3724 2240 3810 2296 Do-

2237 2341 2432 2394 minum
2459 2338 2804 2394 exercituum.
2839 2336 3044 2394 Vadam
3068 2335 3226 2392 etiam
3265 2350 3358 2402 ego
3382 2373 3400 2396 ,
3431 2341 3478 2388 ct
3508 2334 3697 2387 ventem
3736 2352 3810 2401 po-

2237 2433 2349 2504 puli
2382 2433 2554 2498 multi,
2581 2441 2627 2486 et
2653 2424 2830 2504 gentes
2850 2431 3076 2486 robusta
3093 2429 3164 2486 ad
3185 2428 3534 2500 qucrrendum
3562 2426 3810 2482 Dominum

2237 2527 2559 2582 exercituum
2586 2527 2638 2579 in
2664 2525 2996 2591 Jerusalem,
3021 2531 3072 2578 et
3098 2523 3492 2591 deprecandum
3519 2521 3694 2590 facient
3722 2519 3813 2573 Do-

2239 2620 2386 2674 mini.
2418 2617 2560 2676 LXX
2588 2635 2601 2672 :
2638 2616 2764 2672 licet:
2794 2616 2921 2670 dicit
2971 2614 3230 2674 Dominus
3259 2616 3584 2684 omnipotens
3611 2628 3628 2665 :
3657 2611 3812 2666 Aditus

2239 2713 2440 2768 venient
2471 2711 2654 2784 populi
2681 2711 2855 2777 multi,
2875 2719 2922 2764 et
2951 2709 3267 2768 habitatores
3297 2708 3510 2764 urbium
3526 2706 3811 2772 multarum;

2239 2815 2286 2860 et
2312 2805 2763 2879 congregabantur
2782 2808 2867 2875 qui
2895 2803 3134 2860 habitant
3154 2803 3386 2858 ciuitates
3414 2803 3470 2854 in
3493 2819 3598 2856 una
3621 2801 3810 2866 civitate,

2241 2899 2463 2953 dicentes
2507 2914 2525 2951 :
2561 2896 2758 2952 Eamus
2801 2907 2854 2950 ut
2899 2897 3235 2965 deprecemur
3280 2897 3478 2966 [aciem
3517 2893 3752 2959 Domini,
3776 2901 3814 2945 et
3898 2954 3901 2957 η

2240 3008 2536 3062 quwramus
2557 2991 2750 3048 vultum
2781 2987 2989 3044 Domini
3015 2989 3402 3059 amttipotentia.
3452 2986 3647 3044 Vadam
3686 2986 3812 3040 etiam

2242 3103 2356 3158 ego,
2382 3097 2424 3140 et
2459 3087 2660 3140 venient
2681 3084 2861 3156 populi
2885 3085 3032 3138 multi
3063 3093 3305 3155 algentes
3326 3082 3599 3152 plurimm,
3623 3090 3671 3135 ut
3694 3096 3814 3151 quat-

539 3195 692 3235 mum
721 3180 864 3249 rttpti
895 3187 1018 3232 sunt
1071 3175 1311 3231 civitatis
1341 3171 1482 3246 (Jer.
1511 3173 1632 3244 Lu).
1677 3170 1733 3226 In
1767 3171 1958 3242 quinto
1988 3186 2142 3226 men-
2167 3165 2214 3230 C
2244 3193 2360 3234 rant
2383 3180 2568 3249 [aciem
2600 3178 2813 3233 Domini
2846 3177 3211 3248 omnipotentis
3242 3177 3296 3230 in
3332 3173 3634 3232 Jerusalem
3660 3215 3674 3238 ,
3700 3183 3742 3228 et
3769 3181 3815 3226 ut

541 3286 625 3338 se,
658 3271 747 3341 qui
801 3267 944 3339 apud
1001 3267 1228 3322 Latinos
1280 3265 1589 3334 appellatur
1640 3262 1907 3335 Augustus
1949 3304 1964 3327 ,
2013 3276 2138 3316 cum

543 3373 768 3435 propter
789 3362 1175 3433 exploratores
1198 3367 1362 3413 terra:
1387 3367 1589 3413 sanctae
1619 3356 1814 3411 seditio
1835 3366 1952 3412 orta
1995 3363 2144 3412 esset

543 3458 598 3512 in
635 3457 854 3527 populo,
878 3454 1017 3525 jussi
1055 3461 1183 3508 sunt
1216 3459 1458 3506 montem
1504 3464 1609 3504 non
1649 3449 1982 3514 ascendere;
2043 3447 2140 3506 sed

545 3566 642 3619 per
675 3549 1034 3620 quadraginta
1074 3560 1252 3624 annos
1305 3543 1484 3611 longis
1534 3542 1601 3597 ad
1633 3552 1840 3597 terram
1895 3551 2141 3598 sanctam

544 3643 783 3697 circuire
810 3637 1139 3710 distiendiis,
1172 3646 1227 3691 ut
1258 3635 1500 3706 exceptis
1519 3634 1757 3700 duobus,
1778 3634 1947 3692 Caleb
1969 3645 2023 3692 et
2052 3635 2144 3690 ,Ιυρ

545 3750 666 3800 sue,
692 3748 885 3789 omnes
933 3734 984 3785 in
1033 3728 1329 3785 solitudine
1373 3728 1639 3785 caderent
1679 3727 1867 3798 (Num.
1922 3727 2057 3800 xiv).
2085 3729 2145 3785 ln

551 3837 653 3889 hoc
685 3847 892 3899 mense,
921 3840 978 3886 et
1006 3847 1035 3885 a
1067 3827 1574 3884 Nabuchodonosor
1623 3823 1759 3900 (Jer.
1792 3826 1908 3895 Lit),
1940 3824 2148 3880 ctmul-

548 3938 600 3982 ta
637 3937 759 3996 post
786 3925 984 3980 saecula
1027 3938 1058 3978 a
1086 3923 1211 3978 Tito
1254 3931 1307 3977 et
1338 3920 1701 3990 Vestiasiano,
1741 3919 2003 3990 templum
2059 3916 2147 3972 Je-

549 4019 842 4092 rosolymis
897 4020 1177 4074 incensum
1221 4024 1328 4083 est,
1372 4025 1534 4084 atque
1579 4013 1942 4077 destructum,
1990 4021 2147 4081 capta

553 4117 684 4170 urbs
715 4124 737 4152 ε
793 4112 1012 4176 Bether,
1054 4110 1120 4166 ad
1151 4125 1310 4181 quam
1359 4109 1532 4163 multa
1577 4107 1744 4164 millia
1790 4105 2152 4176 confugerant

552 4207 890 4271 Juda'orum,
926 4211 1136 4258 aratum
1180 4202 1443 4271 templum
1479 4201 1532 4256 in
1583 4200 1934 4270 ignominiam
1968 4199 2149 4268 gentis

555 4314 858 4371 oppressm,
891 4313 922 4353 a
954 4295 982 4335 ἀ
1017 4295 1296 4352 Turannio
1325 4292 1486 4348 little.
1518 4293 1574 4348 ln
1605 4291 1840 4362 septimo
1881 4307 2030 4357 vero,
2058 4291 2151 4361 qui

556 4393 698 4464 apud
723 4406 825 4446 nos
855 4390 1158 4462 appellatur
1191 4387 1432 4452 October,
1469 4386 1612 4441 sicut
1657 4400 1820 4460 supra
1869 4385 2148 4455 diximus,

557 4486 772 4541 occisus
797 4495 876 4538 est
910 4481 1193 4548 Godolias,
1251 4489 1306 4536 et
1335 4478 1489 4534 ludat
1523 4478 1697 4533 tribus
1743 4493 1808 4533 ac
1847 4476 2151 4536 Jerusalem

2245 3275 2585 3344 deprecentur
2633 3275 2816 3344 facient
2867 3271 3094 3332 Domini.
3141 3269 3424 3341 Jejuuium
3480 3268 3677 3340 quarti,
3710 3278 3731 3306 ο
3771 3274 3815 3321 et

2244 3370 2457 3441 quinti,
2488 3378 2544 3424 et
2571 3368 2814 3437 septimi,
2844 3377 2899 3422 et
2923 3365 3128 3424 decimi
3154 3366 3358 3422 mensis
3385 3366 3446 3420 in
3475 3362 3816 3420 soiemtiitateS

2245 3463 2481 3531 Optimas
2503 3458 2956 3523 commutabitur,
2987 3457 3256 3516 intantum
3284 3465 3352 3513 ut
3371 3457 3622 3512 civitates
3644 3453 3816 3508 Jttdtea

2245 3571 2366 3626 qua:
2399 3555 2548 3623 prius
2591 3555 2825 3609 desertae
2852 3559 3046 3616 erant,
3073 3551 3348 3623 frequenti
3399 3549 3706 3605 habitatore
3739 3561 3814 3600 ce-

2249 3649 2532 3706 lebrentur
2559 3665 2568 3699 :
2601 3655 2656 3701 et
2685 3659 2790 3699 una
2816 3645 3009 3702 civitas
3056 3651 3246 3715 pergat
3271 3642 3342 3698 ad
3380 3642 3614 3697 alteram
3636 3681 3650 3706 ,
3677 3648 3728 3693 et
3765 3652 3816 3693 se

2249 3747 2438 3796 mutuo
2463 3737 2845 3801 cohortentur,
2869 3744 2924 3796 et
2948 3735 3138 3792 dicant
3168 3752 3180 3787 :
3209 3731 3340 3804 quia
3369 3748 3468 3801 per
3495 3732 3598 3787 tios
3631 3740 3818 3798 septua-

2248 3835 2398 3904 ginta
2423 3845 2600 3886 annos
2639 3831 2742 3886 vite
2771 3828 2906 3886 Sion
2955 3828 3243 3892 luserant,
3277 3840 3346 3882 eo
3371 3823 3524 3895 quod
3550 3838 3656 3879 non
3696 3827 3819 3875 esset

2250 3928 2340 3998 qui
2371 3927 2476 3983 iret
2498 3926 2563 3982 ad
2582 3926 3018 3986 solemnitatem.
3040 3936 3234 3980 omnes
3260 3931 3430 3990 pomo
3444 3919 3570 3990 ejus
3587 3917 3814 3977 deserta,

2251 4031 2310 4078 et
2351 4021 2668 4078 sacerdotes
2712 4020 2858 4078 illius
2887 4027 3172 4092 gementes
3203 4033 3218 4072 :
3252 4030 3397 4072 nunc
3442 4030 3581 4086 pace
3616 4010 3818 4074 reddita,

2254 4131 2544 4188 pergamus
2564 4114 2900 4179 Jerusalem,
2925 4113 2984 4168 in
3004 4127 3111 4184 qua
3142 4111 3262 4182 lege
3292 4117 3627 4180 praeceptum
3652 4115 3725 4161 cst
3742 4111 3822 4167 ,ω

2256 4207 2506 4265 victimas
2533 4207 2910 4274 immolemus,
2939 4217 2992 4262 et
3025 4215 3112 4264 ter
3137 4205 3190 4260 in
3218 4217 3366 4260 anno
3405 4217 3574 4258 omne
3600 4195 3820 4255 masculi

2255 4316 2384 4356 num
2413 4308 2656 4356 nostrum
2686 4307 2958 4373 appareat
2984 4301 3042 4356 in
3078 4304 3380 4368 conspectu
3405 4293 3620 4352 Domini
3648 4290 3818 4364 (Exod.

2258 4393 2440 4464 mu),
2471 4403 2528 4450 et
2553 4393 2772 4454 dicente
2816 4393 2986 4448 altera
3017 4390 3086 4448 ad
3128 4390 3362 4450 alteram
3393 4408 3406 4443 :
3437 4389 3636 4444 Eamus
3672 4381 3821 4440 etde

2259 4501 2548 4559 precentur
2585 4485 2780 4542 faciem
2825 4483 3036 4544 Domini
3062 4524 3079 4550 ,
3111 4493 3164 4542 et
3193 4496 3517 4553 quaternus
3567 4477 3820 4536 Dominu-

556 4577 797 4648 rcliquim
830 4577 1110 4647 dis~ipataa
1140 4573 1232 4648 (IV
1263 4575 1392 4646 Reg.
1415 4571 1530 4645 25).
1558 4571 1827 4643 Legamus
1855 4571 2148 4630 Jeremiam
2177 4561 2232 4628 Ι)
2257 4581 2686 4650 omnipotentem
2714 4620 2730 4645 ,
2759 4575 3122 4649 respondebit
3153 4575 3332 4634 altera
3353 4574 3548 4632 civitas
3600 4589 3614 4628 :
3652 4569 3822 4626 Vada

559 4677 712 4752 (Cap.
741 4691 908 4732 xxxix
964 4684 1011 4730 et
1043 4674 1178 4744 xm).
1211 4671 1396 4727 Mense
1435 4670 1674 4738 decimo,
1707 4670 1799 4740 qui
1852 4670 1995 4738 apud
2055 4685 2153 4726 nos

631 4828 656 4858 °
681 4819 872 4891 Regin.
904 4832 1032 4884 ms.,
1061 4827 1106 4871 et
1131 4813 1454 4879 ltetabimini,
1482 4812 1634 4882 juxta
1663 4811 1916 4872 Graecum
1945 4812 2154 4888 εὐφραν-

561 4896 776 4953 θήσεστε
787 4934 800 4946 .

632 4966 661 5006 ιι
693 4962 950 5018 lndicitur
981 4959 1068 5015 die
1093 4959 1156 5014 l7
1189 4958 1420 5014 Tamuz:
1453 4964 1507 5012 et
1535 4955 1677 5026 quod
1709 4955 1843 5012 inira
1867 4955 2159 5023 exponitur

555 5036 822 5107 jejunium
847 5032 1018 5107 quinti
1045 5031 1134 5107 die
1162 5045 1299 5102 nona
1351 5029 1551 5107 mensis
1583 5027 1836 5107 Ap._l_lttc
1865 5043 2025 5107 porro
2067 5044 2156 5084 re-

562 5098 825 5164 ice-rendus
851 5098 1171 5160 Philastr'nts
1199 5098 1321 5170 cap.
1356 5101 1488 5164 145,
1533 5108 1588 5153 et
1619 5098 1884 5153 Seldenus
1919 5099 1987 5152 de
2013 5113 2159 5154 anno

560 5180 711 5237 civili
733 5177 1040 5236 Iudaeorum
1071 5191 1191 5244 cap.
1224 5173 1276 5232 8.

637 5259 659 5286 ο
693 5251 965 5304 Hactenus
999 5243 1233 5301 obtinuit
1262 5247 1313 5298 in
1345 5243 1502 5300 editis
1551 5257 1705 5312 neque
1731 5256 1794 5298 ac
1840 5257 1972 5298 mss.
2003 5243 2156 5301 libris

563 5321 765 5386 Betnct,
796 5337 916 5392 quin
945 5321 1133 5374 civitas
1166 5332 1265 5371 nec
1279 5335 1319 5392 _a
1347 5317 1485 5392 Tito_
1508 5325 1600 5368 aut
1635 5313 2153 5392 Yespasianocapta

563 5406 666 5458 est,
704 5385 882 5462 neque
903 5394 956 5446 in
1005 5388 1410 5462 extutgnatitme
1457 5385 1921 5462 Jerosolymorum
1949 5385 2152 5462 __locum

562 5456 773 5524 habuit.
795 5456 1124 5534 Repositum
1155 5456 1238 5520 est
1277 5461 1420 5520 adeo
1447 5460 1611 5516 unius
1631 5456 1926 5534 mutatione
1949 5457 2160 5534 litteru-

561 5541 628 5594 Ire
659 5536 867 5604 Bether,
893 5528 1019 5606 quae
1053 5535 1183 5590 urbs
1221 5541 1528 5606 expugnata
1568 5528 1671 5606 sub
1700 5528 1940 5606 Adriano
1989 5528 2151 5606 es_t_in

561 5600 864 5664 rebellione
886 5600 1133 5670 Jutlaica,
1185 5600 1343 5676 quam
1371 5600 1547 5658 movit
1574 5600 2153 5676 Barcliocltebzis._l_\_1ec

563 5682 811 5746 dubium,
843 5681 888 5735 si
923 5680 1080 5734 [idem
1112 5671 1352 5750 hisioria;
1376 5683 1616 5750 spectes,
1643 5673 1780 5750 quin
1921 5671 2150 5750 altHic-

560 5743 1080 5822 ronymo'scriptum
1108 5750 1201 5814 sit,
1237 5743 1426 5822 Bethef
1447 5743 1709 5822 :_tametsi
1731 5743 1980 5822 videatur
1997 5743 2148 5822 ipsc_,

559 5815 755 5892 duplex
785 5815 1012 5890 bellum,
1063 5822 1296 5876 alterum
1333 5818 1433 5872 sub
1458 5817 1722 5881 Adriano,
1769 5815 1997 5872 alterum
2048 5815 2150 5870 sub

2257 4675 2412 4728 etiam
2441 4690 2532 4745 ego
2564 4688 2582 4727 :
2626 4687 2736 4744 quo
2803 4681 3058 4741 tempore
3090 4667 3311 4726 venient
3362 4665 3556 4738 populi
3594 4661 3736 4721 multi
3779 4665 3824 4713 ct

2258 4813 2402 4877 Tito,
2438 4816 2489 4868 in
2511 4831 2674 4868 unum
2698 4811 3054 4873 confundere,
3079 4825 3202 4866 cum
3225 4808 3367 4863 ititer
3393 4805 3819 4876 expugnationem

2260 4884 2482 4952 Bether,
2530 4897 2585 4941 et
2637 4885 3102 4956 Jerosolymorum
3147 4878 3480 4945 incendium,
3529 4877 3656 4932 anni
3682 4885 3820 4944 supra

2260 4957 2550 5028 sexaginta
2570 4957 3002 5028 intercesserint.

2332 5029 2360 5070 ά
2387 5015 2627 5083 iturum
2664 5030 2749 5082 hic
2779 5042 2880 5084 nec
2903 5027 3082 5082 minus
3106 5039 3272 5096 grave
3310 5019 3688 5096 olit_isebat_iu
3712 5015 3823 5096 hac-

2263 5108 2422 5155 tenus
2446 5100 2680 5170 vulgatis
2711 5099 2867 5154 lihris
2918 5087 3200 5170 mendu'm,
3232 5093 3539 5170 inquibus,
3574 5089 3686 5145 Tito
3710 5087 3822 5170 Ἀητ

2265 5172 2351 5242 tlt'o
2386 5154 2526 5242 Rufo
2543 5154 2871 5240 ulegebatur,
2915 5185 3014 5239 pro
3069 5154 3353 5242 Turni-miti
3369 5154 3561 5242 Rufo,
3594 5154 3818 5242 quodmad

2265 5228 2506 5299 historia:
2537 5228 2822 5298 veritate
2851 5228 3144 5297 restituere
3175 5253 3288 5292 non
3324 5228 3704 5292 duhiiauimtts.
3733 5228 3822 5306 Tu:

2265 5317 2488 5370 rannius
2513 5315 2741 5377 scilicet,
2775 5329 2886 5369 non
2907 5312 3066 5369 Titus
3093 5309 3305 5383 Annius
3332 5307 3718 5383 appellabatulj.
3745 5312 3820 5383 qui

2261 5397 2501 5443 aratrum
2545 5386 2901 5456 Jerosolymis
2948 5382 3267 5456 impressit,
3331 5378 3501 5456 cuius
3535 5378 3821 5456 meminch

2259 5436 3193 5522 cii—tt'tnmv-etiisti‘ssiriiinittdinorutn,
3245 5436 3304 5507 ut
3327 5436 3632 5507 Sanhedritt
3662 5458 3767 5512 cap.
3793 5436 3820 5490 7

2256 5563 2312 5609 et
2338 5554 2490 5618 alibi,
2519 5537 2716 5613 “ier
2741 5560 2878 5613 irin
2911 5557 3078 5614 amri
3103 5559 3336 5614 omne,
3367 5544 3645 5600 Τυναηηιιε
3675 5539 3820 5606 nurus

2255 5628 2425 5680 aravit
2455 5626 2724 5696 templum.

2330 5678 2658 5753 (vaccis:
2680 5696 2850 5769 quinti
2880 5695 2935 5751 in
2970 5691 3170 5750 nostris
3202 5705 3332 5747 mss.
3364 5699 3421 5746 et
3448 5684 3668 5746 Victorii
3709 5678 3819 5736 edit.

2255 5785 2362 5826 non
2393 5778 2536 5825 sunt.
