4056 6342
272 260 408 319 1177

984 259 1639 319 COMMENTARIORUM
1681 260 1750 318 IN
1789 260 2201 321 ZACHARIAM
2234 261 2366 320 LIB.
2408 264 2470 320 ll.
2510 262 2665 323 CAP.
2710 265 2848 322 VIII.

3428 267 3567 326 N78

264 386 456 453 gentes
483 375 909 434 innumerabiles
936 385 992 434 et
1017 377 1279 445 robusta},
1308 384 1366 432 ut
1389 376 1663 433 sacriﬁcia
1688 377 1746 432 in
1771 378 1863 434 Je-
1889 384 1943 446 Α
1966 395 2148 448 unum,
2176 380 2405 435 dicentes
2432 396 2449 434 :
2482 378 2684 435 Panem
2705 390 2940 436 nostrum
2976 380 3333 451 comedemus,
3356 392 3404 438 et
3422 386 3574 440 vesti-

267 473 504 531 rusalem
527 471 760 529 offerant
783 472 1020 528 Domino
1044 472 1410 539 exercituum,
1430 480 1486 527 et
1506 472 1871 542 deprecentur

269 568 459 626 faciem
500 568 640 639 ejus.
688 566 1116 639 Appropinquat
1164 567 1309 623 enim
1348 565 1615 622 Dominus
1644 565 1732 623 his
1779 566 1872 637 qui

267 676 377 717 non
407 668 619 716 tentant
641 674 789 725 eum,
815 670 870 715 et
891 659 1130 715 ostendit
1148 658 1343 715 faciem
1368 673 1521 714 suam
1546 658 1632 715 his
1648 660 1739 729 qui
1763 672 1871 715 non

268 762 395 810 sunt
420 751 693 807 increduli
724 751 884 825 (Sap.
914 753 979 823 ι).
1013 752 1115 818 Qui
1143 752 1347 807 viderit
1375 751 1576 807 Filium
1598 791 1613 817 ,
1643 750 1793 807 videt
1819 761 1876 807 et

270 845 493 902 Patrem
525 842 710 916 (Joan.
743 848 873 914 xw);
899 856 954 901 et
980 848 1160 917 imago
1180 854 1267 901 est
1286 845 1549 901 Dominus
1570 853 1730 916 atque
1757 844 1873 902 Sal-

268 944 425 991 vator
457 935 551 991 Dei
583 935 877 990 invisibilis
904 952 917 990 :
951 951 1062 991 non
1094 935 1238 1006 quod
1263 934 1437 991 Filius
1461 934 1697 991 visibilis
1719 935 1877 1005 sit,et

269 1027 561 1084 invisibilis
584 1027 789 1096 Pater;
819 1027 914 1083 sed
946 1028 1088 1099 quod
1111 1027 1252 1083 Filio
1274 1028 1575 1097 nominato,
1608 1027 1875 1085 sentiatur

270 1121 451 1176 Pater.
482 1120 832 1192 Nequaquam
863 1123 1010 1177 enim
1040 1120 1223 1193 Pater,
1254 1123 1305 1179 si
1329 1138 1438 1179 non
1458 1123 1623 1179 habet
1651 1123 1871 1179 Filium.

271 1210 427 1267 Unde
455 1222 511 1267 et
552 1212 670 1281 ipse
709 1212 953 1282 loquitur
985 1212 1039 1268 in
1090 1212 1395 1284 Evangelia
1429 1213 1640 1287 τεεά.
1674 1212 1870 1281 Pater,

269 1304 601 1375 manifestavi
628 1321 814 1359 nomen
852 1312 1003 1359 tuum
1029 1303 1332 1361 hominibus
1371 1306 1390 1380 (
1417 1306 1579 1363 Joan.
1614 1323 1731 1364 xm
1751 1350 1766 1377 ,
1793 1308 1873 1381 6).

269 1397 425 1464 Quod
476 1396 545 1452 de
593 1396 899 1454 Jerusalem
930 1407 985 1452 et
1020 1396 1363 1467 Zorobabel,
1385 1400 1503 1456 sive
1543 1409 1668 1471 post
1698 1399 1878 1456 Zoro-

268 1488 455 1555 babel,
486 1488 750 1556 diximus,
786 1489 988 1544 rectius
1016 1499 1070 1544 et
1097 1488 1313 1558 plenius
1335 1492 1572 1546 refertur
1597 1492 1664 1546 ad
1691 1491 1879 1548 Chris-

271 1590 408 1649 tum,
435 1589 491 1638 et
514 1581 839 1650 Jerusalem,
865 1598 985 1653 qua:
1014 1582 1336 1654 intelligitur
1362 1583 1645 1640 Ecclesia:
1671 1594 1726 1641 et
1749 1593 1878 1641 tunc

273 1675 347 1732 de
376 1683 645 1731 terrarum
678 1684 793 1731 toto
821 1675 978 1744 orbe,
1008 1682 1065 1731 et
1093 1676 1323 1747 populos
1342 1718 1358 1747 ,
1388 1685 1444 1732 et
1470 1686 1666 1749 gentes
1691 1677 1759 1733 ad
1790 1677 1876 1733 of-

1972 474 2157 529 mentis
2176 474 2366 530 nostris
2382 477 2675 547 aperiemur
2692 491 2712 530 :
2726 483 2926 530 tantum
2945 476 3269 550 vocetur[Al.
3286 476 3573 551 invocetur]

1970 581 2157 621 nomen
2188 574 2335 621 tuum
2373 583 2530 639 super
2574 584 2669 623 nos
2702 583 2722 623 :
2766 573 2913 641 aufer
2952 572 3291 641 opprobrium
3339 582 3572 626 nostrum

1972 653 2129 727 (Isai.
2163 674 2237 727 tv,
2266 654 2342 730 1).
2368 658 2504 727 Quae
2542 660 2711 733 igitur
2738 662 2811 718 ibi
2841 671 3047 734 septem
3076 665 3337 721 mulieres
3380 666 3570 736 appel-

1973 752 2174 822 lantur,
2200 754 2250 810 id
2277 763 2386 823 est,
2412 755 2697 824 Ecclesiae,
2718 772 2951 828 quarum
2974 774 3235 816 numerus
3254 767 3309 815 et
3332 760 3385 815 in
3408 759 3576 815 Paulo

1972 846 2223 917 apostolo
2246 849 2560 906 continetur
2592 866 2607 905 :
2638 850 2705 906 ad
2731 860 2944 922 septem
2985 854 3133 909 enim
3166 853 3358 909 scribit
3388 852 3579 908 Eccle-

1974 937 2106 1005 sias,
2138 938 2207 993 ad
2253 939 2535 996 Romanos
2562 981 2574 1007 ,
2607 941 2677 996 ad
2724 938 3040 1001 Corinthios
3068 986 3082 1013 ,
3113 944 3183 999 ad
3211 943 3435 1000 Galatas
3458 983 3473 1007 ,
3508 940 3574 997 ad

1977 1029 2264 1101 Ephesios,
2295 1032 2361 1087 ad
2391 1032 2796 1103 Philippenses,
2823 1034 2890 1091 ad
2912 1035 3292 1104 Colossenses,
3319 1036 3486 1109 855
3507 1034 3575 1090 ad

1977 1120 2522 1180 Thessalonicenses.
2571 1125 2639 1180 Et
2665 1124 2719 1179 in
2751 1124 2980 1182 Joannis
3010 1127 3339 1200 Apocalypsi
3376 1128 3430 1182 in
3462 1142 3578 1183 me-

1975 1214 2069 1271 dio
2096 1223 2307 1287 septem
2332 1216 2792 1274 candelabrorum
2821 1217 3015 1289 (Apoc.
3043 1216 3125 1291 1),
3160 1219 3213 1274 id
3244 1227 3348 1288 est,
3379 1219 3574 1276 Eccle-

1976 1308 2595 1381 siarum,Ephesiorum,
2621 1310 3063 1385 Smyrnensium,
3083 1311 3572 1384 Pergamenorum,

1977 1404 2435 1477 Thyatirenorum
2464 1447 2479 1473 ,
2532 1405 2909 1471 Sardensium,
2962 1404 3524 1477 Philadelphiensium
3557 1447 3573 1470 ,

1977 1497 2410 1555 Laodicenorum
2440 1502 2708 1557 varietate
2738 1499 3133 1575 (Al.veritate],
3160 1509 3215 1556 et
3246 1514 3379 1555 auro
3402 1500 3578 1570 puris-

1977 1589 2118 1645 simo
2164 1590 2425 1647 Dominus
2477 1591 2755 1649 accinctus
2787 1591 3088 1662 ingreditur
3130 1609 3141 1646 :
3174 1591 3401 1646 nuncin
3442 1604 3576 1662 pro-

1979 1681 2141 1751 pheta
2171 1679 2440 1738 Zacbaria
2470 1682 2664 1739 decem
2695 1682 3050 1738 nominantur
3076 1724 3090 1748 ,
3122 1697 3259 1751 quas
3287 1680 3577 1750 requisivit

270 1766 505 1825 ferenda
541 1770 596 1824 in
658 1770 863 1839 templo
919 1770 1134 1825 Domini
1178 1768 1444 1826 sacriﬁcia
1489 1785 1874 1828 concursuras.
1905 1764 1953 1824 B
1981 1781 2036 1828 et
2060 1772 2358 1840 Dominus,
2391 1783 2447 1829 ut
2474 1774 2521 1830 si
2547 1774 2850 1830 invenisset
2894 1775 2948 1829 in
2979 1773 3233 1830 Sodomis
3265 1780 3319 1827 et
3346 1773 3580 1829 Gomor-

274 1862 681 1919 Pcrsecutionis
701 1877 919 1934 quoque
934 1871 1201 1933 tempore,
1217 1873 1274 1920 ut
1285 1872 1409 1921 ante
1423 1865 1866 1935 perstrinximus,

272 1956 523 2027 magistri
554 1964 610 2012 et
639 1957 952 2013 sacerdotes
978 1957 1241 2013 Ecclesia
1270 1958 1536 2014 audacter
1563 1957 1792 2030 captivis
1820 1967 1876 2014 et

271 2048 625 2104 credentibus
667 2049 1074 2119 repromittant,
1102 2050 1248 2120 quod
1291 2065 1510 2106 rursum
1541 2050 1875 2107 aediﬁcanda:

273 2140 393 2195 sint
431 2142 702 2217 παροικίαι
732 2150 786 2195 et
817 2143 966 2211 pacis
1006 2141 1289 2198 reddenda
1317 2142 1707 2212 tranquillitas,
1734 2150 1789 2198 et
1820 2142 1873 2198 in

271 2231 539 2288 Ecclesiis
561 2233 726 2288 facies
747 2233 963 2288 Domini
994 2234 1359 2304 deprecanda.
1384 2232 1669 2290 Manifesta
1699 2243 1877 2291 trans-

269 2325 571 2392 currimus,
604 2334 660 2379 ut
689 2326 744 2380 in
771 2326 1187 2382 obscurioribus
1219 2328 1596 2383 immoremur.

347 2418 533 2488 (Vers.
566 2417 658 2475 25.
686 2420 707 2489 )
742 2418 873 2473 Hazc
924 2420 1053 2474 dicit
1110 2420 1363 2475 Dominus
1411 2422 1776 2476 exercituum:
1808 2419 1876 2475 In

270 2511 458 2565 diebus
489 2511 623 2575 illis,
646 2512 701 2565 in
724 2510 910 2580 quibus
931 2510 1323 2585 apprehendent
1352 2513 1527 2566 decem
1550 2512 1788 2567 homines
1813 2528 1879 2568 ea:

269 2602 518 2655 omnibus
569 2601 760 2673 linguis
791 2603 1021 2673 gentium
1046 2644 1062 2671 ,
1090 2611 1137 2657 et
1176 2604 1569 2674 appreltendent
1614 2603 1878 2673 fimbriam

268 2692 373 2745 viti
425 2690 583 2746 Juda:
606 2733 621 2758 ,
656 2694 885 2749 dicentes
918 2710 935 2748 :
966 2692 1170 2749 Ibimus
1223 2696 1487 2750 vobiscum
1518 2712 1537 2750 :
1581 2696 1878 2751 audivimus

270 2784 414 2837 enim
443 2785 689 2854 quoniam
724 2784 875 2843 Deus,
902 2786 1166 2841 vobiscum
1198 2796 1295 2841 est.
1337 2787 1482 2843 LXX
1527 2804 1544 2842 :
1597 2787 1729 2842 Htec
1755 2788 1879 2841 dicit

268 2873 535 2937 Dominus
565 2877 894 2950 omnipotens
935 2894 954 2933 :
985 2876 1053 2933 In
1079 2878 1258 2933 diebus
1287 2879 1397 2935 illis
1423 2880 1469 2935 si
1513 2878 1878 2951 apprehende-

266 2972 382 3026 rint
418 2974 597 3027 decem
624 2974 721 3028 viri
750 2973 815 3029 de
839 2975 1079 3029 omnibus
1112 2975 1309 3047 linguis
1336 2977 1570 3047 gentium
1589 3016 1606 3043 ,
1634 2985 1681 3032 et
1705 2985 1879 3031 tenue-

268 3064 381 3117 rint
410 3063 522 3135 [ΑΙ.
542 3062 826 3135 tetigerint]
846 3064 1108 3134 ﬁmbriam
1132 3066 1227 3119 viri
1250 3065 1446 3133 Judwi,
1477 3067 1704 3121 dicentes
1722 3081 1746 3123 :
1767 3064 1881 3120 Ibi-

272 3174 395 3211 mus
426 3165 618 3222 tecum,
654 3158 776 3226 quia
804 3158 1101 3211 audivimus
1129 3159 1267 3229 quod
1318 3158 1459 3214 Deus
1487 3160 1753 3215 vobiscum
1782 3167 1874 3215 est.
1905 3144 1950 3207 C

269 3246 513 3313 Quidam
543 3262 611 3303 ex
631 3245 834 3303 Judaeis
863 3248 981 3303 haec
1004 3250 1105 3304 sub
1131 3248 1461 3314 Zorobabel,
1483 3261 1536 3305 et
1564 3260 1686 3320 post
1712 3251 1880 3308 Zoro-

270 3338 440 3394 babel
472 3339 660 3395 dicunt
682 3354 806 3396 esse
835 3340 1127 3412 completa.
1155 3338 1260 3397 Alii
1290 3342 1342 3396 in
1376 3342 1618 3400 futurum
1646 3353 1879 3414 tempus,

272 3433 560 3499 differunt,
597 3437 817 3506 quando
850 3435 1129 3493 Christum
1163 3448 1389 3509 sperant
1418 3453 1542 3494 esse
1565 3448 1876 3494 venturum.

270 3526 390 3582 Nos
413 3539 595 3585 autem
621 3531 674 3584 in
702 3530 935 3585 adventu
962 3531 1182 3587 Domini
1209 3531 1536 3599 Salvatoris,
1567 3532 1785 3603 quando
1812 3530 1882 3588 de

271 3621 447 3677 Maria
483 3632 643 3678 natus
669 3631 755 3680 est
784 3624 1030 3695 Virgine,
1061 3634 1118 3680 et
1140 3626 1345 3681 rectius
1374 3635 1429 3681 et
1464 3625 1647 3680 verius
1681 3625 1883 3681 intelli-

275 3716 481 3785 gitnus.
515 3716 756 3786 Denique
778 3718 1041 3786 scriptum
1070 3727 1157 3773 est
1186 3736 1199 3771 :
1229 3716 1506 3787 Usquequo
1546 3718 1754 3770 veniant
1784 3732 1882 3789 po-

280 3807 395 3877 puli
422 3806 612 3877 (Zach.
649 3808 892 3877 vnt,20)?
915 3808 1144 3876 Quando
1164 3808 1793 3882 dicitur,usquequo,non
1815 3808 1885 3865 de

285 3907 544 3974 prtesenti
574 3913 823 3975 tempore
855 3906 1146 3972 signiﬁcat,
1180 3907 1233 3961 in
1260 3921 1369 3977 quo
1395 3914 1553 3961 erant
1578 3904 1885 3961 Zorobabel

282 4009 340 4055 et
383 4000 545 4055 Jesus
587 4014 602 4064 ;
655 4000 751 4054 sed
810 4000 879 4055 de
925 3998 1129 4070 futuro,
1160 4001 1379 4070 quando
1421 4002 1643 4055 venient
1701 3999 1885 4070 populi

282 4091 440 4147 multi
463 4098 519 4149 et
538 4102 732 4163 gentes
760 4092 1025 4161 robustas,
1053 4100 1111 4147 ut
1136 4102 1385 4163 quaerant
1414 4092 1699 4147 Dominum
1730 4107 1886 4148 exer—

286 4183 491 4242 cituum
513 4184 567 4239 in
590 4184 919 4252 Jerusalem,
949 4193 1005 4239 et
1037 4184 1400 4254 deprecentur
1426 4183 1618 4239 faciem
1650 4174 1882 4238 Demini.

286 4274 345 4329 lu
377 4275 475 4331 illo
520 4276 686 4346 igitur
717 4286 986 4347 tempore,
1019 4285 1075 4331 et
1103 4277 1156 4330 in
1206 4277 1316 4331 illis
1345 4275 1541 4332 diebus
1582 4276 1888 4346 apprehen-

287 4367 420 4422 dent
449 4367 637 4423 decem
686 4368 939 4424 homines
979 4383 1047 4423 ex
1092 4369 1347 4424 omnibus
1396 4368 1592 4440 linguis
1621 4368 1882 4440 gentium,

291 4457 560 4512 ﬁmbriam
608 4458 711 4512 viri
754 4457 926 4513 Judaei
954 4500 969 4525 ,
996 4460 1241 4516 dicentes
1273 4477 1290 4515 :
1321 4459 1522 4515 Ibimus
1577 4460 1838 4516 vobiscum
1868 4475 1887 4513 :

1977 1861 2116 1930 rhis,
2146 1863 2356 1918 Adama
2387 1871 2443 1919 et
2489 1863 2713 1921 Seboim
2741 1907 2757 1932 ,
2790 1879 2882 1921 eas
2912 1863 2981 1920 de
3023 1865 3251 1920 interitu
3294 1864 3576 1919 liberaret.

1976 1954 2087 2012 Iota
2135 1958 2280 2013 enim
2312 1956 2496 2013 littera
2527 1999 2543 2024 ,
2573 1973 2643 2013 ex
2673 1974 2777 2029 qua
2821 1958 2990 2013 sumit
3029 1972 3231 2014 nomen
3274 1956 3579 2014 Salvatoris

1977 2046 2285 2113 exordium,
2311 2063 2416 2103 non
2444 2048 2625 2103 solum
2648 2048 2791 2119 apud
2821 2047 3069 2119 Graecos,
3099 2050 3197 2105 sed
3227 2060 3279 2104 et
3306 2050 3446 2119 apud
3472 2048 3581 2104 lle-

1976 2138 2189 2206 brteos,
2221 2139 2502 2196 denarium
2532 2156 2822 2197 numerum
2868 2142 3162 2213 signiﬁcat.
3198 2141 3268 2197 Et
3295 2142 3398 2198 hoc
3428 2157 3577 2213 mys-

1978 2231 2087 2287 tico
2113 2246 2367 2288 sermone
2395 2242 2749 2303 monstratur,
2774 2234 2916 2306 quod
2948 2250 3139 2291 omnes
3159 2235 3251 2306 qui
3282 2243 3582 2291 censentur

1978 2322 2246 2381 vocabulo
2274 2324 2611 2394 Christiano,
2642 2341 2780 2398 quos
2809 2335 2864 2382 et
2882 2316 3145 2382 Dominus
3170 2336 3381 2397 septem
3407 2326 3578 2381 millia

1981 2424 2228 2485 tempore
2271 2418 2672 2487 persecutionis
2716 2418 2940 2475 chabel
2990 2426 3045 2475 et
3074 2420 3211 2491 fugze
3258 2418 3395 2473 Elian
3443 2418 3578 2474 reli-

1978 2508 2163 2578 quisse
2217 2524 2276 2564 se
2323 2510 2497 2575 dicit,
2529 2510 2619 2581 qui
2652 2524 2761 2566 non
2804 2519 3178 2566 curvaverunt
3231 2524 3410 2581 genua
3456 2517 3583 2566 ante

1980 2602 2110 2657 Baal
2144 2601 2261 2674 (Ill
2288 2602 2421 2676 Reg.
2456 2606 2579 2673 xu)
2609 2646 2623 2672 ,
2652 2614 2707 2660 et
2741 2605 2793 2659 in
2842 2620 3151 2660 mensuram
3200 2604 3306 2659 viri
3355 2603 3585 2674 perfecti

1982 2696 2243 2752 venerint
2270 2712 2338 2753 ex
2380 2698 2634 2753 omnibus
2679 2697 2879 2769 linguis
2910 2707 2966 2752 et
3010 2697 3356 2769 nationibus,
3386 2709 3584 2765 appre-

1982 2792 2223 2848 hendent
2253 2791 2521 2847 ﬁmbriam
2557 2792 2662 2847 viri
2692 2791 2891 2859 Judaei,
2923 2790 2975 2847 id
3005 2798 3112 2861 est,
3148 2791 3362 2845 Domini
3391 2789 3583 2845 Salva-

1981 2886 2138 2952 toris,
2161 2886 2229 2940 de
2256 2901 2363 2956 quo
2395 2895 2451 2941 et
2497 2887 2552 2940 in
2581 2885 2818 2942 Psalmis
2860 2885 3064 2940 dicitur
3094 2902 3107 2940 :
3136 2883 3277 2938 Juda
3303 2900 3396 2939 rex
3442 2900 3582 2938 meus

1984 2975 2124 3047 (Ps.
2154 2993 2264 3043 th,
2300 2976 2377 3049 9).
2415 2978 2480 3031 Et
2510 2993 2524 3031 :
2556 2976 2743 3047 ludas,
2774 2987 2822 3031 te
2847 2976 3138 3031 laudabunt
3167 2977 3359 3045 fratres
3388 2977 3484 3030 tui.
3517 2977 3584 3031 Et

1980 3081 2195 3122 rursum
2221 3082 2236 3133 ;
2278 3066 2397 3121 Non
2425 3068 2623 3135 deﬁciet
2650 3071 2889 3141 princeps
2912 3084 2976 3122 ea:
2998 3065 3034 3120 J
3040 3066 3162 3131 uda,
3188 3076 3235 3121 et
3262 3067 3373 3121 dua:
3404 3066 3468 3121 de
3505 3069 3584 3137 fc-

1982 3159 2211 3213 moribus
2233 3160 2380 3229 ejus,
2412 3160 2574 3214 donec
2608 3160 2777 3214 veniat
2812 3161 2897 3213 cui
2932 3159 3219 3231 repositum
3246 3168 3323 3213 est
3357 3174 3374 3213 :
3403 3168 3449 3212 et
3476 3160 3585 3230 ipse

1980 3251 2075 3305 erit
2091 3252 2404 3321 exspectatio
2416 3250 2937 3324 gentium(Gen.xr.tx
2948 3252 3054 3321 ,8,1
3065 3250 3119 3323 0)
3130 3269 3141 3304 :
3152 3250 3213 3304 Et
3226 3252 3265 3305 it
3278 3252 3415 3305 enim
3430 3249 3586 3305 rudia:

1980 3341 2128 3397 Jesse
2145 3359 2161 3395 :
2180 3354 2226 3399 et
2247 3345 2334 3414 qui
2360 3344 2710 3399 exsurrexerit
2734 3352 2792 3398 ut
2814 3345 3109 3399 dominetur
3124 3346 3383 3419 gentibus,
3397 3346 3449 3398 in
3472 3345 3585 3417 ipso

1982 3445 2156 3509 gentes
2181 3435 2459 3509 sperabunt
2488 3435 2643 3507 (lsai.
2681 3452 2753 3504 xt,
2782 3438 2895 3509 10).
2927 3435 3175 3507 Cumque
3205 3435 3583 3508 apprehende-

1983 3531 2097 3585 rint
2129 3544 2255 3585 eum
2286 3570 2300 3595 ,
2354 3530 2575 3600 cupient
2605 3529 2724 3599 ejus
2764 3528 2973 3585 haerere
3001 3530 3290 3599 vestigiis;
3323 3528 3583 3600 quoniam

1984 3620 2127 3676 Deus
2159 3634 2285 3675 cum
2324 3635 2391 3675 eo
2439 3620 2531 3675 sit.
2568 3618 2667 3675 Vel
2711 3627 2862 3675 certe
2891 3634 2958 3674 ex
2989 3619 3243 3675 omnibus
3291 3618 3489 3690 linguis
3532 3627 3589 3674 et

1985 3712 2297 3769 nationibus
2326 3712 2656 3784 quicumque
2679 3713 3037 3785 crediderint,
3068 3714 3483 3784 apprehendent
3505 3715 3579 3769 vi~

1985 3822 2103 3861 t'utn
2119 3804 2393 3872 Judaeum,
2415 3805 2695 3877 apostolos
2714 3805 2805 3875 qui
2834 3820 2904 3861 ex
2920 3805 3124 3861 Judmis
3148 3818 3274 3861 sunt
3295 3819 3349 3863 et
3374 3807 3579 3862 dicent:

1986 3898 2184 3953 Eamus
2210 3898 2469 3952 vobiscum
2500 3912 2519 3952 :
2548 3895 2863 3953 audivimus
2890 3897 3036 3952 enim
3067 3912 3170 3968 per
3194 3898 3509 3969 prophetas,
3530 3908 3585 3953 et

1986 3992 2227 4045 omnium
2267 3988 2672 4057 Scripturarum
2706 4002 2841 4044 voce
2884 3990 3238 4060 cognovimus
3266 4031 3281 4057 ,
3312 3990 3455 4061 quod
3484 3990 3580 4047 Dei

1987 4085 2157 4141 Filius
2186 4083 2437 4137 Christus
2468 4082 2613 4137 Deus
2644 4090 2698 4137 et
2728 4080 2991 4138 Dominus
3022 4084 3095 4139 sit
3141 4083 3444 4139 vobiscum.
3476 4085 3578 4141 Ubi

1987 4175 2433 4232 manifestissima
2475 4174 2761 4245 prophetia
2805 4183 2931 4240 est,
2965 4183 3023 4231 et
3066 4175 3132 4231 de
3178 4176 3382 4234 Christi
3420 4187 3586 4249 atque

1987 4270 2361 4341 apostolorum
2385 4268 2505 4337 ejus
2542 4267 2872 4338 praedicatur
2917 4267 3197 4337 adventu,
3230 4279 3285 4324 et
3330 4270 3435 4325 lide
3465 4273 3586 4325 uui-

1992 4375 2276 4417 versarum
2309 4360 2578 4432 gentium,
2606 4361 2739 4415 nihil
2771 4360 3003 4429 amplius
3029 4363 3395 4431 requiramus.
3428 4361 3585 4430 Quod

1989 4463 2168 4510 autem
2200 4468 2488 4509 numerum
2522 4461 2730 4523 septem
2773 4453 3003 4507 millium
3037 4453 3103 4506 ad
3151 4442 3589 4511 Christianorum

289 4548 582 4603 audivimus
633 4549 771 4602 enim
814 4549 1061 4619 quoniam
1107 4550 1249 4605 Deus
1278 4550 1539 4604 vobiscum
1593 4559 1685 4604 est.
1711 4550 1778 4603 Et
1831 4550 1883 4603 in
1913 4529 1963 4587 Ῑ)
1991 4559 2190 4599 nomen
2244 4543 2480 4598 diximus
2530 4543 2849 4613 pertinere,
2898 4552 3132 4614 supputa
3184 4544 3376 4603 Grtece
3421 4547 3589 4621 856

226 4706 235 4715 ι
289 4642 430 4699 Isaia
458 4642 685 4713 legimus
719 4659 733 4695 :
765 4642 1166 4714 Apprehendent
1191 4653 1386 4711 septem
1431 4643 1673 4697 mulieres
1721 4642 1887 4696 virum

359 4784 386 4847 ἒ
416 4775 525 4847 llic!
560 4774 712 4829 locus
744 4776 987 4847 multum
1025 4777 1183 4830 torsit
1217 4776 1515 4831 Marianum
1548 4775 1871 4847 Victorium,

286 4857 343 4902 ut
362 4846 481 4919 ipse
506 4845 710 4919 fatetur
740 4846 791 4919 in
821 4846 934 4900 suis
957 4847 1403 4903 annotationibus
1423 4863 1438 4913 ;
1458 4863 1688 4919 cumque
1715 4845 1878 4905 Eras-

285 4932 435 4996 m_us_
470 4917 694 4996 legisset
746 4918 957 4996 ἑπτᾲζις
988 4920 1191 4990 χιλίους
1230 4917 1614 4996 χριστιανοὺςέ
1649 4920 1740 4974 ille
1790 4936 1878 4975 re-

285 4988 466 5045 stituit
522 4988 735 5067 έςπτὰκις
766 4988 1025 5067 χςιλίρυςί
1056 4999 1103 5067 et
1158 4988 1514 5067 χριᾶτιᾳνοὺς.
1566 4992 1678 5067 Ego
1748 5006 1878 5048 vero

285 5076 393 5133 non
451 5060 681 5114 multum
731 5060 922 5116 sudavi
982 5061 1037 5116 in
1084 5060 1215 5133 ltoc'
1247 5060 1613 5116 restitutionis
1675 5076 1876 5133 opere,

286 5130 410 5202 quia
440 5145 628 5185 veram
660 5141 715 5185 et
742 5146 1053 5202 germanam
1080 5132 1370 5187 lectionem
1396 5133 1570 5202 reperi
1605 5133 1656 5187 in
1684 5130 1884 5190 nostris

286 5201 566 5257 codicibus
604 5201 843 5256 mss.’ad
886 5202 1031 5257 hunc
1062 5203 1279 5258 modum
1314 5201 1568 5273 positam,
1595 5210 1878 5263 EHTAKEIC

286 5283 565 5346 ΧῌΙΜΟΥΟ
621 5284 697 5329 ET
757 5282 1179 5330 ΧΡιαΤΕιΑΝοΥρ
1216 5316 1229 5339 ,
1286 5289 1407 5344 qua:
1471 5274 1743 5346 ipsissima
1795 5286 1882 5332 est

293 5344 530 5418 Mariani
582 5347 853 5418 restitutio
887 5387 902 5411 ,
966 5354 1167 5418 praeter
1223 5361 1394 5416 pauca
1431 5344 1711 5418 elementa
1759 5364 1879 5418 quae

294 5415 491 5470 desunt
520 5415 571 5469 in
601 5416 773 5485 prima
816 5431 951 5474 voce
970 5415 1053 5472 ﬁet
1082 5415 1268 5473 ultima
1302 5417 1441 5486 apud
1491 5418 1741 5473 eumdem
1771 5415 1884 5475 Ma-

296 5486 534 5562 rjanum.
561 5487 729 5543 Porro
752 5503 919 5562 voces
941 5488 1215 5562 Ἑπτάκιις
1238 5490 1466 5562 χεύίους
1478 5487 1885 5562 efﬁciuntapud

296 5556 520 5613 Graecos
562 5575 847 5614 numerum
894 5560 1055 5628 1946,
1096 5556 1280 5629 queni'
1305 5562 1465 5616 etiam
1514 5560 1733 5617 conﬁcit
1782 5556 1887 5617 vox

301 5632 688 5714 χριετιιξνοιξς,
704 5646 825 5714 quae
836 5632 915 5714 sic
934 5632 1133 5701 legitur
1153 5633 1206 5686 in
1228 5631 1887 5714 manuscriptomottaste-

300 5699 365 5775 r'ti
407 5701 466 5758 S.
511 5699 823 5773 Cygiranni,
857 5706 910 5757 in
957 5699 1065 5773 quo
1092 5718 1284 5775 omnes
1326 5699 1737 5775 vocesi'Grtecae
1767 5719 1889 5775 per-

292 5773 457 5831 fectae
503 5781 771 5828 suntcum
805 5789 1030 5831 numero
1060 5773 1475 5832 elementorum.
1496 5774 1550 5829 ln
1574 5775 1694 5832 aliis
1726 5773 1891 5853 χρει-

1994 4650 2019 4676 δ
2072 4642 2312 4702 imitatur
2365 4642 2572 4712 χιλίους
2624 4647 2681 4694 et
2738 4642 3142 4719 χριστειανούς,
3204 4648 3257 4695 et
3331 4640 3587 4696 eumdem

1983 4780 2228 4840 στιανοὺς
2259 4777 2517 4851 scriptum
2550 4778 2756 4849 reperi,
2783 4780 2924 4851 quod
2953 4782 3096 4839 idem
3116 4792 3202 4838 est
3222 4782 3290 4837 ad
3316 4798 3583 4839 summam

1984 4851 2194 4905 numeri
2212 4848 2516 4906 1946.Ma1e
2530 4848 2708 4919 itaque
2721 4848 3003 4908 restitutus
3015 4854 3261 4911 estlocus
3275 4870 3302 4907 a
3318 4853 3584 4920 Mariano,

1984 4922 2074 4995 qui
2091 4936 2189 4991 pro
2210 4920 2602 4995 l946,tan_t_.unt
2624 4922 2759 4995 1941
2782 4923 2956 4995 voluit
2975 4937 3312 4995 computare.
3331 4925 3584 4980 Mser.—

1984 4991 2239 5049 Notatum
2274 4994 2442 5060 probe
2466 4991 2708 5048 Victorio
2738 5005 2792 5049 et
2831 4991 3170 5063 Martianaio,
3209 4996 3461 5051 eumdem
3492 4997 3586 5051 de-

1985 5063 2645 5137 berennmerum‘Grmce
2668 5064 2898 5122 reddere
2919 5067 3055 5123 duas
3080 5083 3150 5122 ex
3184 5083 3286 5122 una
3311 5077 3462 5137 parte
3486 5082 3586 5122 vo-

1989 5151 2102 5217 ces.
2117 5136 2356 5217 ἑπςτάκεις
2369 5135 2858 5217 χιλίουςξῃιιοιιιβχ
2882 5139 2986 5192 alia
3012 5138 3187 5217 reddit
3211 5135 3327 5193 vox‘
3338 5161 3592 5217 χριστια·

1987 5210 2107 5269 voti:
2141 5224 2155 5262 :
2179 5207 2527 5276 ltocque'uno
2556 5207 2908 5277 dissentiunt,
2938 5211 3082 5277 quod
3111 5213 3212 5265 iste
3235 5219 3293 5264 ut
3322 5207 3589 5266 sti'mmam

1989 5279 2249 5359 utrinque
2261 5278 2520 5359 conﬁciat
2541 5277 2951 5359 I946,s'1rraxslc_
2966 5280 3100 5359 legit
3121 5292 3173 5336 et
3197 5286 3585 5359 χριστειανοὺςε

1987 5349 2906 5427 ille__l94l“dumtaxatsupputaus,
2929 5349 3140 5427 ἑπτάκις
3154 5349 3594 5427 ,εὶ-χρρστιανοὺς

1990 5421 2201 5477 scribit.
2232 5421 2310 5477 Re
2339 5430 2520 5476 autem
2567 5423 2683 5492 ipsa
2714 5438 2822 5476 non
2855 5424 2950 5479 hic
2985 5434 3078 5478 aut
3109 5423 3204 5479 ille
3231 5421 3309 5478 de
3332 5425 3593 5481 industria

1993 5507 2257 5567 numerus
2304 5501 2554 5562 captatur
2598 5494 2666 5547 ab
2706 5492 3079 5567 Hieronymo;
3125 5495 3233 5557 sed,
3276 5494 3591 5552 Graecarum

1994 5564 2296 5618 dictionum
2360 5566 2412 5617 in
2478 5567 2885 5634 supputationis
2920 5564 3148 5621 summa
3214 5568 3592 5622 conformitas.

1992 5635 2340 5691 Prasferenda
2397 5636 2497 5707 fuit
2540 5635 2704 5704 {adeo
2738 5636 2984 5700 ,Victorii
3043 5638 3249 5704 lectio,
3316 5654 3478 5707 quam
3540 5648 3594 5692 et

1997 5722 2132 5782 mss.
2186 5707 2357 5782 nostri
2400 5706 2629 5782 alterunt
2679 5727 2689 5762 :
2735 5708 2844 5763 imo
2884 5724 2984 5765 nec
3028 5718 3149 5764 erat
3195 5706 3422 5782 necesse
3477 5730 3591 5782 xst-

1997 5780 2137 5841 λίονς
2165 5777 2395 5848 ᾹΞοΙὶοθ,
2443 5786 2501 5834 ut
2543 5778 2712 5845 aiunt,
2749 5794 2847 5849 pro
2877 5782 3101 5851 χιλίους,
3135 5780 3399 5849 scribere,
3421 5777 3592 5852 quod—
