4026 6346
452 217 594 277 1479

1705 211 1761 267 S.
1809 208 2088 273 EUSEBII
2125 205 2511 269 HIERONYMI

3622 211 3649 265 ί
3663 209 3770 266 480

452 345 742 392 numerum
788 342 1164 402 summamque
1192 326 1469 399 reperies,
1504 327 1557 383 id
1583 335 1689 395 est,
1717 327 1867 383 mille
1912 343 2053 385 non-
2079 342 2133 402 Α
2157 326 2445 385 sententias
2474 341 2586 382 suae
2611 338 2778 397 grave
2800 324 3013 397 pondus
3045 326 3355 397 imponens,
3376 336 3433 383 et
3450 326 3507 383 in
3528 326 3772 385 aliorum

452 431 647 497 gentos
676 420 1035 494 quadraginta
1066 427 1122 477 et
1151 434 1340 475 unum.
1373 418 1482 476 Sed
1514 428 1571 476 et
1598 419 1912 491 parabotam
1960 419 2056 483 de-

455 529 577 573 cem
611 513 881 585 virginum
908 513 963 569 in
989 512 1295 586 Evangelio
1321 510 1504 582 (Matt.
1530 512 1682 583 xxv),
1708 528 1845 584 quas
1871 513 1925 575 in
1943 528 2060 571 sen-

456 608 609 663 sibus
636 607 817 663 carnis
845 613 902 661 et
929 605 1160 676 spiritus
1191 605 1654 675 interpretamur,
1683 606 1731 660 si
1757 605 1937 665 oleum
1962 605 2061 662 bo—

456 711 653 753 norum
688 710 916 768 operum
950 694 1063 752 suis
1088 694 1434 767 lampadibus
1460 695 1847 767 prmpararint,
1874 706 1931 753 et
1950 695 2063 766 qui-

459 787 671 842 narium
704 800 990 841 numerum
1013 785 1437 856 duplicaverint,
1456 794 1517 843 ut
1540 786 1651 841 sint
1668 795 1869 844 sancta:
1887 786 2061 859 (juxta

458 877 809 950 Apostolum)
834 894 1071 949 corpore
1101 889 1159 937 et
1183 878 1405 949 spiritu,
1432 878 1499 934 ad
1528 878 1689 950 huius
1716 880 1930 936 numeri
1977 894 2063 936 re-

463 973 647 1031 ferunt
668 983 1096 1031 sacramentum.
1129 973 1330 1029 Decem
1357 987 1575 1045 quoque
1604 972 1896 1042 civitates,
1928 986 2065 1044 quas

461 1067 555 1138 qui
586 1067 838 1138 corporis
859 1080 1056 1122 sensus
1088 1066 1295 1136 optime
1324 1064 1679 1136 gubernarit,
1707 1080 1939 1123 numero
1967 1064 2069 1130 du-

461 1162 683 1233 plicato,
709 1160 941 1233 accipiet
962 1160 1015 1214 in
1046 1159 1293 1227 futurum
1323 1158 1476 1231 (Luc.
1509 1176 1600 1216 xvr
1620 1160 1662 1231 ).

533 1250 689 1327 (Cap.
722 1253 817 1309 IX.
861 1282 933 1293 —
964 1252 1124 1308 Vers.
1157 1253 1237 1324 1.)
1284 1250 1431 1307 Onus
1453 1252 1594 1311 verbi
1613 1250 1827 1309 Domini
1852 1255 1904 1309 in
1928 1260 2069 1308 terra

465 1344 675 1399 Adrach
702 1386 716 1413 ,
748 1353 795 1400 et
829 1344 1076 1399 Damasci
1128 1343 1323 1414 requiei
1357 1346 1470 1417 ejus
1512 1361 1531 1399 :
1570 1345 1691 1415 quia
1734 1344 1949 1399 Domini
1995 1352 2070 1398 est

471 1442 653 1494 oculus
677 1437 928 1506 hominis,
954 1445 1001 1492 et
1031 1437 1259 1491 omnium
1281 1436 1507 1495 tribuum
1536 1436 1726 1491 Israel.
1756 1436 1903 1491 LXX
1927 1454 1939 1491 :
1972 1435 2067 1491 Δερ-

464 1532 691 1601 sumptio
718 1530 857 1585 verbi
886 1527 1101 1584 Domini
1130 1529 1186 1584 in
1215 1537 1356 1584 terra
1384 1527 1593 1583 Adraclt
1627 1528 1755 1594 [AL
1805 1528 2070 1600 Sedraclt]

473 1635 520 1680 et
550 1623 799 1679 Damasci
834 1622 1081 1692 sacriﬁcii
1109 1622 1223 1692 ejus
1242 1662 1257 1688 ,
1281 1623 1409 1692 quia
1445 1620 1704 1685 Dominus
1733 1623 1944 1691 respicit
1972 1621 2072 1677 ho-

2157 422 2290 481 sede
2338 419 2714 493 requiescens.
2779 419 2957 476 Judaei
3001 420 3118 476 hac
3170 420 3355 476 omnia
3411 420 3472 477 in
3524 420 3775 477 adventu

2158 512 2385 583 Christi,
2419 528 2585 584 quem
2631 512 2737 568 sibi
2794 512 2987 568 ultimo
3047 523 3300 584 tempore
3346 512 3768 584 repromittunt,

2159 606 2352 665 dicunt
2383 620 2506 662 esse
2538 604 2887 675 complenda,
2917 611 2974 660 et
3004 613 3148 660 terra
3181 603 3422 671 Adraeb,
3449 613 3507 661 et
3535 605 3776 661 Damas-

2162 713 2277 764 cus,
2311 706 2369 755 et
2393 697 2613 764 Emath,
2644 706 2701 753 et
2727 696 2926 769 Tyrus,
2966 704 3024 753 et
3073 696 3271 764 Sidon,
3318 708 3374 753 et
3415 696 3681 762 Ascalon,
3714 706 3777 754 et

2163 790 2331 858 Gaza,
2374 792 2623 848 Accaron
2669 804 2891 861 quoque
2934 798 2989 844 et
3039 788 3246 844 Azotus
3297 798 3355 845 et
3401 788 3771 855 Pbilisthiim,

2166 884 2549 952 potentissimo
2588 882 2703 953 regi
2753 883 2894 937 colla
2934 882 3281 950 submittant,
3334 890 3392 937 et
3438 881 3491 938 ei
3520 882 3779 938 serviant

2169 975 2433 1033 habitanti
2462 975 2517 1031 in
2549 973 2860 1031 Jerusalem
2905 990 2919 1028 :
2954 974 3247 1042 nullusque
3295 973 3503 1030 audeat
3545 974 3779 1030 elevare

2167 1077 2357 1125 contra
2390 1066 2559 1122 Israel
2586 1081 2809 1123 nianum
2838 1105 2853 1131 ,
2888 1066 3098 1136 pacatis
3148 1064 3409 1122 omnibus
3435 1080 3538 1135 per
3565 1065 3776 1121 circui-

2171 1172 2306 1220 tum.
2348 1160 2485 1228 Quze
2513 1173 2612 1215 nos
2634 1161 2894 1215 universa
2920 1157 3280 1228 spiritualiter
3308 1156 3363 1212 in
3390 1156 3637 1213 adventu
3667 1157 3781 1213 Do-

2172 1255 2304 1312 mini
2327 1264 2383 1312 et
2408 1256 2466 1312 in
2497 1253 2748 1310 Ecclesia
2788 1252 2910 1323 ejus
2942 1258 3215 1307 transacta
3236 1250 3642 1307 convincimus.

2243 1348 2425 1422 (Vers.
2452 1349 2488 1403 9
2517 1347 2703 1418 seqq.)
2735 1344 2925 1401 Emath
2948 1360 3152 1415 quoque
3186 1345 3241 1398 in
3267 1343 3505 1398 terminis
3545 1346 3665 1413 ejus
3683 1384 3700 1410 ,
3727 1351 3779 1397 et

2172 1440 2345 1511 Tyrus
2375 1449 2422 1495 et
2443 1438 2614 1494 Sidon
2644 1454 2664 1492 :
2693 1444 3085 1507 assumpserunt
3113 1436 3310 1507 quippe
3336 1434 3436 1489 sibi
3455 1434 3781 1505 sapientiam

2173 1530 2344 1589 ualde.
2376 1528 2443 1585 Et
2463 1530 2739 1599 wdiﬁcavit
2770 1527 2940 1599 Tyrus
2968 1527 3311 1582 munitionem
3350 1543 3533 1594 suam,
3587 1536 3639 1580 et
3689 1540 3780 1580 eo-

2177 1627 2437 1685 aceruavit
2464 1634 2739 1699 argentum
2762 1625 2915 1696 quasi
2946 1623 3185 1692 humum,
3213 1633 3260 1678 et
3286 1638 3479 1677 aurum
3508 1631 3568 1677 ut
3612 1624 3783 1677 lutum

472 1719 657 1784 mines,
679 1726 729 1772 et
758 1732 935 1772 omnes
959 1715 1119 1769 tribus
1149 1713 1340 1768 Israel.
1374 1714 1565 1771 Omnis
1602 1714 1723 1770 hare
1766 1714 1915 1770 Visio
1958 1714 2074 1772 sive
2103 1728 2151 1788 Β
2184 1720 2497 1795 platearum.
2531 1718 2667 1773 Ecce
2692 1717 2945 1773 Dominus
2973 1715 3259 1788 possidebit
3285 1731 3431 1782 eam,
3455 1722 3507 1769 et
3523 1714 3783 1786 percutiet

473 1812 676 1883 pondus
706 1822 761 1866 et
802 1826 933 1866 onus
956 1809 1112 1866 verbi
1166 1809 1417 1876 Domini,
1452 1817 1514 1865 ut
1556 1809 1947 1879 interpretatus
1990 1817 2076 1869 est
2179 1816 2235 1870 in
2273 1812 2408 1867 mari
2439 1811 2801 1882 fortitudinem
2840 1813 2989 1879 ejus,
3036 1817 3085 1863 et
3125 1809 3236 1863 lucc
3260 1808 3380 1878 igne
3418 1806 3777 1863 deuorabitur.

472 1904 668 1975 Aquila
689 1947 703 1971 ,
738 1902 809 1958 ad
849 1900 1195 1963 vocationem
1240 1902 1509 1972 gentium,
1535 1909 1593 1958 et
1643 1900 2075 1961 exstructionem
2178 1903 2325 1967 LXX
2359 1902 2592 1959 :Emath
2618 1905 2675 1957 in
2703 1903 2892 1973 ﬁnibus
2941 1905 3057 1975 ejus
3093 1900 3263 1972 Tyrus
3299 1909 3349 1955 et
3394 1900 3568 1956 Sidon
3599 1915 3619 1952 :
3647 1912 3782 1969 quo-

472 1993 737 2051 Ecclesia:
756 1993 1015 2064 pertinet.
1045 1991 1116 2047 Et
1137 1999 1221 2047 est
1244 1991 1381 2047 ordo
1400 1992 1696 2049 verborum
1723 2009 1737 2046 :
1760 1991 2078 2062 Assumptio
2181 1997 2323 2055 niam
2346 1997 2601 2067 sapientes
2629 1996 2839 2066 fuerunt
2870 1995 3046 2062 nimis,
3068 2003 3115 2048 et
3142 1991 3421 2061 aediﬁcavit
3452 1990 3629 2062 Tyrus
3666 2006 3787 2044 mu-

475 2086 630 2143 verbi
653 2084 896 2152 Domini,
930 2082 1076 2139 acuti
1103 2082 1161 2137 in
1193 2089 1536 2151 peccatores,
1568 2080 1753 2137 mollis
1787 2082 1839 2136 in
1862 2081 2074 2151 justos:
2180 2088 2428 2145 ηειίοηεηι
2453 2103 2629 2155 suam,
2664 2096 2713 2141 ei
2739 2087 3066 2159 congregavit
3096 2095 3369 2158 argentum
3396 2093 3453 2137 ut
3473 2082 3722 2149 (imm,
3743 2090 3787 2136 et

473 2177 909 2263 Annicuﬁ‘t‘m)
925 2175 1125 2248 quippe
1148 2174 1257 2231 hoc
1276 2182 1503 2231 resonat
1521 2189 1589 2231 ex
1614 2174 1830 2232 duobus
1854 2174 2081 2244 integris
2183 2197 2370 2238 aurum
2395 2189 2453 2235 ut
2480 2179 2892 2250 lutumauiarum.
2926 2177 3214 2249 Propterea
3249 2178 3515 2232 Dominus
3551 2174 3786 2245 posside-

479 2286 680 2327 nomen
710 2268 1079 2341 compositum
1110 2284 1128 2321 ε
1158 2283 1249 2336 AD,
1277 2276 1507 2335 acutum,
1539 2282 1702 2334 unca,
1734 2264 1911 2332 molle,
1938 2277 2081 2323 tene—
2185 2272 2255 2327 bit
2275 2288 2413 2340 eam,
2446 2280 2493 2327 et
2522 2272 2772 2342 percutiet
2798 2272 2853 2324 in
2874 2272 3011 2325 mari
3030 2269 3393 2341 [ortitudinem
3416 2272 3557 2341 ejus,
3600 2276 3651 2322 et
3676 2267 3787 2337 ipsa

479 2379 693 2433 rumque
715 2361 1035 2434 signiﬁcans
1071 2377 1086 2418 :
1117 2370 1172 2415 et
1191 2374 1299 2421 non
1335 2367 1395 2414 ut
1425 2358 1570 2415 male
1596 2372 1626 2414 a
1653 2357 1976 2428 quibusdam
2007 2356 2086 2417 le-

479 2456 647 2526 gitur,
677 2452 934 2509 Sedrach.
964 2450 1196 2520 Quidam
1223 2450 1438 2507 Adrach
1460 2449 1709 2507 referunt
1730 2450 1797 2506 ad
1826 2449 2084 2521 populum

476 2548 794 2607 Iudaeorum
830 2588 845 2613 ,
886 2546 1212 2603 Damascum
1271 2544 1341 2600 ad
1396 2546 1743 2601 vocationem
1818 2542 2083 2615 gentium.

481 2641 637 2698 Unde
670 2639 926 2711 pepulus,
956 2638 1071 2693 sive
1111 2636 1416 2707 assumptio
1463 2637 1618 2694 verbi
1672 2635 1889 2693 Domini
1925 2634 1984 2689 tit
2032 2636 2086 2689 in

478 2743 623 2793 terra
653 2732 862 2787 Adi-ach
896 2746 1065 2804 super
1094 2745 1257 2804 quam
1287 2738 1347 2788 et
1373 2730 1765 2787 austeritatem
1798 2742 1952 2785 suam
1985 2727 2087 2783 Do-

478 2830 658 2885 minus
679 2827 933 2884 exercuit
951 2834 1007 2883 et
1026 2826 1372 2884 clementiam
1390 2822 1734 2898 (Isai.xr,lO,
1752 2840 1856 2885 sec.
1884 2820 2086 2894 LXX).

480 2918 875 2975 Austeritatem
916 2918 969 2973 in
1000 2932 1099 2975 eos
1127 2958 1143 2985 ,
1176 2918 1273 2990 qui
1312 2916 1542 2973 credere
1598 2917 1938 2977 noluerunt:
1970 2915 2089 2970 cle-

480 3009 742 3066 mentiam
794 3009 852 3065 in
882 3009 1008 3065 illos
1035 3010 1167 3085 ,_qui
1195 3024 1316 3066 cum
1348 3009 1629 3080 Apostolis
1681 3018 1811 3064 sunt
1860 3007 2087 3065 reversi.

2184 2365 2241 2418 in
2289 2364 2407 2436 igne
2458 2363 2890 2421 concremabitur.
2924 2370 2951 2399 α
2986 2360 3204 2426 Ematb,
3236 2374 3358 2430 quae
3395 2360 3787 2428 interpretatur

2190 2457 2370 2528 χόλος,
2404 2454 2459 2511 id
2483 2461 2590 2521 est,
2619 2453 2944 2525 indignatio,
2988 2452 3104 2523 ipsa
3129 2460 3214 2508 est
3237 2466 3360 2522 quae
3401 2450 3473 2507 ab
3514 2449 3786 2505 Antiocho

2189 2552 2471 2625 Ἐπιφανεῖ,
2502 2547 2825 2619 Epiphaniae
2854 2562 3056 2603 nomen
3085 2546 3321 2617 accepit,
3352 2556 3411 2600 et
3439 2559 3592 2600 nunc
3619 2543 3785 2615 Syria:

2190 2644 2368 2702 Cteles
2395 2650 2480 2699 est
2506 2641 2725 2699 civitas.
2756 2641 2825 2697 Et
2857 2640 2979 2696 haec
3006 2641 3199 2711 igitur,
3225 2647 3281 2694 et
3309 2637 3491 2709 Tyrus
3530 2646 3587 2692 et
3620 2636 3784 2692 Sidon

2192 2733 2432 2793 eruntin
2464 2732 2713 2789 terminis
2756 2733 2931 2805 858
2962 2731 3209 2788 Damasci
3237 2772 3253 2798 ,
3306 2730 3424 2785 sive
3452 2730 3511 2784 in
3542 2726 3788 2784 terminis

2195 2839 2357 2887 terra:
2386 2828 2604 2885 Adrach
2622 2872 2637 2896 ,
2672 2836 2732 2884 ut
2760 2829 2990 2884 credant
3018 2828 3072 2881 in
3098 2826 3391 2885 Dominum
3419 2823 3787 2887 Salvatorem,

2194 2926 2283 2983 cui
2309 2940 2340 2979 a
2372 2924 2539 2981 Patre
2561 2922 2769 2978 dictum
2803 2933 2887 2977 est
2916 2938 2929 2973 :
2967 2919 3189 2975 Postula
3216 2936 3250 2973 a
3284 2934 3369 2971 me
3392 2958 3409 2985 ,
3446 2926 3494 2971 et
3535 2916 3678 2970 dabo
3709 2914 3791 2969 tibi

2197 3025 2371 3088 gentes
2397 3014 2757 3071 ntereditntem
2775 3024 2936 3080 tuam,
2963 3021 3009 3067 et
3035 3010 3412 3084 possessionem
3442 3019 3588 3064 tuam
3620 3005 3792 3062 termi-

480 3105 779 3162 Datnascus
808 3112 988 3161 autem
1028 3112 1254 3174 propter
1288 3105 1507 3174 requies
1539 3103 1760 3158 Domini
1790 3113 1912 3169 est,
1931 3102 2087 3172 juxta
2117 3112 2162 3175 ρ
2196 3123 2289 3163 nos
2311 3116 2459 3163 terrae
2486 3104 2606 3177 (Ps.
2628 3120 2688 3171 ιι,
2720 3104 2800 3175 8).
2824 3102 2999 3174 Hujus
3028 3103 3160 3174 Tyri
3190 3100 3315 3155 lilia:
3334 3140 3350 3165 ,
3383 3098 3439 3154 id
3459 3106 3569 3166 est,
3595 3097 3789 3152 anima

484 3198 615 3253 illud
641 3196 785 3269 quod
810 3195 1078 3267 scriptum
1104 3207 1187 3253 est
1218 3198 1273 3251 in
1299 3196 1437 3253 Isaia
1462 3214 1476 3250 :
1510 3195 1577 3249 Et
1619 3198 1717 3250 erit
1743 3196 1944 3267 requies
1972 3198 2085 3267 ejus

483 3290 667 3343 honor.
695 3288 965 3359 Siquidem
1008 3294 1286 3359 antequam
1327 3288 1478 3343 sciret
1505 3302 1633 3359 puer
1680 3288 1869 3358 eligere
1902 3289 2090 3341 bonum

485 3390 576 3435 aut
607 3379 823 3449 malum,
855 3388 905 3434 et
933 3395 1116 3435 vocare
1139 3389 1338 3450 patrem
1361 3388 1410 3433 et
1438 3389 1678 3446 matrem,
1707 3380 1907 3451 accepit
1928 3378 2090 3432 virtu-

488 3481 590 3525 tem
618 3470 868 3525 Damasci
905 3479 953 3524 et
974 3472 1145 3543 spolia
1178 3472 1434 3527 Samaria:
1461 3469 1618 3542 (Isai.
1652 3486 1773 3538 vm,
1801 3469 1836 3525 4
1865 3474 1906 3542 ).
1943 3469 2094 3527 Unde

487 3572 545 3619 et
570 3562 863 3618 Damascus
887 3565 943 3619 in
973 3564 1219 3637 linguam
1250 3573 1490 3621 nostram
1510 3565 1765 3638 vertitur,
1786 3565 2094 3635 sanguinem

488 3657 661 3712 bibens
686 3666 781 3713 aut
805 3658 1024 3728 sanguis
1046 3658 1232 3725 cilicii,
1248 3658 1468 3729 utprior
1486 3658 1873 3729 interpretatio
1899 3672 2097 3714 cruen-

487 3756 602 3802 tum
656 3748 919 3818 populum
973 3747 1283 3819 signiticet;
1326 3749 1602 3819 secunda,
1638 3749 1950 3805 crudelitati
1973 3749 2099 3819 eius

484 3840 650 3913 857
693 3842 1074 3912 paenitentiam
1122 3841 1457 3914 cepulatam.
1499 3842 1766 3914 Quodque
1805 3844 2096 3914 sequitur:

490 3932 629 4001 Quia
657 3932 871 3988 Domini
908 3942 985 3990 est
1013 3935 1194 3991 oculus
1237 3934 1462 3991 hominis
1490 3944 1540 3990 et
1589 3936 1822 3990 omnium
1868 3934 2101 3990 tribuum

490 4021 687 4094 Israel,
716 4025 796 4082 sic
820 4025 1137 4085 edisserunt
1165 4044 1180 4082 :
1208 4026 1417 4085 Idcirco
1438 4028 1703 4098 templum
1731 4029 1827 4084 Dei
1857 4029 1927 4085 de
1953 4036 2105 4084 utro.

495 4130 604 4186 que
633 4117 836 4188 populo
884 4118 1316 4174 construendum
1357 4128 1473 4189 est,
1508 4119 1563 4175 id
1595 4129 1702 4187 est,
1733 4132 1789 4176 et
1837 4120 1908 4176 de
1954 4130 2101 4177 terra

490 4208 750 4276 Adrach,
782 4208 933 4266 etde
975 4210 1243 4266 Damasco
1294 4212 1482 4281 requie
1511 4210 1629 4282 ejus
1665 4230 1679 4265 :
1738 4213 1867 4284 quia
1903 4213 2098 4270 Domin

2190 3200 2418 3257 Christo
2443 3198 2809 3265 credentium,
2841 3194 3094 3252 delerent
3126 3194 3241 3266 regi
3270 3207 3497 3248 munera
3522 3232 3539 3258 ,
3575 3203 3637 3246 ut
3690 3191 3788 3247 imo

2196 3293 2411 3363 pleatur
2450 3291 2597 3363 quod
2645 3291 2908 3361 scriptum
2958 3299 3051 3346 est
3093 3308 3107 3343 :
3162 3288 3467 3344 Adorabunt
3523 3303 3647 3341 eum
3675 3285 3791 3357 ﬁlia

2194 3386 2323 3459 Tyri
2353 3388 2408 3441 in
2443 3385 2745 3441 muneribus
2788 3383 2904 3453 (Ps.
2936 3398 3081 3451 ntv,
3114 3381 3225 3454 13).
3257 3381 3509 3450 Cumque
3539 3378 3673 3434 urbs
3701 3376 3791 3433 Dei

2195 3477 2445 3535 Ecclesia
2476 3475 2640 3532 fuerit
2658 3484 2961 3539 exstructa.
2979 3474 3049 3531 de
3072 3488 3179 3544 qua
3200 3471 3493 3528 Psalmista
3509 3470 3789 3527 decantat:

2197 3571 2446 3628 Gloriosa
2473 3570 2615 3624 dicta
2634 3576 2758 3623 sunt
2790 3568 2854 3623 de
2878 3577 2947 3635 te,
2978 3567 3159 3621 civitas
3181 3565 3280 3620 Dei
3303 3561 3427 3637 (Ps.
3460 3577 3684 3630 num,
3712 3559 3790 3632 2),

2198 3664 2388 3721 statim
2426 3670 2730 3734 sequentur
2755 3668 2811 3717 et
2840 3669 3039 3716 cmtera
3071 3676 3085 3714 :
3111 3657 3245 3713 Ecce
3272 3655 3585 3727 alienigena:
3617 3663 3664 3708 et
3694 3651 3793 3723 Ty-

2198 3772 2289 3811 rus
2302 3765 2351 3811 et
2369 3754 2598 3826 papulas
2623 3751 2957 3824 xEtltiopum,
2982 3751 3069 3805 isti
3086 3750 3195 3804 nati
3210 3758 3332 3803 sunt
3361 3747 3433 3801 ibi
3462 3744 3659 3818 (1bid.,
3689 3758 3794 3807 ut,

2201 3850 2283 3920 4).
2326 3848 2403 3903 De
2438 3845 2763 3917 alienigenis
2801 3845 2859 3900 in
2888 3843 3106 3900 duobus
3133 3841 3356 3911 psalmis
3386 3839 3593 3896 dicitur
3619 3854 3636 3893 :
3665 3836 3795 3891 Mihi

2204 3943 2509 4013 alienigenw
2532 3940 2760 3996 serviunt
2781 3982 2796 4008 ,
2828 3938 2943 3994 sive
2980 3936 3201 4009 subjecti
3241 3943 3385 3989 sunt.
3415 3933 3496 3989 De
3529 3928 3799 3999 Ethiopi-

2207 4033 2309 4089 bus
2343 4033 2398 4087 in
2442 4031 2708 4102 propheta
2748 4029 2980 4099 legimus
3025 4026 3307 4098 Sopliouia
3339 4043 3354 4080 :
3382 4024 3557 4080 Trans
3587 4022 3797 4095 [Iuntina

2208 4124 2498 4195 {Ethiopiw
2524 4122 2647 4181 inde
2677 4122 2843 4194 ferent
2870 4122 3011 4193 dona
3035 4121 3162 4175 mihi
3180 4117 3478 4191 (SapImu,
3510 4114 3629 4185 10).
3659 4114 3726 4169 Et
3742 4113 3795 4167 in

2210 4218 2427 4275 Psalmo
2458 4215 2777 4287 z/Etltiopia
2825 4214 3099 4285 prteveniet
3142 4228 3331 4266 manus
3363 4214 3481 4283 ejus
3511 4207 3629 4263 Deo
3679 4205 3791 4279 (Ps.

487 4311 594 4371 est,
617 4302 946 4373 quicumque
964 4310 1022 4359 et
1046 4301 1115 4359 de
1142 4302 1400 4373 gentibus
1424 4305 1648 4375 respicit
1668 4304 1870 4376 Deum,
1894 4314 1949 4364 et
1977 4323 2112 4378 spe-
2210 4324 2361 4365 van
2384 4349 2400 4376 ,
2430 4306 2547 4379 52).
2594 4307 2673 4362 De
2710 4307 2858 4378 Tyro
2884 4313 3069 4362 autem
3113 4303 3472 4375 Evangelium
3517 4301 3752 4372 loquitur
3782 4315 3795 4353 :

488 4402 577 4449 rat
608 4393 661 4448 in
688 4408 834 4460 eum,
858 4403 915 4450 et
937 4394 1007 4449 de
1035 4395 1249 4451 cunctis
1280 4395 1527 4453 tribubus
1552 4396 1726 4455 Israel
1760 4416 1773 4453 :
1805 4400 2109 4471 sive,juxta

2217 4400 2312 4456 Vte
2337 4399 2449 4468 tibi,
2480 4398 2785 4455 Choroaaim
2800 4415 2816 4466 ;
2834 4414 2908 4453 ua:
2925 4398 3037 4467 tibi,
3062 4395 3387 4461 Bethsaida;
3409 4394 3667 4465 quoniam,
3683 4393 3728 4446 si
3751 4390 3801 4443 in

485 4482 656 4554 LXX,
684 4486 808 4556 quia
841 4485 1099 4543 Dominus
1130 4488 1415 4559 aequaliter
1458 4500 1691 4546 cunctos
1720 4490 1970 4548 homines
2001 4508 2088 4550 re-
2113 4503 2168 4565 ])
2197 4495 2331 4567 Tyro
2360 4505 2409 4550 et
2441 4492 2640 4549 Sidone
2671 4496 2824 4564 {at-tte
2860 4500 3027 4546 essent
3056 4490 3268 4544 virtutes
3319 4502 3439 4557 quat
3489 4486 3643 4557 [actm
3673 4484 3785 4554 fue-

495 4574 678 4646 spicit,
708 4586 762 4633 et
790 4577 1078 4645 universas
1108 4580 1286 4637 tribus
1310 4580 1499 4638 Israel.
1528 4581 1785 4639 Dicamus
1811 4592 1867 4640 et
1898 4583 2097 4639 aliter:

503 4665 561 4721 in
601 4673 749 4722 terra
792 4667 1012 4725 Adrach
1042 4685 1184 4726 onus
1212 4673 1365 4729 verbi
1412 4673 1629 4729 Domini
1658 4683 1774 4738 est,
1801 4683 1859 4729 et
1889 4674 2101 4746 pondus

497 4757 908 4830 gravissimum.
932 4760 993 4815 In
1019 4761 1284 4819 Damasco
1315 4771 1498 4820 autem
1527 4765 1764 4822 victima:
1790 4766 1908 4836 ejus
1932 4775 1988 4823 et
2013 4781 2103 4822 sa-

491 4852 796 4920 criﬁcium,
823 4852 953 4924 quia
993 4853 1260 4912 Dominus
1290 4864 1349 4912 et
1386 4856 1634 4928 gentium
1668 4858 1833 4914 tidem
1884 4867 1941 4915 et
1984 4859 2098 4916 Cir-

493 4942 848 5001 cumcisionis
873 4944 1163 5015 perﬁdiam
1193 4946 1405 5019 absque
1437 4950 1762 5020 acceptione
1785 4949 1900 5005 ulla
1924 4951 2097 5022 respi-

491 5038 566 5093 cit
590 5051 974 5108 personarum,
1000 5046 1057 5095 et
1079 5047 1167 5097 est
1192 5028 1477 5112 aequaliter
1496 5043 1742 5099 omnium
1763 5044 1907 5101 Deus
1933 5064 1948 5101 :
1971 5045 2093 5101 aliis

494 5215 600 5284 que
662 5199 838 5284 magis
893 5197 1182 5284 displicet,
1236 5208 1632 5284 χριστιιᾳνοὺς,
1684 5220 2092 5284 pl‘0_xpta'1'tat-

493 5273 633 5353 vade.
662 5272 721 5328 Si
750 5271 897 5353 enim
918 5292 939 5326 s
968 5273 1122 5353 juxta
1150 5271 1557 5346 Ort'tibgraplnae
1584 5271 1733 5353 leges
1767 5271 2094 5353 a_b_'§itroque

494 5344 1037 5426 verbo-esi_mas,_par
1053 5344 1172 5414 ipse
1193 5344 1452 5426 nume-rus
1475 5344 1883 5426 prodibit,_t_9£l
1897 5394 1912 5418 ,
1932 5344 2095 5424 quem

495 5424 554 5471 et
579 5413 637 5468 in
665 5413 864 5492 Latino
899 5413 1007 5492 duo
1034 5413 1208 5472 nustri
1237 5413 1908 5492 prmleruntmssq'idque'
1929 5413 2095 5482 unum

498 5493 607 5569 est,
638 5485 783 5569 quod
803 5484 1060 5569 S.APate‘r
1086 5484 1277 5569 argute
1299 5490 1607 5569 praetendit
1624 5484 1705 5547 ex'
1724 5484 1936 5569 numeri
1967 5511 2101 5554 con-

500 5555 803 5624 formi’tate,
834 5564 894 5612 ut
926 5564 1136 5627 septem
1154 5555 1447 5636 [nominum
1477 5561 1643 5636 millia
1669 5603 1685 5631 ,
1715 5565 1808 5636 qui
1841 5581 1945 5622 non
1973 5582 2101 5623 cur-

500 5638 768 5685 vaverunt
791 5642 967 5700 genua
1010 5641 1138 5688 ante
1166 5630 1317 5700 Baal,
1359 5630 1703 5692 Christianas
1732 5630 2054 5708 signiﬁcare
2082 5681 2097 5707 ,

508 5718 869 5777 demonstret.
910 5714 1179 5773 Ceterum
1221 5728 1332 5770 non
1370 5712 1680 5784 ignoramus
1723 5708 1778 5764 in
1825 5708 1974 5767 hisce
2004 5726 2098 5782 ge-

2204 4597 2324 4642 runt
2350 4588 2404 4641 in
2430 4585 2596 4652 vobis,
2626 4583 2753 4639 olim
2780 4584 3001 4655 forsitan
3027 4583 3081 4634 in
3102 4596 3252 4636 sacco
3279 4588 3329 4634 et
3359 4579 3535 4633 cinere
3563 4578 3805 4650 peniten-

2204 4679 2331 4732 tiam
2352 4678 2571 4749 egissent
2605 4675 2767 4749 (Mat.
2788 4690 2866 4743 χι,
2894 4672 3011 4744 21).
3042 4672 3120 4728 De
3149 4672 3281 4742 Tyri
3324 4680 3380 4726 et
3409 4670 3635 4725 Sidonis
3684 4667 3802 4722 lini-

2206 4772 2304 4841 bus
2332 4772 2422 4825 illa
2454 4769 2648 4826 mulier
2675 4768 2987 4825 Chananma
3018 4764 3478 4838 Syrophmnissa,
3516 4761 3679 4832 cujus
3700 4759 3801 4815 ﬁlia

2207 4863 2351 4921 male
2374 4878 2434 4919 se
2464 4862 2699 4923 habebat
2726 4876 2761 4918 a
2782 4861 3061 4918 daemonio
3085 4902 3101 4928 ,
3146 4858 3394 4916 occurrit
3432 4856 3675 4911 Domino
3700 4852 3806 4910 Sal-

2202 4956 2378 5011 vatori
2406 4953 2607 5027 (Marc.
2638 4954 2775 5027 vn);
2800 4963 2857 5010 et
2880 4951 3169 5025 Tyriorum
3200 4965 3265 5006 ac
3293 4947 3658 5005 Sidoniorum
3689 4942 3804 5001 ﬁdei

2202 5049 2471 5120 primitias
2518 5046 2841 5114 dedicavit,
2895 5053 2957 5101 ut
2997 5058 3121 5116 qua:
3153 5052 3407 5115 tempore
3436 5038 3657 5097 Christi
3705 5049 3804 5092 non

2199 5208 2421 5265 mantize
2452 5209 2684 5275 lusibus,
2719 5217 2774 5265 et
2801 5207 2920 5278 plus
2950 5207 3153 5279 aliquid
3183 5207 3368 5279 dicere
3402 5224 3415 5262 :
3448 5218 3510 5263 ut
3546 5218 3633 5265 est
3670 5208 3802 5264 illud

2200 5281 2345 5351 quod
2376 5280 2629 5338 Menasse
2660 5282 2771 5338 Ben
2813 5280 2983 5351 Israel
3012 5278 3193 5344 docet,
3228 5278 3385 5349 Saepe
3409 5280 3480 5333 ad
3509 5295 3798 5345 numerum,

2200 5350 2352 5422 quem
2397 5352 2535 5408 verbi
2578 5352 2811 5425 alicujus
2840 5350 3031 5408 litterte
3055 5353 3275 5422 faciunt,
3321 5353 3573 5407 unitatem
3622 5351 3798 5423 adjici.

2200 5454 2566 5515 quamtvocent
2592 5429 2713 5507 5’71:
2756 5445 2839 5519 (id
2864 5452 2970 5510 est,
3017 5442 3362 5516 universum)
3391 5445 3519 5516 quia
3571 5460 3665 5517 pro
3703 5450 3797 5496 tota

2206 5531 2326 5570 uoce
2353 5526 2603 5572 ponatur.

2206 5531 2326 5570 uoce
2353 5531 2603 5583 ponatur.

2280 5595 2307 5626 α
2336 5581 2546 5672 Nomen
2569 5588 2785 5672 Ematb,
2834 5588 2978 5672 quod
3007 5587 3241 5672 deerat,
3281 5595 3495 5671 .ntpote-
3520 5581 3795 5643 contextni

2211 5662 2603 5731 necessarium,
2633 5678 2699 5719 ex
2731 5659 2953 5733 Reginae
2980 5677 3083 5717 ms.
3104 5659 3447 5717 sull'ecimus.
