4056 6342
273 275 406 334 1481

1011 271 1668 334 COMMENTARIORUM
1705 273 1774 332 ΙΝ
1811 268 2218 331 ZACHARIAM
2254 271 2384 330 LIB.
2424 271 2490 330 ll.
2531 271 2684 330 CAP.
2727 271 2820 329 IX.

3422 269 3565 328 1482

271 387 642 456 crediderant,
672 390 797 463 quia
829 392 1061 448 necdum
1095 392 1349 448 viderant
1380 393 1531 463 signa
1563 401 1725 462 atque
1747 391 1862 446 vir-
1888 397 1943 458 Α
1968 399 2015 444 et
2029 388 2285 462 ponamin
2313 389 2470 444 domo
2497 405 2608 444 mea
2637 388 2996 456 elevationem,
3025 395 3083 442 at
3113 404 3259 443 nemo
3289 397 3560 461 pertrans-

272 491 449 550 tutes,
481 491 674 552 postea
721 483 968 541 viderent
1009 502 1105 555 per
1151 484 1434 556 apestolos
1461 495 1518 541 et
1547 485 1866 550 crederent,

271 584 562 645 essentque
591 577 949 634 beatitudinis
978 579 1126 635 illius
1155 591 1462 650 competes,
1495 595 1657 649 quam
1681 576 1868 633 Domi-

273 687 374 726 nus
403 673 762 740 repromittit.
795 674 985 729 dicens
1018 692 1030 727 :
1065 672 1330 729 Beatiores
1363 674 1453 745 qui
1492 690 1596 727 non
1633 671 1869 727 viderunt

271 771 318 815 et
347 761 684 817 crediderunt
712 761 897 834 (Joan.
931 781 1024 831 xx,
1048 763 1166 837 29).
1191 764 1372 838 Tyrus
1403 774 1585 822 autem
1614 774 1669 821 et
1698 765 1866 822 Sidon

271 856 540 926 (quarum
601 858 774 912 altera
809 865 1050 932 συνοχή,
1106 859 1158 914 id
1211 869 1318 927 est,
1351 861 1600 933 angustia
1645 876 1662 914 :
1696 860 1868 915 altera

269 953 512 1026 θήρευμα,
545 949 594 1004 id
624 962 729 1019 cst,
759 953 982 1016 venatio,
1010 952 1427 1024 interpretatur)
1461 955 1730 1009 iutantum
1763 954 1864 1010 sibi

268 1059 554 1112 sumpsere
608 1044 979 1116 sapientiam,
1042 1056 1101 1102 ut
1159 1048 1594 1118 Sophismatibus
1642 1049 1757 1103 suis
1813 1056 1869 1104 et

271 1145 296 1174 α
328 1137 744 1192 dialecticorum
798 1139 1010 1194 retibus
1061 1151 1118 1195 et
1169 1139 1541 1210 s0phistarum
1598 1141 1864 1208 textoris,

263 1249 403 1304 quas
439 1234 794 1302 munitiones,
851 1233 1139 1304 Scriptura
1171 1246 1612 1301 commemorat,
1657 1251 1866 1306 propo-

271 1338 430 1383 nt-rct
457 1326 481 1364 ι’
511 1327 685 1399 Tyrus
709 1328 995 1400 :enigtnata
1028 1329 1344 1394 Salomoui,
1380 1329 1430 1384 id
1465 1337 1580 1394 cst,
1616 1331 1732 1398 regi
1768 1344 1864 1398 pa-

268 1421 448 1485 cilico,
469 1431 521 1474 et
546 1429 831 1491 argentum
852 1437 1035 1488 suum,
1065 1421 1300 1476 nitorem
1327 1421 1580 1477 videlicet
1605 1422 1866 1490 cloquen-

270 1513 382 1577 tim,
417 1521 469 1568 et
495 1528 715 1581 aurum,
748 1528 1009 1569 sensuum
1043 1513 1433 1579 calliditatem,
1471 1515 1645 1570 instar
1670 1515 1865 1585 pulve-

269 1603 348 1658 ris
369 1611 427 1659 et
456 1603 554 1659 ltiti
585 1604 728 1674 quod
765 1606 814 1659 in
848 1605 1043 1676 plateis
1076 1621 1140 1660 ac
1179 1606 1280 1660 viis
1310 1615 1392 1660 cst
1419 1651 1433 1675 ,
1485 1614 1864 1678 congregaret,

269 1707 330 1753 ut
357 1715 580 1770 regnum
613 1699 940 1754 idololatria:
984 1700 1128 1770 quod
1179 1700 1476 1766 munierat,
1536 1700 1864 1770 possideret.

1973 495 2056 539 eat
2078 527 2094 552 ,
2126 485 2232 538 sive
2261 493 2566 551 revertatur,
2593 492 2641 538 et
2673 499 2998 555 nequaquam
3026 482 3354 555 superveniat
3382 483 3457 537 eis
3488 481 3566 537 ul-

1973 588 2054 632 tra
2076 577 2288 632 abactor
2313 587 2364 630 et
2394 577 2628 630 eminans
2647 592 2666 630 :
2686 577 2811 647 quia
2839 592 2976 630 nunc
3005 575 3114 630 vidi
3145 577 3200 630 in
3231 574 3392 629 oculis
3414 576 3561 631 meis.

1971 667 2208 724 Asealon
2232 669 2622 738 interpretatur
2669 669 2804 739 ignis
2835 669 3100 740 ignobilis,
3127 670 3244 722 sive
3271 669 3565 740 ponderata

1972 758 2082 834 [ΑΙ.
2115 759 2369 835 pondera]
2405 779 2416 815 :
2452 761 2632 827 Gaza,
2663 762 2849 830 fortis,
2901 770 2996 816 aut
3036 762 3311 832 imperium
3345 778 3364 816 :
3391 760 3568 817 Acca-

1971 869 2094 920 ron,
2127 853 2320 907 sterilis
2342 893 2357 917 ,
2393 852 2510 910 sive
2541 853 2805 907 eradicata
2837 870 2855 908 :
2887 853 3114 921 Azoms,
3147 871 3266 924 qua:
3300 854 3566 910 Hebraice

1971 945 2176 1000 dicitur
2231 961 2400 1001 ssnon
2449 944 2673 1018 ('n'ttrN
2698 944 2738 1017 ).
2771 946 2909 1020 ignis
2943 957 2964 984 ο
2997 965 3273 1018 generatis,
3309 956 3400 1001 attt
3434 948 3566 1018 ignis

1969 1041 2165 1112 patrui,
2214 1041 2297 1095 vel
2337 1041 2476 1112 ignis
2519 1039 2799 1106 mantillw;
2845 1041 3159 1109 lcbusacus,
3202 1045 3564 1096 roncnlcatam

1968 1135 2136 1207 860
2163 1144 2342 1190 sonat.
2387 1135 2681 1190 Nominum
2738 1137 3108 1206 expressimus
3157 1138 3563 1208 ctymologias,

1970 1236 2030 1281 ut
2057 1241 2280 1282 sensum
2335 1227 2577 1282 breviter
2627 1242 3032 1296 percorratnus.
3077 1229 3278 1284 Videtis
3329 1229 3564 1285 Ascalon

1971 1328 2026 1375 et
2066 1318 2209 1375 Gaza
2261 1328 2316 1374 et
2371 1322 2642 1387 Accaron,
2705 1315 2850 1392 qubd
2897 1321 3090 1376 Emath
3147 1331 3295 1376 esset
3340 1325 3393 1377 in
3448 1323 3569 1378 liui-

1971 1412 2074 1467 bus
2129 1413 2420 1477 Damasci,
2453 1421 2509 1467 et
2557 1413 2763 1486 Tyrum
2817 1426 2870 1469 et
2917 1414 3176 1470 Sidonem
3209 1457 3222 1480 ,
3280 1426 3567 1486 postquam

1974 1522 2256 1578 percussae
2288 1515 2417 1560 sunt
2447 1509 2498 1562 in
2533 1508 2798 1576 circuitu,
2848 1521 2902 1564 et
2955 1526 3116 1565 omne
3139 1526 3325 1566 earum
3361 1511 3566 1580 fenum,

1971 1597 2151 1669 ligna,
2187 1608 2242 1654 et
2291 1601 2494 1669 stipula
2526 1601 2784 1657 incendio
2830 1603 3183 1675 conﬂagravit
3213 1648 3227 1670 ,
3282 1621 3570 1674 possessas

1970 1702 2094 1743 esse
2122 1702 2152 1742 a
2187 1689 2437 1756 Domino,
2474 1698 2530 1745 et
2564 1691 2695 1760 ipsae
2731 1691 2928 1747 timore
2956 1708 3020 1747 ac
3044 1692 3236 1748 dolore
3277 1703 3333 1748 et
3377 1693 3572 1750 coniu-

269 1792 380 1848 Sed
409 1791 670 1848 adversus
722 1794 818 1847 has
859 1795 1198 1850 munitiones
1241 1795 1539 1864 Apostolus
1584 1793 1865 1865 loquitur:
1899 1801 1947 1862 Β
1973 1782 2130 1838 είοηθ
2179 1785 2508 1853 Ρθτῑειτίῑων
2539 1798 2827 1854 c(liberum
2853 1801 3079 1856 sperare
3122 1783 3371 1842 "'elioria-
3407 1787 3574 1843 Deni‘

271 1883 417 1938 Nam
444 1901 595 1939 arma
621 1885 831 1940 militiae
857 1895 1052 1940 nostra:
1072 1903 1175 1940 non
1199 1895 1322 1940 sunt
1344 1887 1609 1952 carnalia,
1644 1888 1732 1940 sed
1773 1903 1867 1960 po-

269 1981 432 2034 tentia
459 1977 591 2047 Deo,
628 1980 699 2034 ad
727 1981 1502 2036 destructionemmunitionum
1536 1998 1554 2037 :
1589 1981 1757 2054 859
1782 1997 1871 2036 co-

265 2071 546 2145 gitationes
576 2071 917 2138 destruentia,
953 2082 1001 2127 et
1028 2091 1229 2129 omnem
1265 2074 1600 2130 altitudinem
1618 2076 1870 2130 extollen-

267 2175 370 2219 tem
398 2181 453 2218 se
480 2165 756 2219 adversum
780 2165 1051 2221 scientiam
1099 2165 1198 2221 Dei
1246 2167 1313 2238 (ll
1340 2166 1464 2223 Cor.
1494 2183 1548 2234 ι,
1581 2165 1638 2236 4,
1669 2169 1744 2240 5).
1799 2167 1868 2222 Et

264 2255 372 2311 sub
401 2272 634 2326 persona
665 2257 858 2314 Ninive
879 2275 1001 2330 quia
1049 2259 1444 2331 interpretatur
1491 2271 1677 2317 ornata
1705 2303 1720 2329 ,
1773 2262 1867 2318 vel

237 2343 240 2346 ί
263 2347 489 2420 pulchra
511 2349 674 2424 (nihil
697 2353 842 2407 enim
868 2353 1072 2408 mundo
1094 2355 1340 2408 ornatius
1363 2355 1595 2425 est),Dei
1620 2371 1716 2423 per
1741 2371 1868 2425 pro-

265 2439 490 2509 phetam
522 2451 715 2498 contra
749 2443 1216 2517 mundi-homines
1245 2460 1426 2500 sermo
1457 2444 1713 2516 dirigitur
1744 2461 1758 2503 :
1794 2445 1865 2500 Et

267 2545 329 2589 tu
360 2535 658 2606 inebriaris,
691 2537 892 2608 erisque
919 2537 1180 2608 despecta,
1211 2548 1258 2592 et
1288 2555 1486 2610 quieres
1513 2539 1766 2593 auxilium
1799 2539 1864 2594 ab

263 2627 481 2683 inimico
503 2644 523 2683 :
555 2646 732 2685 omnes
774 2631 1087 2685 munitiones
1127 2641 1230 2685 tua:
1255 2632 1388 2686 sicut
1413 2632 1542 2700 licus
1571 2648 1686 2686 cum
1714 2649 1865 2704 gros-

263 2721 340 2776 sis
361 2722 506 2778 suis:
533 2723 578 2776 si
607 2739 874 2778 concussa:
900 2723 1116 2794 fuerint,
1146 2725 1328 2778 cadent
1347 2725 1401 2779 in
1425 2741 1482 2779 os
1528 2725 1864 2780 comedentis.

272 2813 346 2869 Et
383 2814 590 2886 Tyrum
625 2817 790 2887 igitur
820 2826 874 2872 et
917 2817 1176 2874 Sidonem
1227 2817 1489 2874 Dominus
1538 2819 1866 2889 possidebit,

262 2923 393 2964 cum
427 2918 558 2965 ante
592 2911 936 2979 percusserit
968 2910 1350 2966 fortitudinem
1389 2927 1573 2966 earum
1605 2913 1655 2966 in
1681 2913 1870 2967 salsis-

239 2989 412 3056 'sintu
438 3013 491 3058 et
515 3005 863 3058 amarissimo
894 3006 1031 3058 mari
1074 3003 1238 3073 hujus
1270 3004 1490 3073 saeculi,
1534 3016 1588 3061 et
1619 3022 1687 3061 ne
1735 3007 1864 3077 quid

260 3093 324 3148 in
356 3095 438 3150 eis
470 3096 717 3166 pristinae
747 3105 1028 3151 remaneat
1058 3096 1365 3167 sapientiae,
1388 3095 1438 3150 id
1473 3105 1581 3162 est,
1608 3099 1865 3156 tumentis

1972 1892 2078 1946 que
2111 1875 2368 1941 Ascalon,
2401 1876 2455 1931 in
2488 1893 2594 1946 qua
2627 1889 2744 1934 erat
2775 1880 2926 1949 prius
2951 1879 3230 1944 diabolus,
3257 1880 3392 1953 ignis
3417 1881 3570 1954 igno-

1971 1971 2121 2038 bilis,
2180 1981 2235 2026 et
2267 1987 2442 2044 usque
2484 1973 2551 2028 ad
2593 1989 2908 2030 mensuram
2962 1990 3024 2030 ac
3081 1976 3293 2045 pondus
3342 1987 3570 2034 venerat

1969 2073 2342 2134 peccatorum,
2371 2083 2575 2136 pavore
2597 2069 2954 2134 contremuit,
2980 2084 3045 2124 eo
3068 2070 3212 2140 quod
3235 2069 3570 2128 habitatores

1971 2153 2178 2212 habere
2200 2157 2484 2214 desiverit.
2516 2159 2586 2215 Et
2612 2158 2756 2216 Gaza
2784 2161 2966 2216 doluit
2991 2162 3175 2230 nimis,
3208 2178 3373 2233 agens
3395 2165 3572 2234 posui-

1971 2249 2216 2304 tudincm
2247 2251 2519 2308 scelerum
2554 2255 2912 2323 pristinorum
2937 2297 2953 2322 ,
2983 2271 3105 2326 qua:
3153 2257 3427 2328 quondam
3457 2259 3569 2316 for-

1969 2343 2039 2401 tis
2065 2360 2128 2400 ac
2160 2344 2296 2401 dura
2331 2347 2506 2404 luerat
2533 2349 2906 2418 indomabilis,
2938 2362 2992 2407 et
3023 2351 3125 2406 sibi
3172 2369 3400 2422 regnum
3439 2371 3564 2409 om-

1969 2437 2118 2493 nium
2167 2441 2558 2510 promittebat,
2609 2457 2676 2497 eo
2721 2443 2864 2513 quod
2915 2459 3011 2499 rex
3051 2443 3169 2513 ejus
3199 2456 3254 2501 et
3284 2445 3566 2518 princeps,

1967 2545 2152 2588 sermo
2173 2536 2482 2590 contrarius
2507 2545 2562 2590 et
2587 2546 2826 2606 potestas
2849 2537 3079 2604 inimici,
3108 2553 3266 2594 suum
3296 2541 3566 2610 perdidis-

1968 2635 2050 2680 set
2085 2627 2392 2698 imperium.
2423 2633 2670 2684 Accaron
2702 2646 2925 2702 quoque
2947 2632 3173 2700 sterilis,
3205 2636 3332 2706 quia
3360 2635 3569 2700 abSque

1967 2719 2112 2791 Lege
2139 2731 2192 2776 et
2225 2720 2417 2776 notitia
2448 2722 2546 2777 Dei
2591 2724 2734 2777 tilios
2793 2740 2900 2779 non
2955 2724 3234 2792 habebat,
3291 2729 3569 2785 eradicata

1967 2823 2072 2879 est,
2105 2821 2164 2868 ut
2192 2814 2411 2870 audiret
2442 2815 2572 2870 illud
2607 2817 2992 2887 propheticum
3028 2836 3042 2872 :
3081 2819 3310 2886 Ltetare,
3345 2824 3563 2890 sterilis;

1964 2922 2080 2974 qua:
2105 2923 2204 2960 non
2229 2908 2402 2975 paris,
2431 2924 2643 2978 erumpe
2687 2919 2735 2964 et
2762 2909 2960 2977 clama,
2993 2929 3108 2982 qua:
3143 2930 3246 2967 non
3284 2919 3510 2984 parturis
3543 2933 3561 2971 :

1964 3001 2209 3070 quoniam
2233 3000 2413 3072 plures
2437 3001 2538 3070 ﬁlii
2566 3005 2780 3058 deserta:
2807 3007 2988 3076 magis,
3007 3023 3156 3077 quam
3190 3009 3300 3077 ejus
3328 3025 3441 3068 mire
3465 3009 3562 3062 Ita-

1968 3093 2047 3146 bet
2075 3092 2242 3146 virum
2283 3091 2441 3162 (Isai.
2479 3111 2585 3160 Ltv,
2628 3096 2688 3166 t).
2722 3097 2965 3167 Cumque
2990 3097 3226 3154 Ascalon
3260 3109 3313 3154 et
3338 3100 3478 3156 Gaza
3510 3111 3566 3157 et

257 3185 533 3253 stultitiae,
553 3203 650 3254 per
679 3202 839 3258 quam
865 3187 968 3242 sibi
996 3187 1295 3243 imbecillas
1325 3186 1673 3256 munitiones,
1696 3200 1860 3244 etar-
1890 3185 1936 3250 C
1967 3184 2214 3240 Accarou
2240 3185 2438 3241 fuerint
2463 3189 2767 3256 perterrita:
2788 3232 2802 3254 ,
2837 3200 2893 3245 et
2921 3191 3198 3246 doluerint
3222 3235 3236 3257 ,
3287 3209 3354 3248 eo
3405 3194 3552 3264 quod

265 3291 497 3350 genium
536 3289 590 3336 et
614 3298 806 3336 aurum
839 3283 951 3337 luto
972 3281 1165 3336 similia
1187 3292 1594 3351 compararunt,
1621 3283 1741 3354 igne
1770 3297 1864 3338 eas

257 3383 538 3443 excoquet
570 3383 622 3430 et
653 3374 938 3430 mundabit
969 3375 1034 3430 ad
1067 3390 1283 3446 purum,
1333 3375 1401 3430 de
1445 3393 1552 3444 quo
1609 3376 1863 3431 Salvator

258 3468 508 3537 quuitur
532 3469 584 3523 in
611 3469 906 3541 Evangelio
940 3488 954 3524 :
1003 3468 1185 3541 Ignem
1209 3472 1324 3526 veni
1352 3473 1554 3525 mittere
1579 3487 1732 3543 super
1761 3481 1866 3525 ter-

258 3577 405 3623 ram,
440 3572 486 3615 et
514 3579 667 3632 quam
692 3562 830 3630 rolo,
860 3572 915 3617 ut
943 3563 1122 3617 ardeat
1154 3563 1310 3633 (Luc.
1343 3579 1441 3628 XII,
1473 3560 1588 3634 49),
1613 3563 1767 3633 juxta
1801 3561 1866 3617 il-

260 3653 361 3708 lud
393 3654 534 3724 quod
565 3655 616 3709 in
645 3655 830 3712 Marco
861 3657 1122 3727 scriptum
1151 3667 1264 3712 est:
1301 3655 1482 3710 Omnis
1503 3657 1620 3728 igne
1647 3657 1863 3711 salietur

260 3743 466 3818 (Μανσ.
502 3763 554 3802 ix
573 3788 587 3813 ,
619 3747 736 3819 48).

256 3844 286 3894 is
339 3839 521 3912 (Vers.
557 3840 590 3895 5
621 3840 800 3912 seqq.)
844 3839 1046 3895 Videbit
1071 3842 1317 3912 Ascalon,
1349 3851 1398 3898 et
1428 3843 1640 3912 timebit,
1672 3854 1718 3898 et
1749 3843 1861 3900 Ga-

260 3948 351 3998 za,
384 3944 430 3984 et
459 3932 650 3986 dolebit
678 3934 828 3988 nimis
853 3949 874 3988 :
905 3943 952 3989 et
982 3935 1242 4001 Accaron,
1271 3938 1517 4006 quoniam
1545 3938 1765 4009 confusa
1786 3945 1861 3990 est

257 4041 381 4096 spes
411 4028 544 4098 ejus,
578 4036 628 4082 et
655 4026 841 4096 peribit
866 4043 960 4082 rex
986 4029 1050 4082 de
1077 4026 1224 4082 Gaza
1242 4068 1258 4095 ,
1290 4039 1340 4083 et
1362 4027 1588 4083 Ascalon
1639 4046 1740 4083 non
1765 4029 1862 4082 lia-

259 4117 534 4173 bitabitur.
559 4117 628 4174 Et
656 4119 852 4175 sedebit
882 4130 1154 4191 separator
1183 4122 1236 4177 in
1264 4121 1450 4190 Azoto,
1481 4132 1529 4178 et
1559 4122 1861 4196 disperdam

260 4210 563 4283 superbiam
591 4210 1011 4269 Philistinoram.
1045 4213 1113 4268 Et
1135 4213 1375 4283 auferant
1413 4214 1716 4286 sanguinem
1744 4217 1860 4287 ejus

260 4307 328 4361 de
357 4323 444 4362 ore
473 4310 622 4377 ejus,
655 4316 703 4362 et
731 4309 1139 4364 abominationes
1192 4312 1306 4384 ejus
1336 4309 1401 4365 de
1429 4310 1598 4364 medio
1626 4309 1859 4364 dentiant

258 4402 398 4472 ejus,
431 4409 478 4453 et
497 4399 816 4471 relinquetur
836 4401 989 4456 etiam
1014 4402 1122 4473 ipse
1154 4399 1264 4456 Deo
1296 4412 1492 4468 nostro,
1517 4411 1564 4456 et
1592 4403 1686 4456 erit
1709 4399 1860 4472 quasi

259 4488 374 4543 dua:
396 4489 449 4542 in
477 4489 645 4555 Iuda,
673 4499 720 4544 et
750 4491 984 4546 Accaron
1015 4492 1165 4563 quasi
1187 4491 1478 4547 Jebasteas.
1521 4491 1590 4546 Et
1626 4493 1854 4546 circum-

1967 3277 2055 3333 vel
2089 3278 2427 3336 habitatores
2460 3296 2566 3335 non
2598 3281 2931 3348 habuerint,
2961 3284 3047 3338 vel
3099 3301 3284 3354 regem
3319 3286 3569 3354 pt‘rdide-

1968 3373 2098 3436 rint,
2131 3372 2214 3427 vel
2245 3387 2370 3442 spes
2400 3389 2496 3429 eas
2527 3372 2638 3446 [ΑΙ.
2685 3374 2896 3447 earum]
2925 3376 3181 3453 frustrata
3212 3377 3283 3431 sit
3311 3379 3562 3447 pristina,

1967 3465 2294 3534 alienigena:
2323 3466 2591 3522 sedi-bunt
2638 3467 2689 3522 in
2732 3470 2943 3534 Azoto,
2998 3471 3085 3524 ubi
3131 3471 3270 3542 ignis
3315 3486 3563 3542 generat,

1973 3573 2138 3629 quem
2174 3559 2436 3614 Dominus
2465 3560 2616 3615 misit
2644 3577 2810 3631 super
2843 3571 3068 3629 terram,
3095 3575 3150 3620 et
3195 3564 3390 3622 ardere
3420 3565 3565 3620 desi-

1969 3649 2129 3706 derat
2148 3649 2302 3724 (Lac.
2329 3652 2452 3723 sit).
2475 3652 2595 3723 Ipse
2615 3654 2761 3708 enim
2791 3654 3031 3724 baptizat
3062 3657 3113 3709 in
3147 3655 3350 3725 Spiritu
3373 3669 3564 3712 sancto

1965 3754 2021 3799 et
2051 3744 2174 3817 igne
2208 3742 2427 3814 (Matth.
2456 3745 2578 3814 ιιι),
2638 3745 2728 3801 ubi
2786 3744 3062 3802 fratruelis
3117 3757 3170 3802 et
3201 3758 3428 3818 patruus
3479 3759 3562 3804 est

1967 3835 2267 3912 ἀδελφιδοῦς
2297 3837 2406 3910 [ΑΙ.
2433 3836 2714 3912 ἀδελφὶδος]
2746 3841 2831 3894 καὶ
2857 3839 3244 3918 πατράδελφος,
3301 3857 3459 3912 quem
3505 3843 3561 3897 in

1961 3930 2192 3986 Cantico
2216 3931 2552 3986 canticorum
2587 3945 2791 4001 sponsa
2815 3931 3098 3988 desiderat
3125 3950 3138 3986 :
3171 3933 3258 3986 ubi
3275 3933 3428 4004 ignis
3448 3949 3564 3988 ma-

1969 4023 2138 4078 millae
2169 4032 2336 4080 estet
2377 4024 2671 4096 largissimi
2726 4025 2932 4091 uberis,
2989 4025 3056 4081 de
3103 4041 3210 4096 quo
3263 4027 3316 4080 in
3367 4026 3562 4083 eodem

1961 4118 2196 4176 Cantico
2218 4121 2449 4191 legimus
2480 4137 2494 4174 :
2526 4119 2592 4174 In
2617 4122 2788 4177 medio
2819 4120 3036 4174 aberam
3075 4137 3306 4176 meorum
3337 4137 3572 4176 commo-

1962 4213 2166 4267 rabitur
2193 4212 2372 4285 (Cant.
2402 4205 2443 4281 ι,
2480 4211 2593 4285 12).
2629 4213 2774 4268 Etin
2808 4213 3114 4282 Apostolo:
3145 4210 3257 4266 Lac
3300 4212 3443 4267 vobis
3473 4231 3570 4284 po-

1961 4315 2071 4360 tum
2099 4305 2347 4361 dedinon
2374 4323 2542 4361 escam
2571 4306 2616 4376 (l
2641 4305 2765 4362 Cor.
2783 4322 2863 4371 ιιι,
2889 4306 2969 4376 ὅ).
3004 4305 3111 4360 Pro
3141 4319 3208 4360 eo
3237 4305 3382 4376 quod
3408 4308 3565 4376 juxta

1959 4397 2107 4454 LXX
2132 4398 2374 4454 diximus
2404 4416 2416 4452 :
2449 4409 2498 4452 et
2523 4397 2832 4454 habitabant
2861 4398 3169 4468 alienigena:
3196 4399 3250 4451 in
3277 4398 3439 4452 Asoto
3459 4441 3472 4462 ,
3510 4401 3564 4454 iit

1963 4489 2199 4546 Hebraeo
2217 4490 2436 4563 legitur,
2452 4490 2708 4544 habitabit
2725 4531 2741 4552 ,
2773 4489 2862 4544 vel
2889 4489 3084 4544 sedi-bit
3105 4505 3323 4544 ιιΑιιῑειι
3350 4490 3564 4562 (ἾῚΕὩ)

261 4582 396 4637 dabo
425 4584 635 4637 domum
665 4599 834 4638 meam
863 4603 926 4640 ex
952 4585 1031 4638 his
1060 4587 1147 4653 qui
1180 4585 1310 4638 mihi
1347 4585 1604 4651 militant,
1635 4594 1813 4639 euntes
1835 4629 1850 4654 ,
1879 4579 1934 4640 D
1959 4583 2014 4638 in
2040 4584 2222 4650 Azoto,
2253 4597 2351 4654 pro
2378 4599 2485 4654 quo
2512 4597 2612 4638 nos
2641 4583 2924 4652 posuimus
2949 4624 2965 4649 ,
2996 4591 3044 4638 et
3073 4583 3267 4638 sedebit
3290 4596 3559 4654 separator

261 4686 311 4732 et
366 4685 671 4730 revertentes
705 4717 720 4741 ,
780 4686 826 4731 et
856 4693 960 4731 non
991 4676 1229 4732 transibit
1262 4695 1418 4750 super
1448 4694 1534 4730 eos
1565 4677 1701 4730 ultra
1730 4693 1853 4731 exa-

257 4778 372 4824 ctor
404 4785 424 4825 :
453 4771 578 4842 quia
620 4787 758 4824 nunc
788 4769 897 4825 vidi
935 4773 989 4826 in
1035 4771 1197 4825 oculis
1243 4772 1387 4823 meis.
1423 4768 1606 4824 LXX:
1645 4767 1855 4824 Videbit

258 4865 509 4932 Ascalon,
543 4873 592 4918 et
617 4864 812 4919 timebit
842 4881 862 4918 :
892 4873 936 4918 et
968 4861 1134 4929 Gaza,
1159 4873 1205 4918 et.
1231 4861 1424 4916 dolebit
1457 4862 1610 4916 nimis
1643 4871 1729 4917 :et
1760 4861 1858 4915 Ac-

259 4972 446 5023 caron,
475 4957 724 5028 quoniam
751 4957 969 5027 confusa
995 4967 1070 5011 est
1099 4955 1163 5010 de
1192 4971 1282 5028 spe
1310 4972 1437 5019 sua,
1463 4965 1511 5008 et
1552 4953 1735 5026 peribit
1762 4970 1855 5009 rex

189 5102 194 5106 .
259 5050 325 5104 de
351 5047 527 5115 Gaza,
557 5061 606 5108 et
650 5053 870 5104 Ascalon
911 5066 1015 5104 non
1059 5049 1393 5104 habitabitur.
1451 5046 1516 5102 Et
1551 5047 1855 5103 habitabant

257 5143 564 5217 alienigena:
588 5146 640 5200 in
661 5148 820 5200 Azoto
849 5161 868 5200 :
893 5155 939 5200 et
967 5145 1228 5200 destruam
1255 5143 1502 5218 injuriam
1531 5141 1855 5213 alienigena-

258 5255 396 5307 rum,
432 5248 478 5293 et
509 5240 750 5310 auferam
778 5239 1088 5310 sanguinem
1114 5253 1292 5292 eorum
1322 5238 1388 5292 de
1416 5253 1504 5292 ore
1536 5238 1773 5305 illorum,
1805 5246 1855 5292 et

257 5332 670 5387 abominationes
701 5349 878 5388 eorum
911 5332 974 5387 de
1006 5332 1177 5386 medio
1227 5331 1460 5386 dentiant
1502 5331 1716 5384 illorum
1743 5375 1758 5400 ,
1805 5337 1858 5385 et

254 5426 594 5480 remanebant
621 5436 667 5480 et
696 5427 781 5480 isti
813 5425 922 5480 Deo
943 5435 1120 5480 nostro
1146 5468 1160 5490 ,
1193 5435 1238 5479 et
1269 5434 1420 5479 erant
1461 5435 1515 5478 ut
1551 5425 1851 5500 χιλίαρχος,

260 5514 318 5572 id
344 5527 450 5585 est,
486 5518 726 5573 tribunus
757 5521 810 5572 in
836 5519 982 5574 Juda
1014 5537 1032 5575 :
1063 5529 1112 5574 et
1142 5521 1375 5573 Aecaron
1405 5521 1538 5572 sicut
1559 5517 1852 5586 Jebueteus,

337 5667 368 5743 εξ
395 5655 624 5727 Victor.,
651 5666 697 5712 et
721 5657 1002 5714 dialectica:
1025 5658 1217 5714 retibus
1238 5667 1284 5713 et
1302 5667 1563 5740 σειρειτῶν
1592 5658 1719 5734 (sic)
1745 5669 1858 5716 tex-

373 5748 414 5783 8.

263 5737 494 5860 ωῗΝοη
509 5800 810 5874 τερειὶιξιιίε
832 5801 1023 5871 Regin.
1052 5819 1154 5858 ms.
1171 5819 1271 5860 nec
1289 5803 1425 5860 Vict.
1444 5817 1639 5861 nomen
1656 5801 1850 5877 Tyrus.

588 5895 866 5960 Psrnor.
921 5895 1125 5959 XXV.

1961 4674 2018 4730 in
2057 4676 2241 4730 Azoto.
2274 4675 2660 4746 Separatorem
2691 4675 2982 4730 Dominum
3015 4676 3295 4748 intellige,
3327 4678 3419 4746 qui
3445 4678 3563 4732 tru-

1963 4781 2202 4828 mentum
2226 4788 2256 4826 a
2289 4771 2464 4842 paleis
2494 4779 2715 4842 separet
2738 4769 2960 4842 (Matth.
2993 4787 3049 4826 ιιι
3074 4780 3122 4826 et
3152 4772 3271 4844 xm)
3296 4813 3311 4838 ,
3358 4783 3413 4827 et
3445 4772 3558 4842 pis-
3636 4817 3641 4823 .

1961 4879 2055 4921 ces
2085 4865 2261 4920 bonos
2284 4879 2314 4918 a
2347 4862 2590 4935 piscibus
2619 4864 2801 4931 malis,
2835 4872 2893 4919 et
2915 4872 3203 4934 argentum
3251 4873 3307 4918 et
3348 4879 3544 4920 aurum

1961 4974 1991 5013 a
2021 4957 2276 5014 sordibus
2297 4957 2588 5027 scoriaque
2610 4957 2908 5012 discernat.
2929 4955 3174 5027 Cumque
3204 4955 3308 5011 hoc
3335 4955 3557 5027 fecerit,

1963 5051 2234 5124 promittit
2261 5060 2319 5108 et
2345 5060 2545 5106 caetera
2582 5068 2596 5106 :
2628 5048 2940 5122 Disperdam
2963 5051 3238 5122 injuriam,
3259 5049 3343 5104 vel
3372 5067 3561 5118 supcr-

1961 5147 2096 5202 biam
2151 5144 2612 5200 Philisthinoram.
2669 5144 2776 5199 Pro
2822 5145 3022 5215 quibus
3066 5142 3210 5199 LXX
3232 5145 3559 5219 alienigenas

1962 5239 2386 5295 transtulerunt.
2446 5235 2776 5291 Philistliiim
2813 5237 3250 5307 interpretantur
3281 5239 3332 5292 in
3378 5239 3565 5308 lingua

1960 5342 2172 5400 nostra,
2197 5331 2438 5386 cadentes
2460 5331 2649 5405 poculo
2673 5347 2688 5384 :
2713 5331 2876 5404 861
2914 5331 3056 5402 quod
3113 5332 3180 5386 de
3207 5329 3378 5387 calice
3409 5329 3563 5384 bibe-

1959 5427 2070 5484 rint
2099 5425 2428 5497 Babylonis,
2480 5435 2533 5480 et
2563 5425 2817 5480 inebriati
2866 5425 3197 5480 corrueriut.
3260 5424 3326 5478 lli
3378 5425 3561 5492 itaque

1960 5530 2210 5590 tempore
2238 5517 2551 5573 vocationis
2569 5517 2814 5588 gentium
2839 5527 2895 5573 et
2919 5518 3189 5572 adventus
3215 5514 3426 5572 Christi
3457 5532 3567 5574 non

2040 5669 2062 5697 ο
2103 5655 2306 5714 Confer
2345 5669 2470 5728 qua:
2509 5655 2762 5726 superius
2805 5656 3162 5714 observamus
3202 5657 3268 5712 ad
3308 5654 3559 5728 Sophort.

1963 5746 2087 5804 cap.
2120 5745 2180 5799 ιι,
2207 5729 2314 5788 col.
2348 5727 2473 5796 699,
2500 5740 2615 5785 not.

3024 5892 3102 5956 is?
