4056 6342
578 221 715 280 tua

1841 205 1899 260 S.
1945 196 2215 262 EUSEBH
2258 193 2631 254 ttat-musti“

3706 193 3813 256 ii8l

583 343 868 400 habebunt
903 333 1240 408 supetbiam,
1289 327 1388 384 sed
1435 325 1693 380 humilem
1733 333 1790 378 et
1831 332 2174 376 mansuetum
2203 319 2251 380 A
2283 316 2392 387 ipse
2427 315 2630 367 Sttlt‘ttm
2663 313 2818 382 facim
2851 312 3106 384 populum
3129 323 3276 363 suum
3309 324 3340 361 a
3373 309 3583 382 peccatis
3616 313 3709 367 suis
3731 315 3815 390 (AI,

585 441 883 506 sequentur
929 423 1137 484 Je-uin.
1173 419 1241 478 Et
1279 417 1489 474 aiil'ei-et
1515 415 1584 472 de
1614 415 1710 471 oi'é
1739 416 1928 470 eorum
1958 411 2180 482 sangui-

582 503 728 594 nem,
759 519 923 579 verba
947 511 1302 586 blaspbeiitiae
1332 513 1386 568 et
1408 505 1868 572 abomiiialioiies,
1904 503 2177 559 idoltii‘uin

584 591 812 680 callum,
845 623 897 669 et
923 609 1078 670 csum
1110 607 1298 664 eorum
1335 607 1457 676 quas
1499 595 1780 658 immolata
1807 601 1933 654 sunt
1983 591 2174 661 idolis,

583 715 650 769 de
681 703 860 768 medio
891 697 1138 764 dentium
1171 703 1412 778 eorum":
1449 696 1815 770 ut‘p’oStqu‘atn
1847 689 1966 748 llaec
1996 682 2179 746 ablata

581 803 783 863 fuerint
805 846 821 873 ,
876 799 979 876 ipsi
1012 791 1333 860 Pliilistiim',
1363 791 1467 850 iiut:
1488 783 1574 847 est
1598 832 1612 855 ,
1660 785 1981 861 alienigenae
2011 781 2181 841 relin-

578 907 816 974 quantur
843 875 1101 958 Domino,
1129 881 1182 946 et
1230 887 1302 945 sit
1330 881 1439 943 dux
1465 885 1516 941 in
1546 877 1707 950 Juda,
1742 882 1794 936 iil
1823 890 1940 948 est,
1971 877 2026 935 in
2078 875 2176 952 po-

578 972 710 1064 pulo
740 983 1031 1045 Dominum
1065 983 1383 1048 conﬁtente,
1419 979 1477 1036 ul
1501 977 1658 1064 ‘prinr
1686 975 1916 1051 popul'us
1946 972 2180 1044 quierat

582 1059 638 1140 in
669 1083 870 1154 capite,
905 1086 1155 1136 vertatur
1204 1075 1255 1130 in
1288 1070 1519 1130 caudam
1551 1115 1564 1140 ,
1608 1059 1662 1125 et
1716 1066 2051 1128 novissimus
2084 1061 2177 1135 q'oi

579 1185 698 1234 erat
730 1153 784 1231 in
807 1173 1003 1239 cauda,
1037 1169 1089 1226 in
1120 1178 1284 1236 caput
1313 1165 1547 1223 transeat
1574 1179 1588 1228 ;
1617 1161 1665 1220 et
1698 1159 1943 1216 Accar'on
1973 1153 2176 1212 sterilis

581 1270 879 1342 quondam,
913 1277 966 1323 et
995 1262 1223 1330 idcirco,
1257 1247 1557 1324 eradicata,
1588 1255 1658 1311 sit
1713 1250 1865 1324 quasi
1896 1249 2086 1342 Jebus,
2121 1246 2177 1304 id

581 1375 668 1420 est
693 1408 706 1431 ,
741 1361 897 1432 quasi
951 1353 1278 1416 Jerusalem.
1313 1345 1444 1409 llaec
1472 1350 1615 1408 enim
1647 1347 1843 1405 civitas
1875 1335 2049 1404 tribus
2079 1361 2178 1402 n0-

586 1455 830 1514 tninibus
859 1453 1192 1528 appellatur,
1219 1439 1378 1504 Jebns
1406 1489 1422 1514 ,
1467 1445 1648 1502 Salem
1678 1447 1732 1498 et
1758 1439 2077 1496 Jerusalem.
2110 1433 2179 1492 Et

578 1547 954 1616 circumdabo,
981 1543 1180 1619 inquit,
1211 1541 1437 1597 domum
1463 1553 1662 1604 meam,
1698 1533 1799 1591 hoc
1827 1537 1934 1600 est,
1983 1531 2176 1590 Eccle-

580 1645 745 1712 siam,
773 1657 843 1698 ex
878 1641 960 1694 liis
985 1637 1073 1710 qui
1103 1633 1343 1692 militant
1373 1629 1505 1690 mibi
1527 1672 1541 1698 ,
1582 1629 1635 1686 id
1667 1631 1784 1694 est,
1837 1629 1901 1682 es
1953 1625 2037 1680 liis
2082 1625 2173 1694 qui

2281 407 2484 482 eorum]
2527 406 2686 480 (Mat.
2727 421 2766 472 ι,
2800 403 2916 476 21).
2951 395 3164 478 Pauper
3191 407 3429 474 quoque,
3458 400 3586 469 sive,
3624 415 3676 458 ut
3709 397 3820 464 LXX

2281 500 2707 580 transtulerunt,
2745 499 3073 563 mansuetus,
3108 495 3198 570 qui
3239 497 3359 576 cuin
3399 493 3723 580 divesessrt,
3749 517 3822 570 pro

2279 594 2440 648 iiobi‘s
2464 601 2673 664 pauper
2693 578 2873 645 Tactus
2896 597 2998 655 est,
3025 591 3079 646 el
3100 583 3233 643 dicit
3253 571 3304 641 iii
3331 571 3614 657 Evangelia
3637 605 3648 642 :
3670 577 3824 649 Discite

2281 693 2311 743 α
2341 689 2438 758 nié,
2468 685 2715 760 quoniam
2739 683 3037 764 mansuetus
3068 685 3203 750 sunt,
3234 687 3281 736 et
3301 673 3514 740 huin‘ilis
3536 683 3676 738 corde
3699 683 3822 757 (Mat,

2284 785 2363 845 xi,
2383 777 2498 852 29).
2527 777 2612 844 Et,
2637 775 2941 833 as'Cenderis
2965 777 3130 846 super
3151 773 3361 830 asinam
3387 771 3720 844 Sulijrgalem,
3741 778 3827 835 sive

2280 889 2445 945 super
2476 873 2681 944 pullum
2723 873 2945 938 norum,
2981 869 3272 944 iitrutntjue
3301 867 3556 924 videlicet
3594 869 3825 942 populum,

2277 959 2725 1023 Circumcisionis
2767 971 2823 1018 et
2852 953 3135 1033 Prmputii,
3178 971 3411 1034 quorum
3455 959 3596 1032 prior
3621 963 3828 1034 gravissi-

2279 1057 2426 1115 fnum
2453 1057 2613 1131 Legls
2645 1061 2964 1129 portaverat.
2986 1055 3198 1128 jugum,
3230 1055 3376 1112 sicut
3401 1054 3455 1110 in
3484 1054 3628 1110 Actis
3653 1067 3828 1126 aposto-

2279 1154 2454 1210 lorum
2481 1153 2751 1223 Scriptum
2781 1162 2866 1207 est
2901 1169 2911 1205 :
2942 1152 3050 1208 Nec
3081 1166 3204 1218 nos,
3238 1166 3340 1212 nec
3372 1153 3554 1220 patres
3585 1152 3734 1206 nostri
3761 1169 3830 1224 po-

2281 1251 2504 1303 tuerunt
2549 1256 2770 1317 portare
2809 1261 2978 1317 grave
3007 1244 3169 1316 Legis
3194 1245 3384 1316 jugum
3414 1243 3554 1313 (Act.
3582 1244 3684 1302 xv).
3712 1242 3831 1304 [lude

2277 1337 2336 1396 et
2359 1331 2559 1395 Paulus
2581 1337 2772 1394 scribit
2801 1339 2866 1394 ad
2890 1337 3113 1394 Galatas
3135 1337 3225 1408 qui
3250 1333 3568 1392 circumcidi
3589 1337 3829 1396 volebant:

2280 1431 2448 1499 State,
2480 1442 2527 1488 et
2558 1431 2718 1488 nolite
2745 1433 2934 1487 iterum
2963 1434 3101 1507 jugo
3128 1431 3391 1486 servitutis
3416 1429 3652 1485 contineri
3674 1429 3830 1496 (Colat.

2277 1539 2330 1593 ν,
2357 1527 2436 1610 l).
2459 1526 2648 1583 Pullus
2661 1527 2841 1581 autem
2863 1543 3058 1592 novus,
3079 1524 3368 1596 gentilium
3395 1523 3694 1594 multitudo,
3713 1526 3831 1583 frena

2277 1635 2385 1675 non
2417 1617 2626 1674 habens
2658 1619 2839 1692 Legis,
2873 1634 2976 1674 nec
3008 1619 3192 1674 rectus
3222 1611 3291 1674 ab
3313 1615 3519 1690 aliquo,
3547 1611 3634 1673 sed
3661 1631 3834 1694 semper

577 1733 714 1794 mihi
739 1707 1061 1790 serviuutin
1093 1723 1258 1784 variis
1289 1720 1639 1790 ministeriis,
1682 1721 1739 1778 et
1762 1709 1832 1775 ad
1865 1735 2044 1775 meum
2075 1713 2174 1771 im-
2203 1711 2254 1773 B
2281 1711 2333 1768 ili
2358 1712 2676 1785 prmcipltiis
2701 1713 2757 1768 ét
2777 1713 2832 1768 in
2852 1707 3833 1784 voraginibusidololatriscclisusatque

577 1827 791 1902 perium
823 1827 929 1882 huc
965 1821 1207 1896 illucque
1227 1813 1566 1884 discurrunt,
1591 1819 1786 1873 cuntes
1815 1825 1872 1872 et
1899 1817 2180 1870 reverten-

579 1935 688 1980 tes.
722 1917 853 1979 Sive
885 1940 896 1977 τ
933 1907 1298 1976 Cireumdabo
1351 1914 1575 1970 domum
1630 1915 1804 1966 mea'm
1859 1903 2176 1980 angelorum

581 2011 876 2092 prtesidio,
905 2011 974 2074 de
1027 2013 1221 2086 quibus
1250 2021 1306 2069 et
1349 2012 1402 2065 in
1433 2007 1544 2066 alio
1567 2001 1700 2088 loco
1747 2007 2010 2086 scriptum
2044 2015 2128 2060 est
2163 2020 2176 2059 :

581 2110 838 2166 Immittet
856 2105 1069 2180 angelus
1101 2097 1312 2162 Domini
1334 2105 1388 2158 in
1416 2100 1634 2161 circuitu
1671 2097 1962 2180 timentium
1983 2099 2180 2168 eum,et

589 2204 773 2276 eripiet
803 2217 887 2257 eos
921 2175 1040 2275 (Ps.
1075 2215 1264 2270 xsxm,
1297 2191 1353 2273 8)
1390 2214 1403 2249 :
1439 2187 1491 2272 ut
1542 2189 1648 2250 non
1679 2193 1749 2248 sit
1801 2175 1892 2266 qui
1923 2189 2084 2248 vadat
2125 2201 2180 2249 et

581 2305 916 2363 revertatur,
945 2293 1050 2351 hoc
1070 2303 1176 2362 ρει,
1205 2291 1296 2363 qui
1327 2287 1552 2346 insidias
1586 2285 1708 2344 meo
1749 2283 1950 2360 populo
1982 2281 2176 2338 utalia-

577 2401 689 2445 tttr.
715 2387 825 2444 Nec
850 2385 1106 2444 transibit
1135 2382 1301 2458 super
1331 2399 1452 2439 eum
1487 2379 1628 2436 ultra
1674 2377 1930 2444 exactor,
1978 2373 2046 2432 de
2073 2390 2180 2446 quo

578 2481 715 2538 dicit
743 2479 912 2537 Isaias
940 2499 952 2534 :
982 2471 1208 2535 Cessavit
1231 2479 1442 2535 exactor
1466 2463 1569 2552 (is.
1607 2471 1718 2540 xiv,
1759 2471 1813 2542 5)
1849 2489 1863 2526 ε
1894 2474 1981 2526 vel
2007 2461 2175 2552 certe,

580 2577 871 2642 ἐξελαύνων,
903 2569 959 2629 id
988 2577 1073 2632 est
1093 2616 1108 2640 ,
1143 2572 1288 2626 foras
1315 2549 1574 2634 educeu's,
1599 2579 1655 2624 ct
1680 2567 1892 2621 vinctus
1923 2565 1978 2620 in
2007 2549 2180 2636 capti-

587 2667 816 2722 vitalem
849 2664 1073 2719 trahens
1104 2680 1117 2717 :
1151 2657 1277 2736 quia
1308 2651 1484 2718 oculis
1507 2659 1653 2730 Suis,
1711 2661 1849 2734 quos
1885 2651 2181 2727 prophetas

581 2770 638 2817 et
659 2763 851 2817 omnes
875 2765 1100 2814 sanctos
1133 2747 1439 2830 intelligere
1465 2749 1761 2834 possumus
1786 2793 1802 2819 ,
1839 2749 1975 2805 vidit
2001 2747 2182 2804 Domi-

577 2867 684 2908 nus
712 2851 1053 2908 vocationem
1079 2847 1324 2918 gentium
1356 2853 1411 2902 et
1432 2833 1697 2901 Ecclesia:
1727 2833 2102 2918 Securitatem.

658 2942 880 3000 Exsulta
912 2945 1059 3008 satis,
1087 2917 1212 3012 "ﬁlia
1250 2939 1415 3005 SiOu;
1446 2929 1644 3018 jubila,
1686 2931 1798 3010 filia
1837 2917 2129 2994 Jerusalem
2162 2947 2182 2988 :

578 3038 716 3094 Ecce
737 3053 829 3091 rea:
856 3045 971 3090 tuus
993 3035 1154 3088 reitiet
1181 3027 1297 3100 tibi,
1317 3033 1499 3106 justus
1529 3033 1578 3085 et
1613 3027 1840 3084 salvator
1867 3043 1884 3081 :
1912 3028 2024 3100 ipse
2054 3041 2180 3098 pau-

2283 1808 2617 1876 ciinfractus,
2646 1797 2860 1862 Dmnini
2887 1807 3138 1862 sessione
3165 1803 3363 1862 didicit
3388 1803 3660 1861 ambulare
3679 1817 3723 1862 et
3740 1823 3832 1864 rec-

2283 1895 2389 1954 tam
2423 1899 2565 1954 viam
2605 1899 2841 1970 ingredi.
2887 1893 2954 1952 Et
2993 1899 3317 1970 disperdam,
3354 1895 3548 1976 inquit,
3579 1887 3833 1976 quadrigam

2282 1997 2346 2048 es
2381 1991 2657 2061 Ephralm.
2703 1991 2896 2047 Adhuc
2932 2007 2997 2046 ex
3044 1991 3140 2048 Dei
3173 1989 3351 2047 Patris
3401 1992 3628 2063 persona
3655 1991 3830 2061 dicitur,

2282 2083 2427 2160 Quod
2454 2087 2741 2159 quadriga,
2783 2087 2903 2143 Sive
2945 2085 3172 2149 currus.
3207 2101 3276 2142 ex
3299 2083 3558 2157 prraim
3593 2096 3833 2158 pereat,et

2283 2185 2456 2264 cquus
2487 2175 2554 2240 de
2592 2179 2920 2264 Jerusalem.
2959 2181 3022 2237 Et
3057 2178 3275 2238 interim
3309 2171 3606 2240 secundum
3645 2179 3831 2238 litteram

2285 2261 2400 2334 haec
2424 2279 2670 2351 loquitur
2696 2259 2847 2333 iNou
2873 2285 3034 2332 erunt
3058 2263 3268 2348 praelia,
3297 2269 3548 2330 omnibus
3568 2273 3744 2330 CbriSti
3763 2269 3832 2328 ad-

2281 2383 2449 2430 ventu
2479 2383 2530 2429 et
2555 2367 2834 2427 nativitate
2865 2365 3090 2442 pacatis.
3119 2369 3288 2425 Porro
3313 2355 3607 2424 secundum
3630 2356 3828 2426 altiorem

2283 2465 2726 2538 intelligentiam,
2765 2461 3022 2538 Ephraim
3051 2463 3292 2524 refertur
3319 2451 3388 2519 ad
3416 2463 3667 2519 ha'resum
3695 2463 3832 2518 multi-

2285 2560 2545 2634 tudinem,
2579 2576 2704 2636 quse
2729 2559 3127 2630 interpretatur
3157 2561 3500 2642 καρποφορία,
3693 2555 3732 2612 id
3754 2564 3831 2622 est.

2284 2649 2493 2710 ubertas
2515 2649 2571 2710 et
2595 2655 2806 2726 frugum
2829 2649 3176 2717 abundantia,
3201 2639 3270 2710 de
3292 2652 3497 2734 quibus
3524 2639 3753 2732 scriptum
3771 2659 3834 2706 est

2283 2745 2336 2802 itt
2362 2747 2764 2818 septuagesimo
2796 2747 3035 2820 septimo
3065 2745 3276 2820 psalmo
3310 2763 3323 2799 :
3359 2733 3493 2798 Filii
3527 2741 3833 2820 Ephraimin-

2285 2839 2545 2895 (madentes
2575 2848 2622 2894 et
2654 2839 2913 2895 mittentes
2941 2819 3392 2904 arcunt,conversi
3414 2845 3535 2892 sunt
3555 2836 3604 2891 in
3630 2835 3701 2890 die
3725 2819 3832 2892 belli.

2287 2925 2363 2988 lle
2405 2931 2488 2987 bis
2519 2931 2796 3006 quadrigis
2825 2941 2882 2988 et
2921 2932 3174 2988 curribus
3205 2929 3318 3008 [AL
3359 2927 3582 3004 aurigis]
3608 2928 3830 3000 legimus:
3868 2950 3871 2954 ·

2290 3021 2361 3083 ili
2388 3029 2439 3082 in
2457 3027 2708 3112 [curribus
2735 3039 2784 3082 et
2806 3017 2862 3082 lu'
2886 3029 2940 3082 in
2966 3029 3133 3100 equis,
3164 3041 3259 3082 nos
3279 3036 3458 3082 autem
3479 3026 3530 3079 in
3551 3025 3732 3080 nomine
3751 3023 3828 3079 Da-

577 3148 672 3204 per
700 3138 749 3184 et
779 3128 1062 3182 ascendens
1089 3143 1244 3200 super
1273 3105 1497 3190 asinam,
1532 3129 1578 3177 e't
1608 3121 1763 3191 super
1790 3118 1990 3190 pullum
2015 3119 2181 3190 ﬁlium
2211 3109 2258 3180 Ο
2288 3119 2413 3176 mini
2436 3105 2535 3176 Dei
2563 3123 2730 3177 nostri
2753 3121 3112 3178 invocabimus
3140 3137 3160 3175 :
3182 3121 3283 3192 ipsi
3307 3105 3532 3194 obligati
3553 3128 3662 3174 sunt
3679 3129 3721 3174 et
3738 3118 3834 3176 ceri-

581 3227 764 3281 asinw.
791 3219 862 3276 Et
891 3221 1187 3294 dispertiunt
1212 3217 1517 3296 quadrigam
1544 3234 1607 3272 ea:
1623 3209 1902 3289 Epitraint,
1927 3228 1972 3271 et
1995 3213 2180 3290 equum

584 3319 649 3374 de
682 3317 998 3383 Jerusalem,
1037 3326 1085 3370 et
1118 3313 1460 3383 dissipabitur
1489 3309 1640 3370 arcus
1683 3309 1825 3382 belli,
1866 3317 1913 3364 et
1946 3309 2183 3377 laquetur

581 3427 762 3484 pacem
791 3409 1046 3483 gentibus,
1072 3407 1119 3461 et
1144 3415 1372 3478 potestas
1397 3405 1510 3475 ejus
1537 3405 1567 3458 ὰ
1593 3402 1726 3456 mari
1749 3407 1909 3472 usque
1932 3395 2000 3454 ad
2020 3401 2181 3465 titare,

579 3515 628 3560 et
658 3519 690 3557 α
711 3501 1010 3574 ﬂuminibus
1039 3516 1196 3562 usque
1221 3495 1288 3551 ad
1316 3489 1446 3567 ﬁnes
1475 3493 1644 3554 terim.
1678 3485 1824 3549 LXX
1855 3509 1868 3547 :
1899 3489 2081 3574 Gaude
2103 3491 2184 3546 ἐνε-

587 3567 870 3660 Itementer,
901 3593 1013 3663 ﬁlia
1041 3587 1208 3655 Sion;
1249 3585 1500 3660 p’rtcdica,
1535 3585 1645 3657 ﬁlia
1672 3583 1968 3641 Jerusalem
2001 3599 2019 3638 :
2049 3567 2184 3638 Ecce

586 3703 681 3741 rea:
711 3697 826 3741 tuus
857 3687 1024 3739 veniet
1052 3684 1141 3737 tibi
1165 3683 1366 3758 justiti,
1407 3687 1453 3740 et
1481 3681 1714 3749 saluans,
1743 3679 1854 3752 ipse
1886 3679 2184 3738 mansuetus

584 3787 635 3832 ct
662 3778 948 3832 ascendens
974 3779 1127 3846 super
1149 3774 1478 3848 su'biug'alent
1501 3782 1548 3828 et
1571 3761 1777 3843 ‘p‘uliu‘tii
1799 3771 2063 3848 ultimumet
2076 3771 2186 3848 dis-

587 3867 768 3940 perrlet
794 3843 1074 3940 quadrigas
1106 3877 1171 3922 est:
1219 3843 1495 3936 lipltﬁiint,
1527 3863 1576 3919 et
1605 3865 1792 3934 equum
2011 3847 2074 3917 de
2095 3843 2186 3917 .le-

584 3961 834 4030 rusalem,
868 3971 916 4017 et
947 3957 1212 4034 diaperdet
1243 3959 1394 4014 arma
1433 3955 1780 4031 pugnantium
1810 3953 1856 4012 et
1887 3949 2182 4013 multitudi-

585 4071 725 4125 nem,
761 4057 807 4109 et
844 4063 1023 4126 pacem
1053 4071 1116 4109 ex
1144 4051 1402 4126 'genlibus,
1442 4051 1489 4106 el
1518 4051 1873 4106 dominabitur
1894 4051 1922 4086 ’δ
1945 4049 2010 4104 ab
2036 4045 2186 4118 aquis

583 4167 748 4222 usque
777 4151 844 4204 ad
875 4153 1041 4219 mare,
1069 4155 1116 4202 et
1146 4157 1177 4202 α
1202 4147 1505 4220 ﬂu'n’tinibus
1533 4153 1694 4220 usque
1714 4144 1782 4199 ad
1808 4145 1980 4200 exitus
2013 4145 2182 4203 terrai.

585 4242 738 4300 Hanc
757 4230 1098 4318 prOpitetiam
1130 4237 1493 4312 Evangelista:
1517 4237 1767 4296 scribunt
1787 4241 1908 4294 esSe
1935 4237 2184 4309 Comple-

585 4345 723 4408 tam,
752 4317 970 4410 quando
997 4329 1262 4391 Dominus
1302 4331 1583 4406 ingressos
1614 4331 1698 4391 est
1734 4317 2062 4401 Jerusalem,
2093 4327 2183 4394 se.

583 4431 722 4488 deus
757 4447 926 4501 super
965 4431 1170 4486 asinam
1213 4433 1268 4484 et
1307 4427 1516 4502 pullum
1541 4423 1739 4495 asine,
1785 4440 1842 4485 et
1888 4423 2182 4502 puerorum

2286 3218 2498 3286 derunt,
2527 3233 2622 3272 nos
2648 3226 2818 3271 autem
2841 3217 3166 3274 surreximus
3189 3226 3236 3272 et
3256 3216 3415 3272 erecti
3441 3231 3612 3272 sumus
3633 3195 3834 3286 (i’thx,

2287 3299 2343 3379 8,
2377 3311 2460 3384 9).
2489 3305 2680 3381 Equus
2711 3309 2802 3381 qui
2845 3309 3188 3384 disperditur
3216 3307 3283 3366 de
3311 3307 3642 3373 Jerusalem,
3671 3306 3750 3362 ille
3775 3313 3836 3360 est

2284 3399 2352 3488 de
2375 3417 2482 3474 quo
2513 3399 2746 3474 legimus
2782 3419 2795 3456 :
2826 3397 3024 3456 Fallax
3046 3417 3206 3488 equus
3231 3402 3285 3456 in
3313 3399 3538 3456 salutem
3569 3398 3680 3472 (Ps.
3709 3413 3835 3462 nni,

2287 3487 2399 3568 i7).
2431 3496 2498 3553 Et
2523 3495 2576 3552 in
2601 3495 2864 3566 Jeremia,
2897 3495 2990 3568 qui
3016 3487 3252 3554 luxuria:
3283 3496 3559 3554 vacabant
3585 3505 3637 3551 et
3655 3491 3836 3559 libidini,

2285 3589 2517 3646 audiunt
2541 3587 2711 3662 :Equi
2736 3589 3048 3648 insanientes
3076 3591 3130 3646 in
3162 3590 3383 3662 feminas
3419 3589 3540 3661 {acti
3566 3597 3674 3644 sunt
3698 3586 3835 3641 mihi:

2285 3679 2641 3753 unusquisque
2680 3680 2749 3734 ad
2788 3698 3002 3736 uxorem
3053 3682 3282 3752 proximi
3319 3682 3408 3735 sui
3445 3665 3697 3737 Itinniebat
3733 3676 3832 3753 (let.

2287 3791 2342 3844 ν,
2385 3775 2468 3848 8).
2511 3774 2667 3830 Unde
2713 3785 3044 3832 revocantur
3087 3773 3156 3835 ad
3207 3773 3628 3850 plenitudinem,
3669 3771 3836 3830 dicente

2285 3858 2720 3944 Psalmograptto
2756 3886 2770 3924 :
2809 3867 2994 3924 Nolite
3022 3857 3138 3940 ﬁeri
3181 3870 3313 3928 sicut
3342 3885 3514 3936 equus
3539 3877 3587 3924 et
3610 3864 3772 3940 mulus,
3796 3866 3834 3920 iu

2289 3961 2474 4034 quibus
2501 3980 2604 4018 non
2636 3974 2709 4017 est
2747 3963 3038 4020 intellectus
3060 3961 3178 4034 (Ps.
3213 3979 3367 4029 χχχι,
3398 3963 3484 4034 9).
3506 3962 3726 4032 Cumque
3749 3947 3834 4016 dis-

2295 4055 2596 4130 perdiderit
2639 4048 2783 4112 Deus
2813 4041 3295 4136 curruskEphraim
3323 4064 3381 4114 et
3409 4055 3605 4134 equum
3633 4053 3693 4114 de
3711 4051 3835 4110 Jeru-

2289 4147 2480 4220 Salem,
2510 4149 2603 4224 qui
2626 4145 2693 4203 de
2750 4143 3055 4204 istiusmodi
3101 4147 3261 4220 equis
3306 4158 3360 4206 et
3405 4147 3648 4210 curribus
3683 4144 3836 4204 iuerint

2289 4233 2550 4306 liberati;
2586 4241 2985 4297 transferentur
3015 4242 3066 4296 in
3097 4241 3313 4298 Domini
3348 4233 3836 4306 servitutem,elclﬁ-

2289 4327 2508 4390 cientur
2537 4321 2857 4396 Clterttbim,
2891 4333 2943 4388 et
2975 4333 3048 4389 de
3095 4334 3232 4406 ipsis
3269 4321 3488 4392 dicetur
3526 4347 3538 4388 ε
3571 4332 3740 4394 Curru:
3765 4326 3836 4388 υεί

2291 4419 2462 4480 decem
2488 4423 2714 4506 millium
2740 4417 3034 4500 multiplex,
3059 4427 3230 4482 millia
3260 4427 3552 4506 laetantium
3571 4413 3678 4502 (Ps.
3706 4422 3835 4492 utili

584 4539 710 4578 cum
747 4523 1045 4594 palmarum
1088 4524 1251 4578 ramis
1291 4521 1530 4577 occurrit
1563 4507 1746 4592 tui-ba,
1789 4511 2140 4580 clamantium
2169 4540 2182 4580 :
2214 4505 2268 4572 D
2297 4507 2410 4590 i9).
2445 4517 2514 4574 Et
2546 4536 2560 4574 :
2594 4505 2862 4592 Equitatui
2890 4537 3002 4575 meo
3025 4521 3079 4574 in
3106 4507 3347 4579 Curribus
3373 4505 3663 4580 Pharaonis
3679 4515 3836 4574 mimi-

580 4613 894 4672 Benedictus
911 4617 998 4686 qui
1017 4616 1153 4669 venit
1178 4617 1233 4669 in
1255 4615 1459 4674 nomine
1474 4609 1687 4669 Domini
1712 4631 1728 4669 :
1753 4605 1988 4674 ltosam'ta
2014 4613 2068 4674 in
2099 4633 2189 4672 ex...

587 4711 740 4765 celsis
779 4708 936 4783 (Mat.
977 4708 1130 4782 'xut);
1176 4715 1230 4765 et
1261 4707 1676 4781 increpantibus
1709 4695 2032 4778 i’ltariszeis,
2089 4728 2189 4769 cur

583 4817 696 4860 non
723 4803 1027 4872 corriperet
1066 4801 1370 4857 clamantes
1415 4801 1636 4872 pueros,
1683 4797 1962 4876 respondit
2006 4823 2021 4861 :
2061 4795 2187 4862 Non

586 4897 784 4969 legistis
818 4913 838 4952 :
867 4895 947 4951 Ea:
974 4913 1060 4951 ore
1080 4898 1357 4968 infantium
1381 4901 1433 4952 et
1457 4895 1759 4954 laetantium
1781 4883 2046 4974 pas-fecisti
2069 4903 2188 4956 lau-

582 4993 700 5046 dent
734 4991 852 5067 (Ps.
887 5009 1002 5058 vni,
1032 4992 1120 5063 5)?
1155 4992 1404 5048 Exsultat
1432 5009 1564 5070 ergo
1605 4991 1738 5051 Sion
1781 5005 1838 5051 et
1862 4991 2060 5070 jubilat
2089 4979 2184 5054 le-

579 5085 848 5150 rusaletn,
872 5091 982 5140 una
1009 5093 1172 5154 atque
1193 5084 1381 5140 eadem
1412 5081 1607 5142 civitas
1633 5085 1791 5159 (Sion
1813 5087 1956 5146 enim
1981 5085 2079 5146 arx
2103 5097 2188 5146 est

583 5173 920 5246 Jerusalem)
949 5179 1070 5246 quia
1101 5177 1257 5232 venit
1282 5175 1332 5233 ei
1366 5194 1462 5232 rex
1489 5191 1642 5248 Suus,
1666 5177 1756 5252 Qui
1785 5173 2029 5234 omnium
2060 5193 2186 5250 pro-

579 5268 870 5341 pltetarum
901 5269 1172 5326 vaticiniis
1200 5267 1566 5340 repromissus
1598 5265 1682 5325 est
1711 5288 1724 5325 :
1748 5270 1938 5327 Justus
1962 5267 2018 5328 et
2043 5271 2182 5343 ipse,

583 5362 849 5430 Salvator,
891 5361 944 5417 id
977 5373 1084 5430 est,
1127 5361 1307 5429 Jesus,
1345 5363 1492 5418 sicut
1527 5363 1754 5433 angelus
1789 5361 2186 5438 interpretatus

579 5467 684 5526 est,
712 5455 944 5530 loquens
973 5455 1043 5512 ad
1078 5455 1353 5530 Virginem
1391 5475 1403 5513 :
1444 5451 1514 5514 Et
1554 5458 1822 5514 vocabitur
1850 5449 2026 5532 Iesus,
2059 5460 2185 5536 quia

647 5618 674 5644 ἰ
717 5607 910 5678 Regin.
949 5621 1080 5666 ms..
1114 5604 1468 5662 dominabitur
1497 5605 1644 5678 aquis
1691 5620 1854 5674 usque
1901 5605 1970 5678 ad
2012 5623 2177 5671 mare,

573 5689 626 5733 et
668 5677 901 5763 ﬂumina.
921 5679 1089 5734 exitus
1122 5687 1297 5763 terrm,
1328 5677 1872 5763 diitxita'Grmeum‘iq
1891 5677 2180 5763 plerisque

575 5751 1020 5825 exemplaribus,
1053 5754 1136 5807 καὶ
1163 5751 1400 5828 κατάρξει
1429 5748 1636 5807 esse.»
1661 5749 1759 5809 ἕως
1787 5749 2072 5820 Gaianas,
2091 5748 2177 5805 3ςαί

2289 4605 2394 4666 lavi
2420 4621 2488 4679 te,
2517 4614 2756 4687 proxima
2781 4629 2895 4667 mea
2919 4601 3246 4688 (Cant.t,8).
3272 4597 3341 4676 Ει
3367 4633 3379 4669 :
3407 4614 3439 4654 ιι
3463 4613 3676 4672 Ascende
3697 4626 3834 4683 equos,

2291 4719 2339 4770 et
2364 4709 2611 4784 equitatio
2635 4719 2724 4767 tua
2750 4711 2894 4766 salus
2918 4709 3100 4782 (Abac.
3121 4726 3204 4774 tn.
3229 4710 3309 4786 8).
3336 4710 3689 4782 Dissipabitur
3713 4718 3836 4768 arcus

2291 4805 2443 4876 belli,
2473 4816 2533 4862 ut
2561 4821 2670 4862 non
2699 4807 2987 4864 mittantur
3019 4806 3188 4880 ignita
3215 4805 3429 4878 iacula,
3463 4822 3579 4878 qua:
3602 4801 3837 4873 voluptuo-

2292 4914 2479 4958 eorum
2520 4901 2733 4972 possint
2773 4899 2939 4954 corda
2973 4908 3283 4969 percutere.
3316 4898 3380 4957 Et
3423 4899 3664 4972 loquetur
3687 4904 3834 4966 pacem

2290 4991 2570 5074 gentibus,
2595 4991 2664 5046 de
2684 4990 2885 5062 quibus
2918 4991 3181 5060 scriptum
3208 5001 3328 5048 est:
3355 4989 3482 5063 Ipse
3509 4993 3599 5045 erit
3622 4991 3836 5059 exspecta-

2287 5085 2362 5141 tio
2385 5084 2615 5160 gentium
2633 5079 2792 5152 (Gen.
2823 5084 3190 5158 xntx,10).Et
3226 5099 3446 5140 rursum
3473 5102 3484 5138 :
3511 5082 3670 5156 Super
3703 5079 3836 5152 ipsum

2289 5188 2465 5250 gentes
2494 5177 2772 5250 sperabunt
2803 5174 2962 5251 (Isai.
3011 5178 3110 5248 XI).
3160 5175 3219 5230 Et
3257 5196 3270 5230 :
3301 5175 3534 5236 Potestas
3560 5175 3661 5248 ejus
3687 5189 3714 5226 a
3735 5165 3835 5224 mari

2289 5289 2454 5362 usque
2495 5275 2564 5325 ad
2605 5289 2770 5338 mare,
2801 5281 2849 5326 et
2879 5289 2910 5328 a
2939 5273 3244 5343 ﬂuminibus
3289 5287 3448 5343 usque
3485 5269 3553 5326 ad
3579 5268 3695 5341 ﬁnes
3721 5273 3835 5320 terra

2292 5358 2416 5440 (Ps.
2453 5382 2600 5434 uxr,
2631 5367 2708 5438 8).
2737 5365 2854 5422 Iloc
2887 5382 2992 5420 non
3017 5377 3098 5423 est
3124 5367 3534 5422 extenuandum
3558 5377 3648 5436 per
3672 5358 3833 5428 allego-

2287 5459 2458 5528 riam;
2485 5459 2582 5520 sed
2608 5459 2941 5518 credendum
2983 5474 3116 5516 vere
3142 5474 3268 5516 esse
3293 5459 3641 5532 completum,
3677 5462 3833 5510 secun-

2286 5613 2538 5678 ποταμῶν
2565 5603 2826 5678 duuiani;
2851 5613 3004 5678 γῆς.-
3503 5667 3526 5678 __
3603 5667 3616 5678 _
3754 5657 3810 5678 _,.

2360 5658 2942 5748 ﬁ'ite'tigit—llictoi-Jad
2957 5658 3145 5731 Graec.
3179 5683 3408 5741 textum,
3430 5683 3482 5729 et
3503 5667 3726 5728 Latinam
3745 5658 3833 5720 edi~

2287 5749 2521 5814 tionem,
2553 5747 2815 5808 Ascendes
2849 5763 3005 5823 super
3035 5764 3197 5821 equos
3225 5758 3364 5821 tuos,
3391 5759 3496 5806 etc.

3953 4107 3955 4166 ι

3923 6077 3949 6283 l
