4026 6346
315 269 457 330 1ιὸἒὶ

1057 267 1717 326 COMMENTARIOHUM
1759 267 1822 332 IV
1866 266 2267 324 ZAClHliIAM
2312 266 2438 322 LIB.
2487 268 2546 322 ll.
2589 267 2742 323 CAP.
2788 267 2879 321 IX.

3477 263 3614 321 HNG

311 389 440 450 dum
471 388 608 450 illud
639 388 781 461 quod
817 387 1048 460 legimus
1082 406 1094 442 :
1131 388 1352 446 Postulo
1382 407 1414 442 α
1443 405 1543 452 me,
1576 399 1621 442 et
1655 387 1787 440 dabo
1818 387 1909 440 tibi
1937 395 1985 456 Α
2021 383 2154 438 Ecce
2185 385 2362 438 civitas
2392 385 2571 456 ﬁrma,
2621 385 2851 438 salutare
2882 389 3115 436 nostrum
3144 391 3296 455 ponet
3325 399 3528 436 murum
3573 392 3622 436 ct

309 489 488 556 gentes
517 480 876 540 hwreditotem
897 493 1064 552 tuam,
1093 492 1138 538 et
1167 484 1538 552 possessionem
1570 493 1707 534 tuam
1738 482 1911 535 termi-

309 589 406 628 nos
434 582 587 630 terra:
611 572 736 646 (Ps.
771 590 830 640 tt,
862 575 940 646 8).
966 576 1024 632 ln
1055 577 1462 648 septuagesimo
1489 590 1707 645 quoque
1735 576 1912 644 primo

307 665 526 738 psalmo
553 668 654 724 sub
686 683 915 738 persona
948 669 1258 732 Solomonis
1289 681 1345 726 et
1376 669 1489 728 veri
1525 669 1736 739 paciﬁci
1769 667 1910 724 diri-

306 765 398 814 tur
428 776 441 814 :
472 757 541 822 Et
573 759 923 818 dominabitur
951 778 982 820 tt
1030 761 1162 818 mari
1200 778 1360 832 usque
1384 761 1452 816 ad
1482 777 1644 830 mare,
1675 771 1722 822 et
1750 778 1780 814 a
1806 761 1910 830 [lu-

304 837 448 914 mine
475 868 636 923 usque
663 853 731 907 ad
761 863 910 912 teme
939 854 1186 912 terminos
1217 851 1396 928 (γει-ε.
1433 853 1510 926 ὃ).

379 942 565 1014 (Vera.
596 944 684 1010 11,
728 944 845 1016 12.)
882 945 960 1002 Τιι
996 964 1199 1018 quoque
1227 947 1279 1006 in
1320 948 1574 1018 sanguine
1619 949 1909 1002 testamenti

307 1037 385 1094 tui
419 1037 638 1092 emisisti
662 1039 857 1098 vinctos
887 1049 1004 1098 tuos
1037 1041 1098 1096 de
1141 1041 1258 1098 lacu
1293 1042 1346 1100 in
1375 1058 1472 1110 qua
1498 1059 1600 1096 non
1628 1051 1702 1096 est
1724 1059 1856 1113 aqua
1886 1059 1905 1097 .'

306 1132 667 1188 convertimini
693 1133 762 1194 ad
789 1136 1144 1204 munitionem,
1161 1136 1333 1190 .s'incti
1351 1136 1458 1207 spei
1487 1151 1506 1189 :
1532 1135 1684 1192 hodie
1705 1152 1906 1207 quoque

301 1226 622 1284 annuntians
649 1225 886 1296 duplicia
917 1229 1131 1288 reddam
1157 1230 1266 1284 tibi.
1302 1228 1444 1288 LXX
1469 1247 1482 1284 :
1514 1228 1582 1284 Et
1613 1239 1666 1286 tu
1697 1232 1749 1284 in
1779 1248 1903 1286 san-

301 1314 465 1388 gulae
495 1319 789 1376 testamenti
832 1319 1044 1375 emisisti
1072 1321 1270 1374 vinctos
1302 1332 1416 1376 tuos
1440 1321 1504 1375 de
1532 1321 1651 1376 lacu
1682 1323 1769 1393 qui
1800 1341 1902 1378 non

300 1403 457 1464 habet
487 1423 678 1480 aquam
708 1426 726 1465 :
755 1411 992 1470 sedebitis
1021 1412 1073 1465 in
1107 1414 1391 1470 munitione
1426 1415 1584 1476 rincti
1612 1433 1901 1489 congrega.

303 1497 485 1566 tionis,
513 1511 563 1556 et
587 1519 680 1572 pro
711 1519 816 1560 una
844 1505 930 1564 die
955 1505 1385 1575 peregrinationis
1415 1504 1583 1578 θεῶ,
1602 1515 1705 1562 tua:
1727 1507 1902 1580 dupli-

299 1591 382 1648 cia
409 1593 624 1652 reddam
659 1594 775 1656 tibi.
814 1596 1108 1667 Postquam
1153 1612 1340 1662 sermo
1381 1599 1690 1670 prepheta',
1733 1600 1900 1658 inuno

297 1685 420 1758 ipse
449 1689 592 1752 Deus
622 1689 789 1748 Pater
811 1691 1180 1761 omnipotens,
1205 1694 1477 1754 nuntiavit
1503 1693 1632 1750 Sion
1657 1703 1710 1748 et
1741 1693 1896 1750 Jeru-

2015 477 2332 534 antemurale
2360 481 2374 541 ί
2405 475 2532 530 Ιεςιιὶ.
2560 492 2711 542 xxvi,
2749 475 2837 548 1).
2873 476 3019 530 llanc
3050 489 3229 530 autem
3257 475 3615 530 munitionem

2013 567 2080 621 ad
2119 584 2278 640 quam
2328 569 2470 623 Deus
2505 569 2830 624 cohortatur
2859 568 3069 630 vinctos
3089 569 3226 640 spei,
3256 570 3369 624 sive
3402 569 3640 653 vinctos

2013 669 2300 731 sperantes
2347 661 2647 740 Ecclesiae,
2703 678 2809 718 non
2851 663 3010 717 aliam
3055 662 3315 718 debemus
3361 663 3614 734 aeripcre

2014 753 2116 808 nisi
2143 753 2542 810 habitationem
2572 755 2834 826 paradisi,
2867 755 2918 809 in
2943 771 3103 830 qttam
3133 755 3338 826 primus
3363 773 3486 822 cum
3513 757 3625 811 Ι)οτ

2011 847 2158 903 mino
2190 848 2328 906 latro
2353 850 2630 920 ingressus
2656 859 2740 904 est
2773 846 2935 924 (Luc.
2963 847 3132 922 χχιιι)
3162 867 3173 905 :
3207 860 3258 906 et
3291 851 3496 918 idcirco
3521 868 3617 936 per

2010 940 2325 997 Zachariam
2345 954 2710 1014 provocamur
2730 944 2795 998 ad
2824 943 3333 1024 mttnitionem,qttia
3355 945 3466 1017 jam
3490 956 3619 1010 tunc

2008 1045 2060 1089 et
2087 1050 2149 1089 ex
2179 1033 2273 1090 illo
2299 1047 2539 1108 tempore
2559 1037 2818 1092 Dominus
2851 1038 3222 1110 promittebat,
3253 1050 3308 1104 ut
3339 1055 3434 1112 pro
3459 1041 3615 1098 brevi

2009 1128 2390 1195 tribulatione,
2418 1137 2622 1192 aeterna
2653 1128 2962 1200 reciperent
2995 1132 3236 1200 prmtnia.
3288 1131 3445 1201 Sive,
3479 1144 3534 1187 ut
3563 1133 3613 1188 iu

2008 1221 2150 1276 LXX
2177 1222 2373 1295 legitur
2406 1241 2418 1276 :
2452 1241 2545 1294 pro
2573 1241 2678 1278 una
2709 1225 2794 1280 die
2823 1225 3253 1298 peregrinationis
3281 1234 3404 1294 tute,
3435 1227 3617 1298 dupli-

2007 1317 2088 1370 cia
2117 1318 2333 1374 reddam
2361 1319 2472 1374 tibi.
2503 1319 2580 1374 Ad
2605 1319 3072 1388 comparationem
3102 1317 3245 1378 enim
3273 1321 3615 1389 interuitatis,

2006 1423 2167 1462 omne
2181 1409 2325 1478 quod
2348 1411 2584 1478 patimur
2601 1411 2652 1464 in
2673 1411 2877 1470 mundo
2903 1429 3005 1478 una
3025 1413 3143 1468 dies
3161 1413 3482 1486 appellanda
3503 1427 3610 1482 est,

2007 1517 2110 1556 non
2157 1502 2533 1580 habitationis,
2576 1505 2670 1560 sed
2708 1508 3204 1588 peregrinationis:
3239 1509 3361 1592 quia
3390 1512 3616 1564 advena}

2003 1611 2192 1652 sumus
2215 1605 2269 1651 et
2297 1599 2569 1668 peregrini
2594 1602 2739 1654 sicut
2764 1615 2955 1656 omnes
2971 1610 3153 1672 patres
3177 1601 3368 1656 DUSlri.
3396 1602 3528 1658 Nam
3563 1604 3615 1688 in

2006 1691 2263 1758 praesenti
2300 1698 2746 1756 momcnlaneunt
2783 1703 2835 1748 et
2865 1692 3366 1752 levetribttlationis
3387 1705 3614 1763 nostrai,

297 1783 474 1842 solem
495 1784 643 1856 quod
671 1786 886 1846 veniret
909 1786 977 1844 ad
998 1803 1092 1842 eos
1115 1802 1209 1844 rex
1235 1803 1387 1854 suus,
1416 1787 1585 1852 mitis,
1620 1797 1676 1844 et
1707 1803 1902 1843 ast-en-

2011 1795 2173 1853 supra
2216 1783 2434 1840 modum
2473 1785 2525 1840 itt
2568 1785 2908 1850 sublimitate
2931 1797 3151 1852 :eterpa:
3186 1788 3371 1860 gloria!
3399 1792 3614 1860 pondus

296 1873 438 1932 deus
470 1889 635 1948 super
663 1879 874 1934 asinam
903 1878 1266 1951 subjugalem,
1300 1889 1354 1936 et
1379 1880 1591 1950 pullum
1624 1881 1816 1944 asiam.
1848 1893 1903 1936 et

295 1976 546 2039 potestas
573 1970 695 2042 ejus
723 1981 872 2032 esset
897 1973 1078 2029 futura
1116 1990 1144 2027 a
1187 1973 1323 2028 mari
1354 1988 1526 2045 usque
1556 1974 1622 2030 ad
1650 1991 1821 2042 mare,
1851 1985 1904 2032 et

295 2075 327 2118 ε
351 2061 672 2120 ﬂuminibus
698 2081 871 2138 usque
899 2067 967 2122 ad
1002 2067 1269 2130 terminos
1295 2076 1478 2136 terrm,
1507 2068 1636 2124 facit
1657 2080 1905 2139 apostro-

293 2153 462 2225 pham
491 2157 558 2214 ad
585 2158 763 2228 ipsum
790 2161 1093 2226 Christum,
1123 2161 1192 2216 de
1219 2176 1329 2231 quo
1355 2162 1674 2220 vaticinium
1708 2173 1812 2230 est,
1848 2172 1902 2218 et

295 2247 540 2320 loquitur
564 2267 576 2305 :
607 2250 689 2308 Tu
712 2270 915 2325 quoque
937 2255 991 2312 in
1016 2257 1270 2329 sanguine
1289 2259 1600 2327 testamenti,
1626 2259 1739 2314 sive
1766 2261 1903 2328 pacti

293 2343 396 2406 tui.
419 2345 640 2402 emisisti
670 2347 866 2404 vinctos
898 2359 1011 2404 tuos
1041 2351 1104 2405 de
1135 2351 1274 2420 lucu,
1291 2352 1345 2406 in
1371 2370 1473 2428 quo
1502 2370 1603 2408 non
1638 2363 1712 2410 est
1741 2370 1896 2425 aqua.

293 2437 454 2506 Quod
490 2439 565 2498 ita
596 2441 962 2514 intelligitur:
995 2445 1048 2500 Ιιι
1075 2448 1340 2517 sanguine
1367 2447 1647 2516 passionis
1673 2456 1780 2503 tum
1807 2463 1900 2504 eos

291 2533 388 2604 qui
420 2535 587 2590 vincti
620 2535 672 2592 itt
705 2553 931 2596 carcere
956 2541 1288 2598 tenebantur
1309 2543 1529 2612 interni,
1566 2544 1619 2599 in
1653 2561 1763 2615 quo
1791 2561 1898 2600 non

293 2636 381 2683 est
410 2628 517 2684 ulla
554 2631 959 2701 misericordia,
992 2645 1082 2692 tua
1109 2639 1397 2694 clementia
1437 2640 1704 2696 liberasti.
1743 2640 1898 2697 Deni-

291 2735 402 2793 que
441 2732 730 2796 postquam
779 2728 1044 2786 Doinus
1086 2733 1416 2803 resurrexit,
1447 2733 1504 2790 hi
1535 2736 1628 2806 qui
1663 2738 1901 2806 peccatis

291 2814 496 2886 Adam,
530 2817 672 2887 sive,
706 2829 767 2878 ut
811 2822 1034 2894 quidam
1066 2827 1282 2896 volunt,
1333 2827 1546 2884 erroris
1577 2828 1752 2884 inoliti
1775 2871 1789 2896 ,
1837 2847 1900 2886 ac

293 2912 492 2966 mortis
524 2913 762 2971 vinculis
791 2917 1147 2984 tenebantur,
1193 2933 1622 2980 resurrexerunt
1651 2940 1776 2979 cum
1806 2942 1898 2997 eo,

291 3011 355 3062 ct
389 3016 768 3075 apparuerunt
805 3009 858 3066 in
889 3019 1081 3066 sancta
1116 3013 1359 3069 civitate.
1395 3016 1473 3070 De
1503 3015 1607 3071 hoc
1635 3019 1900 3087 sanguine

294 3099 639 3165 leuamenti,
669 3111 724 3158 et
754 3103 876 3173 ipse
903 3103 1146 3162 futuram
1178 3106 1432 3164 iudicem
1457 3110 1798 3179 passionem,
1831 3110 1898 3165 ad

2017 1882 2274 1942 operatur
2292 1875 2342 1930 in
2359 1876 2655 1940 nobis,non
2679 1879 3177 1954 contemplantibus
3198 1896 3318 1952 qua:
3340 1881 3613 1948 videntur,

2009 1967 2107 2024 sed
2133 1970 2638 2038 quamettvidentur
2662 1970 2859 2042 (llCor.
2891 1973 2922 2028 4
2947 1971 2991 2044 ).
3019 1963 3149 2050 Quae
3176 1975 3318 2036 enim
3339 1975 3613 2044 videntur,

2007 2060 2334 2128 temporalia
2365 2072 2532 2130 sunt;
2566 2079 2687 2134 qua:
2719 2074 2899 2119 autem
2933 2080 3039 2124 non
3073 2067 3352 2140 videntur,
3388 2081 3615 2134 a-terna.

2079 2151 2274 2223 (Vers.
2302 2154 2434 2226 15.)
2496 2155 2754 2222 Quoniam
2787 2158 2993 2212 extendi
3026 2159 3153 2214 nti/ti
3185 2161 3384 2216 ludam
3414 2207 3428 2232 ,
3462 2165 3616 2235 quasi

2007 2261 2185 2298 arcum
2214 2247 2418 2316 impleri
2454 2247 2726 2320 prltt'aint,
2761 2259 2807 2304 et
2840 2251 3096 2306 suscitabo
3119 2253 3259 2324 ﬁlios
3281 2265 3416 2324 tuos,
3451 2257 3608 2324 Sion,

2005 2353 2164 2408 super
2192 2340 2330 2406 ﬁlios
2360 2350 2509 2406 tuos,
2557 2340 2758 2395 Gravia
2786 2386 2800 2412 ,
2843 2355 2888 2396 ct
2917 2362 3108 2418 ponant
3137 2357 3183 2402 te
3209 2350 3360 2417 quasi
3381 2351 3615 2422 gladium

2007 2433 2241 2498 fortium.
2290 2431 2466 2488 LXX:
2507 2434 2766 2499 Quoniam
2793 2439 2985 2492 tetendi
3029 2451 3104 2505 te,
3129 2439 3290 2509 Iuda,
3319 2447 3444 2502 milii
3464 2447 3616 2518 quasi

2007 2538 2182 2578 arcum
2207 2541 2225 2578 :
2243 2524 2451 2594 implevi
2478 2526 2728 2598 ls'pliraim
2747 2570 2762 2598 ,
2797 2533 3120 2598 etsuscitabo
3137 2534 3610 2608 ﬁliostttos,f8ion,

2006 2631 2161 2686 srper
2189 2616 2330 2686 ﬁlios
2360 2615 2698 2686 Gra’corum,
2735 2631 2784 2682 et
2813 2626 3098 2682 attrectabo
3131 2636 3177 2678 te
3196 2629 3344 2700 quasi
3373 2632 3612 2701 gladium

2007 2709 2336 2777 pugnaturis.
2371 2708 2486 2766 Hoc
2511 2710 2683 2766 Judaei
2713 2713 2779 2768 ad
2797 2714 3229 2774 Machabzeorunt
3260 2729 3501 2790 tetnpora
3528 2741 3615 2780 re-

2006 2797 2223 2859 ferunt.
2275 2802 2366 2870 qui
2399 2803 2589 2858 vicere
2613 2804 2974 2880 Macedonas,
3031 2819 3084 2866 et
3113 2813 3446 2870 sordidatum
3480 2803 3614 2872 teni-

2008 2890 2153 2958 plum
2174 2891 2476 2948 idololatria
2498 2897 2799 2966 posttriutn
2823 2911 2878 2954 ct
2895 2903 3062 2968 sentis
3079 2919 3344 2962 annorum
3376 2910 3610 2981 spatiqu

2005 2983 2424 3040 nmndaverunt.
2473 2989 2738 3060 Quodque
2765 2995 3016 3064 sequitur
3047 3012 3060 3048 :
3098 2997 3265 3064 Quasi
3303 3017 3482 3056 arcum
3507 3004 3606 3060 ins-

2005 3075 2138 3144 plet-i
2166 3075 2435 3150 Ephraim,
2467 3081 2880 3152 eossigniﬁCari
2905 3089 3307 3161 mstimant,qui
3332 3092 3399 3147 de
3421 3092 3608 3150 decent

289 3187 604 3262 discipulos
627 3168 955 3264 loquebatur
979 3213 996 3252 :
1021 3199 1273 3270 Auiti“.
1305 3208 1353 3254 et
1385 3168 1540 3256 bitt-ite
1563 3218 1630 3257 ea:
1657 3203 1755 3256 Itoc
1785 3168 1900 3257 ιυρι-
1925 3187 1972 3248 C
2011 3168 2258 3270 tribum"
2285 3186 2404 3270 gum
2435 3175 2779 3270 apl‘em'lml"
2806 3176 3014 3246 Israel"
3045 3193 3308 3239 veneram
3338 3186 3440 3241 διώ
3469 3189 3606 3248 Eu-

292 3300 388 3341 nes
410 3301 430 3341 :
452 3285 535 3342 Itie
565 3298 642 3344 est
661 3290 796 3346 enim
823 3293 969 3354 satis:
989 3295 1109 3348 noui
1128 3295 1419 3352 testamenti
1437 3296 1493 3350 in
1514 3298 1768 3368 sanguine
1789 3314 1902 3356 meo

295 3379 517 3452 (Matth.
549 3398 706 3448 xui,
731 3385 828 3450 ‘37-,
861 3386 978 3451 εει.
1011 3387 1069 3444 in
1097 3389 1262 3458 huius
1283 3390 1790 3462 urmﬁguraﬁonem
1823 3391 1904 3446 la-

295 3485 397 3532 cus
413 3474 630 3546 quinos)
656 3477 819 3534 habet
843 3496 1035 3551 aquas,
1057 3495 1115 3538 et
1133 3482 1339 3552 Ioseph
1365 3500 1395 3538 ι
1417 3484 1678 3542 fratribus
1702 3487 1901 3543 missus

293 3575 386 3624 est
416 3567 474 3624 in
505 3578 534 3610 ι
557 3568 744 3628 lacum
773 3572 933 3646 (Gut.
957 3575 1167 3648 xxxvn)
1199 3595 1217 3632 ι
1250 3588 1310 3634 et
1331 3578 1519 3634 Daniel
1546 3577 1707 3650 (Dan.
1741 3579 1814 3652 vt)
1847 3589 1900 3636 et

291 3657 569 3720 Jerumias
593 3681 624 3722 ο
649 3665 934 3726 Chaldaeis
965 3679 1020 3724 et
1046 3670 1253 3740 populo
1277 3670 1591 3726 Judaorum
1623 3690 1635 3726 ι
1669 3672 1902 3728 Banaias

290 3769 516 3826 quoque
542 3768 788 3829 tempore
813 3762 953 3824 nivis
981 3771 1039 3818 et
1064 3762 1286 3834 frigoris
1311 3765 1601 3822 descendit
1621 3769 1676 3822 in
1699 3770 1898 3834 lacum,

299 3855 360 3906 ut
396 3847 472 3906 ibi
503 3849 718 3912 leonem
751 3853 1086 3913 interﬁceret
1116 3857 1185 3926 (ιι
1219 3857 1348 3929 Reg.
1395 3875 1556 3929 xsm,
1597 3862 1708 3935 20).
1741 3863 1901 3920 lere-

297 3945 440 4002 suias
461 3957 642 4004 autem
663 3959 777 4006 non
801 3947 856 4005 in
879 3967 1076 4022 aqua]!
1099 3953 1230 4020 laci;
1252 3955 1348 4010 sed
1371 3955 1426 4010 in
1453 3955 1625 4012 lutum
1655 3973 1901 4016 omnum-

297 4053 408 4109 que
457 4039 562 4094 laci
600 4040 960 4116 demrgitur,
995 4047 1140 4116 quod
1183 4060 1374 4118 posset
1421 4051 1694 4108 suﬁocare
1727 4056 1903 4126 magis

291 4144 462 4203 quam
479 4134 816 4207 refrigerare
835 4141 1116 4197 sitientem
1132 4143 1326 4214 (-Jaresu
1337 4186 1349 4198 .
1365 4163 1396 4202 x
1407 4164 1434 4202 x
1445 4164 1556 4204 xvu
1571 4159 1626 4205 et
1643 4167 1665 4203 ιι
1677 4167 1710 4208 ι
1722 4151 1897 4223 xvtn).

297 4223 460 4282 Unde
507 4227 562 4282 in
606 4230 819 4299 psalmo
857 4233 1122 4291 scribitur
1161 4254 1176 4289 :
1215 4235 1427 4308 Inﬁxae
1455 4259 1570 4296 sum
1617 4245 1674 4298 its
1719 4247 1903 4301 timum

299 4321 577 4388 profundi,
623 4332 673 4375 et
716 4340 820 4379 non
867 4337 944 4380 est
970 4329 1259 4385 substantia
1287 4331 1411 4404 (Ps.
1451 4338 1664 4408 L-xvttt).
1705 4337 1764 4392 In
1799 4340 1902 4393 hoc

298 4409 426 4467 lacu
454 4413 654 4470 interni
683 4422 1001 4475 morabatur
1024 4423 1180 4502 dives
1200 4426 1294 4481 ille
1320 4433 1597 4498 quondam
1631 4449 1900 4504 purpura-

298 4514 415 4572 tus,
450 4506 609 4576 cuius
639 4508 828 4578 lingua
870 4499 1220 4586 magniloqua
1255 4535 1539 4587 prunarum
1573 4525 1904 4584 exurebatur

299 4597 607 4670 incendiis,
639 4611 696 4658 et
726 4603 999 4687 int-tntum
1047 4624 1156 4664 non
1209 4609 1448 4668 habebat
1479 4617 1583 4669 ulla
1634 4632 1899 4687 equarum

299 4694 622 4765 refrigeria,
656 4707 715 4753 ut
743 4683 975 4757 extremi
1005 4703 1163 4773 digiti
1195 4711 1451 4776 pauperis
1483 4712 1638 4766 tiucti
1673 4683 1726 4768 in
1763 4729 1900 4784 aqua

299 4787 655 4859 refrigerium
686 4795 993 4862 postularet
1015 4795 1166 4866 (Luc.
1197 4801 1329 4868 xvi).
1359 4801 1706 4875 Rursumque
1729 4807 1794 4862 ad
1821 4810 1904 4879 ip-

300 4896 398 4938 sos
419 4884 512 4954 qui
535 4886 706 4941 vincti
727 4899 912 4957 eis-aut,
935 4901 989 4946 et
1011 4891 1211 4947 Christi
1235 4895 1616 4953 misericordia
1634 4899 1903 4956 liberandi

298 4989 492 5032 sermo
522 4977 778 5048 dirigitur
811 5002 825 5037 :
851 4981 1234 5040 Count-limini
1262 4989 1332 5040 ad
1360 4992 1721 5058 munitionem,
1747 4997 1906 5051 uincti

303 5070 439 5141 spei.
467 5069 534 5125 Et
567 5081 650 5127 est
679 5079 877 5130 sensus
909 5094 922 5130 :
953 5077 1056 5144 Qui
1081 5095 1232 5136 nunc
1260 5082 1427 5138 vincti
1455 5086 1590 5141 estis
1619 5099 1676 5142 et
1705 5089 1903 5147 immiti

305 5173 470 5236 atque
491 5168 723 5224 terribili
755 5169 978 5227 interno
999 5177 1287 5243 tenemini,
1320 5181 1409 5248 qui
1431 5181 1762 5240 solutionem
1791 5190 1907 5243 vin-

303 5257 560 5314 culorum
591 5261 644 5316 in
691 5262 900 5319 Christi
941 5271 1184 5336 speratis
1216 5273 1484 5345 adventu,
1517 5283 1903 5339 convertimini

303 5349 375 5404 ad
409 5354 786 5423 munitionem,
818 5357 933 5414 sive
961 5361 1225 5421 sedebitis
1262 5367 1314 5421 in
1345 5371 1674 5438 munitione,
1702 5375 1771 5431 de
1801 5393 1903 5448 qua

306 5445 574 5511 scriptum
626 5455 711 5504 est
754 5467 768 5503 :
816 5450 1200 5510 Munimentum
1249 5463 1418 5514 sancti
1459 5465 1615 5519 timor
1658 5445 1909 5538 Domini;

303 5537 472 5611 Q65
500 5551 556 5594 ut
587 5543 804 5610 possitis
825 5546 1042 5603 discere
1073 5567 1086 5603 :
1131 5549 1259 5606 Esto
1287 5557 1412 5608 milii
1429 5558 1482 5609 in
1511 5557 1679 5613 Deum
1704 5575 1906 5633 protec-

311 5643 471 5687 torem
502 5637 622 5690 etin
651 5638 820 5691 (enim
850 5645 1124 5709 munitum,
1159 5657 1215 5699 ut
1245 5651 1443 5703 saluum
1468 5669 1547 5705 me
1572 5654 1736 5724 facias
1768 5659 1784 5727 (
1813 5657 1906 5714 Ps.

312 5738 437 5790 ιη,
473 5728 619 5794 '5),et
651 5731 719 5784 de
747 5735 900 5788 vobis
931 5753 1148 5808 quoque
1171 5741 1436 5811 propheta
1465 5761 1859 5807 commemoret
1894 5773 1904 5808 :

387 5850 414 5882 ⁸
457 5842 650 5916 Voces,
695 5847 746 5902 in
779 5851 968 5925 liu'utn,
1014 5871 1122 5912 non
1165 5857 1328 5919 habet
1362 5861 1551 5937 Itegin.
1587 5885 1686 5926 ms.

2006 3259 2125 3313 chia
2146 3305 2160 3329 ,
2208 3263 2410 3332 quibus
2437 3264 2600 3320 etiam
2633 3266 2809 3323 Josias
2841 3273 3098 3344 regnasse
3127 3287 3465 3336 memoratur
3492 3296 3505 3332 :
3535 3281 3604 3335 ita

2006 3349 2286 3408 dumtaxat
2326 3363 2384 3410 ut
2411 3359 2562 3428 prius
2609 3361 2977 3429 testimonium
3010 3361 3170 3430 aliter
3194 3365 3354 3440 quam
3385 3385 3484 3428 nos
3511 3383 3608 3442 ex;
3665 3361 3674 3368 ’

2007 3443 2351 3514 planavimus
2376 3489 2390 3518 ,
2443 3450 2893 3521 interpretentur,
2923 3458 3231 3520 et’tlicant;
3280 3464 3324 3522 υ
3353 3461 3568 3522 Christe
3588 3507 3603 3534 ,

2005 3553 2164 3608 quem
2193 3554 2476 3610 speramus
2509 3542 2618 3615 [AL
2649 3549 3027 3621 sperabamus]
3051 3567 3174 3608 esse
3203 3567 3519 3634 venturum,
3554 3570 3608 3614 et

2005 3631 2095 3698 qui
2130 3641 2452 3700 regnaturus
2497 3649 2558 3688 es
2598 3635 2652 3690 in
2696 3635 2966 3694 universis
3010 3646 3259 3700 terminis
3282 3647 3466 3706 ,t'erra:
3550 3653 3604 3722 ip

2003 3725 2266 3793 sanguine
2299 3729 2610 3784 testamenti
2638 3732 2722 3785 tui.
2743 3748 2850 3812 quo
2883 3745 3244 3808 conSpersam.
3269 3734 3600 3811 Je‘iusalcm,

2000 3816 2152 3886 juxta
2185 3818 2528 3875 Ezecltielem
2559 3824 2576 3894 (
2602 3823 2733 3894 Cap.
2778 3824 2910 3900 xvi),
2939 3829 2993 3894 in
3017 3846 3118 3885 suo
3146 3834 3414 3905 sanguine
3444 3854 3604 3926 repe-

2005 3909 2155 3971 risti,
2187 3921 2238 3965 et
2265 3909 2413 3967 inisti
2442 3921 2656 3983 pactum
2689 3932 2808 3972 cum
2842 3921 3116 3994 Abraham
3160 3925 3212 3981 io
3243 3909 3605 3996 diiisivmilius

2004 4003 2154 4056 vituli
2189 4014 2243 4059 et
2269 4006 2455 4061 arietis
2486 4017 2542 4063 et
2571 4008 2746 4075 hirci;
2775 4013 3027 4072 dimisisti
3055 4021 3313 4108 populum
3351 4031 3497 4082 tuum
3530 4027 3605 4094 ls-

2004 4096 2116 4150 racl
2143 4097 2210 4154 de
2233 4100 2548 4170 captivitate
2570 4114 2623 4159 et
2648 4107 2873 4170 camino
2890 4096 3294 4182 Chaldtcorutn,
3331 4120 3384 4174 in
3411 4122 3601 4190 quibus

2001 4187 2170 4264 866
2209 4191 2356 4244 nulla
2405 4205 2522 4248 erat
2556 4197 2930 4255 n‘tisericordit
2957 4201 3129 4274 (Gen;
3167 4209 3274 4288 xv).
3306 4187 3604 4284 l’ruptcrea

2004 4291 2059 4336 et
2086 4299 2205 4350 vos,
2233 4299 2266 4338 ο
2286 4283 2583 4357 lsraelitae,
2607 4292 2698 4360 qui
2726 4293 2887 4348 vincti
2919 4301 3106 4364 eratis,
3133 4311 3187 4355 et
3216 4283 3518 4371 sperabatis
3551 4311 3605 4366 in

2004 4371 2270 4442 Domino,
2303 4381 2636 4436 revertimini
2680 4383 2747 4436 ad
2787 4388 3207 4448 munitissimam
3255 4385 3557 4464 Jerusalem
3589 4400 3625 4456 ς’

2005 4467 2260 4534 quoniam
2287 4468 2452 4524 hodie
2473 4473 2629 4526 vobis
2662 4474 2873 4532 habetis
2910 4478 3198 4544 Dominum
3225 4487 3602 4561 pollicentem,

1927 4585 1981 4646 υ
2008 4560 2147 4626 quod
2187 4575 2284 4628 pro
2317 4561 2463 4616 brevi
2490 4566 2820 4634 captivitatis
2849 4570 3074 4644 injuria,
3118 4573 3390 4648 duplicata
3422 4560 3604 4643 omnia

2006 4653 2305 4722 recipiatis,
2337 4656 2474 4710 sicut
2505 4661 2781 4728 recepisse
2807 4661 3032 4734 legimus
3055 4680 3110 4722 et
3137 4669 3238 4726 Job
3254 4671 3402 4746 (ϐίη).
3437 4679 3629 4758 xm);-~

2005 4744 2165 4800 Juxta
2197 4749 2550 4820 tropologiam
2577 4751 3133 4825 lticlocusettplauari
3158 4766 3234 4820 sic
3257 4744 3380 4836 pote
3414 4781 3467 4824 t:
3498 4744 3605 4830 Ex.-

2009 4838 2248 4893 tcnditur
2273 4839 2442 4894 ludas
2467 4843 2516 4896 in
2542 4860 2695 4908 arcu.
2727 4863 2847 4902 cum
2879 4849 3140 4912 Dominus
3164 4869 3322 4928 atque
3355 4864 3610 4924 ὃςιινςιιοιν

2007 4947 2036 4986 a
2077 4931 2244 4988 Patre
2287 4933 2342 4989 in
2381 4934 2527 4992 hunc
2573 4939 2834 4996 mundutn
2877 4945 3127 5014 mittitur,
3161 4953 3254 5022 qui
3288 4954 3401 5026 ipse
3432 4969 3516 5010 est
3551 4971 3608 5016 et

2006 5039 2204 5090 arcus,
2263 5035 2317 5080 et
2345 5027 2659 5098 sagittarius
2704 5043 2756 5088 et
2809 5038 3025 5104 sagitta.
3079 5041 3270 5119 Arcus,
3307 5060 3360 5099 ut
3396 5049 3443 5112 in
3471 5066 3610 5122 pra:-

2011 5117 2151 5171 sen'ti
2187 5117 2329 5172 loco.
2380 5117 2707 5190 Sagittarius
2730 5167 2748 5194 ,
2779 5136 2837 5179 ut
2869 5128 2920 5181 in
2968 5117 3382 5206 quadragesimo
3417 5117 3610 5212 qliarto

2012 5209 2271 5280 psalmo:
2340 5211 2558 5286 Sagitta:
2619 5225 2717 5269 tua:
2774 5231 2944 5275 acuta:
2988 5228 3357 5294 potentissima:
3413 5209 3608 5304 (Psal.

2012 5315 2160 5366 ιιιν,
2187 5301 2243 5374 6)
2272 5343 2286 5368 ,
2343 5307 2548 5373 quibus
2594 5308 2700 5374 [ΑΙ.
2751 5311 2880 5386 qui]
2913 5330 3033 5369 cum
3067 5316 3230 5380 fuerit
3257 5301 3608 5402 vulneratus,

2014 5393 2144 5449 dicit
2181 5413 2192 5448 :
2248 5395 2568 5455 Vulneratns
2609 5401 2863 5462 citat-itote
2897 5421 2991 5482 ego
3032 5426 3150 5466 sum
3194 5414 3382 5488 (Cant.
3421 5441 3481 5494 u,
3522 5393 3610 5504 5):

2015 5487 2221 5558 Sagitta
2266 5507 2398 5547 vero
2429 5536 2442 5559 ,
2495 5493 2613 5566 ipse
2661 5510 2744 5553 est
2793 5505 2882 5572 qui
2938 5487 3329 5582 loquitttriper
3377 5487 3614 5580 Isaiam':

2015 5579 2204 5637 Posuit
2232 5602 2311 5638 me
2337 5589 2469 5642 sicut
2506 5593 2750 5662 sagittam
2781 5596 2994 5662 electam
3026 5647 3038 5666 ,
3093 5616 3140 5658 ct
3165 5579 3494 5684 iit—pltaretra
3521 5637 3617 5684 ειμι

2018 5675 2289 5730 abscondit
2316 5694 2396 5731 me
2427 5677 2590 5748 (Isai.
2626 5699 2770 5750 ms,
2803 5687 2897 5755 2).
2932 5693 3134 5758 Sagitta
3162 5675 3355 5768 i-locta,

2023 5763 2116 5818 Dei
2142 5778 2254 5830 est;
2291 5769 2544 5836 pharetra
2575 5774 2624 5827 In
2650 5789 2751 5843 qua
2780 5782 2970 5847 sagitta
2997 5781 3368 5866 iliht'ttntliull"
3404 5763 3626 5878 tiirpcii.

1729 5874 1821 5944 qui
1851 5886 1904 5932 et
1951 5879 2184 5938 It'lcauan
2211 5901 2306 5958 pro
2339 5886 2588 5960 Ilauaias,
2621 5896 2781 5966 patilo
2815 5912 2936 5974 post
2975 5907 3212 5978 praefert.
