4056 6342
437 281 570 336 MS?

432 505 555 545 cum
578 499 823 545 armatus
845 489 1008 545 fuerit
1036 501 1090 545 et
1112 498 1335 560 paratus
1357 491 1421 544 ad
1449 491 1672 556 bellum,
1695 501 1748 546 ct
1776 492 1890 561 ipse
1908 507 2029 546 eum

435 582 688 654 gentibus
735 584 945 655 sagittis
971 583 1186 638 Domini
1237 583 1570 647 vulneretur,
1605 601 1667 638 ex
1703 586 1858 652 cujus
1891 584 2033 639 tribu

437 675 644 744 primus
665 677 923 745 populum
943 676 1103 731 scidit
1124 675 1416 731 Jeroboam
1439 678 1458 748 (
1478 675 1544 730 111
1571 677 1700 749 Reg.
1729 677 1796 731 l2
1817 679 1855 746 ),
1871 693 2030 746 quem

437 766 492 821 in
541 766 924 822 haereticorum
956 781 1187 836 persona
1211 767 1416 838 accipi,
1451 769 1592 823 Osce
1623 770 1884 837 propheta
1917 769 2032 838 ple-

428 861 554 914 nius
574 858 910 914 demonstrat
937 858 1081 932 (Ose.
1099 877 1130 915 v
1149 869 1202 916 et
1223 859 1316 930 vt),
1334 873 1387 916 et
1412 861 1554 932 quod
1579 878 1739 931 supra
1767 861 2032 916 diximus:

432 949 565 1006 Filii
582 950 859 1020 Epltraint,
886 953 1208 1008 intendentes
1229 964 1274 1008 et
1293 956 1548 1008 mittentes
1572 973 1772 1022 arcton,
1806 956 2036 1010 conversi

423 1055 548 1100 sunt
570 1048 624 1100 in
653 1045 739 1102 die
767 1047 888 1101 belli
914 1045 1035 1119 (Ps.
1070 1063 1278 1113 Lxxvu,
1306 1048 1386 1118 9;.
1421 1048 1896 1116 Suscitantclcnim
1932 1049 2035 1102 lio—

428 1143 579 1196 mino
605 1126 749 1196 lilios
773 1141 907 1197 Sion
933 1181 948 1208 ,
994 1141 1096 1195 hoc
1123 1151 1210 1196 est
1231 1183 1246 1206 ,
1297 1142 1436 1196 ﬁlios
1479 1142 1743 1198 Ecclesia:
1773 1186 1786 1208 ,
1832 1153 2037 1196 (3100:;—

429 1232 722 1288 trariorum
771 1232 1089 1305 dogmatum
1135 1234 1427 1304 magistri,
1475 1243 1532 1289 et
1583 1234 2032 1304 pliilosopbm-om

427 1327 610 1381 onmis
631 1325 890 1392 assertio,
913 1335 1080 1396 atque
1102 1336 1422 1396 argumenta
1443 1327 1728 1396 gentilium
1751 1325 2036 1380 destructi-

425 1431 538 1488 tur,
569 1421 693 1492 quia
729 1422 844 1491 ipse
877 1419 1142 1475 Dominus
1163 1421 1382 1490 gladius
1431 1420 1650 1475 fortium
1682 1429 1804 1485 est,
1833 1419 1900 1474 de
1929 1435 2036 1490 quo

425 1520 632 1576 dicitur
666 1538 678 1572 :
713 1517 990 1590 Accingere
1027 1516 1208 1587 gladio
1246 1527 1334 1571 tuo
1364 1533 1519 1588 super
1551 1521 1719 1587 feritur
1751 1527 1917 1583 tuum,
1940 1533 2035 1586 pa-

426 1611 734 1667 tentissima.
781 1609 968 1680 Specie
995 1618 1085 1662 tua
1129 1617 1176 1662 et
1218 1607 1603 1674 pulchritudine
1654 1620 1766 1676 tua,
1809 1608 2032 1674 intende,

429 1719 675 1776 prospere
703 1703 922 1774 procede
948 1709 997 1755 et
1029 1716 1229 1774 regna;
1259 1709 1470 1772 prapter
1499 1701 1766 1755 veritatem
1806 1711 1852 1754 et
1885 1717 2033 1754 man-

1699 287 1755 339 ὃ.
1802 282 2074 340 lSUSEBll

432 402 572 453 Salio
600 398 779 453 carnis
824 409 1140 470 assumpta.
1192 400 1303 454 llae
1338 399 1595 468 impletur
1625 397 1880 470 El-ltraitn
1912 441 1926 464 ,
1976 411 2026 450 ot
2059 402 2113 460 Α

2140 280 2517 341 1111⁴11ΟΝΥ111
3603 287 3749 342 1ι88

2217 400 2396 463 (Vols.
2444 403 2531 469 15,
2569 403 2691 474 lb'.)
2728 403 2795 456 Et
2825 403 3145 457 dﬂvorabunt
3174 409 3223 453 et
3252 401 3527 473 subjicieut
3557 401 3752 472 lapidi-

2138 495 2228 546 btts
2252 496 2428 564 funda:
2453 511 2472 548 :
2499 506 2544 548 et
2571 495 2794 550 bibentes
2824 495 3212 549 inebriabuntur
3236 495 3384 566 quasi
3414 495 3529 547 vino
3559 492 3745 565 [Vulg.

2139 601 2169 636 a
2201 586 2316 639 vino
2335 583 2353 656 ]
2371 627 2386 650 ,
2414 595 2460 639 et
2490 586 2828 658 replebttntur
2858 597 2913 641 ut
2937 586 3132 659 phiala:
3152 631 3165 654 ,
3194 597 3241 640 et
3267 587 3418 657 quasi
3442 603 3638 640 cornua
3661 585 3746 639 al-

2137 681 2288 745 taris,
2316 688 2362 732 et
2388 678 2604 732 salvabit
2626 696 2712 734 eos
2741 679 2994 734 Dominus
3017 677 3158 733 Deus
3185 695 3362 732 eorum
3386 679 3439 730 in
3464 676 3550 730 die
3568 676 3664 729 illa
3691 685 3748 730 ut

2137 787 2340 844 gregem
2363 772 2543 843 populi
2564 772 2666 839 sui,
2683 773 2806 839 quia
2828 772 3028 842 lapides
3041 773 3210 825 sancti
3231 772 3568 825 e~'erabuntur
3590 785 3748 841 super

2139 872 2329 917 terram
2355 867 2486 937 ejus.
2515 863 2657 918 LXX
2692 882 2706 919 :
2737 863 2806 918 Et
2833 874 3134 918 consument
3170 880 3255 917 eos
3281 907 3294 928 ,
3345 875 3391 916 et
3423 862 3644 916 obruent
3691 863 3746 916 in

2139 958 2402 1030 lapidibus
2434 958 2609 1028 [undae
2637 999 2652 1023 ,
2690 969 2736 1013 et
2769 958 2938 1013 bibent
2961 959 3266 1028 sanguinem
3295 974 3472 1012 eorum
3495 957 3632 1010 sicut
3673 956 3750 1010 vi-

2139 1069 2282 1114 num,
2315 1060 2362 1104 et
2394 1051 2672 1122 implebunt
2700 1052 2833 1105 sicut
2867 1051 3069 1118 phialas
3092 1051 3279 1112 altare,
3315 1058 3359 1102 et
3400 1048 3621 1101 salrabit
3652 1064 3746 1101 eos

2138 1141 2395 1196 Dominus
2421 1144 2472 1196 in
2495 1143 2580 1198 die
2595 1143 2687 1197 illa
2708 1144 2973 1197 sicutoves
2997 1143 3434 1211 papulumsuum,
3460 1141 3584 1211 quia
3611 1140 3748 1211 lapi-

2138 1237 2226 1289 des
2245 1237 2412 1290 sancti
2433 1239 3070 1305 volventnrsuperterram
3097 1237 3234 1300 eius.
3262 1235 3366 1289 Pro
3389 1250 3454 1286 co
3480 1232 3622 1301 quod
3641 1247 3746 1288 nos

2137 1330 2374 1384 diximus
2401 1373 2414 1392 ,
2461 1330 2811 1395 eler'abuntur,
2862 1339 2916 1381 et
2957 1330 3008 1382 in
3038 1329 3309 1383 llebraico
3358 1326 3622 1395 scriptum
3656 1333 3746 1380 est

2138 1437 2558 1476 METIINHSASOTH
2597 1421 2966 1492 (ΓιἹεῠἸεῖιιΞ),
3001 1430 3178 1490 potest
3208 1419 3554 1487 interpretari
3574 1418 3745 1491 868

2136 1515 2531 1583 vagantes,sive
2555 1513 2826 1586 fugientes.
2855 1512 3120 1568 Protectis
3147 1513 3271 1565 filiis
3301 1510 3455 1577 Sion,
3477 1520 3532 1566 et
3560 1510 3745 1564 Domi-

2135 1622 2206 1661 no
2233 1617 2484 1675 canente,
2511 1614 2566 1661 et
2591 1607 2821 1661 vadente
2851 1606 2902 1661 in
2933 1606 3148 1662 turbine
3177 1614 3366 1661 contra
3393 1605 3741 1660 adversarios

2135 1717 2324 1755 eorum
2351 1744 2365 1764 ,
2419 1709 2567 1755 tanta
2611 1701 2716 1755 erit
2746 1698 2898 1754 ruina
2927 1698 3250 1756 Graecorum
3283 1739 3297 1764 ,
3331 1707 3390 1752 ut
3417 1713 3524 1752 non
3552 1697 3732 1752 dicam

425 1795 757 1851 suetudinem
781 1803 826 1849 et
841 1787 1142 1868 justitiam,
1168 1803 1217 1848 et
1255 1795 1470 1849 deducet
1495 1803 1540 1848 te
1572 1794 1876 1849 mirabiliter
1905 1796 2029 1849 dex-
2059 1781 2106 1842 Β
2133 1791 2346 1861 gladiis,
2377 1791 2474 1847 sed
2503 1791 2649 1860 jactu
2681 1789 2919 1862 lapidum
2947 1800 3004 1846 et
3028 1790 3317 1846 fundarum
3348 1789 3616 1844 rotatibns
3638 1805 3744 1859 op-

426 1901 539 1944 tera
570 1901 660 1944 tua
680 1888 847 1962 (Ibid.
877 1887 1070 1955 xuv,4
1099 1896 1145 1942 et
1167 1903 1304 1958 seqq.
1330 1887 1372 1956 ).
1406 1888 1516 1942 Iloc
1536 1887 1718 1958 gladio
1740 1887 2028 1958 IEthiopes

430 1983 810 2044 vulnerantur,
843 1980 911 2036 de
931 1981 1128 2050 quibus
1151 1980 1408 2050 scriptum
1434 1989 1516 2034 est
1540 1997 1554 2032 :
1593 1978 1658 2032 Et
1678 1995 1788 2044 vos,
1808 1979 2025 2034 thia-

425 2094 553 2148 pes,
598 2075 852 2130 vulnerati
883 2089 995 2128 meo
1024 2071 1201 2147 gladio
1231 2073 1378 2128 eritis
1403 2071 1421 2145 (
1445 2073 1617 2143 Soph.
1653 2089 1728 2138 tt,
1773 2071 1896 2144 1‘2),
1932 2073 2024 2144 qui

426 2179 714 2242 postquam
742 2167 943 2224 Christi
975 2166 1160 2238 gladio
1194 2167 1715 2234 fuerinlvnluerati,
1753 2169 2029 2236 deponent

430 2273 634 2319 tetrum
655 2263 918 2329 Colorem,
948 2272 1002 2317 et
1019 2262 1356 2318 exsultantes
1374 2262 1698 2331 loquentur:
1725 2262 1838 2317 Erit
1860 2263 2030 2333 splen-

427 2356 528 2411 dor
560 2357 771 2410 Domini
807 2353 906 2409 Dei
943 2356 1105 2409 nostri
1147 2371 1306 2424 super
1341 2372 1434 2410 nos
1458 2354 1578 2426 (Ps.
1612 2371 1810 2411 uxxrx
1835 2398 1852 2424 ,
1886 2358 1979 2427 17)
2011 2375 2022 2410 :

423 2451 654 2520 quodet
687 2448 854 2505 David
901 2448 1004 2504 sibi
1048 2458 1169 2518 post
1212 2447 1596 2518 pienitentiam
1647 2450 2022 2520 repromittit:

423 2542 646 2598 Lavabts
671 2559 768 2606 me,
798 2551 844 2597 et
859 2557 1014 2613 super
1036 2543 1202 2596 nivem
1225 2541 1504 2595 dealbabor
1524 2539 1721 2605 (Ibid,
1748 2557 1794 2604 ι..
1815 2540 1893 2612 9).
1920 2542 2029 2598 Iste

429 2646 515 2694 est
548 2635 756 2708 gladius
787 2633 857 2689 de
885 2648 996 2705 quo
1039 2632 1228 2687 scribit
1257 2632 1556 2700 Apostolus
1589 2650 1602 2687 :
1641 2633 1829 2688 Vivens
1860 2651 2028 2689 sermo

428 2728 530 2785 Dei
558 2735 606 2782 et
647 2727 836 2799 efﬁcax
858 2769 873 2794 ,
909 2734 954 2780 et
997 2726 1366 2794 penetrabilior
1397 2728 1536 2780 onmi
1565 2727 1742 2800 glazlio
1772 2729 2024 2800 ancipiti,

426 2830 478 2876 et
501 2821 794 2891 pertingens
822 2833 982 2888 usque
1003 2817 1071 2870 ad
1096 2817 1400 2872 divisionem
1422 2819 1614 2874 anima:
1634 2836 1696 2872 ac
1719 2821 1952 2888 spiritus.

506 2915 525 2984 (
551 2913 707 2969 Vers.
745 2910 833 2967 H.
861 2910 880 2982 )
914 2909 979 2965 Et
1009 2909 1264 2964 Dominus
1294 2907 1434 2964 Deus
1460 2927 1612 2974 super
1644 2927 1727 2966 eos
1752 2911 2024 2978 videbitur,

427 3007 591 3082 867
613 3016 658 3060 et
690 3004 842 3058 exibit
868 3015 918 3056 ut
937 3005 1113 3074 fulgur
1132 3004 1370 3076 jaculum
1400 3007 1582 3076 ejus,et
1615 2994 1868 3060 Dominus
1895 3005 2032 3060 Deus

429 3105 481 3156 in
507 3104 628 3156 tuba
644 3108 812 3159 canet,
830 3109 876 3154 et
899 3098 1042 3152 vadet
1060 3100 1109 3151 in
1135 3098 1338 3151 turbine
1370 3101 1566 3152 Austri.
1600 3097 1855 3153 Dominus
1881 3116 2031 3153 emer-

2132 1885 2454 1955 primantur,
2488 1883 2560 1938 ita
2587 1893 2642 1937 ut
2674 1883 2870 1953 praeda:
2901 1883 3009 1938 sint
3040 1892 3093 1937 et
3122 1881 3464 1937 derorationi
3497 1881 3742 1938 inimicis

2127 1977 2258 2030 suis.
2294 1977 2447 2030 'l‘unc
2472 1975 2721 2031 bibentes
2744 1976 3162 2030 inebriabnntur
3189 1974 3344 2045 quasi
3367 1975 3510 2028 vino.
3535 1973 3653 2029 Non
3685 1972 3744 2029 hi

2132 2072 2224 2142 qui
2258 2071 2386 2126 εειξεί
2419 2081 2565 2136 sunt,
2590 2070 2728 2126 ebrii
2763 2081 2920 2126 erunt
2954 2071 3222 2139 sanguine
3246 2085 3347 2125 suo
3377 2086 3390 2132 ;
3423 2068 3517 2122 sed
3552 2067 3606 2122 hi
3637 2067 3735 2138 qui

2128 2165 2358 2221 vicerint
2390 2165 2547 2235 quasi
2578 2165 2718 2220 ebrii
2742 2179 2863 2218 cum
2896 2165 3284 2233 desperatione
3309 2163 3646 2233 pugnabunt,
3683 2168 3743 2216 et

2131 2259 2410 2328 placebunt
2429 2258 2656 2313 Domino
2673 2257 2824 2327 quasi
2839 2257 3264 2324 altarisrornua,
3287 2257 3512 2335 ejusque
3528 2255 3735 2311 libatio.

2130 2353 2244 2409 Hoc
2272 2353 2416 2408 enim
2448 2351 2775 2421 intelligitur
2804 2356 2854 2405 in
2882 2351 3102 2421 phialis,
3133 2352 3333 2420 quibus
3368 2366 3536 2419 super
3559 2350 3737 2405 altare

2129 2443 2236 2499 liba
2269 2445 2593 2500 funduntur.
2634 2444 2872 2500 Salvabi‘t
2903 2460 3118 2514 quoque
3159 2441 3420 2497 Dominus
3465 2458 3560 2497 eos
3590 2443 3742 2498 sicut

2131 2552 2258 2593 ures
2299 2547 2354 2593 et
2393 2553 2614 2608 gregem
2660 2536 2847 2606 pepuli
2884 2538 2964 2592 sui
3000 2554 3010 2588 :
3049 2553 3156 2592 non
3187 2537 3334 2592 enim
3383 2545 3441 2590 ut
3485 2545 3738 2593 armatus

2131 2630 2409 2684 exercitus
2450 2637 2506 2684 et
2537 2630 2835 2683 instructus
2864 2641 2981 2683 arte
3012 2629 3254 2686 bellandi
3287 2629 3576 2684 adversum
3610 2629 3729 2682 Ma-

2131 2721 2368 2776 cedones
2395 2720 2712 2786 dimicabit;
2747 2721 2842 2776 sed
2868 2723 3046 2777 veniet
3076 2722 3230 2790 quasi
3256 2737 3393 2792 grex
3422 2730 3640 2789 paratos
3663 2721 3738 2776 ad

2134 2822 2385 2873 mortem.
2421 2824 2474 2868 et
2499 2814 2728 2869 Domino
2749 2814 3068 2882 auxiliante,
3101 2814 3400 2883 superabit.
3426 2814 3491 2869 Et
3520 2814 3738 2884 lapides

2131 2909 2305 2963 sancti
2352 2908 2445 2979 qui
2491 2908 2740 2978 oppressi
2794 2908 2993 2963 fuerint
3025 2907 3280 2980 (lapides
3319 2917 3503 2964 autem
3534 2917 3738 2978 vocat,

2135 3010 2362 3070 propter
2390 3001 2649 3055 duritiam
2699 3000 3113 3056 tribulationum
3153 3013 3206 3058 et
3241 3003 3407 3057 animi
3454 3002 3736 3058 fortitudi-

2135 3113 2258 3165 nem
2287 3099 2304 3166 )
2333 3097 2695 3153 elevabuntur
2733 3097 2804 3152 de
2846 3096 3154 3152 humilitate
3184 3113 3281 3152 sua
3309 3141 3324 3165 ,
3375 3107 3432 3152 et
3471 3109 3634 3152 erunt
3669 3099 3729 3154 in

422 3197 618 3250 cituum
648 3199 873 3264 proteget
916 3208 1023 3244 eos.
1079 3189 1220 3243 LXX
1250 3205 1262 3243 :
1311 3188 1377 3242 Et
1417 3189 1672 3246 Dominus
1705 3191 1839 3244 Deus
1871 3210 2028 3264 super
2053 3167 2100 3231 (ἶ
2133 3201 2276 3247 terra
2320 3191 2467 3244 illius
2501 3189 2746 3260 gloriosi.
2777 3190 2953 3245 Aliter
2981 3205 2996 3244 :
3029 3190 3263 3260 Lapides
3292 3192 3466 3246 sancti
3513 3190 3629 3262 ejus
3661 3191 3735 3250 de

340 3331 349 3340 .
424 3293 567 3363 ipsos
589 3286 894 3360 apparebit;
925 3293 971 3340 et
993 3284 1285 3356 egredietur
1309 3283 1439 3338 sicut
1464 3285 1641 3356 fulgur
1662 3287 1852 3356 sagitta
1875 3289 1988 3359 ejus
2009 3301 2029 3340 :

422 3392 474 3437 et
501 3381 758 3435 Dominus
785 3379 924 3434 Deus
947 3386 973 3414 ἰ
997 3379 1316 3448 omnipotens
1347 3377 1549 3430 sonabit
1585 3377 1637 3431 in
1670 3378 1791 3431 tuba
1817 3421 1829 3442 ,
1865 3388 1909 3432 et
1938 3379 2028 3432 ibit

425 3475 482 3528 in
510 3475 858 3529 commotione
887 3469 1102 3526 terroris
1128 3470 1232 3523 sui.
1270 3467 1526 3523 Dominus
1555 3471 1878 3542 omnipotens
1906 3489 2030 3543 pro-

429 3577 562 3642 teget
591 3584 698 3622 eos.
747 3566 811 3620 Et
839 3565 986 3619 hunc
1016 3563 1195 3618 locum
1223 3563 1289 3617 ad
1325 3562 1753 3617 Machalncorum
1787 3563 2030 3620 referunt

428 3669 673 3730 tempora
716 3655 863 3728 quod
899 3655 1006 3710 illis
1051 3667 1244 3710 contra
1278 3653 1606 3709 Antiochum
1637 3653 2029 3712 dimicantibus

428 3764 593 3825 atque
617 3750 965 3808 vincentibus
987 3793 1002 3816 ,
1035 3746 1248 3803 Domini
1278 3747 1442 3803 fuerit
1472 3764 1645 3820 pugna
1673 3760 1834 3821 atque
1859 3751 2029 3806 victo-

430 3848 534 3916 ria,
567 3846 660 3918 qui
689 3859 942 3917 egressus
963 3843 1034 3898 sit
1065 3842 1223 3897 fortis
1249 3841 1316 3895 ad
1346 3841 1617 3911 praelium,
1649 3853 1703 3900 et
1729 3845 1898 3900 instar
1927 3845 2030 3900 ful-

429 3940 580 4011 guris
607 3939 759 3994 illius
783 3935 1021 4007 potentia
1051 3936 1365 4006 apparuerit
1388 3935 1654 4006 victisque
1677 3936 2024 4005 adversariis,

428 4045 488 4095 et
524 4031 753 4090 turbinis
781 4039 958 4086 morte
987 4029 1274 4099 dispersis,
1319 4029 1618 4099 protexerit
1647 4017 1904 4100 populum
1936 4033 2030 4088 Ju-

429 4131 699 4188 daeornm.
730 4123 840 4180 Nos
870 4131 1052 4177 autem
1085 4121 1388 4176 referemus
1410 4131 1604 4177 cuncta
1630 4126 1694 4178 nd
1719 4123 2028 4196 intelligen-

438 4223 565 4276 tiam
599 4215 901 4277 Salvatoris
926 4257 943 4284 ,
975 4214 1044 4269 de
1075 4228 1184 4284 quo
1211 4229 1370 4283 supra
1402 4213 1604 4269 dietum
1639 4224 1722 4270 cst
1756 4234 1769 4271 :
1801 4216 2031 4274 Extendi

433 4315 562 4370 mihi
591 4313 790 4368 ludam
817 4307 968 4381 quasi
998 4323 1198 4361 arcum.
1249 4307 1365 4375 Quo
1396 4317 1646 4374 extenso,
1681 4318 1733 4364 et
1762 4307 2030 4367 hirreticis

435 4419 596 4480 atque
623 4403 920 4475 gentilibus
947 4418 974 4457 a
1007 4402 1138 4458 Sion
1175 4401 1295 4455 llliis
1347 4401 1648 4458 interfectis
1675 4443 1691 4469 ,
1745 4405 2030 4473 apparebit

431 4502 606 4577 gloria
632 4498 870 4564 Domini,
896 4507 952 4552 et
983 4495 1300 4566 egredietur
1329 4505 1382 4549 ut
1417 4493 1595 4564 fulgur
1615 4496 1855 4566 jaculum
1887 4498 2026 4569 ejus,

2130 3303 2328 3358 genere
2344 3285 2669 3340 sacerdotali
2689 3301 2784 3353 per
2798 3285 3012 3340 diversa
3033 3285 3323 3355 fugientes,
3351 3284 3443 3341 illo
3459 3286 3740 3342 tribuente

2129 3379 2413 3436 victoriam
2444 3388 2871 3450 consequentur,
2904 3379 3153 3434 dieamus
3175 3391 3225 3435 et
3247 3379 3402 3449 juxta
3425 3395 3732 3451 anagogen,

2132 3473 2300 3527 immo
2329 3471 2682 3541 esplanemus
2717 3471 3058 3543 prophetiam
3092 3471 3283 3526 multis
3305 3471 3738 3530 obscuritatibus

2132 3566 2450 3621 involutam.
2479 3565 2599 3620 Filii
2627 3565 2754 3621 Sion
2782 3567 3013 3636 protecti
3039 3581 3068 3619 a
3095 3565 3325 3620 Domino
3347 3582 3467 3634 suo,
3498 3568 3740 3622 dei-ora-

2133 3658 2268 3712 bunt
2300 3658 2646 3714 adversarios
2673 3674 2823 3728 suos,
2858 3673 2996 3730 quos
3024 3659 3379 3731 intelligimus
3404 3661 3548 3716 filios
3572 3661 3732 3716 Grae-

2131 3750 2250 3806 ciaa.
2279 3752 2342 3806 Et
2367 3751 2663 3822 subjicient
2682 3751 2950 3824 lapidibus
2973 3752 3180 3821 fundae,
3203 3756 3736 3814 comminationibus

2132 3846 2567 3916 Seripturarom,
2587 3846 2655 3902 de
2669 3846 2998 3903 adversariis
3017 3847 3134 3903 suis
3161 3847 3440 3917 subjectos
3467 3848 3737 3907 humiles-

2135 3955 2240 4011 que
2270 3938 2576 3996 facientes:
2608 3940 2740 3995 nihil
2765 3940 2911 3995 enim
2941 3941 3013 3994 ita
3039 3940 3296 4010 percutit,
3330 3949 3385 3996 ut
3418 3945 3734 4011 exemplum

2132 4034 2199 4088 de
2222 4033 2525 4104 Seripturis
2544 4034 2836 4096 sanctis,et
2856 4035 3222 4089 testimonium
3247 4043 3425 4088 relatu
3441 4035 3557 4090 oris
3572 4035 3740 4090 emis-

2131 4143 2272 4182 smn.
2301 4127 2459 4196 Quod
2487 4136 2667 4182 autem
2698 4126 2754 4182 in
2783 4127 2928 4184 LXX
2956 4128 3156 4183 dicitur
3183 4147 3196 4184 :
3228 4129 3296 4184 Et
3321 4129 3490 4184 bibent
3518 4130 3738 4202 sangui-

2133 4236 2248 4274 nem
2280 4235 2460 4274 eorum
2485 4220 2632 4291 quasi
2657 4221 2858 4286 vinum,
2890 4221 2942 4275 in
2967 4221 3202 4276 Hebraeo
3233 4239 3339 4278 non
3369 4224 3437 4277 ita
3471 4223 3733 4294 legimus;

2132 4312 2226 4368 sed
2257 4311 2484 4367 bibentes
2511 4311 2904 4367 inebriabuntur
2922 4316 3071 4384 quasi
3096 4315 3232 4376 vino,
3259 4325 3317 4370 ut
3343 4315 3572 4370 audiant
3603 4317 3734 4373 illud

2133 4405 2200 4461 de
2221 4405 2446 4462 Cantica
2471 4407 2812 4462 canticorum
2846 4423 2859 4460 :
2892 4405 3079 4473 Bibite,
3103 4409 3288 4474 amici,
3327 4417 3377 4462 et
3407 4408 3738 4464 inebriamini

2139 4501 2333 4574 (Cant.
2356 4517 2410 4566 v,
2443 4500 2530 4574 1).
2580 4501 2649 4556 Et
2679 4502 2750 4556 ita
2783 4502 3018 4570 placebit
3048 4518 3238 4558 eorum
3281 4503 3547 4571 ebrietas,
3578 4503 3736 4574 quasi

431 4561 501 4656 de
522 4610 630 4668 quo
660 4593 876 4664 fulgure
907 4601 963 4645 et
991 4589 1044 4644 ill
1074 4589 1298 4644 Μηκιυο
1326 4588 1558 4658 legimus
1594 4608 1604 4643 :
1637 4588 1703 4645 In
1731 4591 1846 4646 luce
1867 4594 2027 4665 sagit-
2055 4561 2108 4624 Β
2133 4561 2318 4652 altaris
2347 4561 2708 4657 sacrificium;
2743 4602 2798 4649 et
2827 4595 2976 4665 quasi
3000 4611 3228 4674 corona,
3259 4597 3372 4651 sive
3396 4561 3576 4667 anguli
3597 4561 3738 4651 alta-

429 4703 600 4748 tarum
621 4696 829 4744 tuarum
853 4684 998 4738 ibunt
1023 4682 1072 4735 in
1096 4681 1370 4753 splendore
1393 4681 1711 4754 fnlgurantis
1739 4683 1903 4741 hastis:
1925 4696 2029 4743 tua:

435 4784 619 4858 (Abas.
646 4798 722 4844 tu,
757 4776 870 4849 1-1).
901 4772 1053 4842 Quod
1084 4773 1265 4844 fulgur
1288 4782 1343 4829 et
1364 4774 1622 4844 splendor
1643 4779 1750 4834 alio
1773 4781 2033 4836 vocabulo

429 4879 560 4935 tuba
587 4875 893 4947 appellatur
921 4879 977 4926 et
1025 4869 1270 4940 clangor,
1331 4879 1385 4922 ut
1419 4885 1540 4924 cum
1573 4884 1795 4930 sanctus
1826 4875 2032 4933 clamor

429 4969 541 5044 [AL
573 4965 823 5039 clangor]
855 4961 1180 5027 insonuerit,
1213 4960 1364 5015 dicat
1395 4961 1484 5032 qui
1509 4961 1654 5032 prius
1682 4964 1862 5021 surdis
1886 4969 2030 5023 auri-

431 5065 534 5120 bus
561 5061 738 5116 fuerat
771 5077 786 5114 :
821 5056 1115 5128 Disciplina
1148 5053 1358 5108 Domini
1386 5057 1587 5127 aperuit
1613 5057 1739 5110 milii
1760 5075 1945 5128 aures,
1977 5073 2028 5117 et

427 5156 568 5212 dedit
589 5153 716 5208 mihi
739 5167 916 5204 aurem
937 5150 1003 5202 ad
1029 5147 1367 5203 audiendum.
1385 5149 1648 5221 Quodque
1669 5153 1917 5223 sequitur
1933 5173 1943 5209 :
1959 5155 2030 5211 Et

427 5247 578 5302 vadet
600 5246 651 5299 in
683 5243 884 5296 turbine
905 5239 1116 5308 Austri,
1165 5241 1282 5296 sive
1313 5241 1461 5293 vadet
1489 5241 1540 5293 in
1569 5253 1710 5297 motu
1737 5247 2026 5302 connuina-

401 5337 584 5394 tionis
611 5349 742 5388 sine.
772 5331 901 5388 Ideo
932 5330 1322 5396 comminatur,
1357 5339 1413 5386 et
1439 5331 1571 5386 dicit
1596 5378 1609 5403 ,
1665 5350 1722 5389 se
1751 5337 2023 5394 illaturtun

423 5446 552 5490 esse
578 5427 866 5499 supplicia,
891 5435 950 5479 ut
979 5424 1360 5494 pmnitentium
1387 5427 1734 5484 misereatur.
1783 5431 2026 5504 Denique

421 5524 605 5596 jungit
625 5533 679 5578 et
700 5520 835 5576 dicit
855 5537 867 5572 :
888 5516 1144 5574 Dominus
1167 5521 1490 5591 omnipotens
1511 5530 1744 5592 proteget
1769 5542 1872 5591 eos,
1889 5543 2026 5598 qUUS

426 5623 577 5692 prius
609 5633 703 5671 sua
754 5613 1181 5670 comminatione
1223 5621 1512 5670 terruerat.
1549 5615 1818 5688 Legamus
1853 5620 2023 5680 histo-

419 5713 559 5769 riam
592 5709 973 5765 Ninivitarum.

2133 4689 2230 4744 ris.
2265 4689 2510 4745 Salvabit
2531 4702 2751 4758 quoque
2776 4703 2870 4743 eos
2894 4688 3174 4756 Dominus,
3210 4691 3365 4759 quasi
3388 4704 3604 4760 gregem
3637 4703 3736 4759 po-

2136 4778 2248 4850 puli
2279 4779 2384 4845 sui,
2418 4779 2545 4850 quia
2577 4779 2784 4850 lapides
2815 4780 2988 4834 saneti
3016 4779 3301 4836 volveutur
3332 4797 3501 4849 super
3525 4789 3732 4838 terram

2136 4876 2280 4944 ejus,
2313 4873 2406 4944 qui
2432 4882 2642 4928 tantum
2669 4882 2827 4928 erunt
2859 4872 3008 4929 leves
3035 4883 3088 4929 et
3117 4873 3170 4928 in
3199 4873 3435 4929 sublime
3465 4873 3728 4943 nitentes,

2140 4975 2198 5022 ut
2229 4983 2334 5020 non
2368 4965 2754 5036 praestolentur
2793 4965 3181 5022 mdiﬁcantium
3232 4981 3452 5032 manus,
3500 4966 3596 5022 sed
3626 4966 3733 5038 ipsi

2134 5059 2392 5115 festinent
2417 5059 2622 5128 imponi
2645 5073 2808 5128 super
2835 5059 3244 5115 fundamentum
3264 5057 3489 5124 Christi,
3522 5070 3576 5114 et
3600 5074 3733 5115 eon-

2131 5152 2291 5206 tineri
2324 5150 2566 5220 angnlari
2597 5151 2796 5220 lapide,
2825 5150 2897 5206 de
2917 5151 3114 5222 quibus
3137 5162 3192 5207 et
3225 5151 3418 5206 Petrus
3445 5150 3727 5220 apostolus

2139 5243 2308 5316 869
2338 5243 2608 5314 loquitur:
2639 5243 3005 5314 Sicutlapides
3025 5246 3121 5299 vivi
3148 5243 3644 5316 supermdi/icamini
3672 5243 3730 5298 in

2135 5337 2345 5390 domum
2367 5335 2715 5408 spiritualcm,
2743 5346 2790 5390 et
2810 5337 3151 5390 sacerdotium
3173 5343 3430 5397 sanctum,
3455 5332 3544 5400 017i
3559 5341 3728 5389 rentes

2133 5431 2434 5502 spirituales
2464 5431 2719 5497 victimas,
2747 5430 3002 5499 placentes
3049 5427 3153 5482 Deo
3180 5430 3198 5498 (
3229 5426 3405 5481 lPetr.
3437 5443 3474 5487 ι,
3504 5428 3533 5482 5
3557 5425 3600 5496 ).
3635 5425 3728 5482 Isti

2134 5539 2258 5585 sunt
2287 5525 2494 5594 lapides
2524 5525 2616 5595 (tui
2648 5524 2986 5588 clamabunt,
3027 5523 3072 5576 si
3113 5521 3338 5577 tacuerit
3380 5519 3608 5589 populus
3632 5518 3728 5574 Ju-

2133 5623 2373 5676 daeormn
2399 5618 2551 5691 (Luc.
2579 5618 2721 5690 XIX),
2744 5624 2800 5672 et
2821 5615 3105 5670 volventur
3131 5612 3390 5686 quamdiu
3416 5613 3467 5666 in
3498 5625 3728 5680 corpore

2132 5716 2332 5773 fuerint
2356 5729 2519 5787 super
2543 5724 2769 5780 terram,
2799 5710 2921 5783 quia
2946 5717 3201 5782 aggravat
3223 5719 3434 5765 terrena
3463 5703 3726 5764 habitatio

492 5839 514 5870 "
550 5827 607 5884 lit
631 5827 817 5883 Greco
855 5823 1096 5895 Densi-iu
1133 5829 1324 5902 Regii}.
1360 5849 1458 5889 ms.
1494 5836 1816 5909 Otttnipolrm
1847 5837 2217 5903 desideratur.
2265 5891 2276 5899 _
