4056 6342
314 318 480 379 1589.

1052 321 1706 380 COMMENTARlORUM
1744 321 1808 378 IN
1850 320 2253 378 ZACIIARIA“
2298 322 2425 378 LIB.
2470 322 2534 377 ll.
2576 322 2730 377 CAP.
2776 321 2843 377 Χ.

3470 313 3615 385 assa

308 457 528 499 sensum
564 444 728 499 multa
753 453 1031 499 curantem
1063 444 1303 515 (Sapien.
1334 442 1432 514 ιχ),
1464 452 1516 498 et
1540 443 1592 497 in
1619 458 1784 496 carne
1814 458 1902 509 po-
1934 444 1986 502 Α
2013 442 2360 506 mendacium,
2395 450 2443 494 et
2492 440 2830 494 sonmiatores
2875 436 3039 490 locuti
3085 444 3206 490 sunt
3235 435 3456 505 frustra,
3487 446 3623 484 vane

308 538 446 590 situs
476 535 709 591 Sanctus
738 537 978 606 loquitur
1023 554 1035 590 :
1072 538 1198 603 Quis
1226 536 1367 588 dabit
1398 535 1526 588 mihi
1558 550 1751 603 pennas
1776 534 1905 585 sicut

310 632 559 686 columba:
587 631 705 700 (Ps.
728 630 935 701 Ltv,7)?
962 631 1053 702 qui
1084 640 1346 701 quantum
1378 630 1429 683 in
1458 646 1516 683 se
1538 639 1644 697 est,
1676 636 1908 684 conatur

308 734 366 779 et
395 724 660 787 volvitur;
693 732 748 777 ct
779 722 1009 793 erigitur
1039 723 1107 776 ad
1139 737 1372 786 stnnma,
1404 720 1501 776 sed
1532 720 1714 774 carnis
1746 718 1907 788 fragi-

309 815 465 872 litate
494 817 780 871 retinetur.
812 815 980 869 Terra
1014 824 1194 869 autem
1217 814 1305 867 illa
1330 824 1409 868 est
1428 828 1593 882 super
1612 827 1770 882 quam
1791 812 1907 864 vol-

308 918 511 964 vuntur
539 908 771 978 lapides,
811 907 878 961 de
910 922 1015 978 qua
1061 906 1290 977 legimus
1325 924 1337 959 :
1388 905 1599 960 (.‘autate
1649 903 1904 969 Domino,

309 1004 478 1056 omnis
510 1012 646 1056 terra
679 1000 804 1073 (Ps.
842 1016 962 1068 xcv,
1002 997 1079 1070 I).
1112 1000 1179 1055 Et
1207 1019 1217 1053 :
1258 1000 1437 1053 Omnis
1470 1010 1607 1053 terra
1630 998 1809 1052 adoret
1838 1005 1905 1062 te,

308 1103 362 1149 et
390 1093 581 1167 psallat
616 1094 706 1147 tibi
739 1092 867 1165 (Ps.
898 1110 1019 1161 va,
1053 1092 1139 1164 4).

382 1188 567 1257 (Veis.
600 1188 713 1257 t7.)
746 1188 881 1255 Quid
910 1188 1042 1241 enim
1068 1188 1256 1241 bonum
1286 1191 1397 1260 ejus
1426 1197 1521 1251 est,
1557 1196 1601 1241 et
1632 1185 1757 1257 quid
1788 1185 1909 1255 pul-

310 1281 494 1335 chrum
538 1284 673 1352 ejus,
705 1282 806 1334 nisi
838 1283 1153 1352 frumentum
1174 1281 1479 1346 electorum,
1510 1290 1555 1333 et
1582 1281 1754 1333 vinum
1794 1295 1911 1350 ger-

309 1375 512 1427 minans
542 1375 805 1444 virgines?
846 1373 1014 1428 LXX:
1052 1374 1185 1440 Quia
1217 1375 1260 1428 si
1288 1375 1413 1444 quid
1453 1374 1701 1445 Optimum
1748 1372 1906 1435 illius,

307 1476 356 1521 et
383 1467 572 1537 siquid
600 1468 785 1519 bonum
817 1467 880 1519 ab
910 1483 989 1532 eo,
1020 1468 1335 1535 frumentmn
1359 1467 1639 1538 juvenibus
1660 1477 1706 1520 et
1738 1467 1912 1519 vinum

309 1560 428 1615 boni
449 1562 624 1614 odoris
649 1562 716 1613 ad
742 1562 986 1633 virgines.
1016 1561 1162 1629 Ideo,
1189 1562 1461 1632 inquiunt,
1489 1562 1781 1616 Machaha-i
1807 1560 1912 1616 huc

306 1654 547 1724 illucque
590 1653 875 1725 fugientes,
913 1656 1139 1710 Domino
1186 1656 1502 1721 auxiliante,
1550 1655 1907 1726 superabunt,

309 1756 390 1811 ut,
417 1747 605 1815 ejectis
659 1748 1042 1802 Macedonibus
1074 1747 1140 1803 de
1188 1760 1329 1803 terra
1380 1749 1570 1812 Israel,
1621 1749 1911 1803 tnuudelur

2012 533 2446 588 consolabuntur:
2471 534 2669 587 idcirco
2698 531 2908 586 abducti
2931 539 3050 584 sunt
3071 527 3181 601 [AL
3213 523 3613 596 adducti]quasi

2012 644 2168 699 grex:
2200 630 2523 700 affliguntur,
2552 629 2674 698 quia
2701 644 2803 681 non
2845 635 2917 679 est
2948 624 3020 677 eis
3052 632 3249 696 pastor.
3283 618 3429 675 LXX
3464 635 3477 671 :
3508 616 3619 671 Ριοο

2011 724 2101 777 tite
2129 724 2357 793 pluvium
2400 741 2431 778 a
2473 722 2699 776 Domino
2751 731 3119 795 Opportunum,
3154 728 3537 785 temporaneam
3570 720 3621 766 et

2010 816 2329 869 serotinum:
2358 814 2608 868 Dominus
2645 816 2765 885 fecit
2788 812 3110 885 phantasias,
3140 820 3187 865 et
3223 808 3455 882 pluviam
3503 805 3616 861 hie-

2010 907 2193 962 malent
2221 910 2363 963 dabit
2390 910 2487 975 eis,
2522 909 2796 979 unicuique
2842 908 3052 962 herbam
3080 908 3132 961 in
3157 924 3286 979 agro
3318 922 3335 959 :
3366 905 3615 974 quoniam

2011 1001 2066 1054 hi
2093 1003 2181 1072 qui
2212 1001 2576 1074 loquebantur,
2608 1000 2767 1054 locuti
2814 1011 2931 1055 sunt
2962 1003 3163 1054 labores
3191 1016 3208 1054 :
3243 1008 3293 1055 et
3336 998 3497 1052 divini
3540 996 3619 1051 vi-

2010 1096 2178 1149 siones
2209 1095 2392 1166 falsas,
2425 1105 2469 1149 et
2502 1096 2700 1150 somnia
2728 1095 2864 1165 falsa
2897 1095 3058 1147 locuti
3081 1102 3222 1157 sunt,
3268 1109 3393 1147 rane
3429 1107 3616 1146 conso-

2012 1187 2254 1242 labantur
2273 1205 2292 1243 :
2318 1190 2432 1242 ideo
2454 1191 2674 1261 arefacti
2702 1200 2821 1243 sunt
2848 1190 2980 1242 sicut
3007 1205 3148 1253 oves,
3180 1198 3227 1242 et
3257 1187 3445 1258 afﬂicti
3468 1195 3614 1251 sunt,

2010 1281 2133 1351 quia
2157 1297 2259 1333 non
2287 1290 2394 1334 erat
2421 1282 2508 1352 qui
2539 1291 2769 1336 sanaret.
2798 1281 2872 1336 Ita
2910 1280 3145 1335 felicitas
3168 1294 3287 1351 qum
3315 1280 3369 1334 in
3395 1277 3616 1351 Machao

2014 1373 2253 1427 bzcorum
2280 1381 2527 1442 tempore
2557 1375 2820 1443 promissa
2842 1382 2948 1438 est,
2966 1372 3182 1441 quando
3204 1372 3375 1428 sancti
3407 1371 3618 1441 lapides

2014 1466 2209 1521 elevati
2233 1475 2359 1521 sunt
2390 1482 2555 1537 super
2579 1476 2804 1534 terram,
2835 1475 2889 1521 et
2919 1482 3006 1522 res
3037 1466 3335 1521 lsraelitica
3363 1466 3536 1520 crevit
3562 1465 3616 1519 in

2013 1559 2210 1629 majus,
2257 1561 2524 1615 intantum
2577 1569 2634 1614 ut
2672 1576 2882 1615 rursum
2916 1560 3188 1615 frumento
3230 1558 3390 1630 Legis
3430 1557 3619 1629 populi

2014 1664 2386 1719 vescerentur,
2435 1663 2489 1710 et
2536 1655 2662 1710 vino
2719 1655 2889 1710 saneti
2934 1654 3167 1725 Spiritus
3212 1652 3620 1709 inebriarentur

2014 1748 2249 1818 virgines
2281 1758 2502 1815 vestrm,
2535 1764 2599 1803 ex
2632 1760 2781 1817 parte
2808 1750 3163 1818 promittitur.
3192 1747 3464 1803 Caeterum
3489 1747 3619 1818 quia

309 1840 590 1908 templum,
656 1840 819 1911 Legis
876 1851 1148 1911 prtccepta
1199 1852 1511 1908 serventur,
1566 1853 1622 1897 et
1675 1843 1907 1897 eruditio
1934 1827 2119 1909 Bjam
2152 1851 2455 1897 extremum
2492 1852 2703 1914 tempus
2746 1852 2828 1898 est
2855 1843 3267 1912 prophetarum,
3300 1850 3355 1898 et
3382 1841 3618 1897 mundus

309 1927 712 1998 Scriptararum
746 1946 959 1985 rursum
1004 1934 1271 2001 germinet
1300 1932 1558 2003 virgines,
1591 1934 1640 1988 id
1678 1944 1783 2001 est,
1815 1951 1909 2004 po-

306 2021 469 2092 pulos
508 2022 847 2077 credentium
889 2026 941 2077 in
976 2041 1140 2079 unum
1190 2026 1381 2090 Deum,
1413 2028 1503 2096 qui
1540 2030 1688 2097 prius
1738 2028 1910 2083 idolo-

307 2114 481 2169 latrize
538 2117 750 2172 fuerant
811 2119 1049 2173 cultibus
1109 2122 1465 2190 constuprati.
1521 2121 1577 2176 In
1640 2125 1911 2177 frumento

308 2210 628 2277 electorum,
680 2213 730 2266 id
763 2204 867 2278 est,
898 2228 1096 2268 meum
1132 2214 1409 2285 (@1133).
1443 2231 1547 2269 non
1571 2218 1811 2288 juvenes,
1853 2226 1913 2271 ut

308 2302 658 2375 Septuaginta
704 2308 1132 2373 transtulerunt;
1189 2312 1282 2363 sed
1335 2311 1519 2364 electos
1560 2322 1614 2365 et
1666 2312 1911 2367 eruditos

307 2397 455 2452 viros
488 2399 715 2469 intelligi
745 2402 954 2464 Volunt,
985 2404 1072 2471 qui
1108 2404 1456 2470 frumentum,
1485 2404 1535 2457 id
1570 2413 1671 2465 est.
1708 2404 1909 2476 Legem

310 2491 406 2548 Dei
434 2494 726 2549 comedere
754 2506 1088 2550 mercantur.
1142 2497 1248 2552 Pro
1278 2498 1426 2563 vino,
1460 2500 1603 2567 quod
1648 2499 1912 2555 Hebraice

309 2583 509 2639 dicitur
547 2588 1015 2659 'rutnos(tvtﬁtn),
1069 2588 1261 2659 Aquila
1313 2592 1463 2644 οἰνίαν
1516 2590 1914 2660 interpretatus

310 2688 427 2734 est:
476 2683 618 2751 quod
651 2691 703 2735 et
752 2682 926 2751 ipsum
971 2684 1035 2736 ad
1071 2683 1370 2739 ubertatem
1406 2683 1689 2740 vindemim
1721 2684 1910 2740 referri

312 2782 509 2843 potest.
548 2774 670 2828 llrec
700 2774 869 2829 Judaei
898 2777 1193 2830 aestimant.
1235 2776 1505 2831 C:eterum
1539 2791 1640 2831 nos
1672 2777 1913 2831 frumen-

290 2849 425 2922 ἰιιιη
454 2869 776 2937 electorum,
812 2869 926 2923 sive
970 2870 1255 2939 juvcunm,
1286 2879 1339 2925 et
1369 2872 1552 2924 vinum
1598 2873 1913 2940 germinans

312 2962 575 3029 virg'nes,
609 2964 724 3016 sive
767 2963 950 3015 viuum
986 2963 1110 3015 boui
1141 2961 1323 3016 odoris
1354 2963 1420 3015 ad
1462 2963 1721 3033 virgines,
1752 2962 1917 3017 intel-

312 3051 534 3122 ligimus
565 3052 848 3106 Dominum
875 3054 1233 3119 Salvatorem,
1268 3054 1359 3123 qui
1393 3055 1631 3122 loquitur
1656 3055 1709 3108 iu
1737 3054 1914 3109 Evan-

312 3144 454 3213 gelio
491 3161 505 3198 :
549 3143 669 3198 Nisi
690 3160 910 3215 granum
935 3145 1093 3198 tritici
1115 3146 1301 3200 cadens
1327 3147 1377 3198 in
1403 3157 1615 3209 terram,
1649 3154 1910 3200 mortuum

2014 1935 2254 1990 declinat
2298 1936 2361 1990 ad
2392 1936 2574 2004 linem,
2612 1946 2666 1991 ct
2694 1937 2871 1990 omnia
2900 1952 3019 2007 qua:
3061 1934 3321 2007 praedicta
3353 1946 3500 1998 sunt,
3534 1934 3619 1989 sui

2017 2027 2311 2082 terminum
2341 2028 2750 2096 pra-stolantur:
2776 2028 2949 2083 Petite
2968 2043 2997 2082 a
3022 2027 3257 2084 Domino
3280 2035 3338 2082 ut
3357 2025 3621 2082 detvobis

2017 2122 2254 2190 pluviam
2291 2121 2589 2177 serotinum
2623 2140 2633 2174 :
2672 2134 2728 2177 ut
2756 2120 3011 2179 Christus
3052 2123 3141 2193 qui
3171 2122 3475 2194 promissus
3509 2133 3620 2188 est,

2019 2215 2199 2268 veniat
2248 2225 2303 2270 et
2347 2216 2555 2269 tribuat
2586 2216 2740 2271 vobis
2786 2231 2939 2271 rores
2988 2226 3042 2271 et
3075 2217 3247 2282 nives,
3281 2231 3379 2287 pro
3421 2216 3619 2287 quibus

2018 2308 2280 2377 scriptum
2332 2317 2419 2362 est
2457 2310 2508 2363 iu
2550 2309 2780 2363 llebrmo
2810 2325 2992 2363 sztztu
3026 2308 3277 2380 (0mm).
3314 2309 3381 2363 Et
3427 2310 3618 2363 nescio

2018 2399 2144 2466 quid
2183 2400 2425 2454 volentes
2455 2399 2595 2455 LXX
2621 2400 2926 2469 phantasias
2956 2401 3299 2470 interpretati
3331 2414 3479 2468 sunt,
3512 2402 3619 2457 nisi

2018 2491 2155 2545 forte
2185 2492 2608 2561 magnitudinem
2655 2493 2845 2562 gratim
2877 2493 3408 2562 admirationemque
3440 2493 3620 2548 dono-

2018 2598 2159 2646 rum,
2191 2585 2410 2638 nomine
2428 2587 2726 2655 phantasia:
2750 2586 2972 2639 voluere
2997 2585 3327 2640 describere.
3359 2585 3621 2641 Dominus

2018 2691 2146 2745 ergo
2173 2678 2261 2747 qui
2288 2677 2532 2732 facturus
2562 2680 2723 2751 871
2750 2690 2832 2732 est
2865 2679 3015 2732 nives
3037 2689 3091 2732 et
3112 2678 3414 2732 siccitatem
3440 2679 3622 2733 omnis

2019 2781 2199 2836 terrm,
2243 2773 2575 2841 evangelica}
2610 2774 3017 2840 pra-dicationis
3045 2775 3365 2844 irrigaturus
3390 2784 3473 2829 est
3498 2775 3619 2845 pln~

2018 2864 2149 2918 viis:
2172 2864 2288 2933 ipse
2306 2865 2451 2919 dabit
2484 2863 2687 2920 imbres
2706 2867 3078 2932 credentibus,
3100 2878 3151 2920 et
3175 2867 3421 2923 ubertate
3438 2869 3620 2923 omnia

2017 2959 2462 3027 complebantur,
2512 2972 2569 3013 ut
2602 2970 2883 3029 postquam
2922 2961 2971 3014 in
3018 2958 3241 3015 Christo
3284 2960 3621 3016 crediderint

2020 3052 2291 3117 nationes,
2322 3051 2628 3119 intelligant
2670 3068 2805 3106 vana
2836 3067 2958 3107 esse
3001 3068 3121 3121 qua:
3152 3063 3277 3106 ante
3310 3052 3639 3108 coluerunt:

2021 3143 2148 3198 Sive
2191 3144 2310 3213 ipse
2362 3144 2525 3199 Israel
2571 3145 2861 3214 intelligat,
2902 3144 2993 3214 qui
3045 3144 3315 3215 quondam
3359 3144 3618 3215 deceptus

312 3238 490 3309 fuerit,
518 3239 686 3308 ipsum
708 3239 872 3292 solum
895 3249 1189 3309 permanet:
1211 3240 1293 3294 εἰη
1316 3251 1485 3293 amem
1506 3242 1781 3307 moriatur,
1806 3260 1913 3297 ma.
1941 3221 1991 3284 Ο
2025 3234 2345 3291 idololatria:
2394 3234 2675 3290 erroribus
2724 3237 3028 3302 tenebatur,
3062 3236 3256 3290 frustra
3291 3251 3351 3292 se
3384 3236 3625 3291 coluisse

307 3330 448 3401 iores
482 3332 683 3403 fructus
703 3332 852 3398 affert
896 3331 1074 3403 (Joan.
1123 3350 1214 3400 xu,
1240 3333 1357 3403 24).
1393 3335 1468 3388 De
1492 3335 1594 3389 hoc
1623 3336 1806 3392 tritico
1833 3337 1912 3392 ef-

312 3423 491 3479 ficitur
516 3425 606 3480 ille
642 3426 818 3494 panis,
863 3429 951 3495 qui
985 3429 1052 3483 de
1076 3428 1216 3484 caelo
1244 3429 1552 3495 descendit,
1582 3441 1637 3485 et
1660 3433 1749 3501 qui
1781 3446 1913 3486 con-

312 3517 491 3571 firmat
514 3533 609 3573 cor
636 3518 873 3574 hominis
902 3518 1019 3589 (Ps.
1045 3526 1179 3590 cm).
1206 3520 1356 3576 Hunc
1377 3538 1571 3591 panem
1595 3522 1910 3590 comedunt,

312 3613 404 3682 qui
433 3613 483 3667 iu
514 3611 732 3667 Christo
755 3613 961 3668 robusti
986 3623 1131 3679 sunt,
1159 3625 1211 3668 et
1238 3614 1303 3668 ad
1319 3615 1713 3683 quosJoanncs
1730 3615 1909 3670 Evan-

314 3705 503 3776 gelista
550 3706 787 3773 loquitur
823 3724 836 3759 :
872 3705 1057 3762 Scribo
1098 3708 1260 3772 vobis,
1298 3711 1536 3780 juvenes,
1585 3709 1709 3778 quia
1747 3726 1913 3763 sermo

313 3796 414 3853 Dei
454 3799 509 3852 in
550 3799 689 3853 vobis
716 3800 825 3873 [AL
860 3799 1028 3869 nobis]
1074 3810 1269 3866 manet,
1302 3811 1348 3855 et
1382 3806 1539 3873 fortes
1567 3804 1710 3867 estis,
1753 3813 1800 3856 et
1839 3804 1915 3855 vi-

314 3892 457 3947 cistis
486 3893 766 3964 malignum
797 3892 838 3963 (l
860 3891 1019 3947 Joan.
1068 3908 1127 3958 tt,
1180 3891 1289 3965 Μ).
1325 3894 1427 3962 Qui
1460 3895 1789 3949 frumentum
1832 3906 1917 3949 est

314 3985 637 4050 electorum,
671 3987 785 4039 sive
822 3987 1110 4054 juveonm,
1151 3987 1268 4056 ipse
1315 3999 1399 4040 est
1439 3998 1494 4043 et
1535 3989 1717 4042 vinum
1767 3990 1912 4058 quod

313 4080 558 4135 lartilicat
584 4082 750 4153 870
778 4096 874 4135 cor
905 4080 1164 4147 hominis,
1198 4090 1253 4136 et
1282 4082 1484 4137 bibitur
1529 4083 1597 4138 ab
1643 4083 1723 4137 his
1753 4086 1916 4152 virgi—

316 4174 497 4240 nibus,
547 4190 668 4244 qua:
720 4184 845 4227 sunt
886 4184 1092 4229 sancta:
1125 4184 1177 4228 et
1208 4191 1436 4243 corpore
1484 4186 1535 4230 et
1588 4177 1805 4245 spiritu,
1860 4185 1917 4231 ut

316 4267 599 4322 inebriato:
632 4267 1145 4336 atqucgaudenlcs,
1181 4277 1478 4337 sequantur
1509 4267 1838 4335 Ecclesiam,
1862 4279 1916 4322 et

316 4361 530 4417 dicatur
565 4362 632 4415 de
672 4363 792 4417 eis:
847 4362 1181 4415 Adducentnr
1211 4364 1321 4432 regi
1361 4364 1587 4435 virgines
1619 4372 1732 4430 post
1777 4379 1911 4428 eam,

319 4457 573 4525 proxima
602 4458 714 4527 ejus
746 4454 1033 4521 afferentur
1080 4455 1169 4507 tibi
1198 4471 1217 4508 :
1250 4453 1536 4520 afferentur
1561 4453 1613 4509 in
1646 4456 1827 4509 ltetitia
1868 4466 1916 4508 et

316 4550 661 4604 exsultatione
685 4547 803 4618 (Ps.
838 4564 983 4615 xuv,
1026 4549 1111 4613 lii,
1148 4550 1259 4617 lli).
1294 4549 1584 4615 Quomodo
1606 4549 1912 4603 enimlzcti—

318 4641 447 4695 tiam
476 4655 580 4695 non
612 4639 907 4705 habebunt,
940 4657 1061 4710 quae
1088 4640 1372 4694 inebriaue
1398 4642 1592 4710 poculo
1616 4642 1915 4697 Salvatoris

318 4742 648 4804 generantur
667 4734 717 4787 in
741 4732 1000 4803 virgines,
1034 4745 1089 4787 et
1117 4733 1321 4787 audent
1340 4734 1523 4789 dicere
1548 4750 1561 4788 :
1591 4733 1919 4789 Introducite

318 4842 399 4880 me
444 4827 497 4879 in
556 4825 800 4879 cellulam
854 4826 994 4892 vini,
1058 4828 1345 4896 confortate
1404 4844 1484 4880 me
1537 4829 1589 4880 in
1645 4827 1921 4897 unguentis

321 4917 496 4991 (Cant.
546 4936 606 4985 tt,
641 4921 719 4987 tl)?
757 4918 946 4972 Vinum
991 4918 1095 4972 hoc
1143 4920 1266 4972 boni
1312 4920 1499 4974 odoris
1533 4930 1638 4986 est,
1682 4920 1823 4974 unde
1866 4922 1917 4973 in

327 5013 516 5069 eodem
551 5014 793 5067 carmine
823 5012 1056 5068 dicitur:
1101 5011 1311 5067 Potabis
1346 5030 1424 5066 me
1451 5014 1515 5068 de
1544 5016 1660 5067 vr’no
1685 5030 1918 5084 unguen-

329 5108 462 5173 tarii,
496 5109 557 5159 de
587 5108 706 5160 rivis
736 5107 1212 5177 malogranatorunt
1236 5105 1343 5178 [AL
1374 5105 1675 5178 gnatorum]
1709 5118 1917 5160 tuorum

328 5200 592 5273 (Ibidem).
670 5202 781 5256 lloc
840 5203 963 5254 vino
1016 5200 1260 5255 inebriati
1299 5214 1422 5255 sunt
1469 5202 1557 5270 qui
1620 5211 1920 5271 sequuntur

326 5295 533 5363 Agnum
569 5294 657 5347 Dei
686 5307 1035 5362 quocumque
1063 5292 1234 5356 vadit,
1270 5293 1446 5347 vestiti
1480 5292 1723 5347 candidis
1752 5293 1919 5346 vesti-

325 5388 456 5453 bus;
488 5388 609 5457 quia
645 5403 704 5442 se
733 5403 853 5443 cum
883 5386 1202 5442 mulieribus
1232 5402 1336 5440 non
1380 5386 1876 5455 coinquinaverunt
1907 5406 1920 5440 ;

324 5480 563 5547 virgines
586 5481 731 5533 enim
762 5488 1178 5547 permanserunt
1209 5478 1396 5550 (Apoc.
1430 5482 1564 5545 xw).

398 5572 553 5642 (Cap.
588 5569 655 5625 X.
687 5600 757 5611 —-
802 5571 957 5626 Vcrs.
994 5571 1017 5625 1
1065 5568 1247 5641 seqq.)
1290 5569 1457 5623 Petite
1487 5587 1516 5622 ιι
1548 5569 1768 5624 Domino
1798 5571 1922 5642 plu-

324 5668 461 5723 viam
494 5667 547 5720 in
577 5676 806 5735 tempore
845 5666 1098 5732 serotiuo,
1134 5676 1179 5718 et
1207 5663 1465 5718 Dominus
1495 5667 1647 5735 faciet
1678 5666 1840 5729 nives,
1881 5675 1928 5719 et

325 5759 559 5831 pluviam
605 5758 783 5811 imbris
828 5758 971 5811 dabit
1018 5759 1115 5826 eis,
1170 5757 1390 5830 singulis
1419 5757 1629 5812 herbam
1672 5760 1726 5812 in
1776 5775 1927 5830 agro.

335 5851 472 5920 Quia
517 5850 801 5906 simulacra
830 5853 1005 5906 locuta
1033 5860 1154 5906 sunt
1183 5852 1387 5921 inutile,
1421 5861 1470 5906 et
1510 5852 1671 5906 divini
1694 5852 1931 5906 viderunt

2015 3327 2395 3394 simulacra,et
2418 3327 2724 3383 divinorum
2753 3329 2969 3382 audisse
2997 3326 3369 3395 mendacia,et
3395 3328 3619 3399 acquie-

2017 3422 2159 3475 visse
2206 3422 2455 3487 somniis,
2489 3422 2684 3491 quibus
2728 3420 3008 3491 Scriptura
3056 3421 3301 3491 przecipit
3344 3435 3451 3474 noa
3499 3434 3620 3475 cre—

2014 3518 2252 3573 dendum
2288 3517 2468 3590 (Deut.
2506 3517 2648 3589 xm).
2685 3518 2749 3573 Et
2776 3518 2847 3572 ob
2877 3517 3016 3573 hanc
3045 3532 3265 3571 causam
3296 3516 3446 3572 dueti
3493 3527 3621 3571 sunt

2016 3613 2168 3679 quasi
2196 3627 2331 3681 grex
2368 3613 2419 3666 in
2450 3614 2844 3682 captivitatem,
2874 3620 2931 3665 et
2956 3610 3145 3666 afﬂicti
3172 3609 3379 3679 absque
3404 3617 3620 3678 pastore

2018 3706 2147 3769 Deo,
2179 3707 2304 3775 quia
2344 3706 2506 3776 Legis
2534 3706 2780 3761 notitiam
2813 3720 2918 3759 non
2971 3703 3267 3759 habebant.
3310 3703 3501 3760 Omnis
3531 3705 3623 3761 hic

2019 3799 2168 3853 locus
2196 3799 2462 3853 obscurus
2494 3809 2550 3854 et
2575 3798 2775 3853 dubius
2806 3806 2910 3867 est,
2945 3809 2998 3852 et
3030 3797 3194 3852 debet
3245 3797 3405 3853 nobis
3451 3798 3626 3854 lector

2018 3892 2322 3961 ignoscere,
2371 3892 2416 3946 si
2452 3894 2504 3946 in
2535 3891 2621 3945 his
2652 3906 2772 3961 quae
2817 3890 3065 3961 ambigua
3096 3899 3245 3956 sunt,
3278 3899 3335 3945 et
3364 3904 3465 3944 nos
3490 3904 3626 3960 pen-

2018 3984 2146 4037 dulo
2179 3983 2484 4039 incedimus
2509 3984 2700 4053 gradu.
2732 3983 3029 4039 Possumus
3069 3992 3249 4038 autem
3285 3982 3439 4053 juxta
3462 3984 3623 4053 spiri-

2020 4080 2217 4133 tualem
2278 4078 2692 4149 intelligentiam
2749 4079 2953 4141 dicere,
3019 4080 3163 4149 quod
3220 4078 3510 4132 credentes
3563 4077 3618 4132 in

2018 4172 2236 4228 Christo
2287 4173 2551 4228 Dominus
2618 4173 2941 4228 adhortetur
2988 4182 3044 4227 ut
3097 4180 3283 4243 petant
3324 4171 3623 4227 serotinam

2018 4269 2253 4339 pluviam
2276 4270 2329 4324 in
2352 4270 2828 4324 consummatione
2851 4267 3061 4334 mundi,
3093 4266 3312 4336 quando
3340 4265 3626 4333 plenitudo

2018 4363 2269 4417 d0nanda
2316 4371 2401 4417 est
2445 4361 2652 4433 gratiae,
2689 4372 2743 4417 et
2790 4360 3017 4431 singulis
3059 4361 3111 4415 in
3147 4374 3279 4430 agro
3323 4373 3423 4413 suo
3453 4357 3623 4413 herba

2018 4464 2345 4520 succrescet,
2378 4454 2449 4509 ita
2497 4463 2553 4509 ut
2587 4456 2796 4524 possint
2824 4454 3040 4507 dicere:
3080 4452 3335 4505 Dominus
3364 4452 3495 4524 regit
3524 4468 3628 4517 me,

2022 4559 2067 4602 et
2092 4549 2221 4601 nihil
2251 4549 2374 4602 mihi
2408 4548 2604 4602 deerit:
2634 4549 2687 4599 in
2718 4548 2828 4599 loco
2855 4560 3062 4617 pascua:
3091 4544 3163 4597 ibi
3192 4560 3272 4596 me
3301 4541 3576 4597 collocavit
3608 4556 3628 4596 :

2023 4658 2177 4712 super
2205 4658 2366 4707 aquas
2397 4640 2692 4708 refectioni:
2737 4638 2975 4692 educavit
3007 4654 3086 4691 me
3132 4634 3247 4707 (Ps.
3283 4651 3418 4700 uti,
3462 4636 3516 4702 1,
3546 4634 3629 4706 2).

2026 4735 2220 4789 Omnia
2244 4736 2386 4789 enim
2417 4735 2730 4795 simulacra,
2767 4741 2819 4785 et
2848 4730 3015 4784 divini
3044 4740 3098 4785 et
3120 4728 3487 4783 somniatores
3511 4726 3626 4782 fruo

2026 4840 2138 4881 Stra
2173 4829 2337 4882 locuti
2369 4838 2517 4893 sunt,
2545 4838 2598 4879 et
2624 4842 2761 4880 vane
2785 4824 3235 4879 consolabantur.
3264 4822 3398 4891 Quae
3425 4821 3495 4877 de
3517 4820 3631 4877 ha:-

2028 4923 2212 4977 reticis
2244 4923 2503 4993 loquitur,
2539 4921 2628 4990 qui
2662 4920 2765 4973 sub
2799 4920 3018 4973 nomine
3062 4915 3377 4973 Christiano
3410 4929 3516 4971 non
3550 4915 3634 4969 in-

2030 5016 2303 5086 telligunt,
2363 5030 2461 5070 nec
2515 5014 2582 5069 de
2631 5014 2830 5083 quibus
2876 5013 3097 5079 dicant,
3148 5026 3252 5066 nec
3307 5010 3375 5065 de
3430 5008 3632 5077 quibus

2030 5108 2323 5174 afﬁrmem,
2368 5116 2422 5162 et
2468 5107 2756 5161 attendunt
2795 5104 3078 5174 spiritibus
3109 5104 3379 5167 erroneis,
3420 5110 3477 5157 et
3523 5115 3634 5155 ma-

2022 5203 2206 5272 gistris
2240 5201 2633 5256 d:emoniorum
2667 5199 2721 5254 in
2767 5198 3045 5270 hypocrisi
3076 5195 3357 5250 mendacia
3403 5194 3632 5265 loquen-

2027 5297 2181 5359 tium,
2198 5302 2254 5349 et
2266 5294 2621 5349 cauteriatam
2639 5293 2902 5347 habentes
2914 5289 3309 5345 conscientiam
3329 5288 3371 5357 (Ι
3387 5286 3630 5358 Τίηι.ιν)ε

2029 5397 2089 5441 ut
2114 5402 2453 5457 nequaquam
2483 5386 2768 5443 credentes
2799 5399 2991 5438 eorum
3037 5380 3508 5437 consolationibus
3531 5379 3633 5434 ab-

2030 5482 2300 5538 ducantur
2340 5481 2431 5550 qui
2457 5496 2591 5534 vana
2637 5479 2984 5549 promittunt,
3028 5483 3085 5531 et
3114 5484 3404 5547 propterea
3451 5471 3640 5527 traditi

2032 5576 2387 5631 suntSatanre
2418 5576 2469 5628 in
2502 5575 2783 5628 interitum
2810 5571 2994 5626 carnis
3016 5568 3060 5641 (ι
3085 5568 3205 5624 Cor.
3230 5565 3307 5638 v),
3331 5576 3385 5621 et
3412 5562 3633 5620 abducti

2036 5670 2093 5724 in
2112 5669 2483 5736 captivitatem
2517 5667 2660 5737 regis
2687 5664 2995 5737 Babylonii,
3030 5674 3084 5719 et
3130 5662 3468 5732 afﬂigenlur,
3508 5660 3634 5729 quia

2036 5760 2314 5817 Christum
2345 5770 2617 5829 pastorem
2645 5774 2753 5813 non
2776 5756 3007 5822 habent,
3039 5770 3199 5827 quem
3232 5752 3336 5809 sibi
3370 5751 3512 5807 falso
3536 5763 3639 5805 no-

2039 5852 2188 5908 mine
2216 5851 2620 5922 repromittunt.
