4026 6346
481 351 606 412 ltili

1722 349 1778 407 S.
1827 349 2095 409 EUSEBII
2137 343 2519 406 HlEliONYMI

3637 347 3771 405 ΗΜ

551 470 731 543 (Vers.
786 470 819 524 5
868 469 1046 540 seqq.)
1090 467 1260 541 Super
1301 474 1533 539 pastores
1576 467 1746 519 iratus
1803 473 1875 518 est
1923 465 2362 534 [urorAcantes
2393 461 2719 518 Macedonas
2767 461 2921 534 Quasi
2970 461 3145 517 lutum
3188 457 3394 517 viarum
3445 459 3499 516 in
3553 460 3767 532 ιιι-ιι)ιίοι

473 579 644 627 meus,
686 573 733 616 et
764 578 922 632 super
944 561 1116 645 Igir'cos
1148 560 1388 628 visitabo,
1413 559 1535 630 quia
1559 557 1786 613 uisitauit
1818 555 2074 610 Dominus

471 658 788 714 exercituum
822 672 1028 728 gregem
1051 669 1212 709 suum
1235 653 1447 708 domum
1483 651 1628 709 Iuda
1661 670 1680 707 .·
1710 660 1757 705 et
1785 653 1960 724 posuit
1989 667 2076 704 eos

470 749 621 818 quasi
650 765 834 822 equum
867 747 1050 820 gloria:
1073 764 1180 802 sua:
1207 745 1260 801 in
1289 743 1444 800 bello.
1478 743 1564 800 Ea:
1591 745 1700 815 ipso
1730 743 1980 815 angulus,
2013 755 2077 796 ex

467 843 581 912 ipso
605 844 860 920 paxillus.
895 859 958 896 ex
985 844 1096 914 ipso
1131 859 1282 895 arcus
1324 839 1517 913 pra’lii,
1553 855 1615 895 ex
1641 839 1751 910 ipso
1782 836 2076 912 egredietur

461 939 636 992 omnis
662 945 875 992 exactor
903 936 1080 1000 simul,
1114 944 1159 989 et
1183 943 1331 989 erunt
1356 934 1505 1004 quasi
1527 934 1686 1002 [ortes
1710 931 2075 985 conculcantes

470 1027 637 1083 lutum
680 1028 879 1082 uiarum
911 1027 964 1083 in
993 1027 1199 1104 pyazlio,
1247 1035 1293 1084 et
1340 1023 1620 1091 bellabunt,
1651 1024 1774 1095 quia
1825 1020 2074 1076 Dominus

467 1121 704 1176 cumeis.
737 1117 881 1174 LXX
919 1136 931 1172 :
981 1115 1153 1188 Super
1187 1127 1418 1190 pastores
1467 1118 1754 1172 concitatus
1797 1125 1873 1170 est
1919 1120 2068 1186 [uror

467 1217 632 1280 nieus,
662 1209 826 1288 872
857 1219 902 1267 et
925 1229 1080 1283 super
1097 1229 1263 1283 agnos
1287 1211 1504 1268 visitabo
1523 1227 1542 1265 :
1570 1222 1617 1266 et
1640 1209 1863 1265 uisitauit
1888 1207 2070 1273 Πρηιί-

435 1322 566 1360 τιιιιι
599 1287 738 1358 Deus
770 1304 1094 1370 onmipotens
1133 1320 1340 1377 gregem
1382 1287 1533 1358 suum
1579 1303 1786 1357 domum
1831 1301 1996 1368 Iuda,
2026 1313 2072 1358 et

467 1407 626 1472 ponet
656 1416 742 1452 eos
765 1399 902 1452 sicut
935 1414 1116 1469 equum
1148 1397 1384 1450 decorem
1413 1413 1568 1450 suum
1596 1393 1648 1455 in
1682 1393 1884 1467 praelia,
1918 1407 1964 1448 et
2013 1411 2074 1448 ea:

459 1495 581 1563 ipso
609 1492 859 1561 respexit,
891 1500 938 1544 et
963 1508 1025 1544 ea:
1055 1489 1166 1561 ipso
1195 1489 1388 1554 posuit,
1418 1499 1462 1542 ct
1481 1505 1553 1544 ea;
1583 1487 1693 1564 ipso
1720 1503 1872 1541 arcus
1897 1488 1950 1553 in
1981 1491 2072 1558 [u-

464 1603 601 1649 rore,
635 1593 662 1622 ι
713 1585 1004 1660 egredietur
1053 1581 1218 1636 ontnis
1253 1581 1345 1653 qui
1382 1581 1558 1636 educit
1596 1581 1775 1649 simul,
1831 1591 1877 1634 et
1922 1590 2073 1634 erunt

465 1677 1318 1750 quasiltellatores.conculcantes
1351 1679 1521 1734 lutum
1547 1677 1750 1734 uiarum
1779 1675 1830 1730 in
1866 1677 2067 1748 proelio,

462 1788 510 1831 et
560 1777 1015 1848 prttparalmntur,
1051 1775 1173 1844 quia
1209 1773 1466 1844 Dominus
1517 1787 1634 1832 cum
1667 1771 1738 1824 eis
1769 1779 1863 1824 est.
1901 1765 1969 1824 Et
2007 1771 2067 1825 in

469 1873 572 1927 hoc
603 1871 722 1938 loco
751 1861 952 1942 duplex
985 1867 1302 1924 Iudaeorum
1338 1866 1612 1936 expositio
1641 1871 1746 1922 est.
1786 1865 1894 1920 Alii
1923 1861 2064 1919 enim
2100 1849 2144 1912 Β

465 1963 799 2020 arbitrantur
828 1961 879 2017 in
912 1962 1146 2018 adventa
1172 1960 1374 2024 Christi
1409 1957 1664 2016 universa
1699 1955 2024 2028 complenda
2053 1973 2066 2010 :

468 2057 559 2112 alii
591 2056 694 2116 sub
722 2047 1045 2114 llacltabmis
1073 2058 1183 2124 jam
1237 2069 1359 2109 esse
1401 2051 1693 2121 completa.
1743 2050 1841 2104 Est
1885 2057 2066 2104 autem

464 2167 655 2207 eorum
696 2165 824 2221 qua:
871 2139 1135 2204 Dominus
1177 2146 1488 2217 pollicetur,
1543 2143 1643 2200 ista
1696 2141 2007 2211 explanatio
2054 2161 2064 2196 :

467 2243 922 2322 Super-pastores
947 2254 1009 2300 et
1039 2243 1316 2316 principes
1340 2257 1405 2298 ac
1435 2241 1754 2297 sacerdotes
1777 2239 1952 2295 iratus
1985 2247 2071 2295 est

465 2341 750 2406 Dominus,
793 2345 853 2394 et
907 2343 1070 2407 Super
1124 2329 1335 2401 hircos,
1391 2341 1445 2390 et
1498 2333 1755 2405 populum
1803 2332 2067 2400 visitavit,

459 2437 613 2506 juxta
646 2431 779 2490 illud
812 2433 956 2510 quod
987 2433 1254 2502 scriptum
1282 2439 1367 2486 est
1399 2445 1412 2482 :
1459 2427 1602 2483 Grex
1632 2427 1865 2501 perditus
1903 2427 2070 2498 [actus

466 2539 543 2583 est
568 2529 791 2602 populus
820 2543 984 2600 meus,
1006 2534 1242 2596 pastores
1264 2527 1526 2597 ejecerunt
1550 2539 1633 2576 eos
1665 2519 1798 2594 (Ier.
1827 2535 1879 2589 ι,
1904 2522 1984 2592 ϐ),
2011 2534 2069 2577 ut

467 2625 598 2677 vitio
646 2625 1028 2694 magistrorum
1073 2621 1328 2689 discipuli
1374 2619 1748 2689 punirentur:
1795 2635 1898 2672 non
1929 2617 2070 2688 inju-

464 2718 843 2787 stitiajudicis,
867 2718 962 2788 qui
993 2722 1214 2784 peccata
1245 2723 1459 2786 patrum
1479 2710 1657 2766 reddit
1685 2710 1738 2765 in
1762 2709 1940 2777 filios;
1972 2709 2067 2768 sed

464 2811 614 2882 quia,
653 2811 760 2866 illis
791 2810 1164 2881 peccantibus,
1195 2806 1436 2878 populus
1465 2805 1738 2876 applausit
1766 2804 1931 2860 simul
1965 2821 1980 2858 :
2012 2815 2068 2860 et

465 2915 592 2962 tunc
614 2899 831 2974 quidem
858 2903 1095 2958 visitavit
1119 2901 1380 2956 Dominus
1401 2899 1590 2963 hircos
1617 2913 1769 2964 suos,
1793 2899 1878 2953 vel
1898 2913 2067 2968 agnos

465 2995 875 3070 pinguissimos,
901 3006 958 3053 et
1001 2989 1158 3063 iecit,
1185 2995 1340 3066 juxta
1392 2993 1773 3063 Septuaginta,
1821 2993 2066 3046 ariditate

463 3091 672 3146 siccari.
717 3087 913 3148 Postea
952 3104 1086 3146 vero
1131 3088 1376 3144 visitavit
1423 3087 1683 3143 Dominus
1714 3086 2066 3157 omnipotens

461 3199 679 3254 gregem
710 3198 866 3238 suum
896 3183 1117 3238 domum
1146 3179 1284 3236 Iuda
1321 3199 1332 3233 :
1365 3179 1652 3236 suscitavit
1694 3179 1838 3234 enim
1868 3177 2062 3236 Iudam
2097 3221 2130 3254 ﬂ.

2177 567 2338 611 erunt
2381 567 2566 611 autem
2616 555 2918 624 fortissimi,
2953 565 3115 627 atque
3149 551 3448 624 bellabunt,
3497 555 3622 626 quia
3669 554 3770 610 Do-

2177 651 2356 704 minus
2384 664 2507 704 cutu
2531 649 2612 704 cis
2639 657 2740 705 est.
2766 647 2950 704 Nostri
2985 649 3099 703 lunt:
3121 647 3188 702 ad
3215 647 3619 718 persecutionis
3643 657 3774 705 tem-

2179 759 2306 812 pora
2331 743 2597 809 referunt,
2629 743 2772 812 quod
2804 755 2901 812 pro
2922 742 3055 798 vitio
3078 739 3426 798 Sacen-dolum
3457 737 3774 814 frequenter

2176 838 2336 894 etiam
2361 838 2596 908 populus
2628 835 2874 892 tradatur
2905 836 3233 892 adversariis
3259 854 3272 890 :
3297 849 3350 892 et
3376 845 3559 892 tamen
3590 835 3774 892 Domi-

2177 947 2276 985 nus
2307 929 2659 1001 omuipoteus
2684 930 2866 986 visitet
2897 939 3080 1000 postea
3111 943 3330 1000 gregem
3362 943 3522 984 suum
3555 927 3774 985 domum

2175 1027 2334 1097 Iuda,
2365 1027 2456 1098 qui
2501 1027 2668 1081 Deum
2701 1031 2757 1080 et
2786 1039 3041 1080 sermone
3071 1035 3124 1080 et
3147 1023 3332 1078 animo
3358 1019 3693 1078 confitetur:
3722 1029 3776 1079 et

2176 1131 2344 1192 ponat
2366 1135 2464 1176 eos
2505 1119 2662 1190 quasi
2690 1134 2890 1189 equum
2920 1117 3110 1189 gloria:
3140 1129 3252 1171 sum
3281 1115 3335 1170 iu
3369 1113 3538 1182 bello,
3569 1115 3640 1172 de
3669 1127 3774 1187 qua

2174 1216 2351 1270 sancti
2381 1213 2572 1269 dicunt
2602 1231 2614 1268 :
2643 1211 2876 1268 Ascende
2904 1225 3060 1281 super
3099 1223 3252 1279 equos
3278 1221 3417 1276 tuos,
3453 1221 3499 1263 et
3529 1207 3777 1280 equitatio

2177 1315 2266 1360 tua
2286 1307 2426 1360 solus
2457 1305 2640 1379 (Abac.
2671 1319 2751 1374 ut,
2785 1304 2864 1368 8).
2897 1301 3020 1373 ipse
3048 1301 3151 1358 erit
3179 1303 3233 1358 et
3253 1317 3416 1357 arcus
3449 1299 3655 1356 luroris
3675 1299 3776 1358 Do-

2178 1402 2330 1466 tnini,
2363 1404 2429 1456 de
2450 1418 2558 1471 quo
2586 1402 2697 1456 ait:
2753 1389 3029 1453 Inebrialto
3071 1398 3288 1480 sagittas
3335 1412 3480 1451 meas
3525 1396 3777 1466 sanguine

2180 1495 2360 1567 (Deut.
2395 1511 2562 1559 xxxii,
2594 1491 2711 1564 ΛΞ).
2749 1493 2817 1548 Et
2848 1499 3062 1547 rursum
3107 1510 3121 1546 :
3169 1487 3393 1563 Sagitta:
3425 1505 3553 1544 mea:
3583 1501 3775 1543 consu-

2175 1601 2314 1643 ment
2337 1607 2442 1645 eos.
2493 1583 2566 1643 De
2597 1585 2701 1642 hoc
2735 1595 2889 1650 areu,
2933 1593 2988 1641 et
3016 1584 3086 1641 de
3115 1584 3197 1640 ltls
3225 1579 3438 1655 sagittis
3464 1583 3519 1637 in
3546 1580 3777 1653 septimo

2175 1683 2392 1740 Psaluto
2436 1680 2616 1753 (γεγε.
2653 1681 2741 1745 i5,
2788 1679 2874 1752 Η)
2903 1677 3169 1749 legimus:
3200 1680 3398 1732 Arcum
3424 1693 3581 1732 suum
3613 1683 3776 1732 teterr-

2175 1775 2276 1846 dit,
2323 1783 2369 1828 et
2398 1775 2603 1846 pararit
2633 1773 2782 1827 illum
2801 1790 2820 1839 ;
2868 1781 2915 1826 et
2947 1775 2998 1826 in
3042 1774 3153 1844 ipso
3179 1774 3383 1843 parauit
3417 1783 3542 1824 vasa
3571 1771 3776 1838 mortis,

2172 1869 2389 1939 sagittas
2417 1883 2540 1920 suus
2571 1863 2875 1920 ardentibus
2907 1861 3096 1930 effecit.
3127 1863 3191 1918 Et
3216 1861 3649 1927 conculcabuut,
3679 1861 3772 1930 ait,

2173 1963 2523 2017 adversarios
2566 1973 2694 2015 suos
2743 1947 2795 2014 in
2829 1959 3092 2030 mattyrio
3136 1955 3408 2019 coronati,
3457 1963 3512 2010 et
3546 1953 3774 2011 dicent:

2177 2053 2428 2106 Dominus
2461 2050 2776 2106 illuminatlo
2807 2057 2940 2117 mea,
2974 2055 3022 2102 et
3043 2048 3185 2104 salus
3209 2061 3342 2116 mea,
3365 2055 3521 2118 quem
3549 2041 3780 2101 timebo?

2173 2147 2430 2204 Dominus
2461 2156 2716 2221 protector
2745 2146 2861 2200 vita:
2898 2150 3047 2210 mea,
3091 2159 3122 2197 α
3151 2155 3256 2216 quo
3294 2140 3570 2212 trepidabo
3589 2143 3614 2195 ?
3641 2135 3778 2194 Dum

2171 2239 2654 2311 apprOplnquarenl
2682 2253 2844 2307 super
2869 2247 2948 2290 me
2975 2243 3235 2302 nocentes,
3269 2241 3324 2288 nt
3364 2233 3576 2288 ederent
3597 2239 3777 2290 carne!

2173 2349 2332 2387 meas.
2358 2332 2460 2402 Qui
2479 2332 2730 2386 tribulam
2762 2337 2842 2384 tne
2871 2329 3070 2384 inimici
3093 2325 3210 2391 ntel,
3235 2325 3337 2399 ipsi
3360 2327 3618 2396 inﬁrmati
3632 2329 3774 2396 sunt,

2169 2427 2219 2481 et
2251 2423 2570 2481 ceciderunt.
2607 2425 2667 2481 Si
2696 2425 2980 2478 consistant
3027 2422 3301 2476 adversum
3331 2433 3410 2475 me
3445 2429 3646 2482 castra,
3677 2435 3778 2476 non

2172 2519 2366 2575 timebit
2387 2531 2476 2574 cor
2500 2533 2667 2573 meum
2698 2535 2716 2572 :
2748 2517 2809 2574 Si
2834 2526 3074 2588 exsurgat
3101 2515 3372 2570 adversum
3396 2531 3476 2570 me
3505 2513 3774 2587 pra-lium,

2170 2615 2222 2668 in
2255 2615 2349 2668 ltoc
2395 2631 2486 2684 ego
2514 2611 2730 2684 sperabo
2758 2607 2934 2684 (Psal.
2968 2625 3122 2676 xsvt,
3159 2607 3179 2664 ί
3213 2607 3382 2680 seqq.)
3409 2607 3646 2676 Quando
3678 2603 3778 2662 lm-

2171 2707 2410 2777 plebitur
2439 2703 2570 2760 illud
2614 2703 2888 2773 eloquium
2921 2719 2935 2756 :
2987 2697 3133 2756 Unus
3177 2713 3243 2756 ex
3271 2701 3412 2754 vobis
3445 2707 3776 2772 persequetur

2170 2797 2336 2866 mille,
2392 2805 2440 2851 et
2488 2797 2590 2852 duo
2629 2805 2924 2850 convertant
2975 2795 3027 2849 in
3070 2795 3250 2867 fugam
3303 2789 3333 2831 δ
3384 2791 3553 2847 inulta
3609 2789 3775 2847 millia

2171 2889 2351 2965 (Deut.
2386 2893 2584 2964 xxv“).
3255 2895 3262 2900 ’

2241 2985 2421 3057 (Veis.
2473 2986 2530 3052 6,
2585 2986 2666 3058 7.)
2709 2985 2774 3041 Et
2819 2981 3210 3058 confundentur
3268 2993 3573 3039 ascensores
3618 2997 3774 3055 equo-

2168 3095 2307 3140 rum,
2349 3090 2396 3132 et
2441 3077 2744 3148 conrorlabo
2788 3075 3002 3130 domum
3045 3073 3205 3139 Inda,
3239 3083 3287 3128 et
3336 3071 3554 3129 domum
3578 3071 3771 3147 Ioseph

2168 3173 2377 3228 salctibo
2403 3191 2420 3228 :
2445 3183 2492 3226 et
2522 3180 2814 3226 convertam
2843 3185 2950 3236 eos,
2984 3169 3107 3241 quia
3135 3165 3419 3224 miserebor
3447 3175 3632 3222 eorum
3672 3181 3691 3223 :
3727 3169 3772 3220 et

459 3275 854 3344 Machameum,
914 3285 970 3330 et
999 3285 1233 3329 cancros
1284 3289 1350 3328 ex
1390 3289 1481 3338 eo,
1526 3279 1718 3327 contra
1749 3271 1917 3327 duces
1947 3271 2064 3327 An-
2093 3239 2137 3300 ϐ
2172 3277 2320 3323 erum
2368 3268 2502 3320 sicut
2532 3265 2762 3337 fuerant,
2792 3257 3004 3336 quando
3034 3277 3135 3316 non
3170 3265 3497 3335 proiecerant
3530 3275 3620 3315 eos
3641 3267 3769 3332 :ego

460 3366 652 3433 tioclti,
707 3377 764 3422 et
793 3367 979 3438 posuit
1028 3367 1151 3420 illos
1180 3365 1331 3436 quasi
1387 3379 1592 3435 equum
1633 3363 1822 3434 gloria:
1864 3379 1978 3418 suae
2008 3357 2062 3418 in

461 3459 679 3532 praelio,
725 3459 828 3514 hoc
857 3469 962 3529 est,
993 3459 1086 3530 qui
1117 3457 1186 3513 de
1217 3457 1365 3512 illius
1410 3457 1580 3526 stirpe
1607 3457 1847 3527 generati
1889 3466 2016 3511 sunt
2047 3474 2062 3512 :

461 3553 634 3610 multo
660 3553 805 3609 enim
831 3564 1077 3622 tempore
1099 3549 1424 3606 Macedonas
1445 3563 1862 3621 oppresserunt.
1880 3551 2066 3618 Quod-

459 3661 565 3716 que
594 3646 869 3719 sequitur:
905 3639 989 3699 Et:
1013 3645 1127 3716 ipso
1175 3645 1415 3716 angulus,
1467 3660 1531 3698 ea:
1566 3645 1679 3715 ipso
1719 3644 1968 3715 paxillus,
2003 3661 2066 3700 ex

450 3741 574 3813 ipso
604 3757 760 3794 arcus
791 3733 984 3812 praelii,
1031 3755 1098 3792 ea:
1144 3739 1258 3811 ipso
1306 3737 1597 3809 egredietur
1644 3739 1809 3793 omnis
1855 3749 2064 3794 exactor

457 3835 637 3901 simul,
671 3834 748 3890 sic
768 3842 1115 3912 μεταφορικῶς
1153 3833 1484 3903 intelligunt,
1523 3831 1854 3906 utangulum
1886 3835 2060 3890 inter-

459 3937 747 4000 pretentur
796 3931 1002 3999 regiam
1057 3937 1408 3998 potestatem,
1459 3927 1606 4000 quod
1660 3929 1893 4000 parietes
1945 3930 2062 4002 ipsa

459 4009 879 4094 contineat[Al.
913 4019 1272 4094 continebat].
1323 4019 1387 4076 Et
1419 4037 1484 4076 ex
1531 4021 1673 4092 ipso,
1727 4015 1919 4094 inquit,
1968 4040 2062 4095 pu-

457 4113 644 4180 xillus,
707 4114 757 4167 id
807 4125 911 4180 εει,
957 4113 1347 4168 sacerdotium.
1391 4113 1536 4185 Lege
1589 4114 1803 4180 lsaiam,
1850 4117 1905 4171 in
1953 4133 2059 4186 quo

460 4203 728 4262 Eliacltim
775 4205 827 4260 in
859 4205 1062 4276 templo
1105 4195 1199 4259 Dei
1233 4197 1384 4276 quisi
1410 4206 1650 4278 paxillus
1679 4207 1862 4276 {igitur
1897 4207 2054 4280 (lsai.

459 4295 625 4372 xm).
664 4297 742 4354 Ex
775 4299 895 4369 ipso
917 4313 1076 4354 arcus
1103 4298 1298 4367 prmlii,
1333 4297 1502 4353 fortes
1528 4299 1595 4352 ab
1615 4295 1963 4356 bellandum:
1990 4319 2054 4357 ex

457 4391 576 4461 ipso
609 4393 768 4447 etiam
803 4391 981 4446 omnis
1025 4403 1236 4445 exactor
1282 4391 1466 4460 simul,
1499 4391 1641 4460 quod
1692 4392 1744 4448 in
1786 4392 2056 4449 llebraico

456 4485 723 4556 scriptum
753 4495 857 4550 est,
901 4500 1069 4542 uocas
1101 4483 1274 4558 (um),
1320 4481 1376 4538 et
1420 4483 1614 4554 Aquila
1664 4485 2054 4555 interpretatus

455 4571 538 4636 est
561 4569 896 4656 εἷο-πράσσων
921 4595 936 4634 :
970 4589 1029 4632 ut
1058 4595 1164 4632 non
1191 4579 1365 4632 solum
1397 4579 1562 4632 fortes
1589 4587 1644 4634 ct
1669 4575 1818 4644 boni,
1845 4577 1937 4634 sed
1959 4579 2049 4634 alii

454 4677 520 4724 ex‘
540 4669 620 4726 eis
644 4669 840 4725 fuerint
871 4670 1076 4741 indigni
1105 4687 1308 4741 genere
1334 4686 1454 4724 suo.
1479 4667 1648 4726 Iudas
1666 4671 1809 4726 enim
1837 4669 2049 4726 Macha-

451 4766 606 4823 baeus
635 4777 689 4820 et
720 4780 911 4821 omnes
941 4766 1033 4838 qui
1056 4766 1126 4822 de
1155 4762 1367 4837 genere
1405 4765 1575 4836 ipsius
1604 4766 1874 4836 principes
1903 4768 2052 4820 luere

453 4861 505 4915 in
553 4860 777 4932 populo,
825 4869 880 4915 et
923 4847 1365 4931 angulus'erant;
1415 4860 1539 4930 quia
1587 4859 1735 4929 regia
1783 4868 2052 4929 poteSIate

451 4955 708 5026 populum
738 4945 1116 5026 continebant,
1169 4963 1224 5008 et
1275 4953 1525 5022 paxillus,
1571 4954 1670 5023 ipsi
1705 4956 1848 5008 enim
1896 4967 2054 5012 erant

451 5050 786 5117 sacerdotes,
837 5062 891 5105 et
933 5015 1093 5105 διευς
1123 5048 1316 5120 prmlii,
1351 5049 1475 5120 quia
1506 5048 1605 5102 viri
1648 5051 1908 5104 exstitere
1939 5050 2050 5106 l'or-

449 5146 672 5214 tissimi,
721 5155 775 5200 ut
821 5159 927 5202 non
973 5145 1147 5200 solum
1191 5143 1354 5216 873
1410 5142 1711 5198 exercitum
1761 5144 2048 5215 aciemque

446 5238 822 5308 disponerent;
843 5233 938 5291 sed
973 5235 1132 5306 primi
1156 5237 1220 5288 ad
1257 5233 1500 5303 prndium
1532 5235 1877 5301 prosilircnt.
1908 5235 2044 5291 Pos-

445 5343 636 5386 sumus
679 5317 746 5384 de
798 5329 899 5383 hoc
945 5321 1088 5399 quod
1123 5328 1370 5398 sequitur
1409 5343 1423 5379 :
1481 5323 1566 5380 Ea:
1601 5327 1712 5395 ipso
1752 5321 2047 5398 egredietur

445 5425 612 5476 omnis
633 5431 838 5478 exactor
860 5420 1035 5486 simul,
1066 5435 1162 5489 pro
1191 5437 1298 5490 quo
1319 5411 1458 5474 LXX
1490 5419 1884 5476 transtulerunt
1913 5438 1926 5474 :
1961 5409 2046 5473 Ea:

430 5517 555 5584 ipso
583 5515 871 5586 egredietur
897 5507 1062 5568 omnis
1084 5513 1171 5582 qui
1201 5513 1370 5565 educit
1391 5511 1569 5577 simul,
1601 5521 1654 5566 et
1687 5511 1796 5566 ltoc
1825 5512 2038 5568 dicere:

443 5607 600 5662 Nulla
633 5607 735 5662 erit
765 5605 998 5676 dignitas
1032 5607 1083 5658 in
1115 5597 1383 5668 exercitu,
1413 5619 1535 5675 qua:
1568 5620 1674 5659 non
1723 5595 1866 5659 illius
1895 5605 2042 5660 arbi-

440 5701 547 5753 trio
590 5699 928 5772 disponatur.
981 5699 1043 5752 Et
1092 5707 1250 5752 erunt
1297 5697 1398 5752 viri
1455 5697 1762 5764 fortissimi,
1818 5700 2038 5756 concul-

514 5833 540 5862 ⁸
585 5829 642 5883 In
677 5831 864 5898 Regia.
927 5848 1028 5884 ms.
1077 5832 1165 5900 qui
1215 5831 1477 5899 egreditur
1517 5850 1535 5887 :
1593 5834 1648 5888 in
1701 5832 1895 5894 Graeco
1947 5845 2033 5896 est

441 5901 750 5964 ἂξιλαύνων,-
767 5914 856 5955 aut
880 5901 1116 5967 ἐλαύνων,
1145 5913 1199 5956 et
1222 5904 1508 5974 ἐξερευνῶν.

2167 3361 2300 3414 enim
2320 3357 2576 3414 Dominus
2594 3355 2730 3413 Deus
2758 3369 2963 3420 eorum,
2991 3365 3040 3410 et
3066 3356 3349 3412 exaudiam
3379 3371 3486 3410 eos.
3521 3351 3592 3408 Et
3622 3357 3768 3408 erunt

2167 3457 2316 3523 quasi
2347 3459 2509 3527 fortes
2541 3453 2902 3525 Epltraim:et
2933 3449 3195 3507 lattabltur
3225 3465 3314 3504 cor
3345 3466 3528 3505 eorum
3557 3445 3712 3521 quasi
3737 3453 3768 3501 tt

2166 3551 2308 3614 uino,
2339 3555 2384 3602 et
2415 3545 2515 3619 ﬁlii
2547 3563 2723 3602 eorum
2753 3545 3019 3613 videbunt,
3052 3553 3098 3600 et
3128 3543 3445 3600 ltetabuntur
3472 3561 3490 3598 :
3513 3553 3561 3598 et
3590 3543 3765 3598 exsul-

2167 3643 2295 3696 tabit
2341 3657 2427 3695 cor
2473 3655 2650 3695 eorum
2697 3641 2750 3694 in
2778 3637 3026 3693 Domino.
3074 3635 3220 3694 LXX
3247 3657 3258 3692 :
3286 3635 3354 3692 Et
3385 3629 3766 3708 confundatur

2164 3745 2457 3788 ascensores
2497 3747 2744 3802 equorum
2789 3746 2807 3786 ς
2847 3739 2893 3785 ει
2921 3732 3224 3801 canfortabo
3276 3730 3488 3783 domum
3534 3717 3680 3782 Iuda
3718 3733 3763 3782 et

2164 3828 2373 3882 donntm
2401 3821 2597 3898 Ioseph
2627 3825 2858 3892 salvabo,
2895 3835 2942 3878 et
2982 3823 3218 3878 habitare.
3257 3835 3341 3878 eos
3383 3819 3607 3894 faciam,
3646 3815 3762 3892 quid

2163 3923 2327 3978 dilexi
2355 3938 2460 3978 eos.
2494 3919 2562 3975 Et
2588 3932 2740 3976 erunt
2769 3923 2902 3976 sicut
2933 3909 3101 3994 87‘,
3123 3920 3335 3992 quando
3366 3933 3467 3974 non
3508 3935 3596 3974 eos
3623 3911 3762 3993 obje—

2161 4033 2356 4082 ceram,
2395 4018 2518 4088 quia
2559 4033 2653 4089 ego
2686 4011 2942 4070 Dominus
2969 4015 3110 4070 Deus
3150 4027 3351 4081 eorum,
3394 4021 3442 4069 et
3483 4013 3758 4070 exaudiant

2159 4128 2245 4166 eos
2269 4128 2288 4166 :
2319 4122 2365 4166 et
2404 4119 2555 4165 erunt
2593 4111 2747 4182 quasi
2785 4107 3064 4164 bellatores
3096 4107 3375 4176 Ephraim,
3409 4119 3458 4163 et
3495 4105 3756 4164 iterabitur

2158 4209 2247 4257 car
2285 4217 2459 4256 eorum
2497 4205 2646 4275 quasi
2685 4199 2736 4256 in
2774 4203 2894 4256 vino
2919 4243 2934 4269 ,
2979 4210 3024 4256 et
3074 4200 3173 4271 ﬁlii
3212 4217 3390 4256 eorum
3432 4201 3678 4256 ridebunt
3711 4207 3757 4254 et

2157 4301 2496 4372 lcetabuntur,
2531 4309 2577 4356 et
2615 4293 2857 4376 gaudebit
2901 4310 2922 4338 ο
2962 4316 3052 4355 cor
3090 4313 3270 4353 eorum
3310 4300 3362 4352 in
3393 4291 3644 4353 Domino.
3686 4294 3752 4353 Et

2156 4393 2276 4448 luce
2301 4393 2451 4463 juxta
2481 4393 2819 4464 superiorem
2852 4408 3072 4448 sensum
3101 4389 3393 4462 dupliciter
3418 4387 3744 4458 edisserunt,

2155 4497 2214 4542 ut
2239 4497 2333 4542 aut
2363 4485 2462 4542 sul)
2492 4481 2814 4542 Macltubtcis
2845 4493 3117 4542 transacta
3145 4485 3257 4556 jam
3289 4483 3498 4550 dicant,
3530 4495 3625 4539 aut
3651 4481 3747 4540 sub

2153 4575 2446 4637 Citristoin
2475 4581 2668 4637 ultimo
2683 4581 2885 4636 smculo
2911 4573 3258 4649 transigenda
3282 4585 3742 4634 enminemoreut:

2162 4675 2226 4730 Et
2247 4684 2329 4730 est
2350 4675 2724 4730 sensus:(2um
2751 4674 2960 4745 positus
2985 4669 3149 4727 fuerit
3192 4665 3361 4729 Iudas
3391 4669 3546 4744 quasi
3578 4679 3743 4743 equus

2159 4769 2393 4826 decorus
2449 4767 2503 4824 in
2553 4769 2781 4844 prmlio,
2821 4777 2876 4824 et
2915 4767 3315 4826 conculcaverit
3367 4761 3525 4841 quasi
3577 4767 3748 4824 lutum

2157 4861 2527 4930 adversarios,
2577 4871 2633 4918 et
2662 4859 2895 4918 Domino
2925 4875 3112 4920 secum
3146 4853 3404 4930 bellante,
3438 4862 3744 4933 superarit:

2157 4969 2287 5014 tunc
2333 4958 2510 5013 omnis
2554 4957 2830 5030 equitatus
2877 4956 3103 5016 Graecia:
3152 4969 3410 5021 corruet,
3460 4961 3516 5011 et
3560 4957 3748 5012 domus

2155 5051 2291 5109 Juda
2335 5063 2388 5107 et
2416 5050 2610 5108 datnus
2641 5048 2806 5105 lsrael
2852 5050 2995 5122 (eam
3039 5049 3186 5104 enim
3218 5057 3375 5105 vocat
3403 5045 3630 5103 domum
3660 5047 3746 5102 .lo-

2151 5146 2316 5216 seplt,
2345 5143 2398 5198 id
2446 5153 2559 5211 est,
2608 5143 2796 5199 decem
2825 5138 3100 5211 jtribuum)
3135 5139 3338 5211 pariter
3368 5141 3744 5212 salvabuntur,

2149 5249 2203 5294 et
2249 5247 2561 5293 convertam
2595 5251 2688 5292 eos
2740 5233 2809 5291 de
2851 5230 3164 5304 captivitate
3190 5233 3242 5289 in
3274 5249 3378 5305 qua
3419 5233 3660 5300 fuerant,
3691 5237 3746 5288 et

2147 5340 2308 5387 erunt
2355 5331 2497 5384 sicut
2547 5347 2613 5386 eo
2668 5337 2946 5398 tempore.
2983 5325 3201 5400 quando
3249 5343 3354 5381 non
3407 5325 3739 5397 projeceram

2147 5441 2242 5480 eos
2269 5442 2282 5479 :
2315 5439 2416 5494 ego
2445 5424 2588 5478 enim
2618 5439 2739 5476 sum
2773 5411 3036 5478 Dominus
3062 5421 3209 5475 Deus
3236 5433 3448 5486 eorum,
3482 5419 3574 5491 qui
3622 5417 3740 5474 illos

2147 5518 2431 5574 exaudiam
2479 5516 2865 5587 deprecantes.
2920 5509 2987 5570 Et
3035 5505 3292 5586 Ephraim
3338 5515 3432 5586 qui
3477 5529 3624 5574 nunc
3653 5525 3739 5567 ca-

2149 5613 2282 5682 ptivi
2333 5605 2671 5684 detinentur,
2721 5621 2910 5686 postea
2939 5603 3304 5682 ilambuntur,
3333 5621 3388 5665 et
3433 5611 3486 5665 in
3533 5617 3734 5666 tantum

2144 5705 2360 5760 venient
2386 5704 2591 5776 gaudii,
2627 5711 2682 5758 ut
2713 5718 2810 5759 eos
2849 5695 3250 5773 vinojnadidos
3278 5695 3586 5764 arbitreris.
3618 5687 3734 5756 Filii

2209 5836 2237 5878 δ
2269 5839 2414 5894 idem
2445 5849 2574 5905 met,
2611 5837 2787 5898 ducem
2811 5836 3001 5896 millia.

2220 5921 2240 5947 ε
2274 5911 2436 5963 Addit
2467 5910 2656 5980 ltegiu.
2695 5928 2822 5979 ms.,
2853 5919 2900 5964 et
2931 5907 3228 5964 exsultabit.
