4056 6342
391 217 530 277 1495

1633 216 1694 276 S.
1731 215 2010 276 EUSEBII
2047 213 2438 276 ΗΙΕΒΟΝΥΜΙ

3551 211 3697 274 1496

389 343 648 404 ruerunt,
671 335 767 392 sed
791 334 940 392 illam
966 349 1074 408 qua
1095 340 1360 391 vocantur
1399 333 1467 390 ad
1501 333 1660 391 ﬁdem
1683 333 1985 390 multitudi—
2013 338 2060 397 Α
2087 332 2290 387 vatoris
2321 347 2335 384 :
2368 328 2550 398 Pater,
2581 327 2650 384 da
2669 327 2740 384 eis
2765 333 2824 384 ut
2849 326 2955 384 sint
2973 326 3027 383 in
3049 326 3200 384 nobis
3225 342 3414 393 unum.
3437 326 3572 384 sicut
3596 343 3693 399 ego

390 443 494 485 nes
535 427 841 484 nationum.
875 427 1122 498 Denique
1152 427 1398 497 sequitur
1428 445 1444 479 :
1475 425 1755 482 Seminabo
1796 441 1880 480 eos
1928 426 1984 480 in

389 521 638 594 populis,
683 530 732 575 et
777 520 844 574 de
891 518 1042 590 longe
1089 518 1499 574 recordabuntur
1543 520 1666 574 mei.
1718 517 1984 575 Seminati

387 625 516 670 sunt
566 615 616 668 in
650 614 882 685 populis,
937 613 1029 684 qui
1073 612 1291 667 Domini
1346 611 1572 668 audiere
1622 627 1982 668 sermonem:

386 706 608 778 Euntes,
641 707 820 775 docete
841 724 1018 762 omnes
1047 717 1225 780 gentes
1254 706 1436 780 (Matt.
1469 723 1659 774 xxvul,
1690 706 1801 779 l9).
1836 706 1904 762 Et
1931 707 1984 762 in

387 801 496 855 alio
525 801 642 855 loco
673 818 687 855 :
725 800 848 855 Non
875 816 962 856 vos
991 819 1068 854 me
1093 801 1348 874 elegistis,
1381 803 1474 855 sed
1517 817 1611 876 ego
1641 801 1771 876 elegi
1801 817 1910 869 uos,
1938 810 1984 857 et

394 894 550 965 Ῥοδιιὶ
579 911 664 949 ros
691 905 746 949 ut
768 896 896 950 catis
919 937 934 961 ,
969 905 1017 950 et
1062 897 1292 966 fructum
1323 896 1574 966 a/feratis,
1607 908 1653 953 et
1677 898 1877 969 [ructus
1903 913 1986 952 ve-

393 998 499 1042 ster
531 997 733 1042 maneat
755 990 808 1043 in
830 999 1077 1044 a'ternum
1108 991 1294 1062 (Joan.
1326 1007 1421 1059 xv,
1454 992 1562 1064 l6).
1583 993 1828 1064 Cumque
1855 1009 1986 1064 apo-

389 1082 519 1137 stoli
554 1081 752 1137 fuerint
805 1085 857 1138 in
890 1084 1103 1154 p0pnlis
1152 1087 1431 1151 seminati,
1475 1096 1668 1158 gentes
1714 1098 1768 1142 et
1800 1087 1985 1158 pepuli

392 1173 554 1244 longe
577 1175 735 1245 posili
769 1176 1202 1232 recordabuntur
1230 1179 1359 1244 mei,
1385 1179 1478 1233 illo
1508 1179 1825 1251 prophetico
1856 1179 1985 1237 huic

391 1265 678 1320 sententiae
700 1279 1036 1337 congruente
1066 1286 1079 1322 :
1109 1269 1524 1325 Reminiscentur
1551 1281 1596 1325 et
1627 1279 1986 1327 convertentur

390 1359 462 1412 ad
491 1359 776 1414 Dominum
819 1363 1047 1415 universi
1084 1364 1214 1431 ﬁnes
1265 1372 1438 1420 terrae.
1481 1363 1549 1417 Et
1590 1364 1883 1419 adorabunt
1930 1366 1984 1419 in

395 1464 680 1523 conspectu
708 1457 823 1525 ejus
852 1455 1108 1508 universtc
1157 1455 1373 1525 familia:
1416 1455 1667 1525 gentium.
1727 1457 1987 1524 Quoniam

395 1543 614 1600 Domini
634 1557 712 1602 est
744 1563 984 1618 regnum,
1020 1558 1070 1602 et
1092 1547 1203 1615 ipse
1229 1547 1581 1602 dominabitur
1609 1551 1839 1623 gentium
1865 1549 1985 1619 (Ps.

387 1655 506 1707 ιιι,
535 1639 624 1705 28,
655 1639 770 1709 Q9).
792 1640 1055 1710 Quodque
1085 1641 1282 1696 dicitur
1312 1659 1327 1696 :
1357 1641 1432 1696 De
1449 1643 1600 1716 longe
1629 1643 1988 1698 recordabun-

2087 434 2134 480 et
2159 436 2215 478 tu
2247 439 2405 478 unum
2432 439 2609 477 sumus
2635 419 2819 491 (Joan.
2857 436 2989 488 xvu,
3022 422 3142 492 ἓξ).
3180 420 3334 478 Unde
3375 432 3433 478 et
3485 435 3692 492 sponsa

2089 517 2142 572 in
2185 514 2408 571 Cantico
2448 514 2579 569 dicit
2615 514 2682 569 ad
2736 529 2999 584 sponsum
3034 530 3049 567 :
3086 513 3234 568 Odor
3274 513 3696 568 vestimentorum

2090 620 2330 675 tuorum,
2365 611 2495 664 sicut
2528 608 2658 664 odor
2703 608 2887 664 Libani
2927 607 3104 681 (Cant.
3151 623 3227 673 Iv,
3277 608 3390 680 H).
3445 604 3694 676 Cumque

2089 703 2373 760 induxerit
2397 717 2494 758 nos
2521 701 2577 757 in
2603 713 2805 758 terram
2829 699 3034 756 Galaad
3066 711 3128 756 ct'
3145 699 3366 766 Libani,
3396 715 3505 754 non
3535 700 3693 754 inve-

2087 798 2270 852 nietur
2291 795 2450 851 nobis
2474 795 2648 860 locus,
2701 801 2757 848 ut
2780 807 3123 865 nequaquam
3159 801 3321 848 terrae
3350 793 3696 864 stringamur

2088 891 2386 963 angustiis;
2437 889 2533 946 sed
2583 889 2849 946 caelorum
2895 888 3182 944 latitudine
3227 886 3339 960 [ΑΙ.
3371 884 3689 958 altitudine]

2093 985 2458 1058 perfruamur.

2161 1078 2344 1152 (Vers.
2371 1078 2460 1142 Η,
2489 1076 2604 1148 l2.)
2659 1075 2729 1130 Et
2758 1077 2998 1131 transibit
3028 1076 3080 1130 in
3111 1075 3274 1130 maris
3303 1075 3462 1144 freto,
3490 1083 3540 1128 et
3571 1087 3694 1144 per-

2089 1175 2244 1229 cutiet
2276 1175 2329 1229 in
2372 1174 2506 1227 mari
2526 1175 2719 1244 ﬂuctus
2752 1188 2771 1226 :
2793 1182 2840 1226 et
2863 1169 3251 1240 confundentur
3273 1170 3449 1224 omnia
3469 1173 3697 1240 profun-

2089 1269 2158 1324 da
2189 1269 2424 1340 ﬂuminis
2455 1283 2472 1320 :
2504 1278 2551 1321 et
2589 1265 2950 1321 humiliabitur
2970 1266 3212 1338 superbia
3241 1262 3426 1330 Assur,
3467 1272 3518 1316 et
3545 1277 3696 1332 scep-

2091 1369 2227 1415 trum
2252 1359 2475 1432 ngypti
2503 1357 2730 1414 recedet.
2763 1356 3082 1430 Confortabo
3115 1373 3202 1411 eos
3237 1357 3290 1410 in
3318 1354 3540 1410 Domino
3571 1371 3591 1410 :
3621 1351 3697 1408 Et

2089 1454 2142 1508 in
2163 1453 2371 1508 nomine
2401 1453 2515 1521 eius
2534 1451 2899 1517 ambulabunt,
2929 1450 3057 1504 dicit
3083 1449 3360 1504 Dominus.
3393 1448 3536 1504 LXX
3571 1464 3588 1504 ι
3623 1445 3697 1503 Et

2093 1547 2486 1618 pertransibunt
2514 1548 2568 1601 in
2595 1546 2733 1600 mari
2755 1555 2984 1618 angusto
3011 1561 3027 1600 :
3053 1556 3100 1598 et
3145 1544 3443 1618 percuticnt
3469 1545 3524 1597 in
3556 1541 3696 1596 mari

2089 1641 2310 1712 ﬂuctus,
2345 1648 2394 1694 et
2425 1638 2762 1694 siccabuntur
2813 1639 2990 1692 omnia
3037 1637 3308 1711 prolunda
3357 1637 3639 1707 ﬂuviorum
3675 1649 3697 1689 :

389 1741 476 1787 tur
501 1735 620 1802 mei,
649 1733 726 1788 illi
759 1734 938 1790 simile
977 1744 1063 1789 est
1093 1754 1104 1789 :
1139 1735 1240 1803 Qui
1265 1737 1417 1807 longe
1442 1739 1594 1805 estis,
1640 1739 1983 1794 recordamini
2014 1735 2062 1796 B
2088 1743 2138 1788 et
2184 1732 2451 1803 auferetur
2474 1732 2722 1786 universa
2742 1731 2944 1804 injuria
2968 1731 3323 1801 Assyriorum,
3347 1737 3396 1783 et
3425 1736 3692 1800 sceptrum

387 1822 623 1890 Domini,
653 1836 698 1877 et
721 1823 1019 1880 Jerusalem
1041 1827 1286 1880 ascendat
1307 1845 1464 1898 super
1485 1844 1572 1882 cor
1593 1837 1818 1884 vestrum
1841 1831 1982 1902 (Jer.

391 1917 568 1987 xxxi).
595 1917 780 1988 Longe
814 1919 914 1972 l'uit
943 1921 1122 1974 omnis
1143 1918 1386 1988 gentium
1413 1921 1740 1988 multitudo;
1775 1922 1869 1978 sed
1900 1939 1985 1978 re-

389 2009 611 2064 cordata
638 2022 719 2062 est
747 2009 863 2076 Dei,
893 2013 1018 2080 quia
1041 2026 1106 2066 ex
1143 2027 1250 2065 uno
1281 2026 1472 2067 omnes
1499 2021 1729 2083 parente
1760 2030 1989 2084 genera-

393 2117 538 2158 mur.
557 2100 799 2173 Cumque
823 2105 1085 2173 aposmlis
1110 2106 1160 2158 in
1180 2106 1387 2160 cunctis
1406 2105 1662 2176 gentibus
1677 2108 1982 2178 seminatis,

393 2206 586 2266 gentes
618 2197 777 2264 longe
811 2199 1001 2265 posita:
1045 2197 1136 2252 Dci
1182 2196 1380 2254 fuerint
1426 2199 1747 2266 recordata},
1803 2203 1989 2257 vivent

388 2304 512 2344 cum
545 2289 671 2342 liliis
691 2289 826 2354 suis,
853 2301 907 2343 ut
930 2291 1021 2360 qui
1049 2292 1195 2360 prius
1218 2291 1539 2347 inlidelitate
1572 2293 1774 2348 mortui
1806 2304 1984 2360 erant,

389 2381 500 2437 fide
527 2382 713 2438 vivere
741 2383 1023 2453 incipiant.
1055 2383 1146 2438 Isti
1177 2392 1303 2438 sunt
1330 2383 1450 2452 lilii,
1483 2399 1622 2455 quos
1652 2384 1859 2440 Paulus
1888 2402 1990 2440 nu-

389 2478 542 2533 trivit
573 2481 624 2532 in
656 2477 974 2549 Evangelio,
1002 2480 1248 2534 scribens
1277 2480 1344 2534 ad
1373 2480 1694 2538 Corinthios
1724 2501 1734 2536 :
1762 2481 1869 2537 Lac
1899 2501 1986 2538 υο-

389 2569 467 2624 ωε
481 2580 657 2639 potum
671 2570 790 2625 dedi
817 2569 861 2641 (l
885 2569 1006 2625 Cor.
1035 2586 1117 2637 Ill,
1144 2571 1223 2641 2).
1260 2573 1328 2626 Et
1355 2572 1548 2628 Petrus
1570 2575 1620 2628 in
1641 2573 1988 2642 dispersione

394 2663 592 2719 scribit
625 2663 898 2729 ﬁdelibus,
933 2664 1024 2734 qui
1055 2666 1231 2720 renati
1280 2676 1439 2720 erant
1469 2685 1481 2720 :
1510 2667 1626 2722 Non
1658 2683 1724 2722 ex
1771 2669 1983 2726 semine

390 2756 754 2825 corruptibili,
799 2757 894 2813 sed
925 2757 1356 2829 incorruptibili,
1401 2775 1501 2830 per
1543 2776 1856 2817 sermonem
1903 2763 1990 2818 vi-

389 2851 575 2906 ventis
601 2852 711 2920 Dei,
747 2861 801 2908 et
827 2855 1226 2922 permanenlis,
1249 2853 1389 2908 sicut
1411 2854 1573 2909 modo
1595 2856 1838 2926 generati
1864 2871 1984 2926 par-

390 2945 536 3012 vuli,
569 2956 624 3001 ut
673 2947 1000 3004 rationabile
1039 2948 1122 3002 lac
1159 2949 1617 3019 concupiscerent
1668 2963 1722 3006 et
1766 2952 1820 3005 in
1867 2951 1990 3021 ipso

389 3049 705 3096 crescerent
729 3041 781 3094 in
810 3041 1040 3098 salutem
1075 3041 1119 3112 (Ι
1142 3040 1260 3098 Pet.
1285 3041 1346 3111 ι).
1398 3041 1481 3098 Ad
1514 3043 1616 3098 hos
1663 3042 1804 3098 ﬁlios
1847 3044 1990 3099 scri-

2091 1824 2315 1897 JEgypti
2339 1824 2567 1878 tolletur.
2587 1823 2652 1878 Et
2675 1841 2767 1878 con
2774 1823 2981 1896 [ονταὺο
3000 1840 3087 1878 eos
3109 1825 3162 1876 in
3195 1821 3419 1876 Domino
3438 1819 3550 1874 Deo
3570 1835 3692 1886 suo,

2089 1929 2136 1972 et
2166 1920 2218 1972 in
2246 1919 2453 1972 nomine
2485 1919 2600 1988 ejus
2630 1915 3023 1989 gloriabuntur,
3059 1915 3190 1968 dicit
3224 1913 3504 1968 Dominus.
3551 1911 3692 1967 Nar-

2091 2018 2214 2065 rant
2237 2010 2446 2065 llebrmi
2475 2009 2748 2079 Cuplivum
2781 2009 3041 2080 populum
3071 2007 3413 2075 Judaeorum,
3446 2021 3554 2061 non
3584 2019 3684 2061 so-

2089 2103 2200 2159 lum
2234 2103 2288 2158 in
2321 2102 2507 2159 Medos
2527 2112 2580 2158 et
2600 2102 2823 2169 Persas,
2847 2102 2941 2156 sed
2968 2103 3018 2155 in
3043 2100 3384 2170 Bosphorum
3403 2113 3624 2169 quoque
3637 2105 3698 2152 et

2089 2198 2576 2269 septentrionalem
2606 2197 2818 2268 plagam
2845 2195 2917 2250 ab
2956 2195 3202 2268 Assyriis
3228 2205 3395 2266 atque
3415 2191 3696 2250 Chaldaeis

2091 2307 2218 2347 esse
2250 2292 2607 2358 translatum,
2631 2299 2688 2345 et
2730 2299 2920 2361 postea
2944 2303 3039 2344 eos
3063 2305 3129 2344 ex
3181 2295 3333 2358 parte
3379 2295 3694 2355 revocatos,

2093 2383 2190 2439 Dei
2224 2393 2249 2421 ι
2271 2399 2368 2439 eos
2407 2383 2472 2439 ad
2496 2399 2556 2438 se
2577 2391 2934 2440 convertente
2955 2381 3280 2447 clementia;
3310 2389 3368 2436 et
3411 2380 3514 2435 hoc
3566 2393 3696 2436 esse

2091 2477 2237 2548 quod
2271 2494 2419 2544 nunc;
2441 2478 2642 2532 dicitur
2670 2475 3024 2533 :Transibunt
3053 2476 3110 2530 in
3137 2472 3688 2546 mariangusto.Pro-

2097 2571 2336 2642 pontidis
2365 2574 2666 2644 angustias,
2699 2587 2822 2644 quae
2845 2571 3272 2636 Chalcedonem,
3315 2580 3370 2627 et
3416 2569 3694 2641 quondam

2069 2667 2396 2723 'Bizantium
2423 2669 2572 2722 brevi
2602 2667 2744 2724 freto
2771 2667 3044 2722 dividunt.
3071 2665 3141 2722 Et
3167 2665 3454 2737 percutiet,
3488 2663 3690 2734 inquit,

2096 2760 2356 2814 Dominus
2382 2759 2614 2832 (vadens
2629 2769 2758 2814 ante
2787 2759 3051 2830 populum
3075 2756 3257 2828 suum)
3277 2758 3442 2812 maris
3468 2755 3691 2820 ﬂuctus,

2094 2863 2150 2910 et
2179 2853 2583 2908 confundentur
2610 2853 2794 2908 omnia
2820 2853 3088 2924 profunda
3125 2849 3439 2914 ﬂuviorum,
3473 2855 3530 2902 ut
3557 2847 3692 2902 olim

2095 2948 2294 3004 factum
2325 2959 2430 3014 est,
2456 2947 2692 3003 Jordane
2714 2949 2921 3002 siccato
2945 2944 3135 3017 (Iosue
3181 2947 3290 3014 tu),
3313 2952 3370 2999 et
3396 2957 3548 2998 mare
3581 2941 3697 2995 Ru-

2096 3043 2252 3097 brum
2297 3051 2668 3113 transgressus
2712 3052 2796 3095 est
2837 3039 3073 3111 populus
3117 3040 3168 3094 in
3213 3038 3433 3093 deserto
3485 3035 3687 3106 (Exod.

387 3133 551 3190 bebat
580 3142 634 3190 et
663 3135 994 3205 evangelista
1024 3134 1266 3190 Joannes
1303 3153 1316 3188 :
1346 3133 1556 3202 Filioli,
1596 3137 1855 3192 custodite
1897 3152 1986 3191 vos
2015 3132 2061 3197 C
2095 3135 2272 3206 xxiv).
2322 3133 2571 3205 Cumque
2601 3133 2769 3189 fuerit
2813 3133 2882 3188 de
2929 3131 3272 3202 captivitatis
3321 3126 3590 3200 profundo
3635 3136 3697 3184 et

387 3227 453 3282 ab
479 3227 637 3282 idolis
657 3227 700 3300 (l
729 3228 887 3282 Joan.
921 3245 975 3294 v,
1005 3228 1122 3301 '21).
1177 3229 1240 3284 Et
1269 3229 1548 3297 reducam,
1574 3229 1776 3302 inquit,
1799 3245 1896 3286 eos
1919 3229 1988 3286 de

390 3328 533 3375 terra
559 3319 803 3392 Egypti,
837 3329 890 3376 et
941 3320 1011 3376 de
1058 3322 1298 3391 Assyriis
1340 3321 1687 3392 congrcgnbo
1737 3337 1856 3378 eos.
1913 3323 1989 3378 De

385 3419 533 3466 terra
563 3410 809 3483 Egypti,
857 3411 913 3465 in
956 3427 1061 3482 qna
1110 3410 1415 3482 imperabat
1460 3428 1557 3468 rex
1603 3412 1843 3477 Pharao,
1894 3413 1987 3484 qui

389 3504 663 3574 quondam
691 3505 1079 3574 gloriabundus
1107 3506 1288 3562 aiebat
1314 3525 1327 3560 :
1362 3505 1481 3561 Mea
1511 3518 1631 3562 sunt
1655 3509 1910 3579 ﬂumina,
1941 3518 1990 3562 et

389 3614 483 3669 ego
507 3598 604 3668 feci
625 3615 689 3653 ea
715 3597 935 3668 (Ezech.
960 3615 1118 3667 xxtx,
1135 3601 1212 3670 5).
1255 3600 1322 3656 Et
1341 3599 1410 3655 de
1434 3609 1578 3654 terra
1600 3598 1794 3669 Assur,
1822 3616 1988 3671 quam

393 3691 616 3746 tenebat
642 3707 737 3747 rex
765 3692 1044 3763 Assyrius,
1079 3707 1277 3748 sensus
1313 3707 1564 3764 magnus,
1609 3692 1705 3764 qui
1762 3703 1818 3748 et
1875 3693 1991 3763 ipse

392 3784 608 3840 dicebat
645 3806 656 3840 :
690 3787 861 3857 Super
889 3788 1063 3842 sidera
1089 3789 1202 3842 caeli.
1227 3805 1417 3858 ponam
1447 3793 1693 3844 thronum
1723 3777 1915 3856 meum,
1945 3797 1990 3842 et

389 3893 481 3932 ero
508 3879 692 3932 similis
718 3879 983 3933 Altissimo
1014 3877 1169 3952 (lsai.
1204 3895 1316 3945 xlv,
1349 3881 1459 3950 15).
1494 3879 1628 3934 Cum
1685 3890 1868 3934 autem
1923 3879 1992 3935 de

393 3969 638 4023 tenebris
665 3967 883 4041 Egypti
926 3979 982 4026 et
1029 3973 1098 4026 tle
1141 3971 1496 4026 tribulatione
1551 3972 1770 4037 mundi,
1817 3980 1873 4028 et
1924 3972 1992 4028 de

393 4070 668 4130 potestate
700 4063 935 4134 Assyrii,
963 4063 1057 4134 qui
1115 4065 1512 4133 interpretatur
1561 4083 1784 4137 arguens
1826 4077 1992 4134 atque

393 4154 702 4209 convincens
727 4154 871 4228 (ipse
901 4167 985 4210 est
1017 4158 1166 4211 enim
1225 4159 1478 4214 inimicus
1508 4169 1564 4213 et
1606 4157 1798 4230 ultor),
1824 4159 1992 4231 878

391 4249 646 4302 nationes
671 4248 934 4303 Dominus
950 4251 1324 4321 congregarit,
1356 4251 1689 4306 induceteos
1712 4251 1764 4306 in
1791 4259 1991 4306 terram

391 4341 620 4406 Galaad,
650 4351 705 4398 et
734 4343 949 4399 Libani.
985 4343 1192 4399 Gala/id
1224 4346 1276 4400 in
1309 4346 1548 4418 linguam
1586 4356 1833 4401 nostram
1865 4362 1993 4402 ver-

391 4437 552 4502 titur,
586 4439 940 4492 testimonium
971 4441 1464 4512 transmigrationis,
1497 4440 1720 4509 quando
1750 4440 1820 4496 de
1873 4456 1998 4496 car-

2090 3231 2258 3303 879
2283 3229 2549 3284 malorum
2578 3227 2944 3283 amaritudine
2988 3226 3280 3290 liberatus,
3314 3222 3696 3278 humiliabitur

2093 3329 2286 3389 Assur,
2345 3331 2400 3378 et
2449 3321 2670 3394 Egypti
2726 3318 3012 3390 imperium
3073 3317 3290 3374 recedet
3335 3315 3404 3372 ab
3432 3317 3534 3370 eis.
3621 3313 3697 3368 Et

2093 3416 2540 3472 confortabuntur
2593 3414 2646 3470 in
2716 3414 2985 3478 Domino,
3044 3423 3098 3467 et
3162 3411 3216 3466 in
3278 3409 3498 3465 nomine
3545 3409 3700 3464 illius

2092 3511 2444 3567 ambulabunt
2487 3509 2541 3564 in
2585 3517 2730 3564 terra
2776 3507 2944 3564 Israel
2975 3549 2989 3574 ,
3037 3507 3169 3562 dicit
3212 3504 3494 3560 Dominus.
3567 3503 3702 3559 Haec

2096 3613 2154 3658 ut
2210 3603 2278 3658 ab
2329 3601 2575 3657 Hebraeis
2628 3599 2785 3656 nobis
2854 3597 3052 3654 tradita
3110 3608 3274 3662 sunt,
3337 3606 3537 3652 nostra:
3591 3595 3700 3651 lin-

2094 3711 2214 3766 guae
2245 3693 2556 3749 honiinibus
2582 3692 2976 3762 expressimus,
3012 3691 3171 3747 tidem
3201 3689 3476 3746 dictorum
3500 3690 3568 3744 ad
3596 3703 3700 3745 eos

2095 3787 2343 3858 aquibus
2391 3795 2520 3840 sunt
2562 3784 2709 3840 dicta
2755 3784 3082 3840 referentes.
3128 3783 3405 3838 Cancrum
3457 3797 3558 3838 nos
3604 3782 3700 3853 qui

2095 3879 2299 3936 Clll‘iall
2329 3894 2623 3936 censemur
2656 3879 2880 3935 nomine
2911 3919 2926 3944 ,
2955 3877 3296 3932 occidentem
3339 3877 3702 3948 relinquimus

2097 3977 2360 4046 litteram,
2395 3986 2451 4031 et
2489 3975 2774 4046 sequimur
2804 3974 3058 4046 spiritum
3109 3972 3494 4040 viviﬁcantem,
3529 3971 3700 4028 immo

2095 4071 2393 4143 spiritualia
2409 4070 2784 4142 spiritualibus
2799 4077 3206 4141 comparantes,
3223 4084 3329 4122 non
3347 4067 3698 4137 Bosphorum

2097 4176 2152 4222 et
2182 4166 2487 4221 siccitatem
2537 4177 2754 4219 rursum
2782 4163 2950 4218 maris
2977 4172 3035 4217 et
3073 4161 3284 4217 arentia
3324 4159 3532 4216 ﬂuenta
3576 4157 3705 4214 Jor-

2097 4255 2275 4320 danis,
2307 4271 2431 4327 qua:
2450 4254 2757 4310 fabularum
2789 4254 2986 4310 similia
3039 4261 3187 4321 sunt,
3241 4251 3336 4308 sed
3377 4251 3597 4322 dignam
3644 4251 3699 4306 in

2099 4365 2289 4426 servos
2302 4365 2433 4405 suos
2454 4349 2550 4406 Dei
2565 4349 2908 4406 clementiam
2927 4349 3250 4420 quierimus,
3266 4363 3373 4417 quo
3391 4359 3699 4418 praeeunte,

2100 4451 2156 4498 et
2188 4443 2350 4497 nobis
2381 4443 2664 4512 aperiente
2690 4445 2856 4507 viam,
2915 4443 3216 4497 transimus
3260 4440 3428 4496 maris
3474 4439 3699 4508 fretum,

389 4531 608 4586 nalibus
632 4535 932 4587 transimus
961 4534 1027 4588 ad
1055 4533 1382 4604 spiritualia,
1437 4533 1506 4588 de
1537 4542 1694 4604 parte
1736 4536 1992 4591 venimus
2019 4531 2074 4594 D
2097 4538 2219 4595 sive
2241 4545 2530 4609 angustum
2566 4553 2740 4603 mare,
2765 4537 2906 4608 quod
2941 4536 3320 4608 peccatoribus
3369 4535 3702 4591 latissimum

390 4626 458 4681 ad
512 4632 726 4680 totum:
785 4637 1004 4682 terrena
1052 4627 1414 4696 relinquimus
1445 4669 1459 4692 ,
1515 4637 1570 4683 et
1623 4626 1692 4682 ad
1747 4629 1991 4686 cmlestia

389 4719 854 4789 transmigramus
933 4736 946 4772 :
1019 4718 1252 4774 Libanus
1331 4728 1512 4775 autem
1593 4720 1993 4792 interpretatur

389 4809 701 4883 λινκασμὸς,
762 4811 813 4865 id
883 4819 985 4876 est,
1047 4811 1328 4873 dealbatio.
1409 4812 1747 4869 Adducimur
1811 4816 1993 4886 itaque

390 4905 463 4960 de
511 4906 751 4960 tenebris
781 4905 1030 4976 Egypti,
1074 4917 1131 4960 ut
1173 4915 1458 4977 postquam
1507 4907 1891 4964 transierimus
1937 4919 1994 4965 et

388 4997 816 5068 migrat/erimus
855 5013 886 5052 a
920 4998 1144 5065 mundo,
1177 4998 1498 5056 dealbemur
1529 5001 1582 5056 in
1625 5001 1879 5066 Domino,
1936 5011 1995 5058 et

387 5088 607 5144 dicatur
627 5089 696 5144 de
731 5089 924 5144 nobis:
979 5089 1109 5154 Qua:
1130 5101 1205 5146 est
1227 5092 1326 5146 ista
1350 5110 1467 5162 quin
1495 5095 1726 5148 ascendit
1748 5094 1990 5150 dealbata

391 5181 573 5242 (Cant.
602 5197 718 5247 nu,
747 5181 804 5254 6)
830 5184 854 5237 ’ἐ
892 5183 1002 5238 Alii
1032 5185 1190 5251 juxta
1213 5183 1388 5240 Grmci
1421 5188 1695 5242 sermonis
1721 5189 1992 5259 ambigui-

385 5284 578 5338 tatem.
611 5290 716 5345 qua
748 5282 802 5329 et
830 5291 984 5346 mons
1011 5275 1293 5331 thniris
1320 5287 1374 5330 et
1405 5278 1532 5332 thus
1581 5278 1823 5334 Libanus
1853 5281 1990 5336 dici-

386 5377 501 5435 tur,
536 5385 682 5423 nunc
707 5367 966 5423 Libanum
997 5369 1116 5423 thus
1143 5370 1596 5439 interpretantur,
1634 5381 1690 5426 et
1719 5387 1792 5428 ex
1826 5372 1986 5429 thure

386 5463 687 5533 signiﬁcari
715 5471 908 5532 putant
932 5464 1123 5528 Deum,
1151 5473 1208 5516 ut
1241 5477 1524 5535 postquam
1546 5463 1614 5520 de
1633 5475 1779 5520 terra
1811 5475 2004 5566 trans;

388 5553 615 5611 ierimus
645 5555 709 5608 ad
741 5556 964 5622 ctelum,
999 5557 1292 5625 impleatur
1344 5557 1397 5611 in
1433 5557 1591 5613 nobis
1642 5561 1819 5613 oratio
1868 5553 1991 5616 Sal:

472 5747 499 5774 ι
524 5737 713 5804 Regio.
745 5755 871 5798 ms.,
901 5737 1000 5791 Dei
1020 5740 1089 5792 ad
1110 5755 1199 5793 eos
1219 5755 1273 5793 se
1302 5750 1623 5795 cont'ertente
1650 5741 1948 5799 clementia.

2132 4640 2184 4689 st
2208 4650 2220 4687 :
2251 4633 2383 4687 Lata
2412 4634 2547 4687 enim
2576 4640 2623 4687 et
2655 4634 2886 4701 spatiosa
2906 4633 2988 4685 uia
3013 4647 3130 4701 qua:
3170 4630 3313 4684 ducit
3339 4630 3409 4684 ad
3446 4639 3658 4684 mortem
3681 4644 3706 4685 :

2099 4734 2245 4783 arcta
2273 4735 2320 4782 et
2341 4737 2559 4799 angusta
2601 4742 2716 4798 quis
2742 4727 2880 4780 ducit
2908 4727 2978 4781 ad
3017 4728 3171 4781 vitam
3203 4724 3419 4796 (Matth.
3449 4741 3551 4791 vn,
3584 4723 3701 4796 15).

2103 4820 2182 4876 De
2209 4821 2313 4874 hoc
2336 4819 2473 4874 mari
2504 4828 2561 4874 et
2593 4819 2646 4874 in
2680 4819 2911 4874 Psalmis
2939 4819 3169 4890 legimus
3200 4837 3216 4876 :
3251 4819 3356 4886 Qui
3381 4819 3705 4873 descendunt

2099 4915 2154 4968 in
2186 4930 2328 4968 mare
2341 4913 2574 4981 navibus,
2593 4913 2840 4985 facientes
2868 4915 3214 4984 operationem
3237 4915 3293 4968 in
3317 4912 3465 4984 aquis
3495 4906 3698 4980 multis,

2100 5004 2201 5076 ipsi
2217 5004 2625 5076 videruntapera
2640 5003 2924 5072 Domini,et
2938 5005 3204 5060 mirabilia
3216 5006 3328 5076 ejus
3356 5006 3410 5058 in
3434 5001 3702 5075 profundo

2103 5095 2222 5166 (Ps.
2250 5110 2357 5162 cvi,
2387 5095 2504 5167 22).
2561 5096 2615 5150 In
2639 5096 2746 5151 hoc
2767 5111 2915 5151 mare
2934 5097 3143 5165 sreculi,
3169 5095 3222 5150 in
3243 5109 3354 5166 quo
3381 5107 3702 5150 sanctorum

2099 5203 2359 5243 numerus
2389 5198 2722 5255 coarctatur,
2748 5199 2806 5244 et
2832 5189 2887 5243 in
2929 5187 3280 5243 tribulatione
3328 5187 3540 5259 positus
3591 5195 3701 5253 est,

2097 5284 2498 5340 descenderunt
2528 5282 2784 5353 apostoli,
2816 5291 2874 5338 et
2904 5283 3112 5354 primus
3141 5283 3426 5348 Dominus,
3485 5288 3547 5337 ut
3600 5294 3701 5336 nos

2095 5377 2167 5434 de
2195 5379 2398 5434 amaris
2426 5377 2682 5433 ﬂuctibus
2732 5377 2992 5432 liberaret
3045 5375 3245 5448 (Marc.
3296 5373 3394 5446 tv).
3480 5373 3538 5429 In
3599 5357 3732 5427 hoc.

2100 5484 2248 5524 mare
2278 5484 2472 5540 sagena
2509 5468 2792 5541 Evangelii
2843 5469 3076 5524 mittitur
3114 5467 3332 5541 (Matth.
3382 5464 3522 5536 xm),
3568 5479 3694 5536 qua:

2098 5561 2426 5618 testimoniis
2450 5571 2591 5618 texta
2624 5572 2708 5618 est
2738 5561 3171 5631 Scriptor-arum,
3197 5570 3256 5615 ut
3281 5559 3462 5631 pisces
3491 5559 3697 5614 multos
