  <div class='ocr_page' id='page_1' title='image "/cluster/home/n/w/nwhite01/storage/ocr_20150623/25/hvd.32044015471394/756.png"; bbox 0 0 4056 6342; ppageno 0'>
   <div class='ocr_carea' id='block_1_1' title="bbox 273 319 414 383">
    <p class='ocr_par' dir='ltr' id='par_1_1' title="bbox 273 319 414 383">
     <span class='ocr_line' id='line_1_1' title="bbox 273 319 414 383; baseline -0.007 -1"><span class='ocrx_word' id='word_1_1' title='bbox 273 319 414 383; x_wconf 72' lang='lat' dir='ltr'><strong>I497</strong></span> 
     </span>
    </p>
   </div>
   <div class='ocr_carea' id='block_1_2' title="bbox 1016 317 2864 381">
    <p class='ocr_par' dir='ltr' id='par_1_2' title="bbox 1016 317 2864 381">
     <span class='ocr_line' id='line_1_2' title="bbox 1016 317 2864 381; baseline -0.004 0"><span class='ocrx_word' id='word_1_2' title='bbox 1016 318 1665 381; x_wconf 77' lang='lat' dir='ltr'><strong>COMMENTARIORUM</strong></span> <span class='ocrx_word' id='word_1_3' title='bbox 1706 319 1774 376; x_wconf 84' lang='lat' dir='ltr'><strong>IN</strong></span> <span class='ocrx_word' id='word_1_4' title='bbox 1811 317 2216 378; x_wconf 65' lang='lat' dir='ltr'><strong>ZACIIARIAM</strong></span> <span class='ocrx_word' id='word_1_5' title='bbox 2257 320 2387 379; x_wconf 78' lang='lat' dir='ltr'><strong>LIB.</strong></span> <span class='ocrx_word' id='word_1_6' title='bbox 2433 319 2524 377; x_wconf 90' lang='lat' dir='ltr'><strong>III.</strong></span> <span class='ocrx_word' id='word_1_7' title='bbox 2566 318 2726 378; x_wconf 67' lang='lat' dir='ltr'><strong>CAP.</strong></span> <span class='ocrx_word' id='word_1_8' title='bbox 2767 317 2864 375; x_wconf 77' lang='lat' dir='ltr'><strong>XI.</strong></span> 
     </span>
    </p>
   </div>
   <div class='ocr_carea' id='block_1_3' title="bbox 3423 307 3563 369">
    <p class='ocr_par' dir='ltr' id='par_1_3' title="bbox 3423 307 3563 369">
     <span class='ocr_line' id='line_1_3' title="bbox 3423 307 3563 369; baseline 0.014 -2"><span class='ocrx_word' id='word_1_9' title='bbox 3423 307 3563 369; x_wconf 74' lang='lat' dir='ltr'><strong>N98</strong></span> 
     </span>
    </p>
   </div>
   <div class='ocr_carea' id='block_1_4' title="bbox 268 430 3565 510">
    <p class='ocr_par' dir='ltr' id='par_1_4' title="bbox 268 430 3565 510">
     <span class='ocr_line' id='line_1_4' title="bbox 268 430 3565 510; baseline -0.003 -14"><span class='ocrx_word' id='word_1_10' title='bbox 268 450 327 496; x_wconf 90' lang='lat' dir='ltr'><strong>et</strong></span> <span class='ocrx_word' id='word_1_11' title='bbox 353 442 581 496; x_wconf 88' lang='lat' dir='ltr'><strong>obrutos</strong></span> <span class='ocrx_word' id='word_1_12' title='bbox 612 438 800 495; x_wconf 88' lang='lat' dir='ltr'><strong>mundi</strong></span> <span class='ocrx_word' id='word_1_13' title='bbox 831 437 992 510; x_wconf 91' lang='lat' dir='ltr'><strong>hujus</strong></span> <span class='ocrx_word' id='word_1_14' title='bbox 1019 439 1350 510; x_wconf 77' lang='lat' dir='ltr'><strong>gurgitibus,</strong></span> <span class='ocrx_word' id='word_1_15' title='bbox 1381 439 1435 495; x_wconf 92' lang='lat' dir='ltr'><strong>in</strong></span> <span class='ocrx_word' id='word_1_16' title='bbox 1458 453 1647 494; x_wconf 84' lang='lat' dir='ltr'><strong>auram</strong></span> <span class='ocrx_word' id='word_1_17' title='bbox 1678 448 1862 493; x_wconf 84' lang='lat' dir='ltr'><strong>extra-</strong></span> <span class='ocrx_word' id='word_1_18' title='bbox 1891 442 1939 502; x_wconf 83' lang='grc' dir='ltr'>Α</span> <span class='ocrx_word' id='word_1_19' title='bbox 1969 440 2217 495; x_wconf 86' lang='lat' dir='ltr'><strong>courertit</strong></span> <span class='ocrx_word' id='word_1_20' title='bbox 2240 456 2382 493; x_wconf 87' lang='lat' dir='ltr'><strong>mare</strong></span> <span class='ocrx_word' id='word_1_21' title='bbox 2402 439 2454 493; x_wconf 88' lang='lat' dir='ltr'><strong>in</strong></span> <span class='ocrx_word' id='word_1_22' title='bbox 2482 439 2704 504; x_wconf 85' lang='lat' dir='ltr'><strong>aridam,</strong></span> <span class='ocrx_word' id='word_1_23' title='bbox 2724 438 2778 492; x_wconf 92' lang='lat' dir='ltr'><strong>in</strong></span> <span class='ocrx_word' id='word_1_24' title='bbox 2802 430 3413 507; x_wconf 81' lang='lat' dir='ltr'><strong>ﬂuminepertrausibunt</strong></span> <span class='ocrx_word' id='word_1_25' title='bbox 3436 430 3565 501; x_wconf 89' lang='lat' dir='ltr'><strong>pede</strong></span> 
     </span>
    </p>
   </div>
   <div class='ocr_carea' id='block_1_5' title="bbox 272 531 1866 603">
    <p class='ocr_par' dir='ltr' id='par_1_5' title="bbox 272 531 1866 603">
     <span class='ocr_line' id='line_1_5' title="bbox 272 531 1866 603; baseline -0.002 -14"><span class='ocrx_word' id='word_1_26' title='bbox 272 533 365 589; x_wconf 86' lang='lat' dir='ltr'><strong>hat</strong></span> <span class='ocrx_word' id='word_1_27' title='bbox 398 533 653 598; x_wconf 86' lang='lat' dir='ltr'><strong>liberam,</strong></span> <span class='ocrx_word' id='word_1_28' title='bbox 686 542 747 587; x_wconf 91' lang='lat' dir='ltr'><strong>ut</strong></span> <span class='ocrx_word' id='word_1_29' title='bbox 776 533 993 603; x_wconf 78' lang='lat' dir='ltr'><strong>possint</strong></span> <span class='ocrx_word' id='word_1_30' title='bbox 1029 532 1216 588; x_wconf 84' lang='lat' dir='ltr'><strong>laudes</strong></span> <span class='ocrx_word' id='word_1_31' title='bbox 1251 533 1361 587; x_wconf 86' lang='lat' dir='ltr'><strong>Deo</strong></span> <span class='ocrx_word' id='word_1_32' title='bbox 1387 547 1608 587; x_wconf 87' lang='lat' dir='ltr'><strong>canere.</strong></span> <span class='ocrx_word' id='word_1_33' title='bbox 1641 531 1705 586; x_wconf 86' lang='lat' dir='ltr'><strong>Ili</strong></span> <span class='ocrx_word' id='word_1_34' title='bbox 1740 544 1866 586; x_wconf 88' lang='lat' dir='ltr'><strong>sunt</strong></span> 
     </span>
    </p>
   </div>
   <div class='ocr_carea' id='block_1_6' title="bbox 269 625 1863 699">
    <p class='ocr_par' dir='ltr' id='par_1_6' title="bbox 269 625 1863 699">
     <span class='ocr_line' id='line_1_6' title="bbox 269 625 1863 699; baseline -0.002 -16"><span class='ocrx_word' id='word_1_35' title='bbox 269 629 360 699; x_wconf 89' lang='lat' dir='ltr'><strong>qui</strong></span> <span class='ocrx_word' id='word_1_36' title='bbox 393 627 795 683; x_wconf 81' lang='lat' dir='ltr'><strong>descenderunt</strong></span> <span class='ocrx_word' id='word_1_37' title='bbox 822 629 873 681; x_wconf 92' lang='lat' dir='ltr'><strong>in</strong></span> <span class='ocrx_word' id='word_1_38' title='bbox 908 642 1076 692; x_wconf 86' lang='lat' dir='ltr'><strong>mare,</strong></span> <span class='ocrx_word' id='word_1_39' title='bbox 1110 636 1165 683; x_wconf 90' lang='lat' dir='ltr'><strong>et</strong></span> <span class='ocrx_word' id='word_1_40' title='bbox 1199 627 1252 681; x_wconf 92' lang='lat' dir='ltr'><strong>in</strong></span> <span class='ocrx_word' id='word_1_41' title='bbox 1286 625 1658 682; x_wconf 82' lang='lat' dir='ltr'><strong>Ecclesiarum</strong></span> <span class='ocrx_word' id='word_1_42' title='bbox 1702 626 1863 680; x_wconf 88' lang='lat' dir='ltr'><strong>navi—</strong></span> 
     </span>
    </p>
   </div>
   <div class='ocr_carea' id='block_1_7' title="bbox 270 717 1867 788">
    <p class='ocr_par' dir='ltr' id='par_1_7' title="bbox 270 717 1867 788">
     <span class='ocr_line' id='line_1_7' title="bbox 270 717 1867 788; baseline -0.001 -14"><span class='ocrx_word' id='word_1_43' title='bbox 270 719 376 775; x_wconf 82' lang='lat' dir='ltr'><strong>bus</strong></span> <span class='ocrx_word' id='word_1_44' title='bbox 403 719 604 773; x_wconf 82' lang='lat' dir='ltr'><strong>faciunt</strong></span> <span class='ocrx_word' id='word_1_45' title='bbox 637 734 806 787; x_wconf 80' lang='lat' dir='ltr'><strong>opera</strong></span> <span class='ocrx_word' id='word_1_46' title='bbox 834 719 1021 788; x_wconf 90' lang='lat' dir='ltr'><strong>multa,</strong></span> <span class='ocrx_word' id='word_1_47' title='bbox 1046 730 1100 773; x_wconf 89' lang='lat' dir='ltr'><strong>et</strong></span> <span class='ocrx_word' id='word_1_48' title='bbox 1131 720 1224 773; x_wconf 88' lang='lat' dir='ltr'><strong>Dei</strong></span> <span class='ocrx_word' id='word_1_49' title='bbox 1257 728 1489 774; x_wconf 88' lang='lat' dir='ltr'><strong>cernunt</strong></span> <span class='ocrx_word' id='word_1_50' title='bbox 1519 719 1787 773; x_wconf 75' lang='lat' dir='ltr'><strong>mirabilia</strong></span> <span class='ocrx_word' id='word_1_51' title='bbox 1812 717 1867 772; x_wconf 88' lang='lat' dir='ltr'><strong>itt</strong></span> 
     </span>
    </p>
   </div>
   <div class='ocr_carea' id='block_1_8' title="bbox 272 810 1861 883">
    <p class='ocr_par' dir='ltr' id='par_1_8' title="bbox 272 810 1861 883">
     <span class='ocr_line' id='line_1_8' title="bbox 272 810 1861 883; baseline -0.003 -14"><span class='ocrx_word' id='word_1_52' title='bbox 272 812 545 883; x_wconf 85' lang='lat' dir='ltr'><strong>profundo</strong></span> <span class='ocrx_word' id='word_1_53' title='bbox 566 812 877 867; x_wconf 71' lang='lat' dir='ltr'><strong>divitiarum</strong></span> <span class='ocrx_word' id='word_1_54' title='bbox 906 813 1191 882; x_wconf 67' lang='lat' dir='ltr'><strong>sapientiae</strong></span> <span class='ocrx_word' id='word_1_55' title='bbox 1218 823 1273 868; x_wconf 91' lang='lat' dir='ltr'><strong>et</strong></span> <span class='ocrx_word' id='word_1_56' title='bbox 1297 810 1724 881; x_wconf 69' lang='lat' dir='ltr'><strong>scienti&#39;eejusﬂ</strong></span> <span class='ocrx_word' id='word_1_57' title='bbox 1742 811 1861 865; x_wconf 84' lang='lat' dir='ltr'><strong>Cor.</strong></span> 
     </span>
    </p>
   </div>
   <div class='ocr_carea' id='block_1_9' title="bbox 278 904 1863 976">
    <p class='ocr_par' dir='ltr' id='par_1_9' title="bbox 278 904 1863 976">
     <span class='ocr_line' id='line_1_9' title="bbox 278 904 1863 976; baseline -0.001 -17"><span class='ocrx_word' id='word_1_58' title='bbox 278 906 371 976; x_wconf 83' lang='lat' dir='ltr'><strong>ll);</strong></span> <span class='ocrx_word' id='word_1_59' title='bbox 406 916 459 960; x_wconf 87' lang='lat' dir='ltr'><strong>et</strong></span> <span class='ocrx_word' id='word_1_60' title='bbox 496 906 548 960; x_wconf 91' lang='lat' dir='ltr'><strong>in</strong></span> <span class='ocrx_word' id='word_1_61' title='bbox 581 904 795 976; x_wconf 90' lang='lat' dir='ltr'><strong>Spiritu</strong></span> <span class='ocrx_word' id='word_1_62' title='bbox 825 916 1016 961; x_wconf 89' lang='lat' dir='ltr'><strong>sancto</strong></span> <span class='ocrx_word' id='word_1_63' title='bbox 1054 906 1148 976; x_wconf 88' lang='lat' dir='ltr'><strong>qui</strong></span> <span class='ocrx_word' id='word_1_64' title='bbox 1207 913 1481 961; x_wconf 79' lang='lat' dir='ltr'><strong>scrutatur</strong></span> <span class='ocrx_word' id='word_1_65' title='bbox 1536 905 1699 959; x_wconf 87' lang='lat' dir='ltr'><strong>etiam</strong></span> <span class='ocrx_word' id='word_1_66' title='bbox 1756 904 1863 959; x_wconf 87' lang='lat' dir='ltr'><strong>alta</strong></span> 
     </span>
    </p>
   </div>
   <div class='ocr_carea' id='block_1_10' title="bbox 270 998 1867 1070">
    <p class='ocr_par' dir='ltr' id='par_1_10' title="bbox 270 998 1867 1070">
     <span class='ocr_line' id='line_1_10' title="bbox 270 998 1867 1070; baseline -0.002 -16"><span class='ocrx_word' id='word_1_67' title='bbox 270 998 394 1067; x_wconf 88' lang='lat' dir='ltr'><strong>Dei,</strong></span> <span class='ocrx_word' id='word_1_68' title='bbox 428 998 626 1070; x_wconf 87' lang='lat' dir='ltr'><strong>quibus</strong></span> <span class='ocrx_word' id='word_1_69' title='bbox 654 999 915 1053; x_wconf 87' lang='lat' dir='ltr'><strong>Dominus</strong></span> <span class='ocrx_word' id='word_1_70' title='bbox 944 999 1186 1070; x_wconf 83' lang='lat' dir='ltr'><strong>loquitur</strong></span> <span class='ocrx_word' id='word_1_71' title='bbox 1218 1016 1233 1052; x_wconf 88' lang='lat'><strong>:</strong></span> <span class='ocrx_word' id='word_1_72' title='bbox 1274 999 1453 1054; x_wconf 77' lang='lat' dir='ltr'><strong>Venite</strong></span> <span class='ocrx_word' id='word_1_73' title='bbox 1494 1007 1608 1069; x_wconf 87' lang='lat' dir='ltr'><strong>post</strong></span> <span class='ocrx_word' id='word_1_74' title='bbox 1658 1015 1758 1065; x_wconf 87' lang='lat' dir='ltr'><strong>me,</strong></span> <span class='ocrx_word' id='word_1_75' title='bbox 1814 1007 1867 1051; x_wconf 92' lang='lat' dir='ltr'><strong>et</strong></span> 
     </span>
    </p>
   </div>
   <div class='ocr_carea' id='block_1_11' title="bbox 270 1089 1860 1165">
    <p class='ocr_par' dir='ltr' id='par_1_11' title="bbox 270 1089 1860 1165">
     <span class='ocr_line' id='line_1_11' title="bbox 270 1089 1860 1165; baseline -0.001 -17"><span class='ocrx_word' id='word_1_76' title='bbox 270 1095 461 1164; x_wconf 73' lang='lat' dir='ltr'><strong>faciam</strong></span> <span class='ocrx_word' id='word_1_77' title='bbox 484 1109 569 1146; x_wconf 79' lang='lat' dir='ltr'><strong>vos</strong></span> <span class='ocrx_word' id='word_1_78' title='bbox 603 1094 880 1162; x_wconf 78' lang='lat' dir='ltr'><strong>piscatores</strong></span> <span class='ocrx_word' id='word_1_79' title='bbox 908 1092 1173 1147; x_wconf 83' lang='lat' dir='ltr'><strong>hominum</strong></span> <span class='ocrx_word' id='word_1_80' title='bbox 1198 1090 1413 1165; x_wconf 77' lang='lat' dir='ltr'><strong>(Matth.</strong></span> <span class='ocrx_word' id='word_1_81' title='bbox 1437 1109 1508 1159; x_wconf 87' lang='lat' dir='ltr'><strong>Iv,</strong></span> <span class='ocrx_word' id='word_1_82' title='bbox 1541 1089 1651 1164; x_wconf 86' lang='lat' dir='ltr'><strong>I9).</strong></span> <span class='ocrx_word' id='word_1_83' title='bbox 1680 1092 1754 1146; x_wconf 90' lang='lat' dir='ltr'><strong>De</strong></span> <span class='ocrx_word' id='word_1_84' title='bbox 1777 1090 1860 1146; x_wconf 89' lang='lat' dir='ltr'><strong>his</strong></span> 
     </span>
    </p>
   </div>
   <div class='ocr_carea' id='block_1_12' title="bbox 269 1185 1871 1257">
    <p class='ocr_par' dir='ltr' id='par_1_12' title="bbox 269 1185 1871 1257">
     <span class='ocr_line' id='line_1_12' title="bbox 269 1185 1871 1257; baseline -0.002 -16"><span class='ocrx_word' id='word_1_85' title='bbox 269 1187 637 1257; x_wconf 85' lang='lat' dir='ltr'><strong>piscatoribus</strong></span> <span class='ocrx_word' id='word_1_86' title='bbox 670 1187 759 1256; x_wconf 91' lang='lat' dir='ltr'><strong>qui</strong></span> <span class='ocrx_word' id='word_1_87' title='bbox 792 1186 1135 1241; x_wconf 89' lang='lat' dir='ltr'><strong>descendunt</strong></span> <span class='ocrx_word' id='word_1_88' title='bbox 1156 1186 1208 1241; x_wconf 92' lang='lat' dir='ltr'><strong>in</strong></span> <span class='ocrx_word' id='word_1_89' title='bbox 1240 1201 1412 1253; x_wconf 90' lang='lat' dir='ltr'><strong>mare,</strong></span> <span class='ocrx_word' id='word_1_90' title='bbox 1448 1195 1501 1241; x_wconf 83' lang='lat' dir='ltr'><strong>et</strong></span> <span class='ocrx_word' id='word_1_91' title='bbox 1532 1194 1663 1240; x_wconf 92' lang='lat' dir='ltr'><strong>sunt</strong></span> <span class='ocrx_word' id='word_1_92' title='bbox 1688 1185 1740 1240; x_wconf 91' lang='lat' dir='ltr'><strong>in</strong></span> <span class='ocrx_word' id='word_1_93' title='bbox 1774 1201 1871 1240; x_wconf 87' lang='lat' dir='ltr'><strong>na-</strong></span> 
     </span>
    </p>
   </div>
   <div class='ocr_carea' id='block_1_13' title="bbox 268 1279 1870 1350">
    <p class='ocr_par' dir='ltr' id='par_1_13' title="bbox 268 1279 1870 1350">
     <span class='ocr_line' id='line_1_13' title="bbox 268 1279 1870 1350; baseline -0.001 -16"><span class='ocrx_word' id='word_1_94' title='bbox 268 1280 453 1345; x_wconf 88' lang='lat' dir='ltr'><strong>vibus,</strong></span> <span class='ocrx_word' id='word_1_95' title='bbox 482 1280 649 1335; x_wconf 77' lang='lat' dir='ltr'><strong>Isaias</strong></span> <span class='ocrx_word' id='word_1_96' title='bbox 665 1295 883 1350; x_wconf 91' lang='lat' dir='ltr'><strong>quoque</strong></span> <span class='ocrx_word' id='word_1_97' title='bbox 905 1280 1235 1335; x_wconf 82' lang='lat' dir='ltr'><strong>vaticinatur</strong></span> <span class='ocrx_word' id='word_1_98' title='bbox 1260 1300 1274 1336; x_wconf 89' lang='lat'><strong>:</strong></span> <span class='ocrx_word' id='word_1_99' title='bbox 1312 1279 1570 1335; x_wconf 83' lang='lat' dir='ltr'><strong>Volabant</strong></span> <span class='ocrx_word' id='word_1_100' title='bbox 1590 1280 1641 1333; x_wconf 89' lang='lat' dir='ltr'><strong>in</strong></span> <span class='ocrx_word' id='word_1_101' title='bbox 1657 1279 1870 1335; x_wconf 86' lang='lat' dir='ltr'><strong>navibus</strong></span> 
     </span>
    </p>
   </div>
   <div class='ocr_carea' id='block_1_14' title="bbox 268 1371 1865 1446">
    <p class='ocr_par' dir='ltr' id='par_1_14' title="bbox 268 1371 1865 1446">
     <span class='ocr_line' id='line_1_14' title="bbox 268 1371 1865 1446; baseline -0.001 -18"><span class='ocrx_word' id='word_1_102' title='bbox 268 1373 700 1445; x_wconf 76' lang='lat' dir='ltr'><strong>alienigenarum,</strong></span> <span class='ocrx_word' id='word_1_103' title='bbox 732 1384 780 1427; x_wconf 90' lang='lat' dir='ltr'><strong>et</strong></span> <span class='ocrx_word' id='word_1_104' title='bbox 810 1390 953 1427; x_wconf 87' lang='lat' dir='ltr'><strong>mare</strong></span> <span class='ocrx_word' id='word_1_105' title='bbox 992 1375 1187 1446; x_wconf 74' lang='lat' dir='ltr'><strong>pariter</strong></span> <span class='ocrx_word' id='word_1_106' title='bbox 1239 1373 1672 1443; x_wconf 80' lang='lat' dir='ltr'><strong>deprtedabuntur</strong></span> <span class='ocrx_word' id='word_1_107' title='bbox 1713 1371 1865 1444; x_wconf 85' lang='lat' dir='ltr'><strong>(Isai.</strong></span> 
     </span>
    </p>
   </div>
   <div class='ocr_carea' id='block_1_15' title="bbox 269 1465 1868 1537">
    <p class='ocr_par' dir='ltr' id='par_1_15' title="bbox 269 1465 1868 1537">
     <span class='ocr_line' id='line_1_15' title="bbox 269 1465 1868 1537; baseline 0.001 -17"><span class='ocrx_word' id='word_1_108' title='bbox 269 1480 348 1532; x_wconf 74' lang='lat' dir='ltr'><strong>XI,</strong></span> <span class='ocrx_word' id='word_1_109' title='bbox 383 1466 497 1534; x_wconf 67' lang='lat' dir='ltr'><strong>I4).</strong></span> <span class='ocrx_word' id='word_1_110' title='bbox 546 1466 602 1520; x_wconf 93' lang='lat' dir='ltr'><strong>In</strong></span> <span class='ocrx_word' id='word_1_111' title='bbox 630 1465 895 1522; x_wconf 82' lang='lat' dir='ltr'><strong>Ecelesiis</strong></span> <span class='ocrx_word' id='word_1_112' title='bbox 924 1466 1068 1522; x_wconf 89' lang='lat' dir='ltr'><strong>enim</strong></span> <span class='ocrx_word' id='word_1_113' title='bbox 1095 1466 1164 1522; x_wconf 91' lang='lat' dir='ltr'><strong>de</strong></span> <span class='ocrx_word' id='word_1_114' title='bbox 1197 1482 1425 1522; x_wconf 90' lang='lat' dir='ltr'><strong>numero</strong></span> <span class='ocrx_word' id='word_1_115' title='bbox 1452 1466 1693 1537; x_wconf 86' lang='lat' dir='ltr'><strong>gentium</strong></span> <span class='ocrx_word' id='word_1_116' title='bbox 1737 1482 1868 1522; x_wconf 82' lang='lat' dir='ltr'><strong>con—</strong></span> 
     </span>
    </p>
   </div>
   <div class='ocr_carea' id='block_1_16' title="bbox 267 1559 1870 1630">
    <p class='ocr_par' dir='ltr' id='par_1_16' title="bbox 267 1559 1870 1630">
     <span class='ocr_line' id='line_1_16' title="bbox 267 1559 1870 1630; baseline -0.001 -16"><span class='ocrx_word' id='word_1_117' title='bbox 267 1559 535 1630; x_wconf 81' lang='lat' dir='ltr'><strong>gregalis,</strong></span> <span class='ocrx_word' id='word_1_118' title='bbox 568 1566 687 1613; x_wconf 88' lang='lat' dir='ltr'><strong>toto</strong></span> <span class='ocrx_word' id='word_1_119' title='bbox 718 1559 948 1623; x_wconf 80' lang='lat' dir='ltr'><strong>apostoli</strong></span> <span class='ocrx_word' id='word_1_120' title='bbox 980 1559 1118 1613; x_wconf 90' lang='lat' dir='ltr'><strong>orbe</strong></span> <span class='ocrx_word' id='word_1_121' title='bbox 1145 1559 1465 1625; x_wconf 88' lang='lat' dir='ltr'><strong>volitarnnt,</strong></span> <span class='ocrx_word' id='word_1_122' title='bbox 1501 1569 1559 1615; x_wconf 91' lang='lat' dir='ltr'><strong>ut</strong></span> <span class='ocrx_word' id='word_1_123' title='bbox 1589 1559 1870 1629; x_wconf 67' lang='lat' dir='ltr'><strong>deprmda-</strong></span> 
     </span>
    </p>
   </div>
   <div class='ocr_carea' id='block_1_17' title="bbox 267 1650 1866 1725">
    <p class='ocr_par' dir='ltr' id='par_1_17' title="bbox 267 1650 1866 1725">
     <span class='ocr_line' id='line_1_17' title="bbox 267 1650 1866 1725; baseline 0 -19"><span class='ocrx_word' id='word_1_124' title='bbox 267 1658 460 1706; x_wconf 88' lang='lat' dir='ltr'><strong>rentur</strong></span> <span class='ocrx_word' id='word_1_125' title='bbox 487 1666 657 1716; x_wconf 90' lang='lat' dir='ltr'><strong>mare,</strong></span> <span class='ocrx_word' id='word_1_126' title='bbox 687 1662 740 1705; x_wconf 88' lang='lat' dir='ltr'><strong>et</strong></span> <span class='ocrx_word' id='word_1_127' title='bbox 772 1650 1028 1706; x_wconf 85' lang='lat' dir='ltr'><strong>draconis</strong></span> <span class='ocrx_word' id='word_1_128' title='bbox 1048 1653 1216 1725; x_wconf 76' lang='lat'><strong>880</strong></span> <span class='ocrx_word' id='word_1_129' title='bbox 1262 1652 1432 1724; x_wconf 82' lang='lat' dir='ltr'><strong>spolia</strong></span> <span class='ocrx_word' id='word_1_130' title='bbox 1467 1653 1743 1719; x_wconf 87' lang='lat' dir='ltr'><strong>tollerent,</strong></span> <span class='ocrx_word' id='word_1_131' title='bbox 1775 1652 1866 1724; x_wconf 90' lang='lat' dir='ltr'><strong>qui</strong></span> 
     </span>
    </p>
   </div>
   <div class='ocr_carea' id='block_1_18' title="bbox 270 1743 1869 1815">
    <p class='ocr_par' dir='ltr' id='par_1_18' title="bbox 270 1743 1869 1815">
     <span class='ocr_line' id='line_1_18' title="bbox 270 1743 1869 1815; baseline 0 -16"><span class='ocrx_word' id='word_1_132' title='bbox 270 1743 536 1814; x_wconf 74' lang='lat' dir='ltr'><strong>regnabat</strong></span> <span class='ocrx_word' id='word_1_133' title='bbox 559 1743 612 1798; x_wconf 92' lang='lat' dir='ltr'><strong>in</strong></span> <span class='ocrx_word' id='word_1_134' title='bbox 638 1745 805 1811; x_wconf 76' lang='lat' dir='ltr'><strong>mari,</strong></span> <span class='ocrx_word' id='word_1_135' title='bbox 833 1753 889 1799; x_wconf 87' lang='lat' dir='ltr'><strong>et</strong></span> <span class='ocrx_word' id='word_1_136' title='bbox 913 1743 980 1798; x_wconf 90' lang='lat' dir='ltr'><strong>de</strong></span> <span class='ocrx_word' id='word_1_137' title='bbox 1004 1762 1113 1814; x_wconf 88' lang='lat' dir='ltr'><strong>quo</strong></span> <span class='ocrx_word' id='word_1_138' title='bbox 1134 1745 1397 1815; x_wconf 90' lang='lat' dir='ltr'><strong>scriptum</strong></span> <span class='ocrx_word' id='word_1_139' title='bbox 1429 1756 1513 1800; x_wconf 91' lang='lat' dir='ltr'><strong>est</strong></span> <span class='ocrx_word' id='word_1_140' title='bbox 1542 1762 1555 1799; x_wconf 91' lang='lat'><strong>:</strong></span> <span class='ocrx_word' id='word_1_141' title='bbox 1584 1744 1697 1799; x_wconf 82' lang='lat' dir='ltr'><strong>Iioc</strong></span> <span class='ocrx_word' id='word_1_142' title='bbox 1725 1762 1869 1799; x_wconf 84' lang='lat' dir='ltr'><strong>mare</strong></span> 
     </span>
    </p>
   </div>
   <div class='ocr_carea' id='block_1_19' title="bbox 1972 523 3570 605">
    <p class='ocr_par' dir='ltr' id='par_1_19' title="bbox 1972 523 3570 605">
     <span class='ocr_line' id='line_1_19' title="bbox 1972 523 3570 605; baseline -0.004 -20"><span class='ocrx_word' id='word_1_143' title='bbox 1972 532 2147 605; x_wconf 87' lang='lat' dir='ltr'><strong>(Psal.</strong></span> <span class='ocrx_word' id='word_1_144' title='bbox 2182 548 2305 594; x_wconf 81' lang='lat' dir='ltr'><strong>va,</strong></span> <span class='ocrx_word' id='word_1_145' title='bbox 2340 530 2421 601; x_wconf 86' lang='lat'><strong>6),</strong></span> <span class='ocrx_word' id='word_1_146' title='bbox 2472 541 2529 585; x_wconf 92' lang='lat' dir='ltr'><strong>ut</strong></span> <span class='ocrx_word' id='word_1_147' title='bbox 2563 531 2883 585; x_wconf 88' lang='lat' dir='ltr'><strong>lmmilietur</strong></span> <span class='ocrx_word' id='word_1_148' title='bbox 2915 527 3139 597; x_wconf 84' lang='lat' dir='ltr'><strong>injuria,</strong></span> <span class='ocrx_word' id='word_1_149' title='bbox 3173 526 3288 582; x_wconf 85' lang='lat' dir='ltr'><strong>sive</strong></span> <span class='ocrx_word' id='word_1_150' title='bbox 3315 523 3570 594; x_wconf 83' lang='lat' dir='ltr'><strong>superbia</strong></span> 
     </span>
    </p>
   </div>
   <div class='ocr_carea' id='block_1_20' title="bbox 1972 622 3569 700">
    <p class='ocr_par' dir='ltr' id='par_1_20' title="bbox 1972 622 3569 700">
     <span class='ocr_line' id='line_1_20' title="bbox 1972 622 3569 700; baseline -0.007 -16"><span class='ocrx_word' id='word_1_151' title='bbox 1972 633 2163 694; x_wconf 81' lang='lat' dir='ltr'><strong>Assur,</strong></span> <span class='ocrx_word' id='word_1_152' title='bbox 2188 639 2239 683; x_wconf 90' lang='lat' dir='ltr'><strong>et</strong></span> <span class='ocrx_word' id='word_1_153' title='bbox 2265 628 2480 700; x_wconf 64' lang='lat' dir='ltr'><strong>Egypti</strong></span> <span class='ocrx_word' id='word_1_154' title='bbox 2518 644 2547 683; x_wconf 92' lang='lat' dir='ltr'><strong>a</strong></span> <span class='ocrx_word' id='word_1_155' title='bbox 2580 626 2783 681; x_wconf 85' lang='lat' dir='ltr'><strong>sanctis</strong></span> <span class='ocrx_word' id='word_1_156' title='bbox 2820 634 2984 696; x_wconf 90' lang='lat' dir='ltr'><strong>atque</strong></span> <span class='ocrx_word' id='word_1_157' title='bbox 3015 622 3371 678; x_wconf 86' lang='lat' dir='ltr'><strong>credentibus</strong></span> <span class='ocrx_word' id='word_1_158' title='bbox 3410 635 3569 674; x_wconf 85' lang='lat' dir='ltr'><strong>rece-</strong></span> 
     </span>
    </p>
   </div>
   <div class='ocr_carea' id='block_1_21' title="bbox 1970 704 3561 792">
    <p class='ocr_par' dir='ltr' id='par_1_21' title="bbox 1970 704 3561 792">
     <span class='ocr_line' id='line_1_21' title="bbox 1970 704 3561 792; baseline -0.006 -16"><span class='ocrx_word' id='word_1_159' title='bbox 1970 722 2064 777; x_wconf 87' lang='lat' dir='ltr'><strong>dat</strong></span> <span class='ocrx_word' id='word_1_160' title='bbox 2094 721 2402 791; x_wconf 85' lang='lat' dir='ltr'><strong>imperium,</strong></span> <span class='ocrx_word' id='word_1_161' title='bbox 2450 731 2505 775; x_wconf 89' lang='lat' dir='ltr'><strong>et</strong></span> <span class='ocrx_word' id='word_1_162' title='bbox 2532 720 2622 792; x_wconf 91' lang='lat' dir='ltr'><strong>qui</strong></span> <span class='ocrx_word' id='word_1_163' title='bbox 2652 719 2863 775; x_wconf 88' lang='lat' dir='ltr'><strong>liberati</strong></span> <span class='ocrx_word' id='word_1_164' title='bbox 2891 728 3050 782; x_wconf 90' lang='lat' dir='ltr'><strong>sunt,</strong></span> <span class='ocrx_word' id='word_1_165' title='bbox 3100 704 3479 773; x_wconf 89' lang='lat' dir='ltr'><strong>confortentur</strong></span> <span class='ocrx_word' id='word_1_166' title='bbox 3506 712 3561 767; x_wconf 91' lang='lat' dir='ltr'><strong>in</strong></span> 
     </span>
    </p>
   </div>
   <div class='ocr_carea' id='block_1_22' title="bbox 1970 808 3561 883">
    <p class='ocr_par' dir='ltr' id='par_1_22' title="bbox 1970 808 3561 883">
     <span class='ocr_line' id='line_1_22' title="bbox 1970 808 3561 883; baseline -0.007 -14"><span class='ocrx_word' id='word_1_167' title='bbox 1970 814 2223 883; x_wconf 85' lang='lat' dir='ltr'><strong>Domino,</strong></span> <span class='ocrx_word' id='word_1_168' title='bbox 2257 825 2312 869; x_wconf 90' lang='lat' dir='ltr'><strong>et</strong></span> <span class='ocrx_word' id='word_1_169' title='bbox 2338 813 2525 869; x_wconf 86' lang='lat' dir='ltr'><strong>dicant</strong></span> <span class='ocrx_word' id='word_1_170' title='bbox 2558 831 2570 866; x_wconf 85' lang='lat'><strong>:</strong></span> <span class='ocrx_word' id='word_1_171' title='bbox 2602 810 2889 866; x_wconf 76' lang='lat' dir='ltr'><strong>Fortitudo</strong></span> <span class='ocrx_word' id='word_1_172' title='bbox 2917 827 3053 873; x_wconf 89' lang='lat' dir='ltr'><strong>mea,</strong></span> <span class='ocrx_word' id='word_1_173' title='bbox 3080 818 3129 864; x_wconf 90' lang='lat' dir='ltr'><strong>et</strong></span> <span class='ocrx_word' id='word_1_174' title='bbox 3160 808 3399 863; x_wconf 79' lang='lat' dir='ltr'><strong>laudatio</strong></span> <span class='ocrx_word' id='word_1_175' title='bbox 3426 822 3561 872; x_wconf 80' lang='lat' dir='ltr'><strong>mea,</strong></span> 
     </span>
    </p>
   </div>
   <div class='ocr_carea' id='block_1_23' title="bbox 1971 900 3563 978">
    <p class='ocr_par' dir='ltr' id='par_1_23' title="bbox 1971 900 3563 978">
     <span class='ocr_line' id='line_1_23' title="bbox 1971 900 3563 978; baseline -0.006 -17"><span class='ocrx_word' id='word_1_176' title='bbox 1971 907 2225 961; x_wconf 82' lang='lat' dir='ltr'><strong>Dominus</strong></span> <span class='ocrx_word' id='word_1_177' title='bbox 2256 905 2373 978; x_wconf 85' lang='lat' dir='ltr'><strong>(Ps.</strong></span> <span class='ocrx_word' id='word_1_178' title='bbox 2406 921 2571 973; x_wconf 84' lang='lat' dir='ltr'><strong>cxvu,</strong></span> <span class='ocrx_word' id='word_1_179' title='bbox 2622 902 2742 975; x_wconf 78' lang='lat' dir='ltr'><strong>M).</strong></span> <span class='ocrx_word' id='word_1_180' title='bbox 2820 903 2885 957; x_wconf 81' lang='lat' dir='ltr'><strong>Et</strong></span> <span class='ocrx_word' id='word_1_181' title='bbox 2925 904 3128 958; x_wconf 88' lang='lat' dir='ltr'><strong>iterum</strong></span> <span class='ocrx_word' id='word_1_182' title='bbox 3163 919 3176 956; x_wconf 92' lang='lat'><strong>:</strong></span> <span class='ocrx_word' id='word_1_183' title='bbox 3211 900 3444 972; x_wconf 87' lang='lat' dir='ltr'><strong>Diligam</strong></span> <span class='ocrx_word' id='word_1_184' title='bbox 3495 910 3563 968; x_wconf 85' lang='lat' dir='ltr'><strong>te,</strong></span> 
     </span>
    </p>
   </div>
   <div class='ocr_carea' id='block_1_24' title="bbox 1974 991 3571 1071">
    <p class='ocr_par' dir='ltr' id='par_1_24' title="bbox 1974 991 3571 1071">
     <span class='ocr_line' id='line_1_24' title="bbox 1974 991 3571 1071; baseline -0.004 -17"><span class='ocrx_word' id='word_1_185' title='bbox 1974 1001 2191 1054; x_wconf 88' lang='lat' dir='ltr'><strong>Domine</strong></span> <span class='ocrx_word' id='word_1_186' title='bbox 2213 1041 2230 1067; x_wconf 93' lang='lat'><strong>,</strong></span> <span class='ocrx_word' id='word_1_187' title='bbox 2262 1000 2511 1071; x_wconf 77' lang='lat' dir='ltr'><strong>fortitudo</strong></span> <span class='ocrx_word' id='word_1_188' title='bbox 2556 1015 2669 1052; x_wconf 86' lang='lat' dir='ltr'><strong>mea</strong></span> <span class='ocrx_word' id='word_1_189' title='bbox 2692 996 2865 1071; x_wconf 84' lang='lat' dir='ltr'><strong>(Psal.</strong></span> <span class='ocrx_word' id='word_1_190' title='bbox 2894 1012 3025 1063; x_wconf 79' lang='lat' dir='ltr'><strong>xvn,</strong></span> <span class='ocrx_word' id='word_1_191' title='bbox 3047 996 3124 1065; x_wconf 85' lang='lat' dir='ltr'><strong>I).</strong></span> <span class='ocrx_word' id='word_1_192' title='bbox 3179 996 3385 1049; x_wconf 81' lang='lat' dir='ltr'><strong>Etcum</strong></span> <span class='ocrx_word' id='word_1_193' title='bbox 3414 991 3571 1048; x_wconf 83' lang='lat' dir='ltr'><strong>Jere-</strong></span> 
     </span>
    </p>
   </div>
   <div class='ocr_carea' id='block_1_25' title="bbox 1972 1087 3561 1159">
    <p class='ocr_par' dir='ltr' id='par_1_25' title="bbox 1972 1087 3561 1159">
     <span class='ocr_line' id='line_1_25' title="bbox 1972 1087 3561 1159; baseline -0.005 -11"><span class='ocrx_word' id='word_1_194' title='bbox 1972 1092 2077 1148; x_wconf 88' lang='lat' dir='ltr'><strong>mia</strong></span> <span class='ocrx_word' id='word_1_195' title='bbox 2114 1112 2128 1150; x_wconf 88' lang='lat'><strong>:</strong></span> <span class='ocrx_word' id='word_1_196' title='bbox 2191 1090 2475 1148; x_wconf 87' lang='lat' dir='ltr'><strong>Fortitudo</strong></span> <span class='ocrx_word' id='word_1_197' title='bbox 2505 1109 2616 1147; x_wconf 88' lang='lat' dir='ltr'><strong>mea</strong></span> <span class='ocrx_word' id='word_1_198' title='bbox 2643 1134 2658 1159; x_wconf 91' lang='lat'><strong>,</strong></span> <span class='ocrx_word' id='word_1_199' title='bbox 2704 1101 2749 1145; x_wconf 90' lang='lat' dir='ltr'><strong>et</strong></span> <span class='ocrx_word' id='word_1_200' title='bbox 2780 1090 3039 1145; x_wconf 74' lang='lat' dir='ltr'><strong>auxilium</strong></span> <span class='ocrx_word' id='word_1_201' title='bbox 3074 1106 3265 1154; x_wconf 88' lang='lat' dir='ltr'><strong>meum,</strong></span> <span class='ocrx_word' id='word_1_202' title='bbox 3318 1099 3364 1142; x_wconf 90' lang='lat' dir='ltr'><strong>et</strong></span> <span class='ocrx_word' id='word_1_203' title='bbox 3415 1087 3561 1157; x_wconf 71' lang='lat' dir='ltr'><strong>refu-</strong></span> 
     </span>
    </p>
   </div>
   <div class='ocr_carea' id='block_1_26' title="bbox 1970 1179 3560 1259">
    <p class='ocr_par' dir='ltr' id='par_1_26' title="bbox 1970 1179 3560 1259">
     <span class='ocr_line' id='line_1_26' title="bbox 1970 1179 3560 1259; baseline -0.004 -16"><span class='ocrx_word' id='word_1_204' title='bbox 1970 1191 2111 1259; x_wconf 87' lang='lat' dir='ltr'><strong>gium</strong></span> <span class='ocrx_word' id='word_1_205' title='bbox 2138 1206 2329 1256; x_wconf 91' lang='lat' dir='ltr'><strong>meum,</strong></span> <span class='ocrx_word' id='word_1_206' title='bbox 2357 1187 2575 1244; x_wconf 87' lang='lat' dir='ltr'><strong>Domine</strong></span> <span class='ocrx_word' id='word_1_207' title='bbox 2632 1187 2772 1243; x_wconf 84' lang='lat' dir='ltr'><strong>Deus</strong></span> <span class='ocrx_word' id='word_1_208' title='bbox 2810 1203 2953 1240; x_wconf 87' lang='lat' dir='ltr'><strong>meus</strong></span> <span class='ocrx_word' id='word_1_209' title='bbox 3000 1183 3215 1253; x_wconf 87' lang='lat' dir='ltr'><strong>(Jerem.</strong></span> <span class='ocrx_word' id='word_1_210' title='bbox 3269 1199 3382 1248; x_wconf 71' lang='lat' dir='ltr'><strong>XVI,</strong></span> <span class='ocrx_word' id='word_1_211' title='bbox 3441 1179 3560 1251; x_wconf 78' lang='grc'><strong>19).</strong></span> 
     </span>
    </p>
   </div>
   <div class='ocr_carea' id='block_1_27' title="bbox 1973 1275 3571 1351">
    <p class='ocr_par' dir='ltr' id='par_1_27' title="bbox 1973 1275 3571 1351">
     <span class='ocr_line' id='line_1_27' title="bbox 1973 1275 3571 1351; baseline -0.008 -12"><span class='ocrx_word' id='word_1_212' title='bbox 1973 1280 2128 1339; x_wconf 89' lang='lat' dir='ltr'><strong>Unde</strong></span> <span class='ocrx_word' id='word_1_213' title='bbox 2174 1292 2228 1337; x_wconf 91' lang='lat' dir='ltr'><strong>et</strong></span> <span class='ocrx_word' id='word_1_214' title='bbox 2286 1282 2603 1350; x_wconf 75' lang='lat' dir='ltr'><strong>Apostolus,</strong></span> <span class='ocrx_word' id='word_1_215' title='bbox 2649 1281 2700 1335; x_wconf 93' lang='lat' dir='ltr'><strong>in</strong></span> <span class='ocrx_word' id='word_1_216' title='bbox 2758 1294 2865 1351; x_wconf 91' lang='lat' dir='ltr'><strong>quo</strong></span> <span class='ocrx_word' id='word_1_217' title='bbox 2915 1277 3172 1332; x_wconf 86' lang='lat' dir='ltr'><strong>Christus</strong></span> <span class='ocrx_word' id='word_1_218' title='bbox 3222 1275 3571 1346; x_wconf 85' lang='lat' dir='ltr'><strong>loquebatur,</strong></span> 
     </span>
    </p>
   </div>
   <div class='ocr_carea' id='block_1_28' title="bbox 1972 1365 3562 1447">
    <p class='ocr_par' dir='ltr' id='par_1_28' title="bbox 1972 1365 3562 1447">
     <span class='ocr_line' id='line_1_28' title="bbox 1972 1365 3562 1447; baseline -0.006 -18"><span class='ocrx_word' id='word_1_219' title='bbox 1972 1375 2149 1430; x_wconf 85' lang='lat' dir='ltr'><strong>aiebat</strong></span> <span class='ocrx_word' id='word_1_220' title='bbox 2184 1394 2196 1427; x_wconf 90' lang='lat'>:</span> <span class='ocrx_word' id='word_1_221' title='bbox 2225 1372 2419 1427; x_wconf 84' lang='lat' dir='ltr'><strong>Omnia</strong></span> <span class='ocrx_word' id='word_1_222' title='bbox 2448 1390 2656 1447; x_wconf 81' lang='lat' dir='ltr'><strong>possum</strong></span> <span class='ocrx_word' id='word_1_223' title='bbox 2682 1374 2736 1427; x_wconf 89' lang='lat' dir='ltr'><strong>in</strong></span> <span class='ocrx_word' id='word_1_224' title='bbox 2768 1389 2827 1427; x_wconf 90' lang='lat' dir='ltr'><strong>eo</strong></span> <span class='ocrx_word' id='word_1_225' title='bbox 2849 1372 2937 1441; x_wconf 90' lang='lat' dir='ltr'><strong>qui</strong></span> <span class='ocrx_word' id='word_1_226' title='bbox 2964 1386 3043 1424; x_wconf 88' lang='lat' dir='ltr'><strong>me</strong></span> <span class='ocrx_word' id='word_1_227' title='bbox 3074 1372 3335 1439; x_wconf 80' lang='lat' dir='ltr'><strong>confortat</strong></span> <span class='ocrx_word' id='word_1_228' title='bbox 3389 1365 3562 1438; x_wconf 80' lang='lat' dir='ltr'><strong>(Phil.</strong></span> 
     </span>
    </p>
   </div>
   <div class='ocr_carea' id='block_1_29' title="bbox 1974 1458 3568 1535">
    <p class='ocr_par' dir='ltr' id='par_1_29' title="bbox 1974 1458 3568 1535">
     <span class='ocr_line' id='line_1_29' title="bbox 1974 1458 3568 1535; baseline -0.005 -15"><span class='ocrx_word' id='word_1_229' title='bbox 1974 1467 2194 1535; x_wconf 78' lang='grc' dir='ltr'><strong>ιν,15).</strong></span> <span class='ocrx_word' id='word_1_230' title='bbox 2254 1465 2449 1520; x_wconf 84' lang='lat' dir='ltr'><strong>Etnon</strong></span> <span class='ocrx_word' id='word_1_231' title='bbox 2482 1464 2657 1519; x_wconf 91' lang='lat' dir='ltr'><strong>solum</strong></span> <span class='ocrx_word' id='word_1_232' title='bbox 2711 1461 3165 1518; x_wconf 88' lang='lat' dir='ltr'><strong>confortabuntnr</strong></span> <span class='ocrx_word' id='word_1_233' title='bbox 3216 1461 3267 1513; x_wconf 92' lang='lat' dir='ltr'><strong>in</strong></span> <span class='ocrx_word' id='word_1_234' title='bbox 3316 1458 3568 1523; x_wconf 90' lang='lat' dir='ltr'><strong>Domino,</strong></span> 
     </span>
    </p>
   </div>
   <div class='ocr_carea' id='block_1_30' title="bbox 1974 1550 3573 1628">
    <p class='ocr_par' dir='ltr' id='par_1_30' title="bbox 1974 1550 3573 1628">
     <span class='ocr_line' id='line_1_30' title="bbox 1974 1550 3573 1628; baseline -0.008 -14"><span class='ocrx_word' id='word_1_235' title='bbox 1974 1559 2075 1615; x_wconf 90' lang='lat' dir='ltr'><strong>sed</strong></span> <span class='ocrx_word' id='word_1_236' title='bbox 2122 1569 2175 1614; x_wconf 87' lang='lat' dir='ltr'><strong>et</strong></span> <span class='ocrx_word' id='word_1_237' title='bbox 2206 1557 2587 1628; x_wconf 88' lang='lat' dir='ltr'><strong>gloriabuntur</strong></span> <span class='ocrx_word' id='word_1_238' title='bbox 2639 1558 2691 1611; x_wconf 91' lang='lat' dir='ltr'><strong>in</strong></span> <span class='ocrx_word' id='word_1_239' title='bbox 2738 1571 2805 1611; x_wconf 91' lang='lat' dir='ltr'><strong>eo</strong></span> <span class='ocrx_word' id='word_1_240' title='bbox 2848 1564 2903 1610; x_wconf 89' lang='lat' dir='ltr'><strong>et</strong></span> <span class='ocrx_word' id='word_1_241' title='bbox 2956 1554 3187 1609; x_wconf 87' lang='lat' dir='ltr'><strong>dicent:</strong></span> <span class='ocrx_word' id='word_1_242' title='bbox 3223 1550 3359 1605; x_wconf 78' lang='lat' dir='ltr'><strong>Mihi</strong></span> <span class='ocrx_word' id='word_1_243' title='bbox 3404 1557 3573 1604; x_wconf 87' lang='lat' dir='ltr'><strong>autem</strong></span> 
     </span>
    </p>
   </div>
   <div class='ocr_carea' id='block_1_31' title="bbox 1972 1638 3573 1724">
    <p class='ocr_par' dir='ltr' id='par_1_31' title="bbox 1972 1638 3573 1724">
     <span class='ocr_line' id='line_1_31' title="bbox 1972 1638 3573 1724; baseline -0.008 -17"><span class='ocrx_word' id='word_1_244' title='bbox 1972 1653 2105 1707; x_wconf 88' lang='lat' dir='ltr'><strong>absit</strong></span> <span class='ocrx_word' id='word_1_245' title='bbox 2122 1652 2361 1724; x_wconf 87' lang='lat' dir='ltr'><strong>gloriari,</strong></span> <span class='ocrx_word' id='word_1_246' title='bbox 2391 1650 2491 1704; x_wconf 86' lang='lat' dir='ltr'><strong>nisi</strong></span> <span class='ocrx_word' id='word_1_247' title='bbox 2519 1651 2570 1703; x_wconf 93' lang='lat' dir='ltr'><strong>in</strong></span> <span class='ocrx_word' id='word_1_248' title='bbox 2600 1666 2754 1703; x_wconf 83' lang='lat' dir='ltr'><strong>cruce</strong></span> <span class='ocrx_word' id='word_1_249' title='bbox 2774 1646 2986 1702; x_wconf 88' lang='lat' dir='ltr'><strong>Domini</strong></span> <span class='ocrx_word' id='word_1_250' title='bbox 3008 1644 3172 1700; x_wconf 85' lang='lat' dir='ltr'><strong>nostri</strong></span> <span class='ocrx_word' id='word_1_251' title='bbox 3197 1642 3325 1697; x_wconf 82' lang='lat' dir='ltr'><strong>Jesu</strong></span> <span class='ocrx_word' id='word_1_252' title='bbox 3355 1638 3573 1711; x_wconf 84' lang='lat' dir='ltr'><strong>Christi,</strong></span> 
     </span>
    </p>
   </div>
   <div class='ocr_carea' id='block_1_32' title="bbox 1974 1733 3575 1815">
    <p class='ocr_par' dir='ltr' id='par_1_32' title="bbox 1974 1733 3575 1815">
     <span class='ocr_line' id='line_1_32' title="bbox 1974 1733 3575 1815; baseline -0.009 -15"><span class='ocrx_word' id='word_1_253' title='bbox 1974 1762 2065 1814; x_wconf 89' lang='lat' dir='ltr'><strong>per</strong></span> <span class='ocrx_word' id='word_1_254' title='bbox 2107 1760 2257 1815; x_wconf 86' lang='lat' dir='ltr'><strong>quem</strong></span> <span class='ocrx_word' id='word_1_255' title='bbox 2290 1742 2416 1797; x_wconf 87' lang='lat' dir='ltr'><strong>mihi</strong></span> <span class='ocrx_word' id='word_1_256' title='bbox 2447 1746 2672 1797; x_wconf 87' lang='lat' dir='ltr'><strong>mundus</strong></span> <span class='ocrx_word' id='word_1_257' title='bbox 2701 1742 2979 1808; x_wconf 76' lang='lat' dir='ltr'><strong>cruciﬁxus</strong></span> <span class='ocrx_word' id='word_1_258' title='bbox 3016 1748 3110 1805; x_wconf 87' lang='lat' dir='ltr'><strong>est,</strong></span> <span class='ocrx_word' id='word_1_259' title='bbox 3144 1746 3192 1791; x_wconf 86' lang='lat' dir='ltr'><strong>et</strong></span> <span class='ocrx_word' id='word_1_260' title='bbox 3238 1753 3329 1807; x_wconf 86' lang='lat' dir='ltr'><strong>ego</strong></span> <span class='ocrx_word' id='word_1_261' title='bbox 3380 1733 3575 1788; x_wconf 87' lang='lat' dir='ltr'><strong>mundo</strong></span> 
     </span>
    </p>
   </div>
   <div class='ocr_carea' id='block_1_33' title="bbox 268 1828 3569 1910">
    <p class='ocr_par' dir='ltr' id='par_1_33' title="bbox 268 1828 3569 1910">
     <span class='ocr_line' id='line_1_33' title="bbox 268 1828 3569 1910; baseline -0.003 -19"><span class='ocrx_word' id='word_1_262' title='bbox 268 1853 513 1906; x_wconf 87' lang='lat' dir='ltr'><strong>magnum</strong></span> <span class='ocrx_word' id='word_1_263' title='bbox 541 1845 588 1892; x_wconf 88' lang='lat' dir='ltr'><strong>et</strong></span> <span class='ocrx_word' id='word_1_264' title='bbox 615 1839 902 1906; x_wconf 74' lang='lat' dir='ltr'><strong>spatiosum</strong></span> <span class='ocrx_word' id='word_1_265' title='bbox 925 1840 1162 1893; x_wconf 77' lang='lat' dir='ltr'><strong>mnibus</strong></span> <span class='ocrx_word' id='word_1_266' title='bbox 1197 1855 1215 1893; x_wconf 91' lang='lat'><strong><em>:</em></strong></span> <span class='ocrx_word' id='word_1_267' title='bbox 1245 1840 1356 1894; x_wconf 87' lang='lat' dir='ltr'><strong>illic</strong></span> <span class='ocrx_word' id='word_1_268' title='bbox 1384 1839 1615 1909; x_wconf 83' lang='lat' dir='ltr'><strong>reptilia,</strong></span> <span class='ocrx_word' id='word_1_269' title='bbox 1640 1856 1861 1909; x_wconf 84' lang='lat' dir='ltr'><strong>quarunt</strong></span> <span class='ocrx_word' id='word_1_270' title='bbox 1894 1833 1938 1893; x_wconf 86' lang='grc' dir='ltr'>Β</span> <span class='ocrx_word' id='word_1_271' title='bbox 1969 1836 2171 1910; x_wconf 79' lang='lat' dir='ltr'><strong>(Galat.</strong></span> <span class='ocrx_word' id='word_1_272' title='bbox 2205 1852 2277 1901; x_wconf 76' lang='lat' dir='ltr'><strong>v1,</strong></span> <span class='ocrx_word' id='word_1_273' title='bbox 2312 1836 2425 1905; x_wconf 67' lang='lat' dir='ltr'><strong>I4).</strong></span> <span class='ocrx_word' id='word_1_274' title='bbox 2477 1836 2543 1891; x_wconf 86' lang='lat' dir='ltr'><strong>Et</strong></span> <span class='ocrx_word' id='word_1_275' title='bbox 2568 1855 2579 1891; x_wconf 92' lang='lat'>:</span> <span class='ocrx_word' id='word_1_276' title='bbox 2620 1834 2719 1903; x_wconf 83' lang='lat' dir='ltr'><strong>Qui</strong></span> <span class='ocrx_word' id='word_1_277' title='bbox 2740 1834 3018 1906; x_wconf 86' lang='lat' dir='ltr'><strong>gloriatur,</strong></span> <span class='ocrx_word' id='word_1_278' title='bbox 3048 1833 3100 1886; x_wconf 86' lang='lat' dir='ltr'><strong>in</strong></span> <span class='ocrx_word' id='word_1_279' title='bbox 3125 1829 3351 1885; x_wconf 89' lang='lat' dir='ltr'><strong>Domino</strong></span> <span class='ocrx_word' id='word_1_280' title='bbox 3378 1828 3569 1901; x_wconf 85' lang='lat' dir='ltr'><strong>glorie-</strong></span> 
     </span>
    </p>
   </div>
   <div class='ocr_carea' id='block_1_34' title="bbox 270 1930 1867 2006">
    <p class='ocr_par' dir='ltr' id='par_1_34' title="bbox 270 1930 1867 2006">
     <span class='ocr_line' id='line_1_34' title="bbox 270 1930 1867 2006; baseline 0.001 -23"><span class='ocrx_word' id='word_1_281' title='bbox 270 1946 375 1983; x_wconf 86' lang='lat' dir='ltr'><strong>non</strong></span> <span class='ocrx_word' id='word_1_282' title='bbox 402 1940 473 1984; x_wconf 83' lang='lat' dir='ltr'><strong>est</strong></span> <span class='ocrx_word' id='word_1_283' title='bbox 502 1947 747 1985; x_wconf 81' lang='lat' dir='ltr'><strong>muneras</strong></span> <span class='ocrx_word' id='word_1_284' title='bbox 805 1947 823 1985; x_wconf 89' lang='lat'><strong><em>:</em></strong></span> <span class='ocrx_word' id='word_1_285' title='bbox 864 1933 1116 1986; x_wconf 88' lang='lat' dir='ltr'><strong>animalia</strong></span> <span class='ocrx_word' id='word_1_286' title='bbox 1139 1933 1331 2001; x_wconf 86' lang='lat' dir='ltr'><strong>pusilla</strong></span> <span class='ocrx_word' id='word_1_287' title='bbox 1358 1950 1474 1987; x_wconf 88' lang='lat' dir='ltr'><strong>cum</strong></span> <span class='ocrx_word' id='word_1_288' title='bbox 1506 1932 1728 2006; x_wconf 82' lang='lat' dir='ltr'><strong>magnis,</strong></span> <span class='ocrx_word' id='word_1_289' title='bbox 1758 1930 1867 1984; x_wconf 89' lang='lat' dir='ltr'><strong>illic</strong></span> 
     </span>
    </p>
   </div>
   <div class='ocr_carea' id='block_1_35' title="bbox 269 2008 1873 2093">
    <p class='ocr_par' dir='ltr' id='par_1_35' title="bbox 269 2008 1873 2093">
     <span class='ocr_line' id='line_1_35' title="bbox 269 2008 1873 2093; baseline 0.001 -21"><span class='ocrx_word' id='word_1_290' title='bbox 269 2036 424 2075; x_wconf 70' lang='lat' dir='ltr'><strong>nares</strong></span> <span class='ocrx_word' id='word_1_291' title='bbox 452 2021 839 2091; x_wconf 84' lang='lat' dir='ltr'><strong>pertransibunt</strong></span> <span class='ocrx_word' id='word_1_292' title='bbox 869 2038 887 2077; x_wconf 87' lang='lat'><strong><em>:</em></strong></span> <span class='ocrx_word' id='word_1_293' title='bbox 912 2021 1090 2077; x_wconf 84' lang='lat' dir='ltr'><strong>Draco</strong></span> <span class='ocrx_word' id='word_1_294' title='bbox 1128 2024 1225 2077; x_wconf 88' lang='lat' dir='ltr'><strong>iste</strong></span> <span class='ocrx_word' id='word_1_295' title='bbox 1254 2040 1404 2093; x_wconf 84' lang='lat' dir='ltr'><strong>quem</strong></span> <span class='ocrx_word' id='word_1_296' title='bbox 1434 2023 1674 2093; x_wconf 76' lang='lat' dir='ltr'><strong>formasti</strong></span> <span class='ocrx_word' id='word_1_297' title='bbox 1700 2022 1770 2076; x_wconf 87' lang='lat' dir='ltr'><strong>ad</strong></span> <span class='ocrx_word' id='word_1_298' title='bbox 1802 2008 1873 2074; x_wconf 61' lang='lat' dir='ltr'><strong>il:</strong></span> 
     </span>
    </p>
   </div>
   <div class='ocr_carea' id='block_1_36' title="bbox 270 2111 1866 2192">
    <p class='ocr_par' dir='ltr' id='par_1_36' title="bbox 270 2111 1866 2192">
     <span class='ocr_line' id='line_1_36' title="bbox 270 2111 1866 2192; baseline 0.004 -25"><span class='ocrx_word' id='word_1_299' title='bbox 270 2111 555 2168; x_wconf 79' lang='lat' dir='ltr'><strong>ludendum</strong></span> <span class='ocrx_word' id='word_1_300' title='bbox 578 2117 627 2170; x_wconf 89' lang='lat' dir='ltr'><strong>ei</strong></span> <span class='ocrx_word' id='word_1_301' title='bbox 657 2114 835 2188; x_wconf 88' lang='lat' dir='ltr'><strong>(Psal.</strong></span> <span class='ocrx_word' id='word_1_302' title='bbox 858 2133 975 2181; x_wconf 85' lang='lat' dir='ltr'><strong>cm,</strong></span> <span class='ocrx_word' id='word_1_303' title='bbox 997 2118 1091 2183; x_wconf 71' lang='lat'><strong>25,</strong></span> <span class='ocrx_word' id='word_1_304' title='bbox 1137 2118 1257 2192; x_wconf 69' lang='lat'><strong>&#39;26).</strong></span> <span class='ocrx_word' id='word_1_305' title='bbox 1284 2119 1475 2174; x_wconf 70' lang='lat' dir='ltr'><strong>Latum</strong></span> <span class='ocrx_word' id='word_1_306' title='bbox 1493 2132 1542 2174; x_wconf 88' lang='lat' dir='ltr'><strong>et</strong></span> <span class='ocrx_word' id='word_1_307' title='bbox 1563 2121 1866 2188; x_wconf 81' lang='lat' dir='ltr'><strong>Spatiosum</strong></span> 
     </span>
    </p>
   </div>
   <div class='ocr_carea' id='block_1_37' title="bbox 266 2209 1864 2282">
    <p class='ocr_par' dir='ltr' id='par_1_37' title="bbox 266 2209 1864 2282">
     <span class='ocr_line' id='line_1_37' title="bbox 266 2209 1864 2282; baseline 0.004 -21"><span class='ocrx_word' id='word_1_308' title='bbox 266 2220 419 2261; x_wconf 87' lang='lat' dir='ltr'><strong>mare</strong></span> <span class='ocrx_word' id='word_1_309' title='bbox 448 2217 533 2261; x_wconf 88' lang='lat' dir='ltr'><strong>est</strong></span> <span class='ocrx_word' id='word_1_310' title='bbox 557 2209 739 2277; x_wconf 88' lang='lat' dir='ltr'><strong>parvis</strong></span> <span class='ocrx_word' id='word_1_311' title='bbox 764 2219 817 2265; x_wconf 91' lang='lat' dir='ltr'><strong>et</strong></span> <span class='ocrx_word' id='word_1_312' title='bbox 850 2210 1066 2280; x_wconf 80' lang='lat' dir='ltr'><strong>magnis</strong></span> <span class='ocrx_word' id='word_1_313' title='bbox 1114 2212 1508 2281; x_wconf 87' lang='lat' dir='ltr'><strong>animantibus,</strong></span> <span class='ocrx_word' id='word_1_314' title='bbox 1563 2229 1684 2282; x_wconf 66' lang='lat' dir='ltr'><strong>quae</strong></span> <span class='ocrx_word' id='word_1_315' title='bbox 1740 2228 1864 2268; x_wconf 93' lang='lat' dir='ltr'><strong>cum</strong></span> 
     </span>
    </p>
   </div>
   <div class='ocr_carea' id='block_1_38' title="bbox 264 2297 1867 2377">
    <p class='ocr_par' dir='ltr' id='par_1_38' title="bbox 264 2297 1867 2377">
     <span class='ocr_line' id='line_1_38' title="bbox 264 2297 1867 2377; baseline 0.006 -24"><span class='ocrx_word' id='word_1_316' title='bbox 264 2297 505 2355; x_wconf 75' lang='lat' dir='ltr'><strong>dracone</strong></span> <span class='ocrx_word' id='word_1_317' title='bbox 530 2312 837 2371; x_wconf 83' lang='lat' dir='ltr'><strong>versantur,</strong></span> <span class='ocrx_word' id='word_1_318' title='bbox 865 2315 922 2358; x_wconf 90' lang='lat' dir='ltr'><strong>et</strong></span> <span class='ocrx_word' id='word_1_319' title='bbox 944 2320 1174 2374; x_wconf 91' lang='lat' dir='ltr'><strong>quorum</strong></span> <span class='ocrx_word' id='word_1_320' title='bbox 1209 2322 1315 2360; x_wconf 91' lang='lat' dir='ltr'><strong>non</strong></span> <span class='ocrx_word' id='word_1_321' title='bbox 1340 2318 1425 2362; x_wconf 90' lang='lat' dir='ltr'><strong>est</strong></span> <span class='ocrx_word' id='word_1_322' title='bbox 1456 2323 1738 2363; x_wconf 87' lang='lat' dir='ltr'><strong>numerus.</strong></span> <span class='ocrx_word' id='word_1_323' title='bbox 1766 2307 1867 2377; x_wconf 90' lang='lat' dir='ltr'><strong>Qui</strong></span> 
     </span>
    </p>
   </div>
   <div class='ocr_carea' id='block_1_39' title="bbox 267 2398 1866 2468">
    <p class='ocr_par' dir='ltr' id='par_1_39' title="bbox 267 2398 1866 2468">
     <span class='ocr_line' id='line_1_39' title="bbox 267 2398 1866 2468; baseline 0.004 -22"><span class='ocrx_word' id='word_1_324' title='bbox 267 2402 451 2448; x_wconf 87' lang='lat' dir='ltr'><strong>autem</strong></span> <span class='ocrx_word' id='word_1_325' title='bbox 477 2410 641 2464; x_wconf 79' lang='lat' dir='ltr'><strong>super</strong></span> <span class='ocrx_word' id='word_1_326' title='bbox 663 2411 817 2450; x_wconf 90' lang='lat' dir='ltr'><strong>mare</strong></span> <span class='ocrx_word' id='word_1_327' title='bbox 839 2407 986 2466; x_wconf 92' lang='lat' dir='ltr'><strong>sunt,</strong></span> <span class='ocrx_word' id='word_1_328' title='bbox 1019 2406 1075 2453; x_wconf 88' lang='lat' dir='ltr'><strong>et</strong></span> <span class='ocrx_word' id='word_1_329' title='bbox 1126 2398 1180 2453; x_wconf 92' lang='lat' dir='ltr'><strong>in</strong></span> <span class='ocrx_word' id='word_1_330' title='bbox 1215 2400 1338 2468; x_wconf 86' lang='lat' dir='ltr'><strong>ipso</strong></span> <span class='ocrx_word' id='word_1_331' title='bbox 1369 2402 1502 2454; x_wconf 79' lang='lat' dir='ltr'><strong>mari</strong></span> <span class='ocrx_word' id='word_1_332' title='bbox 1536 2401 1767 2455; x_wconf 82' lang='lat' dir='ltr'><strong>volitant</strong></span> <span class='ocrx_word' id='word_1_333' title='bbox 1815 2400 1866 2454; x_wconf 89' lang='lat' dir='ltr'><strong>in</strong></span> 
     </span>
    </p>
   </div>
   <div class='ocr_carea' id='block_1_40' title="bbox 265 2485 1859 2565">
    <p class='ocr_par' dir='ltr' id='par_1_40' title="bbox 265 2485 1859 2565">
     <span class='ocr_line' id='line_1_40' title="bbox 265 2485 1859 2565; baseline 0.005 -26"><span class='ocrx_word' id='word_1_334' title='bbox 265 2485 521 2552; x_wconf 79' lang='lat' dir='ltr'><strong>navibus,</strong></span> <span class='ocrx_word' id='word_1_335' title='bbox 547 2486 769 2543; x_wconf 85' lang='lat' dir='ltr'><strong>audient</strong></span> <span class='ocrx_word' id='word_1_336' title='bbox 790 2503 913 2544; x_wconf 90' lang='lat' dir='ltr'><strong>cum</strong></span> <span class='ocrx_word' id='word_1_337' title='bbox 940 2490 1224 2547; x_wconf 89' lang='lat' dir='ltr'><strong>Salvatore</strong></span> <span class='ocrx_word' id='word_1_338' title='bbox 1252 2510 1263 2545; x_wconf 92' lang='lat'>:</span> <span class='ocrx_word' id='word_1_339' title='bbox 1294 2492 1373 2545; x_wconf 85' lang='lat' dir='ltr'><strong>Tu</strong></span> <span class='ocrx_word' id='word_1_340' title='bbox 1404 2493 1693 2548; x_wconf 86' lang='lat' dir='ltr'><strong>dominaris</strong></span> <span class='ocrx_word' id='word_1_341' title='bbox 1721 2501 1859 2565; x_wconf 85' lang='lat' dir='ltr'><strong>pote-</strong></span> 
     </span>
    </p>
   </div>
   <div class='ocr_carea' id='block_1_41' title="bbox 265 2578 1861 2659">
    <p class='ocr_par' dir='ltr' id='par_1_41' title="bbox 265 2578 1861 2659">
     <span class='ocr_line' id='line_1_41' title="bbox 265 2578 1861 2659; baseline 0.006 -28"><span class='ocrx_word' id='word_1_342' title='bbox 265 2578 390 2631; x_wconf 86' lang='lat' dir='ltr'><strong>stati</strong></span> <span class='ocrx_word' id='word_1_343' title='bbox 420 2582 574 2633; x_wconf 86' lang='lat' dir='ltr'><strong>maris</strong></span> <span class='ocrx_word' id='word_1_344' title='bbox 608 2591 845 2638; x_wconf 90' lang='lat' dir='ltr'><strong>:motum</strong></span> <span class='ocrx_word' id='word_1_345' title='bbox 896 2587 1153 2655; x_wconf 85' lang='lat' dir='ltr'><strong>ﬂuctuum</strong></span> <span class='ocrx_word' id='word_1_346' title='bbox 1207 2588 1316 2657; x_wconf 80' lang='lat' dir='ltr'><strong>ejus</strong></span> <span class='ocrx_word' id='word_1_347' title='bbox 1370 2596 1422 2640; x_wconf 90' lang='lat' dir='ltr'><strong>tu</strong></span> <span class='ocrx_word' id='word_1_348' title='bbox 1471 2588 1682 2659; x_wconf 85' lang='lat' dir='ltr'><strong>mitigas</strong></span> <span class='ocrx_word' id='word_1_349' title='bbox 1744 2586 1861 2658; x_wconf 88' lang='lat' dir='ltr'><strong>(Ps.</strong></span> 
     </span>
    </p>
   </div>
   <div class='ocr_carea' id='block_1_42' title="bbox 268 2674 1870 2746">
    <p class='ocr_par' dir='ltr' id='par_1_42' title="bbox 268 2674 1870 2746">
     <span class='ocr_line' id='line_1_42' title="bbox 268 2674 1870 2746; baseline 0.005 -19"><span class='ocrx_word' id='word_1_350' title='bbox 268 2684 525 2736; x_wconf 74' lang='lat' dir='ltr'><strong>Lxxxvnt,</strong></span> <span class='ocrx_word' id='word_1_351' title='bbox 554 2674 666 2742; x_wconf 81' lang='grc'><strong>10).</strong></span> <span class='ocrx_word' id='word_1_352' title='bbox 718 2676 960 2746; x_wconf 83' lang='lat' dir='ltr'><strong>Cumque</strong></span> <span class='ocrx_word' id='word_1_353' title='bbox 992 2678 1313 2734; x_wconf 89' lang='lat' dir='ltr'><strong>transierint</strong></span> <span class='ocrx_word' id='word_1_354' title='bbox 1344 2680 1395 2733; x_wconf 91' lang='lat' dir='ltr'><strong>in</strong></span> <span class='ocrx_word' id='word_1_355' title='bbox 1428 2680 1597 2734; x_wconf 84' lang='lat' dir='ltr'><strong>maris</strong></span> <span class='ocrx_word' id='word_1_356' title='bbox 1624 2679 1789 2746; x_wconf 82' lang='lat' dir='ltr'><strong>freto,</strong></span> <span class='ocrx_word' id='word_1_357' title='bbox 1814 2689 1870 2735; x_wconf 91' lang='lat' dir='ltr'><strong>et</strong></span> 
     </span>
    </p>
   </div>
   <div class='ocr_carea' id='block_1_43' title="bbox 266 2759 1868 2841">
    <p class='ocr_par' dir='ltr' id='par_1_43' title="bbox 266 2759 1868 2841">
     <span class='ocr_line' id='line_1_43' title="bbox 266 2759 1868 2841; baseline 0.007 -26"><span class='ocrx_word' id='word_1_358' title='bbox 266 2759 467 2818; x_wconf 80' lang='lat' dir='ltr'><strong>ﬂuctus</strong></span> <span class='ocrx_word' id='word_1_359' title='bbox 497 2762 613 2834; x_wconf 89' lang='lat' dir='ltr'><strong>ejus</strong></span> <span class='ocrx_word' id='word_1_360' title='bbox 644 2781 742 2821; x_wconf 90' lang='lat' dir='ltr'><strong>suo</strong></span> <span class='ocrx_word' id='word_1_361' title='bbox 771 2771 1222 2825; x_wconf 84' lang='lat' dir='ltr'><strong>conculcaveriut</strong></span> <span class='ocrx_word' id='word_1_362' title='bbox 1254 2770 1411 2841; x_wconf 80' lang='lat' dir='ltr'><strong>pede,</strong></span> <span class='ocrx_word' id='word_1_363' title='bbox 1462 2771 1868 2827; x_wconf 83' lang='lat' dir='ltr'><strong>eottfundentnr</strong></span> 
     </span>
    </p>
   </div>
   <div class='ocr_carea' id='block_1_44' title="bbox 267 2855 1862 2933">
    <p class='ocr_par' dir='ltr' id='par_1_44' title="bbox 267 2855 1862 2933">
     <span class='ocr_line' id='line_1_44' title="bbox 267 2855 1862 2933; baseline 0.004 -23"><span class='ocrx_word' id='word_1_364' title='bbox 267 2855 450 2910; x_wconf 82' lang='lat' dir='ltr'><strong>omnia</strong></span> <span class='ocrx_word' id='word_1_365' title='bbox 480 2857 747 2927; x_wconf 83' lang='lat' dir='ltr'><strong>profunda</strong></span> <span class='ocrx_word' id='word_1_366' title='bbox 772 2860 1038 2928; x_wconf 82' lang='lat' dir='ltr'><strong>ﬂuminis,</strong></span> <span class='ocrx_word' id='word_1_367' title='bbox 1068 2861 1136 2918; x_wconf 90' lang='lat' dir='ltr'><strong>de</strong></span> <span class='ocrx_word' id='word_1_368' title='bbox 1178 2878 1285 2933; x_wconf 87' lang='lat' dir='ltr'><strong>quo</strong></span> <span class='ocrx_word' id='word_1_369' title='bbox 1313 2865 1574 2933; x_wconf 81' lang='lat' dir='ltr'><strong>scriptum</strong></span> <span class='ocrx_word' id='word_1_370' title='bbox 1604 2873 1687 2917; x_wconf 88' lang='lat' dir='ltr'><strong>est</strong></span> <span class='ocrx_word' id='word_1_371' title='bbox 1716 2882 1727 2916; x_wconf 92' lang='lat'><strong>:</strong></span> <span class='ocrx_word' id='word_1_372' title='bbox 1761 2863 1862 2929; x_wconf 85' lang='lat' dir='ltr'><strong>Qui</strong></span> 
     </span>
    </p>
   </div>
   <div class='ocr_carea' id='block_1_45' title="bbox 1972 1920 3562 2006">
    <p class='ocr_par' dir='ltr' id='par_1_45' title="bbox 1972 1920 3562 2006">
     <span class='ocr_line' id='line_1_45' title="bbox 1972 1920 3562 2006; baseline -0.008 -21"><span class='ocrx_word' id='word_1_373' title='bbox 1972 1942 2056 1986; x_wconf 89' lang='lat' dir='ltr'><strong>tur</strong></span> <span class='ocrx_word' id='word_1_374' title='bbox 2105 1931 2148 2006; x_wconf 91' lang='lat' dir='ltr'><strong>(I</strong></span> <span class='ocrx_word' id='word_1_375' title='bbox 2176 1930 2297 1984; x_wconf 89' lang='lat' dir='ltr'><strong>Cor.</strong></span> <span class='ocrx_word' id='word_1_376' title='bbox 2332 1946 2368 1996; x_wconf 84' lang='grc' dir='ltr'><strong>ι,</strong></span> <span class='ocrx_word' id='word_1_377' title='bbox 2402 1929 2513 2000; x_wconf 72' lang='lat' dir='ltr'><strong>SI).</strong></span> <span class='ocrx_word' id='word_1_378' title='bbox 2574 1929 2639 1983; x_wconf 84' lang='lat' dir='ltr'><strong>Et</strong></span> <span class='ocrx_word' id='word_1_379' title='bbox 2673 1929 2726 1983; x_wconf 92' lang='lat' dir='ltr'><strong>in</strong></span> <span class='ocrx_word' id='word_1_380' title='bbox 2780 1926 2887 1981; x_wconf 87' lang='lat' dir='ltr'><strong>alio</strong></span> <span class='ocrx_word' id='word_1_381' title='bbox 2936 1926 3095 1980; x_wconf 89' lang='lat' dir='ltr'><strong>loco:</strong></span> <span class='ocrx_word' id='word_1_382' title='bbox 3133 1922 3252 1978; x_wconf 87' lang='lat' dir='ltr'><strong>Non</strong></span> <span class='ocrx_word' id='word_1_383' title='bbox 3305 1920 3562 1993; x_wconf 86' lang='lat' dir='ltr'><strong>glorietur</strong></span> 
     </span>
    </p>
   </div>
   <div class='ocr_carea' id='block_1_46' title="bbox 1971 2015 3564 2097">
    <p class='ocr_par' dir='ltr' id='par_1_46' title="bbox 1971 2015 3564 2097">
     <span class='ocr_line' id='line_1_46' title="bbox 1971 2015 3564 2097; baseline -0.009 -17"><span class='ocrx_word' id='word_1_384' title='bbox 1971 2026 2176 2097; x_wconf 76' lang='lat' dir='ltr'><strong>sapiens</strong></span> <span class='ocrx_word' id='word_1_385' title='bbox 2203 2025 2255 2077; x_wconf 89' lang='lat' dir='ltr'><strong>in</strong></span> <span class='ocrx_word' id='word_1_386' title='bbox 2279 2023 2536 2093; x_wconf 82' lang='lat' dir='ltr'><strong>sapientia</strong></span> <span class='ocrx_word' id='word_1_387' title='bbox 2559 2039 2673 2089; x_wconf 86' lang='lat' dir='ltr'><strong>sua,</strong></span> <span class='ocrx_word' id='word_1_388' title='bbox 2696 2037 2857 2090; x_wconf 87' lang='lat' dir='ltr'><strong>neque</strong></span> <span class='ocrx_word' id='word_1_389' title='bbox 2879 2019 3026 2089; x_wconf 83' lang='lat' dir='ltr'><strong>fortis</strong></span> <span class='ocrx_word' id='word_1_390' title='bbox 3050 2018 3099 2071; x_wconf 88' lang='lat' dir='ltr'><strong>in</strong></span> <span class='ocrx_word' id='word_1_391' title='bbox 3122 2015 3427 2089; x_wconf 79' lang='lat' dir='ltr'><strong>fortitudine</strong></span> <span class='ocrx_word' id='word_1_392' title='bbox 3442 2030 3564 2081; x_wconf 89' lang='lat' dir='ltr'><strong>sua,</strong></span> 
     </span>
    </p>
   </div>
   <div class='ocr_carea' id='block_1_47' title="bbox 1974 2107 3572 2191">
    <p class='ocr_par' dir='ltr' id='par_1_47' title="bbox 1974 2107 3572 2191">
     <span class='ocr_line' id='line_1_47' title="bbox 1974 2107 3572 2191; baseline -0.008 -18"><span class='ocrx_word' id='word_1_393' title='bbox 1974 2136 2134 2191; x_wconf 86' lang='lat' dir='ltr'><strong>neque</strong></span> <span class='ocrx_word' id='word_1_394' title='bbox 2165 2118 2303 2172; x_wconf 73' lang='lat' dir='ltr'><strong>dives</strong></span> <span class='ocrx_word' id='word_1_395' title='bbox 2350 2118 2399 2170; x_wconf 91' lang='lat' dir='ltr'><strong>in</strong></span> <span class='ocrx_word' id='word_1_396' title='bbox 2452 2115 2647 2169; x_wconf 86' lang='lat' dir='ltr'><strong>divitiis</strong></span> <span class='ocrx_word' id='word_1_397' title='bbox 2676 2113 2933 2179; x_wconf 86' lang='lat' dir='ltr'><strong>suis;sed</strong></span> <span class='ocrx_word' id='word_1_398' title='bbox 2963 2112 3016 2166; x_wconf 91' lang='lat' dir='ltr'><strong>in</strong></span> <span class='ocrx_word' id='word_1_399' title='bbox 3063 2112 3161 2166; x_wconf 86' lang='lat' dir='ltr'><strong>Itoc</strong></span> <span class='ocrx_word' id='word_1_400' title='bbox 3199 2109 3449 2181; x_wconf 87' lang='lat' dir='ltr'><strong>glorietur</strong></span> <span class='ocrx_word' id='word_1_401' title='bbox 3476 2107 3572 2177; x_wconf 87' lang='lat' dir='ltr'><strong>qui</strong></span> 
     </span>
    </p>
   </div>
   <div class='ocr_carea' id='block_1_48' title="bbox 1974 2200 3574 2285">
    <p class='ocr_par' dir='ltr' id='par_1_48' title="bbox 1974 2200 3574 2285">
     <span class='ocr_line' id='line_1_48' title="bbox 1974 2200 3574 2285; baseline -0.008 -19"><span class='ocrx_word' id='word_1_402' title='bbox 1974 2213 2233 2285; x_wconf 88' lang='lat' dir='ltr'><strong>gloriatur</strong></span> <span class='ocrx_word' id='word_1_403' title='bbox 2264 2227 2281 2265; x_wconf 90' lang='lat'><strong><em>:</em></strong></span> <span class='ocrx_word' id='word_1_404' title='bbox 2312 2209 2605 2282; x_wconf 86' lang='lat' dir='ltr'><strong>intelligere</strong></span> <span class='ocrx_word' id='word_1_405' title='bbox 2637 2218 2682 2262; x_wconf 88' lang='lat' dir='ltr'><strong>et</strong></span> <span class='ocrx_word' id='word_1_406' title='bbox 2714 2209 2847 2262; x_wconf 89' lang='lat' dir='ltr'><strong>scire</strong></span> <span class='ocrx_word' id='word_1_407' title='bbox 2874 2204 3180 2273; x_wconf 89' lang='lat' dir='ltr'><strong>Dominum,</strong></span> <span class='ocrx_word' id='word_1_408' title='bbox 3206 2213 3253 2259; x_wconf 88' lang='lat' dir='ltr'><strong>et</strong></span> <span class='ocrx_word' id='word_1_409' title='bbox 3282 2207 3455 2274; x_wconf 79' lang='lat' dir='ltr'><strong>facere</strong></span> <span class='ocrx_word' id='word_1_410' title='bbox 3474 2200 3574 2255; x_wconf 88' lang='lat' dir='ltr'><strong>mi-</strong></span> 
     </span>
    </p>
   </div>
   <div class='ocr_carea' id='block_1_49' title="bbox 1972 2291 3572 2373">
    <p class='ocr_par' dir='ltr' id='par_1_49' title="bbox 1972 2291 3572 2373">
     <span class='ocr_line' id='line_1_49' title="bbox 1972 2291 3572 2373; baseline -0.009 -12"><span class='ocrx_word' id='word_1_411' title='bbox 1972 2305 2307 2362; x_wconf 85' lang='lat' dir='ltr'><strong>sericordiam</strong></span> <span class='ocrx_word' id='word_1_412' title='bbox 2328 2313 2376 2357; x_wconf 89' lang='lat' dir='ltr'><strong>et</strong></span> <span class='ocrx_word' id='word_1_413' title='bbox 2397 2303 2660 2373; x_wconf 84' lang='lat' dir='ltr'><strong>judicium</strong></span> <span class='ocrx_word' id='word_1_414' title='bbox 2684 2302 2736 2355; x_wconf 89' lang='lat' dir='ltr'><strong>in</strong></span> <span class='ocrx_word' id='word_1_415' title='bbox 2763 2300 2933 2355; x_wconf 84' lang='lat' dir='ltr'><strong>medio</strong></span> <span class='ocrx_word' id='word_1_416' title='bbox 2959 2308 3110 2352; x_wconf 75' lang='lat' dir='ltr'><strong>terra:</strong></span> <span class='ocrx_word' id='word_1_417' title='bbox 3130 2295 3353 2369; x_wconf 82' lang='lat' dir='ltr'><strong>(Jerem.</strong></span> <span class='ocrx_word' id='word_1_418' title='bbox 3378 2310 3456 2358; x_wconf 75' lang='lat' dir='ltr'><strong>ts,</strong></span> <span class='ocrx_word' id='word_1_419' title='bbox 3478 2291 3572 2357; x_wconf 69' lang='lat'><strong>23,</strong></span> 
     </span>
    </p>
   </div>
   <div class='ocr_carea' id='block_1_50' title="bbox 1978 2384 3661 2467">
    <p class='ocr_par' dir='ltr' id='par_1_50' title="bbox 1978 2384 3661 2467">
     <span class='ocr_line' id='line_1_50' title="bbox 1978 2384 3661 2467; baseline -0.012 -14"><span class='ocrx_word' id='word_1_420' title='bbox 1978 2399 2099 2457; x_wconf 68' lang='grc'><strong>24).</strong></span> <span class='ocrx_word' id='word_1_421' title='bbox 2136 2397 2334 2451; x_wconf 85' lang='lat' dir='ltr'><strong>Verum</strong></span> <span class='ocrx_word' id='word_1_422' title='bbox 2364 2397 2488 2467; x_wconf 91' lang='lat' dir='ltr'><strong>quia</strong></span> <span class='ocrx_word' id='word_1_423' title='bbox 2520 2394 2573 2449; x_wconf 91' lang='lat' dir='ltr'><strong>in</strong></span> <span class='ocrx_word' id='word_1_424' title='bbox 2605 2393 2873 2449; x_wconf 86' lang='lat' dir='ltr'><strong>Hebraico</strong></span> <span class='ocrx_word' id='word_1_425' title='bbox 2902 2391 3164 2459; x_wconf 90' lang='lat' dir='ltr'><strong>scriptum</strong></span> <span class='ocrx_word' id='word_1_426' title='bbox 3210 2397 3294 2444; x_wconf 92' lang='lat' dir='ltr'><strong>est</strong></span> <span class='ocrx_word' id='word_1_427' title='bbox 3332 2404 3346 2441; x_wconf 91' lang='lat'><strong>:</strong></span> <span class='ocrx_word' id='word_1_428' title='bbox 3401 2384 3469 2440; x_wconf 88' lang='lat' dir='ltr'><strong>Et</strong></span> <span class='ocrx_word' id='word_1_429' title='bbox 3518 2384 3573 2437; x_wconf 89' lang='lat' dir='ltr'><strong>in</strong></span> <span class='ocrx_word' id='word_1_430' title='bbox 3658 2430 3661 2433; x_wconf 89' lang='lat'><strong>.</strong></span> 
     </span>
    </p>
   </div>
   <div class='ocr_carea' id='block_1_51' title="bbox 1972 2476 3573 2564">
    <p class='ocr_par' dir='ltr' id='par_1_51' title="bbox 1972 2476 3573 2564">
     <span class='ocr_line' id='line_1_51' title="bbox 1972 2476 3573 2564; baseline -0.009 -18"><span class='ocrx_word' id='word_1_431' title='bbox 1972 2495 2182 2548; x_wconf 85' lang='lat' dir='ltr'><strong>nomine</strong></span> <span class='ocrx_word' id='word_1_432' title='bbox 2210 2496 2327 2564; x_wconf 82' lang='lat' dir='ltr'><strong>ejus</strong></span> <span class='ocrx_word' id='word_1_433' title='bbox 2350 2488 2709 2555; x_wconf 83' lang='lat' dir='ltr'><strong>ambulabunt,</strong></span> <span class='ocrx_word' id='word_1_434' title='bbox 2738 2488 2819 2542; x_wconf 89' lang='lat' dir='ltr'><strong>sic</strong></span> <span class='ocrx_word' id='word_1_435' title='bbox 2847 2483 3257 2555; x_wconf 86' lang='lat' dir='ltr'><strong>intelligendum</strong></span> <span class='ocrx_word' id='word_1_436' title='bbox 3281 2489 3365 2537; x_wconf 90' lang='lat' dir='ltr'><strong>est</strong></span> <span class='ocrx_word' id='word_1_437' title='bbox 3389 2498 3401 2534; x_wconf 91' lang='lat'><strong>:</strong></span> <span class='ocrx_word' id='word_1_438' title='bbox 3426 2476 3573 2547; x_wconf 90' lang='lat' dir='ltr'><strong>quod</strong></span> 
     </span>
    </p>
   </div>
   <div class='ocr_carea' id='block_1_52' title="bbox 1974 2571 3565 2642">
    <p class='ocr_par' dir='ltr' id='par_1_52' title="bbox 1974 2571 3565 2642">
     <span class='ocr_line' id='line_1_52' title="bbox 1974 2571 3565 2642; baseline -0.013 -1"><span class='ocrx_word' id='word_1_439' title='bbox 1974 2587 2026 2642; x_wconf 92' lang='lat' dir='ltr'><strong>in</strong></span> <span class='ocrx_word' id='word_1_440' title='bbox 2059 2585 2277 2641; x_wconf 89' lang='lat' dir='ltr'><strong>nomine</strong></span> <span class='ocrx_word' id='word_1_441' title='bbox 2305 2582 2509 2638; x_wconf 89' lang='lat' dir='ltr'><strong>Christi</strong></span> <span class='ocrx_word' id='word_1_442' title='bbox 2534 2580 2813 2635; x_wconf 87' lang='lat' dir='ltr'><strong>ambulent</strong></span> <span class='ocrx_word' id='word_1_443' title='bbox 2841 2576 3165 2642; x_wconf 82' lang='lat' dir='ltr'><strong>Christiani,</strong></span> <span class='ocrx_word' id='word_1_444' title='bbox 3208 2584 3257 2629; x_wconf 90' lang='lat' dir='ltr'><strong>et</strong></span> <span class='ocrx_word' id='word_1_445' title='bbox 3288 2571 3565 2627; x_wconf 87' lang='lat' dir='ltr'><strong>scribatur</strong></span> 
     </span>
    </p>
   </div>
   <div class='ocr_carea' id='block_1_53' title="bbox 1972 2660 3570 2733">
    <p class='ocr_par' dir='ltr' id='par_1_53' title="bbox 1972 2660 3570 2733">
     <span class='ocr_line' id='line_1_53' title="bbox 1972 2660 3570 2733; baseline -0.012 0"><span class='ocrx_word' id='word_1_446' title='bbox 1972 2680 2026 2733; x_wconf 93' lang='lat' dir='ltr'><strong>in</strong></span> <span class='ocrx_word' id='word_1_447' title='bbox 2054 2678 2279 2733; x_wconf 75' lang='lat' dir='ltr'><strong>calculis</strong></span> <span class='ocrx_word' id='word_1_448' title='bbox 2309 2691 2497 2731; x_wconf 85' lang='lat' dir='ltr'><strong>eorum</strong></span> <span class='ocrx_word' id='word_1_449' title='bbox 2532 2688 2729 2728; x_wconf 91' lang='lat' dir='ltr'><strong>nomen</strong></span> <span class='ocrx_word' id='word_1_450' title='bbox 2760 2686 2981 2733; x_wconf 89' lang='lat' dir='ltr'><strong>novum,</strong></span> <span class='ocrx_word' id='word_1_451' title='bbox 3013 2679 3065 2723; x_wconf 89' lang='lat' dir='ltr'><strong>et</strong></span> <span class='ocrx_word' id='word_1_452' title='bbox 3087 2668 3194 2722; x_wconf 89' lang='lat' dir='ltr'><strong>sub</strong></span> <span class='ocrx_word' id='word_1_453' title='bbox 3230 2665 3364 2720; x_wconf 81' lang='lat' dir='ltr'><strong>tanti</strong></span> <span class='ocrx_word' id='word_1_454' title='bbox 3397 2660 3570 2717; x_wconf 86' lang='lat' dir='ltr'><strong>uomi-</strong></span> 
     </span>
    </p>
   </div>
   <div class='ocr_carea' id='block_1_54' title="bbox 1973 2754 3569 2841">
    <p class='ocr_par' dir='ltr' id='par_1_54' title="bbox 1973 2754 3569 2841">
     <span class='ocr_line' id='line_1_54' title="bbox 1973 2754 3569 2841; baseline -0.013 -15"><span class='ocrx_word' id='word_1_455' title='bbox 1973 2771 2056 2826; x_wconf 91' lang='lat' dir='ltr'><strong>nis</strong></span> <span class='ocrx_word' id='word_1_456' title='bbox 2082 2769 2348 2841; x_wconf 77' lang='lat' dir='ltr'><strong>dignitate</strong></span> <span class='ocrx_word' id='word_1_457' title='bbox 2379 2767 2666 2821; x_wconf 77' lang='lat' dir='ltr'><strong>ambulent</strong></span> <span class='ocrx_word' id='word_1_458' title='bbox 2686 2780 2806 2820; x_wconf 91' lang='lat' dir='ltr'><strong>cum</strong></span> <span class='ocrx_word' id='word_1_459' title='bbox 2847 2762 3105 2826; x_wconf 91' lang='lat' dir='ltr'><strong>Domino,</strong></span> <span class='ocrx_word' id='word_1_460' title='bbox 3135 2759 3277 2814; x_wconf 86' lang='lat' dir='ltr'><strong>sicut</strong></span> <span class='ocrx_word' id='word_1_461' title='bbox 3324 2754 3569 2809; x_wconf 84' lang='lat' dir='ltr'><strong>ambula-</strong></span> 
     </span>
    </p>
   </div>
   <div class='ocr_carea' id='block_1_55' title="bbox 1968 2846 3569 2932">
    <p class='ocr_par' dir='ltr' id='par_1_55' title="bbox 1968 2846 3569 2932">
     <span class='ocr_line' id='line_1_55' title="bbox 1968 2846 3569 2932; baseline -0.011 -14"><span class='ocrx_word' id='word_1_462' title='bbox 1968 2864 2044 2918; x_wconf 89' lang='lat' dir='ltr'><strong>vit</strong></span> <span class='ocrx_word' id='word_1_463' title='bbox 2072 2863 2280 2927; x_wconf 88' lang='lat' dir='ltr'><strong>Enoch,</strong></span> <span class='ocrx_word' id='word_1_464' title='bbox 2309 2869 2367 2916; x_wconf 92' lang='lat' dir='ltr'><strong>et</strong></span> <span class='ocrx_word' id='word_1_465' title='bbox 2392 2861 2593 2932; x_wconf 88' lang='lat' dir='ltr'><strong>placuit</strong></span> <span class='ocrx_word' id='word_1_466' title='bbox 2617 2859 2747 2923; x_wconf 82' lang='lat' dir='ltr'><strong>Deo,</strong></span> <span class='ocrx_word' id='word_1_467' title='bbox 2766 2864 2820 2913; x_wconf 87' lang='lat' dir='ltr'><strong>et</strong></span> <span class='ocrx_word' id='word_1_468' title='bbox 2843 2856 3140 2911; x_wconf 83' lang='lat' dir='ltr'><strong>translatus</strong></span> <span class='ocrx_word' id='word_1_469' title='bbox 3166 2860 3248 2907; x_wconf 89' lang='lat' dir='ltr'><strong>est</strong></span> <span class='ocrx_word' id='word_1_470' title='bbox 3272 2846 3569 2923; x_wconf 85' lang='lat' dir='ltr'><strong>(Genes.v).</strong></span> 
     </span>
    </p>
   </div>
   <div class='ocr_carea' id='block_1_56' title="bbox 269 2988 3536 3017">
    <p class='ocr_par' dir='ltr' id='par_1_56' title="bbox 269 2988 3536 3017">
     <span class='ocr_line' id='line_1_56' title="bbox 269 2988 3536 3017; baseline -0.001 -16"><span class='ocrx_word' id='word_1_471' title='bbox 269 2988 3536 3017; x_wconf 70' lang='lat'><strong>._________________________________________</strong></span> 
     </span>
    </p>
   </div>
   <div class='ocr_carea' id='block_1_57' title="bbox 1266 3110 2547 3221">
    <p class='ocr_par' dir='ltr' id='par_1_57' title="bbox 1266 3110 2547 3221">
     <span class='ocr_line' id='line_1_57' title="bbox 1266 3110 2547 3221; baseline -0.003 -1"><span class='ocrx_word' id='word_1_472' title='bbox 1266 3110 1751 3220; x_wconf 84' lang='lat' dir='ltr'><strong><em>LIBER</em></strong></span> <span class='ocrx_word' id='word_1_473' title='bbox 1840 3110 2547 3221; x_wconf 85' lang='lat' dir='ltr'><strong>TERTIUS.</strong></span> 
     </span>
    </p>
   </div>
   <div class='ocr_carea' id='block_1_58' title="bbox 345 3433 3673 3512">
    <p class='ocr_par' dir='ltr' id='par_1_58' title="bbox 345 3433 3673 3512">
     <span class='ocr_line' id='line_1_58' title="bbox 345 3433 3673 3512; baseline 0.001 -23"><span class='ocrx_word' id='word_1_474' title='bbox 345 3433 823 3507; x_wconf 71' lang='grc' dir='ltr'><strong>(εει-882.)</strong></span> <span class='ocrx_word' id='word_1_475' title='bbox 850 3434 1119 3506; x_wconf 88' lang='lat' dir='ltr'><strong>Urgetme</strong></span> <span class='ocrx_word' id='word_1_476' title='bbox 1152 3435 1319 3494; x_wconf 90' lang='lat' dir='ltr'><strong>frater</strong></span> <span class='ocrx_word' id='word_1_477' title='bbox 1336 3436 1572 3493; x_wconf 87' lang='lat' dir='ltr'><strong>Sisinius</strong></span> <span class='ocrx_word' id='word_1_478' title='bbox 1594 3438 1866 3506; x_wconf 87' lang='lat' dir='ltr'><strong>incompta</strong></span> <span class='ocrx_word' id='word_1_479' title='bbox 1896 3438 1942 3503; x_wconf 90' lang='lat' dir='ltr'><strong>C</strong></span> <span class='ocrx_word' id='word_1_480' title='bbox 1972 3437 2087 3494; x_wconf 92' lang='lat' dir='ltr'><strong>lum</strong></span> <span class='ocrx_word' id='word_1_481' title='bbox 2119 3440 2331 3509; x_wconf 81' lang='lat' dir='ltr'><strong>linguas</strong></span> <span class='ocrx_word' id='word_1_482' title='bbox 2358 3440 2561 3496; x_wconf 87' lang='lat' dir='ltr'><strong>habere</strong></span> <span class='ocrx_word' id='word_1_483' title='bbox 2590 3456 2651 3496; x_wconf 90' lang='lat' dir='ltr'><strong>se</strong></span> <span class='ocrx_word' id='word_1_484' title='bbox 2678 3451 2892 3511; x_wconf 86' lang='lat' dir='ltr'><strong>putant,</strong></span> <span class='ocrx_word' id='word_1_485' title='bbox 2924 3450 2982 3496; x_wconf 91' lang='lat' dir='ltr'><strong>ut</strong></span> <span class='ocrx_word' id='word_1_486' title='bbox 3013 3441 3290 3512; x_wconf 82' lang='lat' dir='ltr'><strong>proximos</strong></span> <span class='ocrx_word' id='word_1_487' title='bbox 3311 3442 3576 3509; x_wconf 88' lang='lat' dir='ltr'><strong>Iacerent,</strong></span> <span class='ocrx_word' id='word_1_488' title='bbox 3670 3486 3673 3491; x_wconf 95' lang='lat'><strong>.</strong></span> 
     </span>
    </p>
   </div>
   <div class='ocr_carea' id='block_1_59' title="bbox 269 3525 1875 3595">
    <p class='ocr_par' dir='ltr' id='par_1_59' title="bbox 269 3525 1875 3595">
     <span class='ocr_line' id='line_1_59' title="bbox 269 3525 1875 3595; baseline 0.002 -15"><span class='ocrx_word' id='word_1_489' title='bbox 269 3532 329 3581; x_wconf 86' lang='lat' dir='ltr'><strong>et</strong></span> <span class='ocrx_word' id='word_1_490' title='bbox 357 3525 601 3594; x_wconf 87' lang='lat' dir='ltr'><strong>impolita</strong></span> <span class='ocrx_word' id='word_1_491' title='bbox 647 3528 1014 3582; x_wconf 87' lang='lat' dir='ltr'><strong>transmittere</strong></span> <span class='ocrx_word' id='word_1_492' title='bbox 1057 3537 1112 3581; x_wconf 93' lang='lat' dir='ltr'><strong>ut</strong></span> <span class='ocrx_word' id='word_1_493' title='bbox 1141 3543 1247 3582; x_wconf 90' lang='lat' dir='ltr'><strong>nou</strong></span> <span class='ocrx_word' id='word_1_494' title='bbox 1300 3530 1474 3583; x_wconf 89' lang='lat' dir='ltr'><strong>dicam</strong></span> <span class='ocrx_word' id='word_1_495' title='bbox 1512 3529 1875 3595; x_wconf 82' lang='lat' dir='ltr'><strong>emendandi,</strong></span> 
     </span>
    </p>
   </div>
   <div class='ocr_carea' id='block_1_60' title="bbox 272 3614 1878 3689">
    <p class='ocr_par' dir='ltr' id='par_1_60' title="bbox 272 3614 1878 3689">
     <span class='ocr_line' id='line_1_60' title="bbox 272 3614 1878 3689; baseline 0.002 -16"><span class='ocrx_word' id='word_1_496' title='bbox 272 3614 367 3673; x_wconf 83' lang='lat' dir='ltr'><strong>sed</strong></span> <span class='ocrx_word' id='word_1_497' title='bbox 421 3632 488 3672; x_wconf 85' lang='lat' dir='ltr'><strong>ne</strong></span> <span class='ocrx_word' id='word_1_498' title='bbox 534 3617 811 3688; x_wconf 89' lang='lat' dir='ltr'><strong>relegendi</strong></span> <span class='ocrx_word' id='word_1_499' title='bbox 864 3619 1081 3689; x_wconf 89' lang='lat' dir='ltr'><strong>quidem</strong></span> <span class='ocrx_word' id='word_1_500' title='bbox 1130 3620 1361 3676; x_wconf 87' lang='lat' dir='ltr'><strong>habeam</strong></span> <span class='ocrx_word' id='word_1_501' title='bbox 1415 3620 1746 3677; x_wconf 78' lang='lat' dir='ltr'><strong>facultatem.</strong></span> <span class='ocrx_word' id='word_1_502' title='bbox 1783 3622 1878 3677; x_wconf 91' lang='lat' dir='ltr'><strong>Ille</strong></span> 
     </span>
    </p>
   </div>
   <div class='ocr_carea' id='block_1_61' title="bbox 274 3711 1887 3789">
    <p class='ocr_par' dir='ltr' id='par_1_61' title="bbox 274 3711 1887 3789">
     <span class='ocr_line' id='line_1_61' title="bbox 274 3711 1887 3789; baseline 0.001 -22"><span class='ocrx_word' id='word_1_503' title='bbox 274 3711 498 3769; x_wconf 76' lang='lat' dir='ltr'><strong>festinat</strong></span> <span class='ocrx_word' id='word_1_504' title='bbox 539 3715 590 3769; x_wconf 91' lang='lat' dir='ltr'><strong>in</strong></span> <span class='ocrx_word' id='word_1_505' title='bbox 622 3730 762 3785; x_wconf 89' lang='lat' dir='ltr'><strong>opus</strong></span> <span class='ocrx_word' id='word_1_506' title='bbox 808 3732 995 3781; x_wconf 91' lang='lat' dir='ltr'><strong>suum,</strong></span> <span class='ocrx_word' id='word_1_507' title='bbox 1046 3731 1146 3771; x_wconf 90' lang='lat' dir='ltr'><strong>nos</strong></span> <span class='ocrx_word' id='word_1_508' title='bbox 1187 3718 1238 3771; x_wconf 91' lang='lat' dir='ltr'><strong>in</strong></span> <span class='ocrx_word' id='word_1_509' title='bbox 1282 3727 1468 3772; x_wconf 86' lang='lat' dir='ltr'><strong>nostro</strong></span> <span class='ocrx_word' id='word_1_510' title='bbox 1505 3732 1669 3789; x_wconf 87' lang='lat' dir='ltr'><strong>opere</strong></span> <span class='ocrx_word' id='word_1_511' title='bbox 1699 3717 1887 3771; x_wconf 73' lang='lat' dir='ltr'><strong>minus”</strong></span> 
     </span>
    </p>
   </div>
   <div class='ocr_carea' id='block_1_62' title="bbox 275 3804 1881 3882">
    <p class='ocr_par' dir='ltr' id='par_1_62' title="bbox 275 3804 1881 3882">
     <span class='ocr_line' id='line_1_62' title="bbox 275 3804 1881 3882; baseline 0.002 -21"><span class='ocrx_word' id='word_1_512' title='bbox 275 3804 540 3873; x_wconf 80' lang='lat' dir='ltr'><strong>facimus,</strong></span> <span class='ocrx_word' id='word_1_513' title='bbox 579 3807 707 3864; x_wconf 92' lang='lat' dir='ltr'><strong>dum</strong></span> <span class='ocrx_word' id='word_1_514' title='bbox 744 3809 981 3864; x_wconf 87' lang='lat' dir='ltr'><strong>eruditio</strong></span> <span class='ocrx_word' id='word_1_515' title='bbox 1014 3810 1289 3865; x_wconf 90' lang='lat' dir='ltr'><strong>incassum</strong></span> <span class='ocrx_word' id='word_1_516' title='bbox 1333 3812 1595 3879; x_wconf 84' lang='lat' dir='ltr'><strong>\ertitur;</strong></span> <span class='ocrx_word' id='word_1_517' title='bbox 1642 3821 1695 3866; x_wconf 89' lang='lat' dir='ltr'><strong>et</strong></span> <span class='ocrx_word' id='word_1_518' title='bbox 1723 3810 1881 3882; x_wconf 90' lang='lat' dir='ltr'><strong>quid-</strong></span> 
     </span>
    </p>
   </div>
   <div class='ocr_carea' id='block_1_63' title="bbox 274 3900 1879 3975">
    <p class='ocr_par' dir='ltr' id='par_1_63' title="bbox 274 3900 1879 3975">
     <span class='ocr_line' id='line_1_63' title="bbox 274 3900 1879 3975; baseline 0.006 -22"><span class='ocrx_word' id='word_1_519' title='bbox 274 3900 406 3969; x_wconf 83' lang='lat' dir='ltr'><strong>quid</strong></span> <span class='ocrx_word' id='word_1_520' title='bbox 438 3916 602 3955; x_wconf 88' lang='lat' dir='ltr'><strong>sensu</strong></span> <span class='ocrx_word' id='word_1_521' title='bbox 638 3904 1011 3973; x_wconf 88' lang='lat' dir='ltr'><strong>concipimus,</strong></span> <span class='ocrx_word' id='word_1_522' title='bbox 1044 3907 1353 3975; x_wconf 90' lang='lat' dir='ltr'><strong>composito</strong></span> <span class='ocrx_word' id='word_1_523' title='bbox 1384 3922 1491 3961; x_wconf 92' lang='lat' dir='ltr'><strong>non</strong></span> <span class='ocrx_word' id='word_1_524' title='bbox 1531 3908 1657 3964; x_wconf 91' lang='lat' dir='ltr'><strong>licet</strong></span> <span class='ocrx_word' id='word_1_525' title='bbox 1680 3922 1879 3962; x_wconf 87' lang='lat' dir='ltr'><strong>ornare</strong></span> 
     </span>
    </p>
   </div>
   <div class='ocr_carea' id='block_1_64' title="bbox 275 3993 1879 4071">
    <p class='ocr_par' dir='ltr' id='par_1_64' title="bbox 275 3993 1879 4071">
     <span class='ocr_line' id='line_1_64' title="bbox 275 3993 1879 4071; baseline 0.006 -24"><span class='ocrx_word' id='word_1_526' title='bbox 275 4006 552 4049; x_wconf 89' lang='lat' dir='ltr'><strong>sermone.</strong></span> <span class='ocrx_word' id='word_1_527' title='bbox 586 3993 769 4050; x_wconf 80' lang='lat' dir='ltr'><strong>Rudes</strong></span> <span class='ocrx_word' id='word_1_528' title='bbox 808 3996 1005 4066; x_wconf 83' lang='lat' dir='ltr'><strong>igitur,</strong></span> <span class='ocrx_word' id='word_1_529' title='bbox 1048 4012 1153 4053; x_wconf 91' lang='lat' dir='ltr'><strong>non</strong></span> <span class='ocrx_word' id='word_1_530' title='bbox 1189 4013 1305 4054; x_wconf 86' lang='lat' dir='ltr'><strong>mea</strong></span> <span class='ocrx_word' id='word_1_531' title='bbox 1347 3999 1543 4071; x_wconf 87' lang='lat' dir='ltr'><strong>culpa,</strong></span> <span class='ocrx_word' id='word_1_532' title='bbox 1571 4001 1667 4055; x_wconf 91' lang='lat' dir='ltr'><strong>sed</strong></span> <span class='ocrx_word' id='word_1_533' title='bbox 1698 4001 1879 4056; x_wconf 91' lang='lat' dir='ltr'><strong>studio</strong></span> 
     </span>
    </p>
   </div>
   <div class='ocr_carea' id='block_1_65' title="bbox 277 4086 1877 4163">
    <p class='ocr_par' dir='ltr' id='par_1_65' title="bbox 277 4086 1877 4163">
     <span class='ocr_line' id='line_1_65' title="bbox 277 4086 1877 4163; baseline 0.006 -22"><span class='ocrx_word' id='word_1_534' title='bbox 277 4086 557 4157; x_wconf 64' lang='lat' dir='ltr'><strong>portitoris</strong></span> <span class='ocrx_word' id='word_1_535' title='bbox 583 4090 801 4160; x_wconf 82' lang='lat' dir='ltr'><strong>suscipe</strong></span> <span class='ocrx_word' id='word_1_536' title='bbox 841 4091 1014 4148; x_wconf 91' lang='lat' dir='ltr'><strong>libros</strong></span> <span class='ocrx_word' id='word_1_537' title='bbox 1045 4109 1059 4147; x_wconf 91' lang='lat'><strong>:</strong></span> <span class='ocrx_word' id='word_1_538' title='bbox 1091 4092 1219 4147; x_wconf 91' lang='lat' dir='ltr'><strong>dum</strong></span> <span class='ocrx_word' id='word_1_539' title='bbox 1253 4093 1370 4163; x_wconf 90' lang='lat' dir='ltr'><strong>ipse</strong></span> <span class='ocrx_word' id='word_1_540' title='bbox 1396 4103 1487 4149; x_wconf 91' lang='lat' dir='ltr'><strong>tua</strong></span> <span class='ocrx_word' id='word_1_541' title='bbox 1515 4096 1733 4151; x_wconf 86' lang='lat' dir='ltr'><strong>festinat</strong></span> <span class='ocrx_word' id='word_1_542' title='bbox 1752 4110 1877 4150; x_wconf 88' lang='lat' dir='ltr'><strong>san-</strong></span> 
     </span>
    </p>
   </div>
   <div class='ocr_carea' id='block_1_66' title="bbox 278 4180 1878 4257">
    <p class='ocr_par' dir='ltr' id='par_1_66' title="bbox 278 4180 1878 4257">
     <span class='ocr_line' id='line_1_66' title="bbox 278 4180 1878 4257; baseline 0.006 -21"><span class='ocrx_word' id='word_1_543' title='bbox 278 4180 378 4236; x_wconf 87' lang='lat' dir='ltr'><strong>ctis</strong></span> <span class='ocrx_word' id='word_1_544' title='bbox 402 4195 508 4235; x_wconf 80' lang='lat' dir='ltr'><strong>:cra</strong></span> <span class='ocrx_word' id='word_1_545' title='bbox 536 4181 814 4253; x_wconf 78' lang='lat' dir='ltr'><strong>dividere,</strong></span> <span class='ocrx_word' id='word_1_546' title='bbox 847 4195 901 4240; x_wconf 85' lang='lat' dir='ltr'><strong>et</strong></span> <span class='ocrx_word' id='word_1_547' title='bbox 928 4201 1027 4241; x_wconf 91' lang='lat' dir='ltr'><strong>nos</strong></span> <span class='ocrx_word' id='word_1_548' title='bbox 1060 4202 1167 4242; x_wconf 91' lang='lat' dir='ltr'><strong>non</strong></span> <span class='ocrx_word' id='word_1_549' title='bbox 1201 4188 1402 4257; x_wconf 90' lang='lat' dir='ltr'><strong>patitur</strong></span> <span class='ocrx_word' id='word_1_550' title='bbox 1438 4199 1620 4244; x_wconf 90' lang='lat' dir='ltr'><strong>nostra</strong></span> <span class='ocrx_word' id='word_1_551' title='bbox 1648 4190 1740 4244; x_wconf 88' lang='lat' dir='ltr'><strong>tibi</strong></span> <span class='ocrx_word' id='word_1_552' title='bbox 1770 4206 1878 4245; x_wconf 73' lang='lat' dir='ltr'><strong>mra</strong></span> 
     </span>
    </p>
   </div>
   <div class='ocr_carea' id='block_1_67' title="bbox 279 4277 1879 4355">
    <p class='ocr_par' dir='ltr' id='par_1_67' title="bbox 279 4277 1879 4355">
     <span class='ocr_line' id='line_1_67' title="bbox 279 4277 1879 4355; baseline 0.008 -26"><span class='ocrx_word' id='word_1_553' title='bbox 279 4289 590 4332; x_wconf 86' lang='lat' dir='ltr'><strong>munerare.</strong></span> <span class='ocrx_word' id='word_1_554' title='bbox 616 4277 875 4346; x_wconf 87' lang='lat' dir='ltr'><strong>Quamvis</strong></span> <span class='ocrx_word' id='word_1_555' title='bbox 899 4281 1048 4336; x_wconf 89' lang='lat' dir='ltr'><strong>enim</strong></span> <span class='ocrx_word' id='word_1_556' title='bbox 1072 4282 1298 4352; x_wconf 87' lang='lat' dir='ltr'><strong>elegans</strong></span> <span class='ocrx_word' id='word_1_557' title='bbox 1324 4282 1393 4337; x_wconf 87' lang='lat' dir='ltr'><strong>sit</strong></span> <span class='ocrx_word' id='word_1_558' title='bbox 1415 4284 1879 4355; x_wconf 76' lang='lat' dir='ltr'><strong>exercitatumque</strong></span> 
     </span>
    </p>
   </div>
   <div class='ocr_carea' id='block_1_68' title="bbox 276 4367 1877 4444">
    <p class='ocr_par' dir='ltr' id='par_1_68' title="bbox 276 4367 1877 4444">
     <span class='ocr_line' id='line_1_68' title="bbox 276 4367 1877 4444; baseline 0.005 -21"><span class='ocrx_word' id='word_1_559' title='bbox 276 4367 552 4439; x_wconf 80' lang='lat' dir='ltr'><strong>ingenium</strong></span> <span class='ocrx_word' id='word_1_560' title='bbox 576 4412 590 4436; x_wconf 93' lang='lat'><strong>,</strong></span> <span class='ocrx_word' id='word_1_561' title='bbox 639 4383 693 4427; x_wconf 91' lang='lat' dir='ltr'><strong>et</strong></span> <span class='ocrx_word' id='word_1_562' title='bbox 725 4374 887 4444; x_wconf 88' lang='lat' dir='ltr'><strong>longo</strong></span> <span class='ocrx_word' id='word_1_563' title='bbox 933 4391 1031 4430; x_wconf 86' lang='lat' dir='ltr'><strong>usu</strong></span> <span class='ocrx_word' id='word_1_564' title='bbox 1068 4378 1195 4431; x_wconf 87' lang='lat' dir='ltr'><strong>trita</strong></span> <span class='ocrx_word' id='word_1_565' title='bbox 1231 4384 1417 4431; x_wconf 88' lang='lat' dir='ltr'><strong>currat</strong></span> <span class='ocrx_word' id='word_1_566' title='bbox 1456 4377 1635 4432; x_wconf 87' lang='lat' dir='ltr'><strong>oratio</strong></span> <span class='ocrx_word' id='word_1_567' title='bbox 1661 4396 1672 4431; x_wconf 91' lang='lat'>:</span> <span class='ocrx_word' id='word_1_568' title='bbox 1698 4387 1877 4432; x_wconf 90' lang='lat' dir='ltr'><strong>tamen</strong></span> 
     </span>
    </p>
   </div>
   <div class='ocr_carea' id='block_1_69' title="bbox 277 4462 1879 4539">
    <p class='ocr_par' dir='ltr' id='par_1_69' title="bbox 277 4462 1879 4539">
     <span class='ocr_line' id='line_1_69' title="bbox 277 4462 1879 4539; baseline 0.006 -23"><span class='ocrx_word' id='word_1_569' title='bbox 277 4462 384 4516; x_wconf 88' lang='lat' dir='ltr'><strong>nisi</strong></span> <span class='ocrx_word' id='word_1_570' title='bbox 423 4465 673 4517; x_wconf 79' lang='lat' dir='ltr'><strong>Auctoris</strong></span> <span class='ocrx_word' id='word_1_571' title='bbox 720 4480 881 4520; x_wconf 91' lang='lat' dir='ltr'><strong>manu</strong></span> <span class='ocrx_word' id='word_1_572' title='bbox 910 4479 1101 4523; x_wconf 86' lang='lat' dir='ltr'><strong>curata</strong></span> <span class='ocrx_word' id='word_1_573' title='bbox 1139 4468 1300 4523; x_wconf 87' lang='lat' dir='ltr'><strong>fuerit</strong></span> <span class='ocrx_word' id='word_1_574' title='bbox 1329 4478 1383 4524; x_wconf 91' lang='lat' dir='ltr'><strong>et</strong></span> <span class='ocrx_word' id='word_1_575' title='bbox 1432 4471 1629 4539; x_wconf 88' lang='lat' dir='ltr'><strong>polita,</strong></span> <span class='ocrx_word' id='word_1_576' title='bbox 1670 4471 1879 4525; x_wconf 87' lang='lat' dir='ltr'><strong>redolet</strong></span> 
     </span>
    </p>
   </div>
   <div class='ocr_carea' id='block_1_70' title="bbox 275 4554 1880 4626">
    <p class='ocr_par' dir='ltr' id='par_1_70' title="bbox 275 4554 1880 4626">
     <span class='ocr_line' id='line_1_70' title="bbox 275 4554 1880 4626; baseline 0.005 -17"><span class='ocrx_word' id='word_1_577' title='bbox 275 4554 468 4611; x_wconf 83' lang='lat' dir='ltr'><strong>sordes</strong></span> <span class='ocrx_word' id='word_1_578' title='bbox 499 4556 875 4626; x_wconf 69' lang='lat' dir='ltr'><strong>negligentite,</strong></span> <span class='ocrx_word' id='word_1_579' title='bbox 908 4567 966 4614; x_wconf 91' lang='lat' dir='ltr'><strong>et</strong></span> <span class='ocrx_word' id='word_1_580' title='bbox 992 4559 1075 4614; x_wconf 87' lang='lat' dir='ltr'><strong>vel</strong></span> <span class='ocrx_word' id='word_1_581' title='bbox 1109 4561 1278 4615; x_wconf 88' lang='lat' dir='ltr'><strong>nimio</strong></span> <span class='ocrx_word' id='word_1_582' title='bbox 1305 4561 1598 4617; x_wconf 86' lang='lat' dir='ltr'><strong>verborum</strong></span> <span class='ocrx_word' id='word_1_583' title='bbox 1632 4563 1767 4617; x_wconf 87' lang='lat' dir='ltr'><strong>ﬂore</strong></span> <span class='ocrx_word' id='word_1_584' title='bbox 1799 4563 1880 4617; x_wconf 86' lang='lat' dir='ltr'><strong>Iu-</strong></span> 
     </span>
    </p>
   </div>
   <div class='ocr_carea' id='block_1_71' title="bbox 279 4648 1879 4723">
    <p class='ocr_par' dir='ltr' id='par_1_71' title="bbox 279 4648 1879 4723">
     <span class='ocr_line' id='line_1_71' title="bbox 279 4648 1879 4723; baseline 0.003 -20"><span class='ocrx_word' id='word_1_585' title='bbox 279 4650 494 4714; x_wconf 79' lang='lat' dir='ltr'><strong>xuriat,</strong></span> <span class='ocrx_word' id='word_1_586' title='bbox 541 4648 627 4703; x_wconf 89' lang='lat' dir='ltr'><strong>vel</strong></span> <span class='ocrx_word' id='word_1_587' title='bbox 672 4649 851 4703; x_wconf 88' lang='lat' dir='ltr'><strong>hiulca</strong></span> <span class='ocrx_word' id='word_1_588' title='bbox 883 4650 1163 4706; x_wconf 89' lang='lat' dir='ltr'><strong>vocalibus</strong></span> <span class='ocrx_word' id='word_1_589' title='bbox 1204 4652 1297 4716; x_wconf 87' lang='lat' dir='ltr'><strong>lit,</strong></span> <span class='ocrx_word' id='word_1_590' title='bbox 1340 4654 1424 4707; x_wconf 91' lang='lat' dir='ltr'><strong>vel</strong></span> <span class='ocrx_word' id='word_1_591' title='bbox 1450 4668 1642 4723; x_wconf 90' lang='lat' dir='ltr'><strong>aspera</strong></span> <span class='ocrx_word' id='word_1_592' title='bbox 1680 4667 1879 4708; x_wconf 81' lang='lat' dir='ltr'><strong>conso-</strong></span> 
     </span>
    </p>
   </div>
   <div class='ocr_carea' id='block_1_72' title="bbox 280 4739 1879 4816">
    <p class='ocr_par' dir='ltr' id='par_1_72' title="bbox 280 4739 1879 4816">
     <span class='ocr_line' id='line_1_72' title="bbox 280 4739 1879 4816; baseline 0.003 -21"><span class='ocrx_word' id='word_1_593' title='bbox 280 4742 561 4797; x_wconf 86' lang='lat' dir='ltr'><strong>nantibus.</strong></span> <span class='ocrx_word' id='word_1_594' title='bbox 610 4739 764 4797; x_wconf 86' lang='lat' dir='ltr'><strong>Unde</strong></span> <span class='ocrx_word' id='word_1_595' title='bbox 796 4752 850 4797; x_wconf 91' lang='lat' dir='ltr'><strong>et</strong></span> <span class='ocrx_word' id='word_1_596' title='bbox 887 4742 955 4798; x_wconf 90' lang='lat' dir='ltr'><strong>de</strong></span> <span class='ocrx_word' id='word_1_597' title='bbox 1010 4743 1240 4813; x_wconf 80' lang='lat' dir='ltr'><strong>Virgilio</strong></span> <span class='ocrx_word' id='word_1_598' title='bbox 1268 4746 1520 4800; x_wconf 86' lang='lat' dir='ltr'><strong>traditum</strong></span> <span class='ocrx_word' id='word_1_599' title='bbox 1565 4757 1682 4813; x_wconf 89' lang='lat' dir='ltr'><strong>est,</strong></span> <span class='ocrx_word' id='word_1_600' title='bbox 1735 4745 1879 4816; x_wconf 90' lang='lat' dir='ltr'><strong>quod</strong></span> 
     </span>
    </p>
   </div>
   <div class='ocr_carea' id='block_1_73' title="bbox 1980 3530 3582 3589">
    <p class='ocr_par' dir='ltr' id='par_1_73' title="bbox 1980 3530 3582 3589">
     <span class='ocr_line' id='line_1_73' title="bbox 1980 3530 3582 3589; baseline 0.001 -4"><span class='ocrx_word' id='word_1_601' title='bbox 1980 3539 2037 3585; x_wconf 91' lang='lat' dir='ltr'><strong>et</strong></span> <span class='ocrx_word' id='word_1_602' title='bbox 2066 3530 2324 3588; x_wconf 88' lang='lat' dir='ltr'><strong>duritiam</strong></span> <span class='ocrx_word' id='word_1_603' title='bbox 2363 3531 2561 3588; x_wconf 85' lang='lat' dir='ltr'><strong>frontis</strong></span> <span class='ocrx_word' id='word_1_604' title='bbox 2618 3532 2821 3589; x_wconf 78' lang='lat' dir='ltr'><strong>attrita:</strong></span> <span class='ocrx_word' id='word_1_605' title='bbox 2866 3532 3156 3588; x_wconf 88' lang='lat' dir='ltr'><strong>verborum</strong></span> <span class='ocrx_word' id='word_1_606' title='bbox 3197 3531 3351 3587; x_wconf 87' lang='lat' dir='ltr'><strong>rabie</strong></span> <span class='ocrx_word' id='word_1_607' title='bbox 3386 3544 3582 3587; x_wconf 82' lang='lat' dir='ltr'><strong>conso-</strong></span> 
     </span>
    </p>
   </div>
   <div class='ocr_carea' id='block_1_74' title="bbox 1980 3624 2187 3682">
    <p class='ocr_par' dir='ltr' id='par_1_74' title="bbox 1980 3624 2187 3682">
     <span class='ocr_line' id='line_1_74' title="bbox 1980 3624 2187 3682; baseline -0.005 -2"><span class='ocrx_word' id='word_1_608' title='bbox 1980 3624 2187 3682; x_wconf 88' lang='lat' dir='ltr'><strong>lentur.</strong></span> 
     </span>
    </p>
   </div>
   <div class='ocr_carea' id='block_1_75' title="bbox 2052 3809 3581 3886">
    <p class='ocr_par' dir='ltr' id='par_1_75' title="bbox 2052 3809 3581 3886">
     <span class='ocr_line' id='line_1_75' title="bbox 2052 3809 3581 3886; baseline 0.004 -21"><span class='ocrx_word' id='word_1_609' title='bbox 2052 3810 2205 3881; x_wconf 88' lang='lat' dir='ltr'><strong>(Cap.</strong></span> <span class='ocrx_word' id='word_1_610' title='bbox 2239 3809 2523 3867; x_wconf 80' lang='lat' dir='ltr'><strong>XL-Vers.</strong></span> <span class='ocrx_word' id='word_1_611' title='bbox 2556 3810 2635 3883; x_wconf 88' lang='lat' dir='ltr'><strong>I.)</strong></span> <span class='ocrx_word' id='word_1_612' title='bbox 2670 3811 2862 3883; x_wconf 81' lang='lat' dir='ltr'><strong>Aperi,</strong></span> <span class='ocrx_word' id='word_1_613' title='bbox 2890 3812 3116 3877; x_wconf 88' lang='lat' dir='ltr'><strong>Libane,</strong></span> <span class='ocrx_word' id='word_1_614' title='bbox 3141 3821 3319 3886; x_wconf 88' lang='lat' dir='ltr'><strong>portas</strong></span> <span class='ocrx_word' id='word_1_615' title='bbox 3351 3822 3501 3880; x_wconf 85' lang='lat' dir='ltr'><strong>tuas,</strong></span> <span class='ocrx_word' id='word_1_616' title='bbox 3533 3825 3581 3871; x_wconf 89' lang='lat' dir='ltr'><strong>et</strong></span> 
     </span>
    </p>
   </div>
   <div class='ocr_carea' id='block_1_76' title="bbox 1979 3904 3584 3978">
    <p class='ocr_par' dir='ltr' id='par_1_76' title="bbox 1979 3904 3584 3978">
     <span class='ocr_line' id='line_1_76' title="bbox 1979 3904 3584 3978; baseline 0.002 -18"><span class='ocrx_word' id='word_1_617' title='bbox 1979 3905 2213 3960; x_wconf 81' lang='lat' dir='ltr'><strong>comedat</strong></span> <span class='ocrx_word' id='word_1_618' title='bbox 2244 3904 2349 3977; x_wconf 84' lang='grc' dir='ltr'><strong>[ΑΙ.</strong></span> <span class='ocrx_word' id='word_1_619' title='bbox 2382 3904 2634 3978; x_wconf 77' lang='lat' dir='ltr'><strong>comedet]</strong></span> <span class='ocrx_word' id='word_1_620' title='bbox 2663 3906 2796 3977; x_wconf 85' lang='lat' dir='ltr'><strong>ignis</strong></span> <span class='ocrx_word' id='word_1_621' title='bbox 2821 3907 2999 3962; x_wconf 86' lang='lat' dir='ltr'><strong>cedros</strong></span> <span class='ocrx_word' id='word_1_622' title='bbox 3022 3916 3161 3962; x_wconf 89' lang='lat' dir='ltr'><strong>tuas.</strong></span> <span class='ocrx_word' id='word_1_623' title='bbox 3190 3906 3353 3962; x_wconf 87' lang='lat' dir='ltr'><strong>Ulula</strong></span> <span class='ocrx_word' id='word_1_624' title='bbox 3375 3952 3389 3977; x_wconf 93' lang='lat'><strong>,</strong></span> <span class='ocrx_word' id='word_1_625' title='bbox 3422 3908 3584 3975; x_wconf 88' lang='lat' dir='ltr'><strong>abies,</strong></span> 
     </span>
    </p>
   </div>
   <div class='ocr_carea' id='block_1_77' title="bbox 1979 3998 3583 4072">
    <p class='ocr_par' dir='ltr' id='par_1_77' title="bbox 1979 3998 3583 4072">
     <span class='ocr_line' id='line_1_77' title="bbox 1979 3998 3583 4072; baseline 0.002 -22"><span class='ocrx_word' id='word_1_626' title='bbox 1979 3998 2101 4069; x_wconf 87' lang='lat' dir='ltr'><strong>quia</strong></span> <span class='ocrx_word' id='word_1_627' title='bbox 2125 3998 2311 4053; x_wconf 84' lang='lat' dir='ltr'><strong>cecidit</strong></span> <span class='ocrx_word' id='word_1_628' title='bbox 2351 4000 2585 4053; x_wconf 84' lang='lat' dir='ltr'><strong>cedrus:</strong></span> <span class='ocrx_word' id='word_1_629' title='bbox 2635 3999 2884 4071; x_wconf 86' lang='lat' dir='ltr'><strong>quoniam</strong></span> <span class='ocrx_word' id='word_1_630' title='bbox 2918 3999 3185 4072; x_wconf 75' lang='lat' dir='ltr'><strong>magniﬁci</strong></span> <span class='ocrx_word' id='word_1_631' title='bbox 3216 3999 3403 4054; x_wconf 80' lang='lat' dir='ltr'><strong>vastati</strong></span> <span class='ocrx_word' id='word_1_632' title='bbox 3441 4008 3583 4055; x_wconf 86' lang='lat' dir='ltr'><strong>sunt.</strong></span> 
     </span>
    </p>
   </div>
   <div class='ocr_carea' id='block_1_78' title="bbox 1985 4090 3586 4165">
    <p class='ocr_par' dir='ltr' id='par_1_78' title="bbox 1985 4090 3586 4165">
     <span class='ocr_line' id='line_1_78' title="bbox 1985 4090 3586 4165; baseline -0.001 -18"><span class='ocrx_word' id='word_1_633' title='bbox 1985 4090 2231 4159; x_wconf 87' lang='lat' dir='ltr'><strong>Ululate,</strong></span> <span class='ocrx_word' id='word_1_634' title='bbox 2269 4108 2489 4163; x_wconf 85' lang='lat' dir='ltr'><strong>quercus</strong></span> <span class='ocrx_word' id='word_1_635' title='bbox 2521 4090 2731 4158; x_wconf 86' lang='lat' dir='ltr'><strong>Busan,</strong></span> <span class='ocrx_word' id='word_1_636' title='bbox 2769 4093 3017 4165; x_wconf 89' lang='lat' dir='ltr'><strong>quoniam</strong></span> <span class='ocrx_word' id='word_1_637' title='bbox 3047 4092 3281 4146; x_wconf 87' lang='lat' dir='ltr'><strong>succisus</strong></span> <span class='ocrx_word' id='word_1_638' title='bbox 3319 4101 3394 4147; x_wconf 89' lang='lat' dir='ltr'><strong>est</strong></span> <span class='ocrx_word' id='word_1_639' title='bbox 3418 4091 3586 4147; x_wconf 87' lang='lat' dir='ltr'><strong>saltus</strong></span> 
     </span>
    </p>
   </div>
   <div class='ocr_carea' id='block_1_79' title="bbox 1980 4182 3585 4255">
    <p class='ocr_par' dir='ltr' id='par_1_79' title="bbox 1980 4182 3585 4255">
     <span class='ocr_line' id='line_1_79' title="bbox 1980 4182 3585 4255; baseline 0.002 -17"><span class='ocrx_word' id='word_1_640' title='bbox 1980 4185 2237 4239; x_wconf 88' lang='lat' dir='ltr'><strong>munitus.</strong></span> <span class='ocrx_word' id='word_1_641' title='bbox 2287 4182 2685 4254; x_wconf 78' lang='lat' dir='ltr'><strong>LXX:Aperi,</strong></span> <span class='ocrx_word' id='word_1_642' title='bbox 2739 4183 2965 4252; x_wconf 86' lang='lat' dir='ltr'><strong>Libane,</strong></span> <span class='ocrx_word' id='word_1_643' title='bbox 3012 4195 3192 4255; x_wconf 85' lang='lat' dir='ltr'><strong>portas</strong></span> <span class='ocrx_word' id='word_1_644' title='bbox 3232 4193 3383 4253; x_wconf 85' lang='lat' dir='ltr'><strong>tuas,</strong></span> <span class='ocrx_word' id='word_1_645' title='bbox 3425 4196 3585 4241; x_wconf 88' lang='lat' dir='ltr'><strong>etco-</strong></span> 
     </span>
    </p>
   </div>
   <div class='ocr_carea' id='block_1_80' title="bbox 1982 4276 3583 4349">
    <p class='ocr_par' dir='ltr' id='par_1_80' title="bbox 1982 4276 3583 4349">
     <span class='ocr_line' id='line_1_80' title="bbox 1982 4276 3583 4349; baseline -0.001 -17"><span class='ocrx_word' id='word_1_646' title='bbox 1982 4277 2153 4334; x_wconf 84' lang='lat' dir='ltr'><strong>medat</strong></span> <span class='ocrx_word' id='word_1_647' title='bbox 2181 4279 2317 4349; x_wconf 88' lang='lat' dir='ltr'><strong>ignis</strong></span> <span class='ocrx_word' id='word_1_648' title='bbox 2343 4279 2524 4334; x_wconf 84' lang='lat' dir='ltr'><strong>cedros</strong></span> <span class='ocrx_word' id='word_1_649' title='bbox 2552 4288 2688 4333; x_wconf 90' lang='lat' dir='ltr'><strong>tuas.</strong></span> <span class='ocrx_word' id='word_1_650' title='bbox 2725 4276 2903 4333; x_wconf 89' lang='lat' dir='ltr'><strong>Ululet</strong></span> <span class='ocrx_word' id='word_1_651' title='bbox 2929 4277 3104 4346; x_wconf 88' lang='lat' dir='ltr'><strong>pinus,</strong></span> <span class='ocrx_word' id='word_1_652' title='bbox 3135 4277 3258 4345; x_wconf 89' lang='lat' dir='ltr'><strong>quia</strong></span> <span class='ocrx_word' id='word_1_653' title='bbox 3287 4276 3468 4331; x_wconf 87' lang='lat' dir='ltr'><strong>cecidit</strong></span> <span class='ocrx_word' id='word_1_654' title='bbox 3498 4294 3583 4331; x_wconf 82' lang='lat' dir='ltr'><strong>ce-</strong></span> 
     </span>
    </p>
   </div>
   <div class='ocr_carea' id='block_1_81' title="bbox 1982 4368 3588 4444">
    <p class='ocr_par' dir='ltr' id='par_1_81' title="bbox 1982 4368 3588 4444">
     <span class='ocr_line' id='line_1_81' title="bbox 1982 4368 3588 4444; baseline -0.001 -20"><span class='ocrx_word' id='word_1_655' title='bbox 1982 4371 2140 4438; x_wconf 89' lang='lat' dir='ltr'><strong>drus,</strong></span> <span class='ocrx_word' id='word_1_656' title='bbox 2182 4372 2306 4441; x_wconf 88' lang='lat' dir='ltr'><strong>quia</strong></span> <span class='ocrx_word' id='word_1_657' title='bbox 2336 4372 2609 4444; x_wconf 76' lang='lat' dir='ltr'><strong>Optimates</strong></span> <span class='ocrx_word' id='word_1_658' title='bbox 2654 4372 2863 4426; x_wconf 73' lang='lat' dir='ltr'><strong>contriti</strong></span> <span class='ocrx_word' id='word_1_659' title='bbox 2892 4380 3040 4425; x_wconf 88' lang='lat' dir='ltr'><strong>sunt.</strong></span> <span class='ocrx_word' id='word_1_660' title='bbox 3086 4368 3296 4424; x_wconf 87' lang='lat' dir='ltr'><strong>Ululate</strong></span> <span class='ocrx_word' id='word_1_661' title='bbox 3322 4406 3339 4432; x_wconf 94' lang='lat'><strong>,</strong></span> <span class='ocrx_word' id='word_1_662' title='bbox 3369 4382 3588 4438; x_wconf 84' lang='lat' dir='ltr'><strong>quercus</strong></span> 
     </span>
    </p>
   </div>
   <div class='ocr_carea' id='block_1_82' title="bbox 1981 4462 3585 4536">
    <p class='ocr_par' dir='ltr' id='par_1_82' title="bbox 1981 4462 3585 4536">
     <span class='ocr_line' id='line_1_82' title="bbox 1981 4462 3585 4536; baseline -0.002 -16"><span class='ocrx_word' id='word_1_663' title='bbox 1981 4466 2308 4521; x_wconf 85' lang='lat' dir='ltr'><strong>Basanitidis</strong></span> <span class='ocrx_word' id='word_1_664' title='bbox 2331 4506 2346 4531; x_wconf 91' lang='lat'><strong>,</strong></span> <span class='ocrx_word' id='word_1_665' title='bbox 2376 4466 2625 4535; x_wconf 86' lang='lat' dir='ltr'><strong>quoniam</strong></span> <span class='ocrx_word' id='word_1_666' title='bbox 2652 4465 2915 4536; x_wconf 87' lang='lat' dir='ltr'><strong>depositus</strong></span> <span class='ocrx_word' id='word_1_667' title='bbox 2947 4471 3021 4517; x_wconf 81' lang='lat' dir='ltr'><strong>est</strong></span> <span class='ocrx_word' id='word_1_668' title='bbox 3050 4462 3219 4516; x_wconf 86' lang='lat' dir='ltr'><strong>saltus</strong></span> <span class='ocrx_word' id='word_1_669' title='bbox 3260 4477 3585 4516; x_wconf 82' lang='lat' dir='ltr'><strong>nemorosus.</strong></span> 
     </span>
    </p>
   </div>
   <div class='ocr_carea' id='block_1_83' title="bbox 1984 4554 3589 4629">
    <p class='ocr_par' dir='ltr' id='par_1_83' title="bbox 1984 4554 3589 4629">
     <span class='ocr_line' id='line_1_83' title="bbox 1984 4554 3589 4629; baseline -0.004 -14"><span class='ocrx_word' id='word_1_670' title='bbox 1984 4558 2276 4629; x_wconf 79' lang='lat' dir='ltr'><strong>Perspicua</strong></span> <span class='ocrx_word' id='word_1_671' title='bbox 2308 4557 2549 4612; x_wconf 85' lang='lat' dir='ltr'><strong>Libanus</strong></span> <span class='ocrx_word' id='word_1_672' title='bbox 2568 4600 2582 4623; x_wconf 94' lang='lat'><strong>,</strong></span> <span class='ocrx_word' id='word_1_673' title='bbox 2607 4556 2673 4610; x_wconf 91' lang='lat' dir='ltr'><strong>ad</strong></span> <span class='ocrx_word' id='word_1_674' title='bbox 2699 4572 2861 4626; x_wconf 80' lang='lat' dir='ltr'><strong>quem</strong></span> <span class='ocrx_word' id='word_1_675' title='bbox 2888 4554 3223 4625; x_wconf 89' lang='lat' dir='ltr'><strong>prophetalis</strong></span> <span class='ocrx_word' id='word_1_676' title='bbox 3250 4567 3431 4609; x_wconf 88' lang='lat' dir='ltr'><strong>sermo</strong></span> <span class='ocrx_word' id='word_1_677' title='bbox 3457 4568 3589 4611; x_wconf 90' lang='lat' dir='ltr'><strong>con-</strong></span> 
     </span>
    </p>
   </div>
   <div class='ocr_carea' id='block_1_84' title="bbox 1983 4647 3585 4720">
    <p class='ocr_par' dir='ltr' id='par_1_84' title="bbox 1983 4647 3585 4720">
     <span class='ocr_line' id='line_1_84' title="bbox 1983 4647 3585 4720; baseline 0.001 -17"><span class='ocrx_word' id='word_1_678' title='bbox 1983 4651 2243 4719; x_wconf 89' lang='lat' dir='ltr'><strong>vertitur,</strong></span> <span class='ocrx_word' id='word_1_679' title='bbox 2284 4650 2475 4705; x_wconf 88' lang='lat' dir='ltr'><strong>dicens</strong></span> <span class='ocrx_word' id='word_1_680' title='bbox 2511 4649 2707 4720; x_wconf 82' lang='lat' dir='ltr'><strong>:Aperi</strong></span> <span class='ocrx_word' id='word_1_681' title='bbox 2734 4691 2750 4716; x_wconf 97' lang='lat'><strong>,</strong></span> <span class='ocrx_word' id='word_1_682' title='bbox 2792 4647 3020 4715; x_wconf 88' lang='lat' dir='ltr'><strong>Libane,</strong></span> <span class='ocrx_word' id='word_1_683' title='bbox 3054 4656 3235 4718; x_wconf 86' lang='lat' dir='ltr'><strong>portas</strong></span> <span class='ocrx_word' id='word_1_684' title='bbox 3267 4656 3416 4710; x_wconf 87' lang='lat' dir='ltr'><strong>tuas,</strong></span> <span class='ocrx_word' id='word_1_685' title='bbox 3446 4656 3585 4705; x_wconf 78' lang='lat' dir='ltr'><strong>tem-</strong></span> 
     </span>
    </p>
   </div>
   <div class='ocr_carea' id='block_1_85' title="bbox 1984 4740 3589 4816">
    <p class='ocr_par' dir='ltr' id='par_1_85' title="bbox 1984 4740 3589 4816">
     <span class='ocr_line' id='line_1_85' title="bbox 1984 4740 3589 4816; baseline -0.004 -16"><span class='ocrx_word' id='word_1_686' title='bbox 1984 4746 2131 4816; x_wconf 90' lang='lat' dir='ltr'><strong>plum</strong></span> <span class='ocrx_word' id='word_1_687' title='bbox 2155 4740 2985 4814; x_wconf 67' lang='lat' dir='ltr'><strong>inlelligiturJudworum,quod</strong></span> <span class='ocrx_word' id='word_1_688' title='bbox 3016 4742 3399 4809; x_wconf 86' lang='lat' dir='ltr'><strong>instauratum,</strong></span> <span class='ocrx_word' id='word_1_689' title='bbox 3423 4740 3589 4795; x_wconf 92' lang='lat' dir='ltr'><strong>immo</strong></span> 
     </span>
    </p>
   </div>
   <div class='ocr_carea' id='block_1_86' title="bbox 279 4831 3586 4908">
    <p class='ocr_par' dir='ltr' id='par_1_86' title="bbox 279 4831 3586 4908">
     <span class='ocr_line' id='line_1_86' title="bbox 279 4831 3586 4908; baseline -0.001 -21"><span class='ocrx_word' id='word_1_690' title='bbox 279 4831 451 4887; x_wconf 90' lang='lat' dir='ltr'><strong>libros</strong></span> <span class='ocrx_word' id='word_1_691' title='bbox 475 4847 605 4887; x_wconf 89' lang='lat' dir='ltr'><strong>suos</strong></span> <span class='ocrx_word' id='word_1_692' title='bbox 627 4833 782 4903; x_wconf 88' lang='lat' dir='ltr'><strong>quasi</strong></span> <span class='ocrx_word' id='word_1_693' title='bbox 811 4849 1062 4889; x_wconf 88' lang='lat' dir='ltr'><strong>ursorum</strong></span> <span class='ocrx_word' id='word_1_694' title='bbox 1089 4835 1227 4891; x_wconf 89' lang='lat' dir='ltr'><strong>fetus</strong></span> <span class='ocrx_word' id='word_1_695' title='bbox 1261 4836 1439 4908; x_wconf 89' lang='lat' dir='ltr'><strong>lingua</strong></span> <span class='ocrx_word' id='word_1_696' title='bbox 1470 4839 1879 4907; x_wconf 89' lang='lat' dir='ltr'><strong>composuerit,</strong></span> <span class='ocrx_word' id='word_1_697' title='bbox 1907 4834 1961 4895; x_wconf 90' lang='lat' dir='ltr'><strong>D</strong></span> <span class='ocrx_word' id='word_1_698' title='bbox 1987 4836 2312 4892; x_wconf 65' lang='lat' dir='ltr'><strong>arditicatum</strong></span> <span class='ocrx_word' id='word_1_699' title='bbox 2351 4851 2381 4890; x_wconf 89' lang='lat' dir='ltr'><strong>a</strong></span> <span class='ocrx_word' id='word_1_700' title='bbox 2421 4833 2720 4889; x_wconf 83' lang='lat' dir='ltr'><strong>Zorobabel</strong></span> <span class='ocrx_word' id='word_1_701' title='bbox 2744 4877 2759 4903; x_wconf 93' lang='lat'><strong>,</strong></span> <span class='ocrx_word' id='word_1_702' title='bbox 2795 4848 3010 4889; x_wconf 89' lang='lat' dir='ltr'><strong>rursum</strong></span> <span class='ocrx_word' id='word_1_703' title='bbox 3057 4851 3086 4887; x_wconf 86' lang='lat' dir='ltr'><strong>a</strong></span> <span class='ocrx_word' id='word_1_704' title='bbox 3128 4832 3465 4903; x_wconf 83' lang='lat' dir='ltr'><strong>Vespasiano</strong></span> <span class='ocrx_word' id='word_1_705' title='bbox 3486 4873 3502 4895; x_wconf 91' lang='lat'><strong>,</strong></span> <span class='ocrx_word' id='word_1_706' title='bbox 3532 4841 3586 4887; x_wconf 91' lang='lat' dir='ltr'><strong>et</strong></span> 
     </span>
    </p>
   </div>
   <div class='ocr_carea' id='block_1_87' title="bbox 280 4923 1875 4999">
    <p class='ocr_par' dir='ltr' id='par_1_87' title="bbox 280 4923 1875 4999">
     <span class='ocr_line' id='line_1_87' title="bbox 280 4923 1875 4999; baseline 0.004 -20"><span class='ocrx_word' id='word_1_707' title='bbox 280 4931 337 4979; x_wconf 90' lang='lat' dir='ltr'><strong>et</strong></span> <span class='ocrx_word' id='word_1_708' title='bbox 360 4923 649 4980; x_wconf 89' lang='lat' dir='ltr'><strong>lambendo</strong></span> <span class='ocrx_word' id='word_1_709' title='bbox 690 4924 881 4981; x_wconf 77' lang='lat' dir='ltr'><strong>fecerit</strong></span> <span class='ocrx_word' id='word_1_710' title='bbox 917 4942 1042 4983; x_wconf 89' lang='lat' dir='ltr'><strong>esse</strong></span> <span class='ocrx_word' id='word_1_711' title='bbox 1078 4928 1361 4994; x_wconf 88' lang='lat' dir='ltr'><strong>meliores,</strong></span> <span class='ocrx_word' id='word_1_712' title='bbox 1410 4929 1499 4999; x_wconf 92' lang='lat' dir='ltr'><strong>qui</strong></span> <span class='ocrx_word' id='word_1_713' title='bbox 1539 4928 1875 4985; x_wconf 90' lang='lat' dir='ltr'><strong>durarentin</strong></span> 
     </span>
    </p>
   </div>
   <div class='ocr_carea' id='block_1_88' title="bbox 280 5016 1881 5088">
    <p class='ocr_par' dir='ltr' id='par_1_88' title="bbox 280 5016 1881 5088">
     <span class='ocr_line' id='line_1_88' title="bbox 280 5016 1881 5088; baseline 0.002 -15"><span class='ocrx_word' id='word_1_714' title='bbox 280 5016 605 5073; x_wconf 87' lang='lat' dir='ltr'><strong>memoriam</strong></span> <span class='ocrx_word' id='word_1_715' title='bbox 622 5018 1033 5088; x_wconf 84' lang='lat' dir='ltr'><strong>sempiternam,</strong></span> <span class='ocrx_word' id='word_1_716' title='bbox 1053 5030 1105 5074; x_wconf 88' lang='lat' dir='ltr'><strong>et</strong></span> <span class='ocrx_word' id='word_1_717' title='bbox 1137 5022 1512 5076; x_wconf 76' lang='lat' dir='ltr'><strong>necessitatem</strong></span> <span class='ocrx_word' id='word_1_718' title='bbox 1536 5022 1693 5077; x_wconf 71' lang='lat' dir='ltr'><strong>metri</strong></span> <span class='ocrx_word' id='word_1_719' title='bbox 1711 5022 1881 5077; x_wconf 89' lang='lat' dir='ltr'><strong>libera</strong></span> 
     </span>
    </p>
   </div>
   <div class='ocr_carea' id='block_1_89' title="bbox 281 5100 1880 5184">
    <p class='ocr_par' dir='ltr' id='par_1_89' title="bbox 281 5100 1880 5184">
     <span class='ocr_line' id='line_1_89' title="bbox 281 5100 1880 5184; baseline 0.004 -20"><span class='ocrx_word' id='word_1_720' title='bbox 281 5100 528 5164; x_wconf 84' lang='lat' dir='ltr'><strong>oratione</strong></span> <span class='ocrx_word' id='word_1_721' title='bbox 560 5110 919 5179; x_wconf 85' lang='lat' dir='ltr'><strong>complerent.</strong></span> <span class='ocrx_word' id='word_1_722' title='bbox 953 5111 1272 5167; x_wconf 81' lang='lat' dir='ltr'><strong>Transimus</strong></span> <span class='ocrx_word' id='word_1_723' title='bbox 1299 5112 1365 5167; x_wconf 90' lang='lat' dir='ltr'><strong>ad</strong></span> <span class='ocrx_word' id='word_1_724' title='bbox 1398 5113 1661 5169; x_wconf 86' lang='lat' dir='ltr'><strong>Libanum</strong></span> <span class='ocrx_word' id='word_1_725' title='bbox 1685 5161 1698 5184; x_wconf 91' lang='lat'><strong>,</strong></span> <span class='ocrx_word' id='word_1_726' title='bbox 1729 5126 1783 5170; x_wconf 88' lang='lat' dir='ltr'><strong>et</strong></span> <span class='ocrx_word' id='word_1_727' title='bbox 1813 5116 1880 5170; x_wconf 87' lang='lat' dir='ltr'><strong>ad</strong></span> 
     </span>
    </p>
   </div>
   <div class='ocr_carea' id='block_1_90' title="bbox 280 5201 1880 5273">
    <p class='ocr_par' dir='ltr' id='par_1_90' title="bbox 280 5201 1880 5273">
     <span class='ocr_line' id='line_1_90' title="bbox 280 5201 1880 5273; baseline 0.004 -17"><span class='ocrx_word' id='word_1_728' title='bbox 280 5201 415 5256; x_wconf 83' lang='lat' dir='ltr'><strong>duas</strong></span> <span class='ocrx_word' id='word_1_729' title='bbox 438 5201 653 5271; x_wconf 81' lang='lat' dir='ltr'><strong>virgas,</strong></span> <span class='ocrx_word' id='word_1_730' title='bbox 689 5210 905 5272; x_wconf 88' lang='lat' dir='ltr'><strong>tresque</strong></span> <span class='ocrx_word' id='word_1_731' title='bbox 929 5212 1197 5272; x_wconf 87' lang='lat' dir='ltr'><strong>pastores,</strong></span> <span class='ocrx_word' id='word_1_732' title='bbox 1227 5206 1315 5273; x_wconf 87' lang='lat' dir='ltr'><strong>qui</strong></span> <span class='ocrx_word' id='word_1_733' title='bbox 1343 5208 1393 5259; x_wconf 86' lang='lat' dir='ltr'><strong>in</strong></span> <span class='ocrx_word' id='word_1_734' title='bbox 1421 5222 1526 5261; x_wconf 91' lang='lat' dir='ltr'><strong>uno</strong></span> <span class='ocrx_word' id='word_1_735' title='bbox 1547 5223 1734 5262; x_wconf 81' lang='lat' dir='ltr'><strong>mense</strong></span> <span class='ocrx_word' id='word_1_736' title='bbox 1755 5222 1880 5263; x_wconf 92' lang='lat' dir='ltr'><strong>suc-</strong></span> 
     </span>
    </p>
   </div>
   <div class='ocr_carea' id='block_1_91' title="bbox 279 5293 1883 5370">
    <p class='ocr_par' dir='ltr' id='par_1_91' title="bbox 279 5293 1883 5370">
     <span class='ocr_line' id='line_1_91' title="bbox 279 5293 1883 5370; baseline 0.003 -21"><span class='ocrx_word' id='word_1_737' title='bbox 279 5293 382 5349; x_wconf 89' lang='lat' dir='ltr'><strong>cisi</strong></span> <span class='ocrx_word' id='word_1_738' title='bbox 412 5303 557 5358; x_wconf 91' lang='lat' dir='ltr'><strong>sunt,</strong></span> <span class='ocrx_word' id='word_1_739' title='bbox 579 5304 632 5349; x_wconf 91' lang='lat' dir='ltr'><strong>et</strong></span> <span class='ocrx_word' id='word_1_740' title='bbox 655 5294 723 5348; x_wconf 91' lang='lat' dir='ltr'><strong>ad</strong></span> <span class='ocrx_word' id='word_1_741' title='bbox 754 5294 969 5365; x_wconf 87' lang='lat' dir='ltr'><strong>triginta</strong></span> <span class='ocrx_word' id='word_1_742' title='bbox 994 5305 1283 5367; x_wconf 89' lang='lat' dir='ltr'><strong>argenteos</strong></span> <span class='ocrx_word' id='word_1_743' title='bbox 1308 5341 1321 5364; x_wconf 93' lang='lat'><strong>,</strong></span> <span class='ocrx_word' id='word_1_744' title='bbox 1356 5298 1423 5352; x_wconf 90' lang='lat' dir='ltr'><strong>de</strong></span> <span class='ocrx_word' id='word_1_745' title='bbox 1445 5300 1643 5369; x_wconf 89' lang='lat' dir='ltr'><strong>quibus</strong></span> <span class='ocrx_word' id='word_1_746' title='bbox 1670 5311 1883 5370; x_wconf 90' lang='lat' dir='ltr'><strong>emptus</strong></span> 
     </span>
    </p>
   </div>
   <div class='ocr_carea' id='block_1_92' title="bbox 280 5386 1875 5465">
    <p class='ocr_par' dir='ltr' id='par_1_92' title="bbox 280 5386 1875 5465">
     <span class='ocr_line' id='line_1_92' title="bbox 280 5386 1875 5465; baseline 0.006 -25"><span class='ocrx_word' id='word_1_747' title='bbox 280 5395 364 5441; x_wconf 87' lang='lat' dir='ltr'><strong>est</strong></span> <span class='ocrx_word' id='word_1_748' title='bbox 398 5401 528 5457; x_wconf 89' lang='lat' dir='ltr'><strong>ager</strong></span> <span class='ocrx_word' id='word_1_749' title='bbox 568 5386 716 5457; x_wconf 83' lang='lat' dir='ltr'><strong>ﬁguli</strong></span> <span class='ocrx_word' id='word_1_750' title='bbox 747 5388 799 5442; x_wconf 91' lang='lat' dir='ltr'><strong>in</strong></span> <span class='ocrx_word' id='word_1_751' title='bbox 830 5388 1175 5459; x_wconf 90' lang='lat' dir='ltr'><strong>sepulturam</strong></span> <span class='ocrx_word' id='word_1_752' title='bbox 1204 5391 1617 5461; x_wconf 90' lang='lat' dir='ltr'><strong>peregrinorum</strong></span> <span class='ocrx_word' id='word_1_753' title='bbox 1658 5391 1875 5465; x_wconf 84' lang='lat' dir='ltr'><strong>(Matth.</strong></span> 
     </span>
    </p>
   </div>
   <div class='ocr_carea' id='block_1_93' title="bbox 279 5475 1884 5555">
    <p class='ocr_par' dir='ltr' id='par_1_93' title="bbox 279 5475 1884 5555">
     <span class='ocr_line' id='line_1_93' title="bbox 279 5475 1884 5555; baseline 0.004 -21"><span class='ocrx_word' id='word_1_754' title='bbox 279 5475 455 5548; x_wconf 79' lang='lat' dir='ltr'><strong>xxvtt)</strong></span> <span class='ocrx_word' id='word_1_755' title='bbox 478 5523 490 5547; x_wconf 92' lang='lat'><strong>,</strong></span> <span class='ocrx_word' id='word_1_756' title='bbox 514 5488 569 5533; x_wconf 84' lang='lat' dir='ltr'><strong>et</strong></span> <span class='ocrx_word' id='word_1_757' title='bbox 592 5478 659 5533; x_wconf 86' lang='lat' dir='ltr'><strong>ad</strong></span> <span class='ocrx_word' id='word_1_758' title='bbox 690 5479 840 5535; x_wconf 90' lang='lat' dir='ltr'><strong>stulti</strong></span> <span class='ocrx_word' id='word_1_759' title='bbox 862 5496 989 5534; x_wconf 89' lang='lat' dir='ltr'><strong>vasa</strong></span> <span class='ocrx_word' id='word_1_760' title='bbox 1018 5481 1257 5551; x_wconf 83' lang='lat' dir='ltr'><strong>pastoris</strong></span> <span class='ocrx_word' id='word_1_761' title='bbox 1277 5527 1290 5550; x_wconf 93' lang='lat'><strong>,</strong></span> <span class='ocrx_word' id='word_1_762' title='bbox 1321 5492 1375 5539; x_wconf 90' lang='lat' dir='ltr'><strong>et</strong></span> <span class='ocrx_word' id='word_1_763' title='bbox 1401 5495 1599 5538; x_wconf 57' lang='lat' dir='ltr'><strong>cietera</strong></span> <span class='ocrx_word' id='word_1_764' title='bbox 1627 5501 1794 5555; x_wconf 89' lang='lat' dir='ltr'><strong>usque</strong></span> <span class='ocrx_word' id='word_1_765' title='bbox 1818 5486 1884 5541; x_wconf 90' lang='lat' dir='ltr'><strong>ad</strong></span> 
     </span>
    </p>
   </div>
   <div class='ocr_carea' id='block_1_94' title="bbox 280 5570 1881 5650">
    <p class='ocr_par' dir='ltr' id='par_1_94' title="bbox 280 5570 1881 5650">
     <span class='ocr_line' id='line_1_94' title="bbox 280 5570 1881 5650; baseline 0.003 -21"><span class='ocrx_word' id='word_1_766' title='bbox 280 5573 444 5629; x_wconf 78' lang='lat' dir='ltr'><strong>linem</strong></span> <span class='ocrx_word' id='word_1_767' title='bbox 466 5570 800 5628; x_wconf 88' lang='lat' dir='ltr'><strong>voluminis:</strong></span> <span class='ocrx_word' id='word_1_768' title='bbox 824 5589 945 5644; x_wconf 74' lang='lat' dir='ltr'><strong>qua:</strong></span> <span class='ocrx_word' id='word_1_769' title='bbox 969 5578 1135 5630; x_wconf 88' lang='lat' dir='ltr'><strong>tantis</strong></span> <span class='ocrx_word' id='word_1_770' title='bbox 1159 5585 1287 5630; x_wconf 91' lang='lat' dir='ltr'><strong>sunt</strong></span> <span class='ocrx_word' id='word_1_771' title='bbox 1312 5585 1562 5631; x_wconf 80' lang='lat' dir='ltr'><strong>contexta</strong></span> <span class='ocrx_word' id='word_1_772' title='bbox 1586 5578 1881 5650; x_wconf 88' lang='lat' dir='ltr'><strong>mysteriis,</strong></span> 
     </span>
    </p>
   </div>
   <div class='ocr_carea' id='block_1_95' title="bbox 283 5664 1886 5739">
    <p class='ocr_par' dir='ltr' id='par_1_95' title="bbox 283 5664 1886 5739">
     <span class='ocr_line' id='line_1_95' title="bbox 283 5664 1886 5739; baseline 0.002 -16"><span class='ocrx_word' id='word_1_773' title='bbox 283 5675 342 5723; x_wconf 91' lang='lat' dir='ltr'><strong>ut</strong></span> <span class='ocrx_word' id='word_1_774' title='bbox 374 5664 749 5721; x_wconf 88' lang='lat' dir='ltr'><strong>misericordia</strong></span> <span class='ocrx_word' id='word_1_775' title='bbox 784 5666 879 5722; x_wconf 89' lang='lat' dir='ltr'><strong>Dei</strong></span> <span class='ocrx_word' id='word_1_776' title='bbox 910 5678 966 5723; x_wconf 91' lang='lat' dir='ltr'><strong>et</strong></span> <span class='ocrx_word' id='word_1_777' title='bbox 994 5670 1104 5726; x_wconf 89' lang='lat' dir='ltr'><strong>tuis</strong></span> <span class='ocrx_word' id='word_1_778' title='bbox 1134 5669 1477 5739; x_wconf 90' lang='lat' dir='ltr'><strong>indigeamus</strong></span> <span class='ocrx_word' id='word_1_779' title='bbox 1510 5673 1886 5739; x_wconf 88' lang='lat' dir='ltr'><strong>orationibus,</strong></span> 
     </span>
    </p>
   </div>
   <div class='ocr_carea' id='block_1_96' title="bbox 281 5760 1882 5834">
    <p class='ocr_par' dir='ltr' id='par_1_96' title="bbox 281 5760 1882 5834">
     <span class='ocr_line' id='line_1_96' title="bbox 281 5760 1882 5834; baseline 0.002 -17"><span class='ocrx_word' id='word_1_780' title='bbox 281 5777 355 5817; x_wconf 88' lang='lat' dir='ltr'><strong>ne</strong></span> <span class='ocrx_word' id='word_1_781' title='bbox 382 5775 576 5817; x_wconf 87' lang='lat' dir='ltr'><strong>cursus</strong></span> <span class='ocrx_word' id='word_1_782' title='bbox 606 5769 795 5816; x_wconf 84' lang='lat' dir='ltr'><strong>noster</strong></span> <span class='ocrx_word' id='word_1_783' title='bbox 815 5760 1000 5832; x_wconf 86' lang='lat' dir='ltr'><strong>aliquo</strong></span> <span class='ocrx_word' id='word_1_784' title='bbox 1031 5764 1402 5834; x_wconf 66' lang='lat' dir='ltr'><strong>praepedialur</strong></span> <span class='ocrx_word' id='word_1_785' title='bbox 1427 5779 1647 5834; x_wconf 88' lang='lat' dir='ltr'><strong>errore,</strong></span> <span class='ocrx_word' id='word_1_786' title='bbox 1676 5776 1733 5822; x_wconf 91' lang='lat' dir='ltr'><strong>et</strong></span> <span class='ocrx_word' id='word_1_787' title='bbox 1762 5781 1882 5821; x_wconf 89' lang='lat' dir='ltr'><strong>ma-</strong></span> 
     </span>
    </p>
   </div>
   <div class='ocr_carea' id='block_1_97' title="bbox 291 5852 1884 5930">
    <p class='ocr_par' dir='ltr' id='par_1_97' title="bbox 291 5852 1884 5930">
     <span class='ocr_line' id='line_1_97' title="bbox 291 5852 1884 5930; baseline 0.004 -19"><span class='ocrx_word' id='word_1_788' title='bbox 291 5853 485 5911; x_wconf 82' lang='lat' dir='ltr'><strong>levolis</strong></span> <span class='ocrx_word' id='word_1_789' title='bbox 504 5852 652 5924; x_wconf 85' lang='lat' dir='ltr'><strong>justa</strong></span> <span class='ocrx_word' id='word_1_790' title='bbox 695 5852 768 5909; x_wconf 87' lang='lat' dir='ltr'><strong>sit</strong></span> <span class='ocrx_word' id='word_1_791' title='bbox 795 5855 1011 5911; x_wconf 83' lang='lat' dir='ltr'><strong>occasio</strong></span> <span class='ocrx_word' id='word_1_792' title='bbox 1041 5856 1399 5928; x_wconf 88' lang='lat' dir='ltr'><strong>detrahendi,</strong></span> <span class='ocrx_word' id='word_1_793' title='bbox 1428 5858 1520 5930; x_wconf 91' lang='lat' dir='ltr'><strong>qui</strong></span> <span class='ocrx_word' id='word_1_794' title='bbox 1550 5858 1620 5916; x_wconf 87' lang='lat' dir='ltr'><strong>ad</strong></span> <span class='ocrx_word' id='word_1_795' title='bbox 1661 5860 1766 5917; x_wconf 90' lang='lat' dir='ltr'><strong>hoc</strong></span> <span class='ocrx_word' id='word_1_796' title='bbox 1793 5874 1884 5917; x_wconf 84' lang='lat' dir='ltr'><strong>so-</strong></span> 
     </span>
    </p>
   </div>
   <div class='ocr_carea' id='block_1_98' title="bbox 1982 4926 3586 4997">
    <p class='ocr_par' dir='ltr' id='par_1_98' title="bbox 1982 4926 3586 4997">
     <span class='ocr_line' id='line_1_98' title="bbox 1982 4926 3586 4997; baseline -0.006 -10"><span class='ocrx_word' id='word_1_797' title='bbox 1982 4931 2107 4987; x_wconf 85' lang='lat' dir='ltr'><strong>Tito</strong></span> <span class='ocrx_word' id='word_1_798' title='bbox 2134 4930 2345 4987; x_wconf 88' lang='lat' dir='ltr'><strong>canitur</strong></span> <span class='ocrx_word' id='word_1_799' title='bbox 2371 4928 2820 4984; x_wconf 85' lang='lat' dir='ltr'><strong>subvertentlum.</strong></span> <span class='ocrx_word' id='word_1_800' title='bbox 2863 4927 2930 4982; x_wconf 88' lang='lat' dir='ltr'><strong>Et</strong></span> <span class='ocrx_word' id='word_1_801' title='bbox 2960 4926 3083 4997; x_wconf 89' lang='lat' dir='ltr'><strong>quia</strong></span> <span class='ocrx_word' id='word_1_802' title='bbox 3115 4926 3382 4981; x_wconf 86' lang='lat' dir='ltr'><strong>Libanum</strong></span> <span class='ocrx_word' id='word_1_803' title='bbox 3401 4969 3416 4993; x_wconf 94' lang='lat'><strong>,</strong></span> <span class='ocrx_word' id='word_1_804' title='bbox 3442 4933 3586 4980; x_wconf 85' lang='lat' dir='ltr'><strong>tem-</strong></span> 
     </span>
    </p>
   </div>
   <div class='ocr_carea' id='block_1_99' title="bbox 1983 5018 3587 5100">
    <p class='ocr_par' dir='ltr' id='par_1_99' title="bbox 1983 5018 3587 5100">
     <span class='ocr_line' id='line_1_99' title="bbox 1983 5018 3587 5100; baseline -0.004 -21"><span class='ocrx_word' id='word_1_805' title='bbox 1983 5025 2132 5095; x_wconf 84' lang='lat' dir='ltr'><strong>plum</strong></span> <span class='ocrx_word' id='word_1_806' title='bbox 2162 5024 2534 5094; x_wconf 86' lang='lat' dir='ltr'><strong>appellaverat</strong></span> <span class='ocrx_word' id='word_1_807' title='bbox 2563 5027 2909 5100; x_wconf 75' lang='grc' dir='ltr'><strong>μεταφορικῶς</strong></span> <span class='ocrx_word' id='word_1_808' title='bbox 2932 5059 2946 5083; x_wconf 84' lang='grc'><em>,</em></span> <span class='ocrx_word' id='word_1_809' title='bbox 2972 5027 3027 5073; x_wconf 88' lang='lat' dir='ltr'><strong>et</strong></span> <span class='ocrx_word' id='word_1_810' title='bbox 3057 5019 3108 5073; x_wconf 90' lang='lat' dir='ltr'><strong>in</strong></span> <span class='ocrx_word' id='word_1_811' title='bbox 3143 5018 3369 5088; x_wconf 87' lang='lat' dir='ltr'><strong>reliquis</strong></span> <span class='ocrx_word' id='word_1_812' title='bbox 3398 5025 3587 5073; x_wconf 87' lang='lat' dir='ltr'><strong>servat</strong></span> 
     </span>
    </p>
   </div>
   <div class='ocr_carea' id='block_1_100' title="bbox 1984 5111 3589 5187">
    <p class='ocr_par' dir='ltr' id='par_1_100' title="bbox 1984 5111 3589 5187">
     <span class='ocr_line' id='line_1_100' title="bbox 1984 5111 3589 5187; baseline -0.006 -15"><span class='ocrx_word' id='word_1_813' title='bbox 1984 5117 2398 5173; x_wconf 84' lang='lat' dir='ltr'><strong>translationem</strong></span> <span class='ocrx_word' id='word_1_814' title='bbox 2423 5159 2438 5184; x_wconf 92' lang='lat'><strong>,</strong></span> <span class='ocrx_word' id='word_1_815' title='bbox 2476 5124 2538 5171; x_wconf 91' lang='lat' dir='ltr'><strong>ut</strong></span> <span class='ocrx_word' id='word_1_816' title='bbox 2569 5130 2665 5187; x_wconf 91' lang='lat' dir='ltr'><strong>per</strong></span> <span class='ocrx_word' id='word_1_817' title='bbox 2703 5113 2899 5170; x_wconf 85' lang='lat' dir='ltr'><strong>cedros</strong></span> <span class='ocrx_word' id='word_1_818' title='bbox 2931 5123 2985 5167; x_wconf 91' lang='lat' dir='ltr'><strong>et</strong></span> <span class='ocrx_word' id='word_1_819' title='bbox 3007 5111 3220 5167; x_wconf 88' lang='lat' dir='ltr'><strong>abietes</strong></span> <span class='ocrx_word' id='word_1_820' title='bbox 3260 5121 3314 5166; x_wconf 92' lang='lat' dir='ltr'><strong>et</strong></span> <span class='ocrx_word' id='word_1_821' title='bbox 3350 5122 3589 5182; x_wconf 88' lang='lat' dir='ltr'><strong>quercus</strong></span> 
     </span>
    </p>
   </div>
   <div class='ocr_carea' id='block_1_101' title="bbox 1985 5207 3593 5282">
    <p class='ocr_par' dir='ltr' id='par_1_101' title="bbox 1985 5207 3593 5282">
     <span class='ocr_line' id='line_1_101' title="bbox 1985 5207 3593 5282; baseline -0.004 -16"><span class='ocrx_word' id='word_1_822' title='bbox 1985 5212 2161 5266; x_wconf 87' lang='lat' dir='ltr'><strong>Basan</strong></span> <span class='ocrx_word' id='word_1_823' title='bbox 2193 5211 2500 5282; x_wconf 87' lang='lat' dir='ltr'><strong>saltumque</strong></span> <span class='ocrx_word' id='word_1_824' title='bbox 2528 5225 2906 5272; x_wconf 87' lang='lat' dir='ltr'><strong>nemorosum,</strong></span> <span class='ocrx_word' id='word_1_825' title='bbox 2938 5207 3216 5279; x_wconf 88' lang='lat' dir='ltr'><strong>principes</strong></span> <span class='ocrx_word' id='word_1_826' title='bbox 3242 5221 3304 5262; x_wconf 91' lang='lat' dir='ltr'><strong>ac</strong></span> <span class='ocrx_word' id='word_1_827' title='bbox 3335 5207 3593 5261; x_wconf 85' lang='lat' dir='ltr'><strong>sacerdo-</strong></span> 
     </span>
    </p>
   </div>
   <div class='ocr_carea' id='block_1_102' title="bbox 1986 5302 3583 5377">
    <p class='ocr_par' dir='ltr' id='par_1_102' title="bbox 1986 5302 3583 5377">
     <span class='ocr_line' id='line_1_102' title="bbox 1986 5302 3583 5377; baseline -0.003 -17"><span class='ocrx_word' id='word_1_828' title='bbox 1986 5314 2069 5361; x_wconf 89' lang='lat' dir='ltr'><strong>tes</strong></span> <span class='ocrx_word' id='word_1_829' title='bbox 2097 5314 2152 5361; x_wconf 91' lang='lat' dir='ltr'><strong>et</strong></span> <span class='ocrx_word' id='word_1_830' title='bbox 2184 5306 2441 5377; x_wconf 90' lang='lat' dir='ltr'><strong>p0pulum</strong></span> <span class='ocrx_word' id='word_1_831' title='bbox 2488 5306 2759 5376; x_wconf 83' lang='lat' dir='ltr'><strong>signiﬁcet</strong></span> <span class='ocrx_word' id='word_1_832' title='bbox 2804 5302 3143 5359; x_wconf 71' lang='lat' dir='ltr'><strong>Judaeorum.</strong></span> <span class='ocrx_word' id='word_1_833' title='bbox 3185 5302 3375 5373; x_wconf 76' lang='lat' dir='ltr'><strong>Aperit</strong></span> <span class='ocrx_word' id='word_1_834' title='bbox 3401 5310 3583 5356; x_wconf 90' lang='lat' dir='ltr'><strong>autem</strong></span> 
     </span>
    </p>
   </div>
   <div class='ocr_carea' id='block_1_103' title="bbox 1986 5396 3587 5469">
    <p class='ocr_par' dir='ltr' id='par_1_103' title="bbox 1986 5396 3587 5469">
     <span class='ocr_line' id='line_1_103' title="bbox 1986 5396 3587 5469; baseline -0.002 -16"><span class='ocrx_word' id='word_1_835' title='bbox 1986 5397 2228 5453; x_wconf 89' lang='lat' dir='ltr'><strong>Libanus</strong></span> <span class='ocrx_word' id='word_1_836' title='bbox 2264 5410 2451 5469; x_wconf 86' lang='lat' dir='ltr'><strong>portas</strong></span> <span class='ocrx_word' id='word_1_837' title='bbox 2487 5413 2614 5453; x_wconf 89' lang='lat' dir='ltr'><strong>suas</strong></span> <span class='ocrx_word' id='word_1_838' title='bbox 2636 5440 2650 5463; x_wconf 95' lang='lat'><strong>,</strong></span> <span class='ocrx_word' id='word_1_839' title='bbox 2681 5407 2739 5452; x_wconf 88' lang='lat' dir='ltr'><strong>ut</strong></span> <span class='ocrx_word' id='word_1_840' title='bbox 2772 5397 3047 5451; x_wconf 80' lang='lat' dir='ltr'><strong>Romanus</strong></span> <span class='ocrx_word' id='word_1_841' title='bbox 3086 5396 3253 5451; x_wconf 87' lang='lat' dir='ltr'><strong>intret</strong></span> <span class='ocrx_word' id='word_1_842' title='bbox 3276 5396 3587 5463; x_wconf 82' lang='lat' dir='ltr'><strong>exercitus,</strong></span> 
     </span>
    </p>
   </div>
   <div class='ocr_carea' id='block_1_104' title="bbox 1984 5488 3589 5561">
    <p class='ocr_par' dir='ltr' id='par_1_104' title="bbox 1984 5488 3589 5561">
     <span class='ocr_line' id='line_1_104' title="bbox 1984 5488 3589 5561; baseline -0.002 -15"><span class='ocrx_word' id='word_1_843' title='bbox 1984 5501 2042 5546; x_wconf 88' lang='lat' dir='ltr'><strong>et</strong></span> <span class='ocrx_word' id='word_1_844' title='bbox 2072 5490 2321 5546; x_wconf 88' lang='lat' dir='ltr'><strong>comedat</strong></span> <span class='ocrx_word' id='word_1_845' title='bbox 2342 5491 2483 5561; x_wconf 88' lang='lat' dir='ltr'><strong>ignis</strong></span> <span class='ocrx_word' id='word_1_846' title='bbox 2505 5490 2702 5545; x_wconf 91' lang='lat' dir='ltr'><strong>cedros</strong></span> <span class='ocrx_word' id='word_1_847' title='bbox 2733 5489 2851 5559; x_wconf 87' lang='lat' dir='ltr'><strong>ejus</strong></span> <span class='ocrx_word' id='word_1_848' title='bbox 2871 5531 2887 5555; x_wconf 92' lang='lat'><strong>,</strong></span> <span class='ocrx_word' id='word_1_849' title='bbox 2920 5498 2982 5544; x_wconf 92' lang='lat' dir='ltr'><strong>ut</strong></span> <span class='ocrx_word' id='word_1_850' title='bbox 3002 5488 3088 5543; x_wconf 87' lang='lat' dir='ltr'><strong>vel</strong></span> <span class='ocrx_word' id='word_1_851' title='bbox 3120 5488 3373 5544; x_wconf 89' lang='lat' dir='ltr'><strong>incendio</strong></span> <span class='ocrx_word' id='word_1_852' title='bbox 3393 5496 3589 5544; x_wconf 86' lang='lat' dir='ltr'><strong>cuneta</strong></span> 
     </span>
    </p>
   </div>
   <div class='ocr_carea' id='block_1_105' title="bbox 1985 5582 3588 5654">
    <p class='ocr_par' dir='ltr' id='par_1_105' title="bbox 1985 5582 3588 5654">
     <span class='ocr_line' id='line_1_105' title="bbox 1985 5582 3588 5654; baseline 0 -17"><span class='ocrx_word' id='word_1_853' title='bbox 1985 5592 2271 5649; x_wconf 81' lang='lat' dir='ltr'><strong>vastentur</strong></span> <span class='ocrx_word' id='word_1_854' title='bbox 2288 5629 2302 5653; x_wconf 88' lang='lat'><strong>,</strong></span> <span class='ocrx_word' id='word_1_855' title='bbox 2327 5585 2411 5638; x_wconf 85' lang='lat' dir='ltr'><strong>vel</strong></span> <span class='ocrx_word' id='word_1_856' title='bbox 2429 5583 2615 5638; x_wconf 89' lang='lat' dir='ltr'><strong>hostili</strong></span> <span class='ocrx_word' id='word_1_857' title='bbox 2643 5583 2848 5654; x_wconf 87' lang='lat' dir='ltr'><strong>impetu</strong></span> <span class='ocrx_word' id='word_1_858' title='bbox 2872 5582 3042 5639; x_wconf 90' lang='lat' dir='ltr'><strong>duces</strong></span> <span class='ocrx_word' id='word_1_859' title='bbox 3069 5597 3131 5638; x_wconf 88' lang='lat' dir='ltr'><strong>ac</strong></span> <span class='ocrx_word' id='word_1_860' title='bbox 3153 5582 3428 5652; x_wconf 84' lang='lat' dir='ltr'><strong>principes</strong></span> <span class='ocrx_word' id='word_1_861' title='bbox 3455 5597 3588 5637; x_wconf 83' lang='lat' dir='ltr'><strong>con-</strong></span> 
     </span>
    </p>
   </div>
   <div class='ocr_carea' id='block_1_106' title="bbox 1985 5674 3590 5744">
    <p class='ocr_par' dir='ltr' id='par_1_106' title="bbox 1985 5674 3590 5744">
     <span class='ocr_line' id='line_1_106' title="bbox 1985 5674 3590 5744; baseline -0.001 -13"><span class='ocrx_word' id='word_1_862' title='bbox 1985 5688 2293 5732; x_wconf 89' lang='lat' dir='ltr'><strong>sumantur.</strong></span> <span class='ocrx_word' id='word_1_863' title='bbox 2319 5676 2542 5733; x_wconf 87' lang='lat' dir='ltr'><strong>Ululaut</strong></span> <span class='ocrx_word' id='word_1_864' title='bbox 2562 5677 2773 5731; x_wconf 80' lang='lat' dir='ltr'><strong>abietes</strong></span> <span class='ocrx_word' id='word_1_865' title='bbox 2794 5716 2809 5742; x_wconf 91' lang='lat'><strong>,</strong></span> <span class='ocrx_word' id='word_1_866' title='bbox 2833 5674 2959 5744; x_wconf 89' lang='lat' dir='ltr'><strong>quia</strong></span> <span class='ocrx_word' id='word_1_867' title='bbox 2990 5674 3186 5731; x_wconf 85' lang='lat' dir='ltr'><strong>cecidit</strong></span> <span class='ocrx_word' id='word_1_868' title='bbox 3213 5674 3416 5729; x_wconf 82' lang='lat' dir='ltr'><strong>cedrus</strong></span> <span class='ocrx_word' id='word_1_869' title='bbox 3441 5716 3455 5742; x_wconf 94' lang='lat'><strong>,</strong></span> <span class='ocrx_word' id='word_1_870' title='bbox 3480 5690 3590 5729; x_wconf 92' lang='lat' dir='ltr'><strong>mu-</strong></span> 
     </span>
    </p>
   </div>
   <div class='ocr_carea' id='block_1_107' title="bbox 1987 5764 3594 5839">
    <p class='ocr_par' dir='ltr' id='par_1_107' title="bbox 1987 5764 3594 5839">
     <span class='ocr_line' id='line_1_107' title="bbox 1987 5764 3594 5839; baseline -0.003 -15"><span class='ocrx_word' id='word_1_871' title='bbox 1987 5781 2079 5825; x_wconf 92' lang='lat' dir='ltr'><strong>tuo</strong></span> <span class='ocrx_word' id='word_1_872' title='bbox 2117 5769 2436 5825; x_wconf 86' lang='lat' dir='ltr'><strong>sacerdotes</strong></span> <span class='ocrx_word' id='word_1_873' title='bbox 2474 5778 2529 5824; x_wconf 91' lang='lat' dir='ltr'><strong>et</strong></span> <span class='ocrx_word' id='word_1_874' title='bbox 2575 5767 2855 5839; x_wconf 85' lang='lat' dir='ltr'><strong>principes</strong></span> <span class='ocrx_word' id='word_1_875' title='bbox 2885 5782 2982 5823; x_wconf 90' lang='lat' dir='ltr'><strong>sua</strong></span> <span class='ocrx_word' id='word_1_876' title='bbox 3024 5765 3376 5838; x_wconf 87' lang='lat' dir='ltr'><strong>populatione</strong></span> <span class='ocrx_word' id='word_1_877' title='bbox 3398 5764 3594 5835; x_wconf 86' lang='lat' dir='ltr'><strong>lugen-</strong></span> 
     </span>
    </p>
   </div>
   <div class='ocr_carea' id='block_1_108' title="bbox 1986 5860 3597 5939">
    <p class='ocr_par' dir='ltr' id='par_1_108' title="bbox 1986 5860 3597 5939">
     <span class='ocr_line' id='line_1_108' title="bbox 1986 5860 3597 5939; baseline -0.003 -20"><span class='ocrx_word' id='word_1_878' title='bbox 1986 5872 2092 5923; x_wconf 89' lang='lat' dir='ltr'><strong>tes.</strong></span> <span class='ocrx_word' id='word_1_879' title='bbox 2126 5862 2388 5939; x_wconf 83' lang='lat' dir='ltr'><strong>Quodque</strong></span> <span class='ocrx_word' id='word_1_880' title='bbox 2418 5861 2573 5934; x_wconf 89' lang='lat' dir='ltr'><strong>prius</strong></span> <span class='ocrx_word' id='word_1_881' title='bbox 2594 5861 2734 5933; x_wconf 82' lang='lat' dir='ltr'><strong>dixit</strong></span> <span class='ocrx_word' id='word_1_882' title='bbox 2751 5862 2991 5918; x_wconf 86' lang='lat' dir='ltr'><strong>obscure</strong></span> <span class='ocrx_word' id='word_1_883' title='bbox 3017 5903 3031 5930; x_wconf 91' lang='lat'><strong>,</strong></span> <span class='ocrx_word' id='word_1_884' title='bbox 3060 5876 3204 5917; x_wconf 88' lang='lat' dir='ltr'><strong>nunc</strong></span> <span class='ocrx_word' id='word_1_885' title='bbox 3235 5860 3389 5933; x_wconf 81' lang='lat' dir='ltr'><strong>ponit</strong></span> <span class='ocrx_word' id='word_1_886' title='bbox 3419 5860 3597 5939; x_wconf 79' lang='lat' dir='ltr'><strong>maui-</strong></span> 
     </span>
    </p>
   </div>
  </div>
