4056 6342
425 349 568 414 MM

1673 355 1728 412 Ξ.
1777 349 2042 411 El'Slillli
2087 349 2468 414 illi-fﬂthYill

3603 363 3626 420 l
3641 359 3741 420 3700

421 475 626 538 festitts
650 521 663 544 ,
716 477 965 549 quoniam
1009 471 1273 552 magniﬁci
1297 473 1478 552 uastati
1505 483 1645 532 sunt.
1690 469 1860 548 Cupio
1893 472 2033 528 scire
2064 475 2107 532 Α
2139 483 2300 545 atque
2329 473 2683 549 condensius)
2713 473 2791 534 sic
2810 473 3032 542 Jordaui
3063 475 3251 552 ﬂuvio,
3279 472 3373 550 qui
3396 478 3666 548 maximus
3687 481 3741 544 iu

428 587 552 641 quae
597 571 707 627 sint
738 569 889 630 cedri
936 567 1163 650 Libani,
1205 584 1327 639 qua:
1365 569 1667 625 combustae
1702 577 1830 626 sunt
1863 587 1874 624 :
1909 584 2030 642 qua}

2133 565 2319 622 Juda'a
2349 577 2462 636 est,
2489 567 2650 640 juxta
2700 585 2860 642 quem
2895 581 3180 640 morantur
3210 573 3433 644 leones,
3467 571 3740 632 fremitum

430 665 643 722 abietes
665 712 678 736 ,
705 665 900 737 quibus
931 663 1167 720 ululatus
1194 661 1459 720 indicitur
1491 685 1502 721 :
1532 680 1652 738 que
1679 663 1876 734 pinus,
1911 679 2031 736 quae
2128 658 2310 728 junxit
2356 661 2574 715 leonum
2607 671 2835 736 propter
2875 661 3130 730 ardorem
3161 665 3282 732 sitis
3306 705 3322 734 ,
3354 675 3411 721 et
3433 665 3505 720 ob
3531 665 3742 738 deserti

428 757 638 813 Corruit
663 777 674 812 :
704 757 967 838 magniﬁci
987 803 1000 827 ,
1027 753 1223 838 inquit,
1254 757 1438 820 vastati
1454 768 1591 811 sunt.
1612 753 1843 821 Uiuiate,
1871 770 2034 830 quer-

424 864 522 906 cus
553 849 758 918 Bazau,
806 845 860 918 id
905 858 1022 924 est,
1067 845 1410 920 confusionis
1431 857 1490 904 et
1516 848 1866 928 ignominiae,
1903 850 2030 924 quia

422 941 601 997 saltus
650 943 1055 1024 munitissimus,
1101 947 1126 980 α
1157 942 1248 1012 qui
1281 940 1550 1006 Ilebraice
1589 937 1792 1004 dicitur
1829 956 2028 1008 aeson,

624 1044 682 1090 et
721 1050 751 1090 a
793 1031 936 1110 LXX
963 1031 1256 1100 translatus
1294 1046 1412 1102 est,
1449 1051 1782 1116 nemorosus,
1815 1035 2030 1108 excisus

429 1115 546 1196 esi;
573 1131 697 1206 quia
732 1129 1026 1202 templum,
1063 1128 1206 1209 quod
1236 1127 1640 1200 inexpugnabili
1665 1115 1915 1204 creverat
1943 1129 2032 1184 lir-

432 1221 643 1298 mitate,
673 1231 727 1278 et
758 1238 786 1277 a
805 1219 1038 1284 diversis
1061 1219 1284 1292 regibus
1297 1223 1730 1296 ctpriucipibus,
1751 1239 1814 1278 ac
1840 1231 2026 1296 postea

427 1317 498 1370 ab
531 1315 746 1382 Ilerode
776 1327 1151 1378 constructum
1188 1327 1309 1382 est,
1351 1305 1603 1372 Romano
1648 1327 2022 1394 oppugnante,

431 1408 669 1464 deletum
700 1417 804 1486 est.
844 1409 998 1466 lluuc
1031 1409 1208 1470 locum
1231 1405 1452 1486 quidam
1484 1426 1590 1470 non
1623 1409 1990 1480 intelligentes
2011 1454 2026 1480 ,

433 1499 700 1558 Libanum
732 1511 786 1560 et
822 1501 1030 1558 abietes
1079 1513 1134 1558 et
1175 1501 1332 1580 pinos
1361 1511 1420 1558 et
1464 1519 1698 1578 quercus
1735 1503 1944 1571 Basan,
1975 1513 2031 1568 et

433 1591 635 1662 anitum
664 1611 1012 1666 nemorosum
1043 1595 1158 1652 sive
1181 1597 1447 1652 munitum
1467 1639 1482 1666 ,
1512 1593 1579 1652 ad
1608 1595 1911 1653 contrarias
1937 1614 2027 1662 re-

431 1687 614 1760 ferunt
649 1687 1032 1770 fortitudines,
1063 1685 1130 1747 de
1181 1692 1379 1764 quibus
1421 1702 1476 1750 et
1514 1693 1566 1760 in
1599 1691 1886 1764 Ezechiele
1926 1693 2029 1764 sub

431 1785 656 1850 nomine
701 1783 906 1852 Assur,
934 1793 989 1838 et
1016 1781 1314 1848 Pharaonis
1337 1786 1539 1852 dictum
1562 1787 1634 1840 sit
1664 1805 1676 1840 :
1705 1785 1836 1844 Ecce
1867 1784 2028 1851 Assur

2133 752 2384 810 viciniam
2415 764 2469 830 et
2497 753 2841 820 latitudinem
2883 765 3051 822 vasta}
3094 758 3440 828 solitudinis,
3483 769 3542 816 et
3578 777 3746 820 aruue

2135 846 2337 912 dineta,
2368 857 2422 916 et
2443 858 2683 918 carecta.
2722 849 2878 920 Unde
2915 861 2970 922 et
3015 867 3113 923 per
3142 853 3464 936 prOphetatp
3495 853 3698 934 dicitur
3726 872 3743 912 :

2133 939 2376 1022 Ascendit
2409 941 2487 998 leo
2509 943 2573 996 de
2591 940 2826 1014 Jordane,
2853 942 2989 1016 (εἷεν,
3015 961 3091 1020 ty,
3125 946 3424 1028 7),νρ18ιιε
3451 948 3748 1012 ostendero

2132 1032 2642 1102 Nabuchodonosor
2684 1051 2744 1096 se
2789 1037 3011 1106 sedibus
3041 1039 3156 1096 suis
3180 1086 3196 1110 ,
3227 1041 3380 1112 quasi
3422 1041 3640 1106 leonem
3671 1040 3746 1112 de

2133 1125 2298 1182 cubili
2331 1125 2515 1192 exisse
2556 1140 2748 1184 contra
2772 1131 3100 1192 Jerusalem.
3129 1117 3302 1200 Aliter
3331 1151 3344 1188 :
3384 1133 3498 1188 Vox
3527 1135 3745 1204 rugitus

2134 1219 2375 1294 leonum,
2398 1219 2655 1296 quoniam
2670 1233 2880 1292 vastata
2898 1233 2982 1292 est
3006 1227 3266 1296 superbia
3290 1226 3570 1290 Jordanis.
3601 1226 3744 1298 Vox,

2134 1313 2309 1388 inquit
2337 1355 2351 1380 .
2400 1315 2724 1388 optimatum
2752 1357 2766 1386 ,
2799 1317 2922 1387 quia
2952 1318 3214 1390 templum
3237 1319 3576 1388 destructum
3604 1327 3694 1384 est
3715 1357 3736 1388 .

2134 1406 2279 1464 unde
2307 1409 2604 1479 sperabant
2635 1425 2853 1482 semper
2875 1411 3140 1486 auxilium
3168 1455 3184 1480 ,
3211 1424 3268 1478 et
3296 1413 3441 1488 quod
3468 1414 3655 1488 justas
3685 1422 3742 1486 et

2134 1498 2428 1556 bellatores
2454 1517 2517 1556 ac
2549 1511 2804 1572 potentes
2829 1504 3106 1580 quondam
3139 1507 3415 1572 nutriebat
3447 1509 3662 1578 leones.

2208 1597 2389 1672 (Vers.
2422 1601 2476 1670 4,
2501 1599 2586 1668 5.)
2613 1597 2746 1670 Hac
2767 1600 2894 1666 dicit
2919 1601 3176 1666 Dominus
3195 1602 3338 1670 Deus
3365 1618 3544 1666 incus;
3569 1599 3740 1678 Pasce

2133 1707 2323 1765 pecora
2355 1693 2628 1758 occisionis
2653 1737 2667 1766 ,
2698 1710 2813 1770 gnta
2849 1695 2938 1764 qui
2968 1695 3302 1767 possederant
3327 1736 3342 1762 ,
3387 1694 3693 1762 occidebant
3719 1736 3738 1764 ,

2133 1796 2304 1854 etnon
2346 1786 2620 1856 dolebant,
2655 1787 3008 1854 elrandebaat
3033 1804 3097 1852 ea
3122 1787 3350 1858 direntes
3382 1785 3743 1856 ;Bencttistus

429 1889 701 1948 cypressus
718 1875 770 1930 in
793 1871 1028 1954 Libano,
1060 1887 1106 1934 et
1133 1877 1293 1946 bonus
1310 1880 1464 1934 ramis
1483 1922 1497 1945 ,
1524 1889 1571 1946 et
1601 1879 1888 1948 condensus
1920 1895 2030 1945 um-
2062 1857 2109 1922 Β
2136 1873 2391 1932 Dominus
2411 1921 2425 1948 ,
2462 1877 2642 1944 divites
2679 1879 2806 1954 facti
2833 1896 3013 1946 sumus
3040 1921 3052 1944 ,
3077 1888 3125 1940 et
3158 1888 3392 1954 pastores
3424 1895 3603 1950 eorum
3633 1896 3744 1938 non

399 2033 402 2035 _
433 1967 678 2042 brat-nlo,
712 1979 759 2024 et
787 1969 1016 2038 excdsus
1052 1971 1409 2042 magnitudine
1431 2013 1446 2042 ,
1473 1982 1519 2026 ct
1545 1971 1597 2034 in
1621 1972 1788 2026 medio
1816 1969 2030 2026 nubium

431 2061 626 2132 factum
655 2073 730 2134 est
753 2075 998 2132 cacumen
1029 2067 1139 2140 ejus
1169 2080 1187 2118 :
1213 2082 1349 2136 aqua
1378 2066 1591 2128 nutrivit
1631 2082 1744 2119 eum
1774 2083 1793 2120 :
1817 2066 2030 2136 abyssus

432 2153 678 2226 exultauit
705 2155 854 2226 illum
883 2153 1100 2230 (Ezech.
1140 2174 1302 2234 xxv,
1332 2160 1394 2227 5,
1443 2158 1503 2232 6)
1523 2201 1536 2226 ,
1568 2168 1622 2224 et
1651 2171 1880 2230 cauere,
1909 2175 2031 2232 qua:

435 2256 547 2324 tam
582 2247 650 2304 de
676 2244 880 2324 Assur,
917 2267 1078 2323 quam
1105 2251 1173 2314 de
1213 2251 1499 2320 Pharaone
1527 2251 1818 2324 dicuntur,
1849 2256 1931 2310 vel
1961 2255 2028 2320 ad

432 2339 738 2410 contrarias
771 2341 1120 2410 fortitudines
1141 2389 1156 2418 ,
1195 2343 1284 2412 vel
1309 2346 1374 2402 ad
1404 2347 1672 2426 superbos
1707 2365 1951 2420 quosque
1975 2359 2031 2414 et

435 2434 712 2510 principes
741 2433 847 2506 dici
889 2437 1258 2508 arbitrantur,
1296 2437 1362 2493 de
1393 2440 1591 2512 quibus
1623 2451 1678 2496 et
1717 2441 1769 2496 in
1811 2441 2031 2504 Psalmo

431 2525 664 2602 legimus
709 2545 723 2582 :
778 2523 890 2583 Vox
927 2524 1142 2586 Domini
1182 2529 1560 2606 confringentt‘s
1599 2533 1801 2600 cedros,
1835 2545 1882 2587 et
1908 2552 2031 2590 con-

433 2619 627 2694 fringet
669 2617 925 2676 Dominus
953 2623 1132 2677 cedros
1169 2620 1352 2677 Libani
1382 2621 1567 2698 (Psal.
1605 2641 1802 2694 χχι-ιιι,
1839 2628 1931 2696 5).
1969 2628 2034 2681 Et

430 2711 487 2766 in
510 2711 622 2780 alio
655 2712 776 2770 loco
807 2731 820 2768 :
855 2709 1000 2784 Dies,
1028 2713 1236 2778 Domini
1267 2717 1482 2778 sabaotlt
1503 2735 1658 2790 super
1679 2736 1876 2774 onmem
1908 2737 2035 2774 con-

430 2806 762 2870 tumeliosum
806 2815 852 2870 et
895 2810 1209 2882 superbum,
1251 2819 1300 2863 et
1344 2827 1501 2884 super
1540 2828 1738 2870 onmem
1774 2811 2033 2876 excelsum

433 2914 588 2975 atque
625 2902 896 2958 sublimem
929 2903 1083 2976 (Isai.
1120 2921 1229 2960 xxtt
1253 2947 1269 2975 ,
1318 2907 1416 2972 12,
1447 2907 1556 2977 15).
1593 2907 1660 2961 Ει
1690 2917 1810 2976 post
1841 2908 2034 2978 paulu-

433 2995 542 3050 lum
579 3013 592 3050 :
623 2991 690 3050 Et
723 3013 879 3067 super
923 3014 1122 3052 omnem
1139 2999 1347 3053 cedrum
1395 2997 1582 3053 Libani
1626 2999 2030 3072 excelsam(A|.

431 3087 776 3161 excelsorum]
798 3130 812 3152 ,
843 3098 889 3144 et
919 3105 1076 3162 super
1103 3107 1302 3145 onmem
1331 3091 1570 3156 arborem
1589 3105 1812 3162 εἶπαι-ειη
1829 3091 2026 3154 Busan.

434 3179 502 3234 Et
530 3180 598 3236 de
624 3179 726 3236 huc
753 3181 963 3237 Libano
989 3193 1242 3238 asserunt
1271 3183 1580 3254 prOpbetari
1606 3195 1622 3240 :
1647 3181 1888 3239 Libanus
1907 3201 2029 3241 cum

434 3273 675 3328 excelsis
704 3274 881 3329 cadet.
906 3273 1018 3330 Nos
1039 3286 1220 3331 autem
1256 3277 1490 3346 priorem
1522 3277 2028 3348 interpretationem
2056 3257 2104 3319 ο

435 3382 765 3437 sequamur,
811 3369 1114 3437 prtesertim
1161 3384 1283 3424 cum
1315 3380 1368 3424 et
1409 3383 1472 3425 ea
1519 3385 1639 3440 qua:
1681 3380 1985 3441 sequuntur
2013 3416 2028 3442 ,

440 3455 570 3513 huic
600 3458 788 3513 sensui
815 3469 1139 3530 ctmgruanl.
1829 3451 1832 3454 ’

507 3551 692 3623 (Vers.
723 3551 808 3624 5.)
855 3553 972 3609 Vox
993 3555 1227 3610 ululatus
1257 3563 1561 3627 pastorum,
1591 3557 1712 3629 quia
1741 3567 1938 3613 vastata
1960 3565 2033 3612 est

433 3646 819 3717 magniﬁcentia
843 3664 1021 3702 eorum
1046 3666 1062 3702 .·
1093 3666 1191 3704 roa:
1215 3652 1415 3722 rugitus
1441 3652 1665 3721 leonum,
1689 3653 1811 3723 quia
1834 3662 2035 3708 uastata

433 3748 508 3793 est
533 3739 775 3812 superbia
793 3738 1066 3796 Iordanis.
1090 3741 1234 3797 LXX
1257 3760 1270 3797 :
1304 3743 1418 3798 Vox
1438 3744 1721 3816 lugentium
1741 3755 2029 3818 pattorum,

436 3833 683 3905 quoniam
728 3835 917 3890 misera
961 3837 1101 3906 facta
1128 3848 1202 3891 est
1244 3840 1629 3911 magniﬁcentia
1671 3855 1870 3896 eorum.
1924 3839 2035 3895 Vos:

433 3929 750 3998 rugientinm
790 3927 998 3984 (canum
1018 3975 1032 3998 ,
1065 3932 1188 4003 quia
1217 3931 1433 4004 aﬂlictus
1463 3939 1535 3988 est
1571 3935 1803 4007 fremitus
1831 3931 2031 3998 Iorda-

435 4020 612 4076 donis.
664 4019 799 4076 Pars
843 4024 1143 4092 superioris
1165 4023 1420 4095 capituli,
1463 4038 1517 4088 et
1550 4027 1602 4082 in
1637 4029 1720 4084 Itis
1754 4029 2032 4094 versiculis

435 4111 764 4170 contlnetur.
797 4113 947 4184 Quos
971 4127 1257 4176 vocaverat
1275 4119 1502 4190 cedros,
1530 4121 1768 4198 abieles,
1801 4126 1957 4195 pinos
1979 4135 2035 4181 et

407 4198 673 4278 'quercus
698 4209 893 4276 Busan,
924 4217 979 4265 et
1004 4225 1284 4281 exponens
1304 4229 1424 4296 qum
1452 4225 1634 4278 essent
1663 4217 1779 4270 i.-t:c
1809 4217 2034 4274 arbores

436 4301 730 4368 intulerat,
779 4299 1008 4374 dicens:
1045 4303 1301 4373 Quoniam
1342 4305 1608 4379 magniﬁci
1653 4310 1842 4366 vastati
1871 4321 2030 4382 sunt,

436 4407 583 4452 nunc
614 4409 714 4467 per
743 4391 903 4452 aliam
929 4401 1228 4477 μεταφορὰν
1252 4395 1386 4466 dicit
1409 4415 1530 4456 esse
1559 4405 1825 4472 pastores,
1850 4402 1901 4466 id
1929 4414 2031 4474 est,

434 4485 709 4562 principes
735 4499 899 4560 atque
937 4491 1192 4549 doctores
1212 4537 1226 4560 ,
1260 4501 1315 4549 et
1343 4494 1431 4564 qui
1478 4493 1638 4567 primi
1669 4503 1826 4554 erant
1851 4497 1901 4554 in
1934 4481 2032 4568 po;

434 4583 596 4656 pulo,
629 4586 773 4655 quod
797 4585 926 4643 liere
953 4585 1190 4644 debeant
1209 4599 1264 4652 et
1285 4589 1498 4660 lugere,
1529 4591 1655 4661 quia
1685 4589 2033 4662 magniﬁcen-

427 4677 506 4730 tia
535 4689 722 4732 eorum
748 4683 803 4734 et
828 4677 1171 4748 pulchritudo
1195 4691 1248 4736 et
1275 4681 1443 4738 decus
1471 4691 1678 4740 vastata
1705 4683 1836 4750 sint,
1871 4695 2033 4754 atque

434 4777 756 4840 consumpta
793 4787 806 4825 :
840 4772 1100 4843 templum
1135 4771 1428 4846 videlicet,
1475 4775 1528 4836 in
1568 4793 1674 4847 quo
1704 4775 1802 4831 sibi
1833 4777 2033 4850 gloria-

434 4859 656 4916 bantur.
712 4859 780 4917 Et
805 4877 938 4932 uox,
989 4864 1193 4936 inquit,
1228 4869 1431 4939 rugitus
1461 4867 1704 4934 leonum,
1759 4885 1893 4940 quos
1939 4886 2033 4925 ex-

433 4953 613 5010 celsas
655 4953 912 5021 arbores,
960 4966 1014 5013 et
1046 4973 1265 5014 rursum
1313 4967 1590 5029 pastores,
1637 4959 1857 5018 eosdem
1891 4980 2032 5019 nunc

434 5049 623 5104 leones
652 5050 909 5121 appellat.
939 5049 1010 5116 Et
1034 5053 1160 5124 quia
1185 5051 1375 5110 leones
1402 5054 1838 5123 dixerat,servat
1863 5069 2031 5114 trans-

435 5140 727 5207 lationem,
762 5151 821 5196 ut
855 5141 1054 5200 inferat
1083 5161 1096 5200 :
1126 5146 1386 5214 Quoniam
1417 5159 1618 5205 vastata
1647 5159 1719 5205 est
1745 5148 1914 5229 884
1939 5169 2026 5205 su-

433 5235 608 5306 perbia
653 5233 900 5292 Iordanis
924 5281 940 5306 ,
989 5237 1103 5296 sive
1141 5239 1392 5297 fremitus
1423 5253 1476 5298 et
1515 5243 1724 5308 sonitus
1761 5261 1914 5316 aqua:
1939 5244 2032 5302 de-

433 5330 736 5398 currentis,
767 5331 859 5403 qui
889 5331 1159 5389 ilebraice
1192 5331 1396 5391 dicitur
1422 5353 1560 5394 cson
1595 5338 1776 5426 (pm).
1809 5331 1874 5394 Et
1899 5356 2034 5408 quo-

432 5425 596 5481 modo
628 5425 816 5501 templi
866 5425 1214 5487 altitudinem
1251 5431 1404 5502 juxta
1439 5433 1600 5490 situm
1625 5425 1799 5488 ten-:e
1827 5429 2033 5489 Iudaea:

431 5516 708 5577 altitudini
756 5521 946 5590 Libani
986 5525 1324 5597 comparavit
1370 5525 1528 5600 (nihil
1551 5511 1702 5590 enim
1735 5527 1945 5582 Libano
1977 5529 2029 5584 in

432 5621 576 5668 terra
607 5617 1053 5688 repromissionis
1095 5617 1368 5681 excelsius
1398 5631 1481 5677 est
1506 5664 1521 5689 ,
1557 5637 1655 5677 nec
1691 5621 2032 5684 nemorosius

513 5763 540 5828 ξ
581 5754 726 5816 Editi
757 5757 948 5828 legum
983 5769 1127 5822 sum
1167 5759 1377 5828 Bstsi'r,
1427 5761 1573 5816 unde
1617 5762 1918 5816 varisutem
1963 5776 2032 5817 ex

442 5825 675 5888 lteber
711 5825 1372 5903 εοιῧξζὶιῐιμβλςςιὶυηβιηζ
1405 5833 1648 5903 Legebat,
1677 5834 1862 5903 itaque
1903 5833 2034 5898 Hier-

442 5911 704 5959 ronrmus
751 5910 808 5953 ut
843 5895 1003 5957 hodie
1034 5895 1264 5974 legimus
1307 5895 1366 5958 in
1414 5895 1712 5975 exentplari
1761 5895 2032 5960 “assure?

2136 1969 2416 2034 parcebant
2466 1971 2559 2034 eis.
2613 1969 2759 2034 LXX
2805 1969 2984 2036 :1le
3026 1972 3154 2036 dicit
3205 1969 3465 2040 Dominus
3499 1973 3746 2043 omnino:

2135 2070 2244 2115 lens
2279 2079 2296 2116 :
2329 2059 2498 2116 Pasce
2538 2079 2651 2117 oves
2700 2065 2970 2128 occisionis
2996 2080 3015 2120 .'
3041 2081 3174 2136 quas
3217 2065 3307 2138 qui
3351 2065 3698 2146 possederunt
3723 2110 3740 2138 ,

2134 2153 2530 2222 ittler/iciebanl,
2564 2166 2613 2209 et
2642 2172 2746 2224 non
2768 2155 2986 2230 agebant
3013 2157 3397 2232 plenitentiam,
3427 2168 3478 2230 et
3505 2160 3596 2234 qui
3619 2176 3746 2226 cen-

2135 2243 2320 2308 debant
2345 2263 2455 2316 eas,
2494 2246 2737 2302 dicebant
2767 2264 2786 2304 .'
2815 2245 3130 2320 Benedictus
3153 2249 3410 2318 Dominus
3436 2293 3452 2318 .
3484 2260 3533 2310 et
3557 2251 3743 2322 divites

2134 2337 2263 2408 facti
2285 2356 2460 2396 smnus
2484 2381 2500 2412 ,
2533 2351 2580 2394 et
2609 2350 2845 2414 pastores
2866 2358 3046 2410 earum
3077 2340 3209 2412 nillil
3231 2343 3564 2416 patiebantur
3589 2362 3746 2414 super

2135 2432 2228 2487 eis.
2257 2429 2354 2488 Ubi
2388 2432 2842 2506 manifestissima
2866 2435 3150 2510 prophetia
3174 2447 3280 2508 est,
3303 2447 3358 2506 et
3389 2455 3488 2512 per
3517 2441 3748 2504 transis.

2137 2527 2338 2584 tionem
2367 2525 2608 2584 historia:
2652 2545 2819 2586 verus
2851 2515 2986 2598 ordo
3017 2541 3271 2600 narratur
3293 2573 3309 2598 ,
3347 2533 3629 2602 superﬂua
3658 2542 3750 2602 est

2136 2617 2455 2696 tropologia:
2484 2618 2894 2690 interpretatio,
2916 2632 2972 2676 ut
2999 2622 3138 2688 alios
3167 2623 3362 2692 bonos,
3394 2623 3534 2680 alios
3565 2624 3748 2690 malos

2135 2709 2378 2765 dicamus
2399 2728 2523 2768 esse
2553 2723 2822 2784 pastores,
2847 2724 2902 2770 et
2933 2714 3038 2770 hoc
3069 2722 3176 2782 tam
3208 2714 3275 2772 ad
3298 2725 3539 2780 veterem
3573 2732 3750 2786 popu-

2139 2801 2248 2856 lum
2276 2799 2507 2872 referri,
2534 2795 2784 2878 quamlad
2810 2821 3031 2876 novum,
3064 2807 3118 2862 id
3149 2816 3256 2876 est,
3291 2815 3397 2872 tam
3427 2809 3495 2872 ad
3523 2808 3749 2876 ludent)-

2139 2910 2255 2949 rutn
2289 2897 2605 2952 sacerdotes
2639 2906 2697 2953 et
2729 2891 3044 2969 principes,
3088 2916 3250 2972 qttam
3277 2901 3342 2956 ad
3373 2901 3665 2981 epiSt-Opos
3689 2911 3748 2958 et

2139 2991 2490 3062 presbyteros
2537 2992 3004 3061 Christianorum,
3038 3005 3093 3052 et
3128 2997 3458 3069 quicumque
3492 3007 3748 3068 pastores

2139 3084 2342 3148 fuerint
2371 3087 2745 3168 negligentes,
2770 3098 2824 3144 et
2845 3106 3010 3145 unum
3041 3090 3109 3146 de
3132 3091 3374 3146 minimis
3401 3091 3747 3147 scandaliza-

2139 3184 2350 3252 verint,
2402 3184 2551 3254 ipsos
2597 3195 2722 3242 esse
2762 3186 2851 3257 qui
2885 3187 3127 3242 nutriant
3173 3203 3370 3258 pecora
3401 3189 3700 3245 occisionis
3727 3231 3744 3260 ,

2137 3287 2191 3332 et
2221 3293 2328 3332 non
2360 3279 2636 3346 patiantur
2677 3293 2844 3348 super
2888 3280 2971 3335 eis
3008 3281 3304 3350 quidquam
3347 3295 3450 3336 nec
3479 3281 3742 3350 doleant,

2137 3384 2236 3425 nec
2267 3373 2479 3440 possint
2517 3372 2708 3430 dicere
2739 3389 2860 3427 cum
2901 3372 3172 3452 Apostolo
3201 3391 3222 3429 :
3256 3375 3383 3442 Quis
3411 3376 3749 3438 scandaliza-

2137 3469 2220 3516 tur
2240 3503 2255 3532 ,
2279 3471 2323 3517 et
2348 3479 2445 3536 ego
2471 3481 2573 3518 non
2597 3481 2719 3519 uror
2747 3463 2810 3537 (l.
2843 3459 2966 3520 Cor.
2992 3466 3112 3538 xl)?
3165 3476 3221 3522 et
3252 3463 3488 3534 vendant
3512 3468 3750 3546 populos

2137 3556 2240 3610 sibi
2269 3555 2539 3630 creditos,
2587 3556 2656 3614 de
2682 3557 2879 3628 quibus
2903 3558 3166 3632 scriptum
3199 3567 3321 3624 est:
3359 3555 3462 3638 Qui
3491 3557 3748 3630 deuorant

2137 3650 2392 3716 populum
2421 3666 2590 3704 meum
2627 3651 2758 3704 sicut
2784 3650 2952 3705 cibum
2993 3647 3142 3728 panis
3175 3649 3292 3724 (Ps.
3327 3666 3436 3730 ιιι,
3469 3646 3552 3720 5),
3581 3663 3636 3708 et
3663 3666 3741 3714 ex

2137 3742 2364 3808 aliorum
2403 3744 2672 3798 mortibus
2712 3739 2935 3798 divitias
2965 3753 3404 3822 consequantur,
3449 3739 3741 3814 laudantes

2137 3852 2231 3892 eos
2251 3878 2265 3901 ,
2302 3837 2394 3906 qui
2427 3836 2640 3907 praedas
2673 3843 2841 3906 agunt
2870 3833 2940 3890 de
2971 3835 3222 3916 miseris,
3259 3844 3314 3891 et
3345 3832 3544 3907 iniquis
3572 3835 3744 3906 bene-

2137 3927 2408 3984 tlicentes.
2459 3927 2586 3984 lltrc
2627 3925 2717 3983 alii
2766 3927 3198 4000 interpretentur
3244 3937 3304 3983 ut
3343 3927 3536 3990 volunt
3581 3946 3596 3996 _:
3642 3945 3746 3986 nos

2139 4032 2425 4079 teneamus
2467 4019 2878 4092 esplanatiouis
2925 4021 3178 4088 ordinem
3207 4036 3370 4094 quem
3411 4017 3748 4090 semelarri-

2135 4117 2371 4191 puimus.
2403 4115 2569 4190 885
2645 4113 2910 4183 Quoniam
2957 4126 3178 4188 apertus
3227 4123 3310 4171 est
3359 4111 3635 4182 Libanus,
3686 4124 3748 4180 et

2137 4211 2288 4266 cedri
2312 4211 2432 4280 ejus
2482 4219 2644 4280 atque
2692 4209 2902 4266 abietes
2948 4207 3166 4265 flamma
3203 4213 3399 4264 uteute
3440 4206 3744 4264 combusta:

2136 4314 2284 4372 sunt,
2319 4304 2664 4374 ululatusque
2697 4311 2976 4374 pastorum
3035 4301 3257 4358 auditus
3308 4312 3414 4382 est,
3445 4311 3500 4358 et
3531 4299 3744 4382 rugitus

2136 4398 2380 4467 leonmn,
2405 4397 2529 4469 quia
2553 4398 2731 4452 omnis
2753 4397 3105 4470 pulchritudo
3129 4407 3182 4453 et
3205 4397 3458 4478 superbia
3487 4395 3745 4453 Iordanis

2137 4499 2343 4545 vastata
2367 4498 2454 4547 est
2474 4501 2638 4560 atque
2665 4499 2987 4561 consumpta
3014 4507 3027 4544 :
3050 4483 3256 4546 idcirco
3276 4487 3393 4550 inec
3435 4489 3568 4548 mihi
3605 4489 3744 4546 dixit

2140 4582 2404 4639 Dominus
2437 4573 2581 4640 Deus
2636 4599 2792 4640 meus
2823 4602 2834 4638 :
2866 4587 2908 4639 υ
2953 4583 3220 4658 propheta
3266 4581 3555 4650 Zacharia,
3585 4583 3654 4641 ad
3689 4595 3744 4658 te

2140 4679 2241 4734 iste
2263 4693 2446 4734 sermo
2471 4673 2754 4732 confertur
2781 4695 2796 4733 :
2828 4675 2997 4742 Pasce
3039 4693 3261 4760 gregem
3291 4675 3610 4746 occisionis,
3634 4673 3742 4732 hoc

2137 4779 2241 4846 est,
2273 4771 2659 4827 nunciuterim
2713 4771 3006 4837 nutriatur,
3041 4780 3097 4827 et
3147 4777 3380 4848 crescat,
3431 4767 3523 4840 qui
3549 4779 3743 4844 postea

2136 4868 2205 4922 ab
2232 4863 2478 4922 hostibus
2533 4861 2869 4926 occidendus
2920 4873 3026 4932 est,
3057 4881 3193 4944 quas
3241 4880 3371 4924 oves
3402 4873 3460 4922 et
3512 4879 3735 4948 pecora,

2138 4959 2414 5032 principes
2453 4955 2852 5026 Romanorum,
2880 4953 2971 5036 qui
3019 4953 3371 5027 possidebant
3400 4971 3487 5026 ea,
3516 4968 3573 5020 et
3594 4951 3740 5010 obti-

2135 5055 2338 5114 nebant
2363 5053 2486 5124 jure
2513 5052 2780 5119 victoriae,
2813 5047 3240 5120 iutcriicicbant,
3273 5057 3332 5104 et
3373 5065 3480 5104 non
3509 5049 3742 5104 misere-

2131 5150 2352 5212 bantur,
2378 5147 2494 5202 sive
2522 5141 2902 5214 immolabant,
2927 5152 3110 5210 etnon
3130 5142 3441 5199 sentiebant
3468 5139 3738 5212 dolorem,

2135 5244 2188 5300 id
2221 5253 2324 5314 est,
2359 5239 2494 5298 nihil
2528 5240 2654 5296 mali
2702 5255 2798 5310 pro
2831 5248 2980 5294 tanta
3005 5235 3338 5302 crudelitate
3365 5233 3736 5316 patiebantur,

2134 5346 2191 5393 et
2217 5333 2524 5398 vendebant
2555 5345 2616 5388 ea
2646 5345 2768 5404 quae
2801 5347 2909 5386 non
2959 5341 3182 5404 propter
3227 5327 3596 5400 clementiam,
3639 5323 3738 5398 sed

2136 5440 2360 5505 prepter
2388 5425 2618 5500 pretium
2664 5423 3041 5490 reservabant.
3079 5419 3353 5496 Legamus
3400 5431 3616 5488 veteres
3655 5415 3739 5484 bi-

2132 5523 2350 5590 storias,
2383 5531 2435 5575 et
2465 5513 2786 5574 traditiones
2813 5513 3189 5592 plangentium
3231 5509 3567 5586 Judaaorunt,
3591 5505 3736 5582 quod

2136 5619 2189 5675 in
2215 5611 2566 5688 tabernaculo
2602 5609 2835 5668 Abraha:
2888 5604 3003 5686 (ubi
3037 5623 3182 5676 nunc
3217 5621 3319 5694 per
3346 5620 3522 5676 annos
3546 5601 3736 5682 singu-

2140 5758 2287 5814 tbico
2311 5766 2457 5818 1w;
2499 5756 2619 5810 sire
2664 5751 2884 5816 Pateor,
2935 5764 3046 5808 non
3101 5748 3280 5806 Rat-ir
3319 5761 3389 5803 ex
3414 5745 3738 5803 considam

2141 5828 2595 5901 castigationibus
2609 5826 2770 5892 ﬁeri,
2803 5833 2861 5886 et
2881 5821 3058 5892 lictiv.
3089 5822 3271 5890 κλμ.
