4056 6342
395 219 542 286 1503

1629 232 1690 288 S.
1730 233 2002 292 EUSEBII
2041 233 2424 292 IIIERONYMI

3557 223 3704 285 {501

393 323 620 412 sumpsit
643 343 846 416 virgas,
881 343 996 402 sive
1041 343 1178 404 duas
1209 347 1489 412 σκυτάλας,
1519 347 1570 404 id
1603 359 1711 416 est,
1747 351 1988 416 buculos,
2021 353 2068 412 A
2099 353 2385 422 nullusque
2418 363 2618 408 terram
2673 346 3124 422 repromissionis
3161 333 3434 402 introeat.
3463 343 3696 414 Quidam

393 435 484 504 qui
517 435 782 492 llebraice
827 437 1082 494 dicuntur
1107 455 1396 496 ιίΑεΛιοτιι
1445 425 1696 528 (Nupta).
1746 443 1994 516 888m

395 529 632 600 pastoris
657 529 902 586 habitum
929 531 1346 591 demonstraret.
1379 533 1550 592 Unam
1597 537 1800 608 virgam
1837 553 1994 592 voca-

393 621 478 676 vit
503 621 782 692 decorem,
839 623 940 678 hoc
967 633 1071 694 est,
1107 625 1208 680 sub
1235 625 1350 680 Noe
1387 643 1550 683 omne
1589 629 1868 683 hominum
1897 645 1996 700 ge-

393 728 498 769 nus
541 729 636 768 sua
691 715 1069 773 benedictione
1119 721 1397 788 protexit:
1431 723 1646 792 quando
1697 723 1994 780 instaurato

397 807 627 874 mundo,
655 811 882 864 necdum
917 819 1136 880 peccata
1181 813 1528 870 sorduerant.
1565 817 1632 872 Et
1669 817 1874 872 idcirco
1899 833 1994 872 vo-

399 899 542 956 catio
591 913 908 958 cunctarum
939 905 1182 974 gentium
1215 909 1518 980 appellatur
1562 909 1758 966 decora
1789 919 1846 966 et
1873 911 1993 980 pul-

397 991 550 1062 chra,
583 995 709 1064 quia
735 995 872 1052 nihil
913 997 1116 1068 justius
1161 1009 1264 1064 est,
1303 1017 1462 1072 quam
1511 1003 1874 1060 universitatis
1899 1019 1996 1076 pa-

397 1095 608 1142 rentem
639 1105 836 1146 vocare
861 1107 1052 1148 omnes
1081 1095 1382 1166 :equalitcr,
1413 1113 1550 1168 quos
1581 1099 1776 1170 aequali
1805 1101 1996 1154 condi-

399 1179 548 1236 tione
571 1185 954 1252 generavit.Et
975 1187 1200 1242 alteram
1225 1189 1720 1246 vocavitfuniculos
1743 1193 1995 1264 ;quando

399 1273 544 1328 enim
585 1275 860 1332 dividebat
899 1277 1212 1336 Altissimus
1266 1295 1472 1350 gentes,
1505 1293 1560 1339 et
1605 1285 1998 1342 disseminabat

401 1367 544 1426 ﬁlios
565 1369 760 1440 Adam,
793 1375 986 1430 statuit
1015 1377 1280 1433 terminos
1325 1381 1588 1450 gentium,
1617 1381 1770 1450 juxta
1803 1399 1992 1438 nume-

401 1475 524 1516 rum
549 1464 866 1533 angelorum
901 1465 992 1521 Dei
1019 1467 1197 1538 (Deut.
1247 1471 1444 1540 xxx").
1475 1473 1540 1526 Et
1581 1471 1718 1528 facta
1759 1483 1842 1528 est
1871 1491 1998 1544 pars

401 1551 621 1610 Domini
665 1559 894 1626 populus
919 1559 1038 1630 eius
1079 1560 1286 1630 Jacob;
1338 1563 1610 1622 funiculus
1661 1567 1998 1624 brereditatis

405 1647 526 1716 ejus
575 1649 762 1706 Israel.
819 1651 885 1708 Et
925 1655 1066 1724 pavi,
1117 1657 1308 1726 inquit.
1339 1673 1556 1728 gregem
1607 1677 1620 1714 :
1661 1663 1778 1717 sive
1819 1663 1996 1732 ipsum

2097 445 2231 500 duas
2279 446 2597 500 vocationes-
2639 443 2953 500 Judmornm
3003 451 3060 498 et
3110 441 3378 514 gentium,
3421 439 3476 494 in
3521 440 3700 508 primo

2097 539 2283 606 Israel,
2305 553 2360 594 et
2387 541 2690 594 novissimo
2721 539 3046 592 intellexere
3071 537 3288 590 nomine
3321 531 3696 588 Christianos.

2099 633 2202 690 Sed
2229 633 2504 702 quomodo
2529 635 2744 688 vooatio
2773 632 3078 687 Christiana
3138 639 3263 686 ante
3319 627 3560 698 projecta
3603 629 3695 692 sit,

2096 735 2151 780 ct
2177 723 2348 780 ,ἰυάωὶ
2387 727 2750 780 remanserint
2789 735 2846 780 et
2889 724 3030 796 pasti
3059 725 3166 780 sint
3193 739 3225 778 a
3267 721 3398 778 Deo.
3423 735 3533 774 non
3563 718 3704 775 satis

2097 817 2471 872 altenderunt.
2951 817 2962 826 ’

2169 907 2352 980 (Vers.
2389 909 2474 978 10,
2509 909 2635 982 Η.)
2681 909 2750 964 Et
2783 909 2879 964 tuli
2909 911 3110 980 uirgam
3141 925 3308 962 meam
3337 925 3454 980 quin
3483 906 3710 962 vocaba-

2097 1011 2185 1056 tur
2209 1003 2386 1070 decus,
2415 1015 2464 1058 et
2503 1005 2700 1058 abscidi
2752 1021 2868 1058 eam
2921 1015 2977 1058 ut
3027 1003 3238 1058 irritum
3275 1004 3502 1074 facerem
3529 1001 3708 1076 [tedas

2097 1111 2264 1148 meum
2294 1096 2432 1163 quod
2459 1097 2688 1164 percussi
2729 1113 2842 1150 cum
2883 1097 3118 1151 omnibus
3147 1096 3378 1168 pupulis.
3407 1093 3474 1150 Et
3501 1096 3554 1148 in
3583 1095 3710 1148 irri-

2099 1197 2206 1242 tum
2237 1189 2516 1242 dedurtum
2543 1197 2618 1242 est
2655 1189 2706 1242 in
2735 1189 2818 1242 die
2843 1187 2959 1254 illa,
2987 1199 3036 1242 et
3085 1197 3436 1258 cognoverunt
3461 1189 3540 1240 sic
3567 1203 3710 1256 pau-

2099 1297 2244 1352 peres
2261 1283 2452 1354 gregis,
2481 1283 2574 1352 qui
2591 1283 2894 1336 custodiunt
2921 1281 3068 1348 mihi,
3095 1283 3218 1351 quia
3249 1281 3462 1335 verbum
3489 1277 3714 1334 Domini

2099 1383 2192 1430 est.
2223 1373 2364 1428 LXX
2399 1393 2410 1428 :
2441 1372 2510 1427 Et
2539 1391 2804 1428 assumant
2835 1375 3036 1446 uirgam
3065 1373 3094 1414 δ
3127 1391 3296 1428 meam
3325 1373 3626 1446 pulchram,
3659 1379 3708 1425 et

2103 1467 2376 1539 projiciam
2423 1483 2556 1532 eam,
2587 1477 2644 1522 ut
2671 1467 2921 1538 dissipent
2953 1475 3320 1522 testamentum
3356 1483 3525 1522 meum
3570 1465 3712 1536 quod

2103 1563 2336 1634 disposui
2357 1563 2426 1614 ad
2451 1579 2626 1616 omnes
2657 1563 2904 1634 papulas,
2940 1569 2989 1616 et
3027 1563 3373 1634 dissipabitur
3403 1561 3456 1613 in
3479 1559 3566 1614 die
3587 1557 3708 1626 illa,

2103 1665 2150 1710 et
2177 1665 2482 1726 cognoscent
2511 1655 2794 1710 Chananazi
2835 1671 2973 1720 oves,
3005 1671 3122 1726 qua:
3150 1653 3522 1708 custodiuntur
3557 1651 3708 1717 mihi,

405 1739 690 1805 lsraelem.
723 1743 844 1800 sive
891 1759 1016 1800 cum
1067 1745 1268 1804 Israele
1297 1765 1458 1806 omne
1489 1751 1768 1808 hominum
1799 1771 1992 1825 genus.
2029 1753 2072 1812 Β
2099 1749 2224 1820 quia
2251 1748 2460 1802 verbum
2493 1747 2704 1800 Domini
2723 1757 2818 1802 est.
2845 1747 2976 1802 PoSt
3001 1745 3353 1801 vocationem
3387 1742 3632 1804 Israelis,
3657 1749 3716 1796 et

407 1835 478 1892 Et
504 1837 732 1901 succidi.
759 1840 952 1909 inquit,
979 1849 1090 1896 tres
1121 1851 1366 1912 pastores
1397 1845 1448 1900 in
1493 1861 1603 1901 uno
1635 1863 1842 1902 mense.
1873 1849 2000 1920 Legi

411 1927 464 1982 in
487 1928 770 2000 cujusdam
801 1931 1262 1990 Commentariis:
1313 1937 1567 1994 Pastores
1619 1939 1832 1995 Domini
1865 1941 2006 1996 indi-

407 2025 666 2093 gnatione
701 2023 967 2092 succisos,
1011 2027 1064 2082 in
1087 2030 1465 2086 sacerdotibus
1515 2043 1568 2086 et
1597 2033 1746 2088 falsis
1781 2037 2008 2104 prophe-

411 2114 484 2170 tis
505 2125 562 2172 et
577 2119 798 2190 regibus
821 2121 1046 2192 intelligi
1077 2123 1389 2182 Juda‘orum
1417 2145 1430 2192 ;
1465 2129 1606 2198 quod
1647 2139 1772 2200 post
1797 2133 2006 2201 passio-

413 2225 538 2268 nem
565 2210 794 2278 Christi,
839 2233 950 2271 uno
988 2219 1172 2274 omnia
1219 2223 1426 2276 succisa
1478 2223 1588 2278 sint
1641 2235 1910 2294 tempore,
1939 2227 2008 2282 de

409 2307 606 2376 quibus
637 2309 876 2380 loquitur
902 2311 1170 2370 Jeremias
1203 2333 1216 2368 :
1249 2315 1560 2372 Sacerdotes
1585 2335 1688 2372 non
1721 2321 1960 2374 dixerunt
1986 2337 2006 2378 :

419 2397 522 2454 Ubi
547 2409 622 2454 est
649 2399 922 2458 Dominus.
973 2403 1228 2462 Tenentes
1271 2409 1430 2482 legem
1479 2426 1664 2476 meam,
1714 2413 2008 2466 nescierunt

411 2509 514 2547 me.
537 2489 608 2546 Et
629 2505 863 2566 pastores
895 2499 1222 2566 prceuaricati
1251 2509 1374 2554 sunt
1429 2501 1482 2556 in
1515 2519 1614 2565 me,
1657 2511 1706 2556 et
1745 2505 2010 2574 prapltette

413 2583 790 2656 prapltetabant
811 2587 866 2640 in
887 2585 1044 2656 Baal,
1075 2597 1122 2644 et
1147 2589 1292 2644 idola
1317 2593 1478 2646 secuti
1517 2601 1638 2646 sunt
1667 2593 1808 2664 (Jcr.
1835 2611 1896 2662 tl,
1923 2597 2004 2662 8).

416 2675 528 2732 Nec
573 2677 674 2734 hac
727 2681 1112 2748 explanatione
1165 2695 1475 2752 contentus,
1537 2699 1651 2744 tres
1681 2697 1930 2758 pastores
1957 2691 2008 2746 in

417 2783 529 2824 uno
557 2785 746 2826 mense
795 2775 1063 2840 succisos,
1091 2791 1190 2832 eos
1219 2777 1334 2832 vult
1361 2779 1552 2849 accipi,
1587 2783 1676 2852 qui
1711 2781 1764 2836 in
1791 2781 2008 2838 Patrem

417 2869 474 2917 et
503 2861 700 2918 Filium
729 2873 786 2920 et
811 2865 1076 2936 Spiritum
1105 2879 1356 2926 sanctum
1389 2883 1790 2942 peccaverunt;
1820 2890 2012 2932 omnes

419 2953 566 3012 enim
597 2955 908 3028 haereticos,
939 2970 1032 3016 aut
1079 2961 1134 3016 in
1163 2979 1350 3030 unam,
1391 2973 1486 3020 aut
1527 2967 1580 3021 iu
1623 2967 1777 3032 duas,
1837 2979 1928 3024 ant
1959 2971 2012 3025 in

419 3055 532 3104 tres
555 3049 718 3104 simul
749 3065 975 3122 peccare
1013 3069 1297 3124 personas.
1360 3057 1566 3114 Dixerit
1597 3059 1690 3116 ille
1735 3061 1880 3132 quod
1913 3079 2005 3116 vo-

419 3140 542 3208 luit,
574 3157 752 3214 neque
781 3147 926 3200 enim
975 3147 1202 3204 alterius
1243 3153 1428 3206 sensui
1459 3153 1858 3210 detrahendum
1905 3165 2010 3212 est.

420 3233 590 3292 Nobis
623 3247 734 3294 tres
759 3247 1010 3310 pastores
1053 3243 1142 3312 qui
1171 3243 1224 3298 in
1255 3261 1366 3300 uno
1415 3263 1603 3303 mense
1641 3251 1838 3304 succisi
1865 3261 2014 3318 sunt,

423 3325 646 3400 Moyses
695 3331 934 3400 videtur,
967 3341 1022 3389 et
1069 3337 1271 3406 Aaron,
1323 3347 1382 3394 et
1438 3339 1600 3394 Maria
1660 3341 2014 3414 (Num.20);

423 3435 652 3492 quorum
685 3423 850 3480 Maria
899 3427 952 3480 in
999 3443 1187 3484 mense
1219 3431 1414 3500 primo,
1449 3435 1556 3504 qui,
1587 3447 1811 3492 vocatur
1859 3453 2018 3492 unus

427 3515 610 3602 (tota),
639 3529 856 3576 mortua
883 3529 968 3576 est
1019 3521 1072 3578 in
1105 3523 1324 3582 deserto
1369 3529 1488 3598 Sin,
1513 3539 1564 3586 et
1593 3531 1644 3586 in
1679 3533 1868 3588 eodem
1901 3537 2021 3591 loco

427 3619 654 3676 promer
682 3625 880 3680 aquam
933 3617 1404 3686 contradictionis,
1457 3622 1757 3694 eodemque
1807 3643 2016 3696 mense,

426 3699 642 3774 Moyses
661 3715 718 3760 et
745 3703 926 3762 Aaron
949 3709 1298 3766 condemnati
1323 3723 1470 3782 sunt,
1503 3731 1569 3770 ne
1605 3723 1809 3774 terram
1837 3737 2024 3789 repro-

427 3793 706 3852 missionis
729 3801 1022 3856 intrarent.
1057 3807 1230 3874 Atque
1259 3805 1330 3860 ita
1363 3807 1560 3864 factum
1579 3821 1684 3878 cst,
1711 3821 1768 3867 ut
1795 3829 1827 3869 e
1850 3815 2022 3870 tribus

427 3889 758 3958 pastoribus,
813 3893 916 3948 alia
965 3901 1218 3964 prtesenti
1257 3909 1432 3956 morte
1478 3903 1874 3972 succideretur,
1930 3909 2022 3962 alii

427 3986 698 4040 sententia
731 3987 922 4042 mortis
971 3989 1184 4047 l'uturte.
1237 3993 1306 4048 Et
1332 4007 1613 4052 contracta
1659 4009 1766 4064 est,
1825 4001 2020 4071 inquit,

428 4075 610 4130 anima
643 4093 762 4134 mea
786 4095 954 4150 super
979 4097 1076 4138 eos
1111 4101 1122 4138 :
1161 4085 1412 4144 videlicet
1451 4103 1614 4160 super
1635 4099 1745 4147 tres
1769 4099 2023 4162 pastores

429 4185 568 4240 quos
597 4187 1008 4244 pra'posucram
1035 4179 1186 4250 gregi
1213 4183 1504 4252 meo.Quia
1535 4185 1820 4240 etillorum
1845 4187 2022 4242 anima

429 4265 662 4322 variavit
683 4267 736 4322 in
765 4283 874 4334 me,
893 4287 996 4324 non
1021 4273 1618 4344 enimgloriticaverunt
1645 4277 1815 4349 889
1843 4295 1928 4333 me
1957 4279 2022 4332 ad

429 4373 626 4428 aquam
657 4363 1128 4420 contradiCtionis.
1153 4365 1210 4422 Si
1233 4379 1414 4424 autem
1439 4369 1502 4424 ad
1533 4373 1786 4439 pepulum
1833 4371 2026 4426 rcferi-

431 4469 586 4518 mus,
630 4457 773 4526 quod
831 4457 1012 4512 anima
1073 4461 1258 4530 populi
1291 4461 1580 4516 variaverit
1611 4463 1662 4516 in
1695 4463 1896 4528 Deum,
1943 4465 2024 4520 sic

431 4551 818 4620 exponendum
849 4561 936 4608 est
965 4569 980 4608 :
1010 4553 1218 4610 Idcirco
1260 4555 1341 4610 eis
1369 4555 1676 4630 indignatus
1725 4573 1868 4624 sum,
1897 4559 2020 4628 quia

431 4653 489 4700 et
513 4645 616 4716 ipsi
663 4645 812 4702 inter
851 4663 938 4703 me
965 4657 1020 4702 ct
1047 4647 1192 4704 idola
1249 4647 1594 4717 ﬁuctuantes,
1627 4651 1790 4706 variis
1833 4661 2024 4706 contra

432 4753 522 4792 me
547 4749 924 4810 pugnaverunt
951 4740 1144 4796 modis.
1175 4739 1544 4810 Quamobrem
1573 4742 1884 4810 indignatus
1915 4741 2028 4797 dixi

433 4831 500 4888 ad
523 4831 744 4904 Moysen
779 4847 796 4888 :
825 4841 852 4870 ἰ
877 4831 1000 4886 Non
1059 4849 1272 4900 pascam
1315 4851 1403 4888 vos
1429 4851 1448 4890 :
1475 4835 1678 4890 dimitte
1709 4853 1810 4896 me,
1839 4845 1886 4890 et
1913 4836 2026 4889 dis-

431 4923 646 4998 perdam
672 4941 762 4980 eos
805 4923 1004 4996 (Exod.
1033 4941 1208 4988 χχχιι,
1247 4925 1360 4998 10).
1389 4927 1616 4996 Quando
1657 4935 1836 4982 autem
1869 4927 2016 4992 dicit,

432 5029 556 5072 cum
587 5017 860 5084 irascitur,
881 5015 1096 5070 Dimitte
1119 5033 1216 5082 me,
1249 5027 1512 5088 provocat
1529 5019 1596 5074 ad
1623 5019 1948 5090 rogandum,
1975 5029 2031 5074 et

433 5109 676 5168 ostendit
701 5125 762 5166 se
789 5109 860 5164 ab
887 5123 954 5166 eo
983 5125 1148 5182 posse
1191 5112 1436 5167 retineri.
1481 5111 1638 5180 Quod
1675 5113 1928 5176 nttll'iltlr,
1951 5113 2030 5166 in-

435 5205 574 5278 quit,
599 5206 886 5274 moriatur,
916 5215 972 5262 et
997 5207 1142 5279 quod
1187 5208 1484 5264 succiditur
1523 5209 1871 5276 succidatur;
1905 5225 2032 5266 om-

437 5301 586 5356 nium
605 5315 838 5369 corpora
869 5311 1032 5356 ruant
1053 5301 1108 5356 in
1129 5301 1442 5366 solitudine,
1470 5312 1524 5358 et
1551 5303 1693 5358 versi
1725 5303 1778 5357 in
1809 5301 2032 5358 seditio-

435 5411 588 5464 nem,
619 5395 794 5452 instar
841 5395 1138 5453 bestiarum
1165 5397 1369 5452 mutuis
1405 5397 1716 5452 lacerentur
1737 5397 2032 5464 morsibus,

505 5569 530 5596 ³·
567 5559 692 5614 Haec
729 5557 918 5624 verba,
949 5558 1126 5626 inquit
1171 5557 1468 5626 Victorius,
1517 5575 1618 5612 non
1665 5575 1876 5630 pascam
1913 5573 2024 5622 vos,

425 5651 456 5691 ε
503 5641 562 5688 nt
589 5631 644 5684 in
672 5631 930 5686 Zacltaria
973 5631 1100 5686 hic:
1135 5639 1416 5700 tamquam
1465 5629 1756 5686 autemnd
1807 5629 2030 5700 Moysen

425 5705 528 5764 illa
567 5701 708 5758 dicta
757 5703 890 5768 sint,
931 5702 1154 5758 Hieron.
1201 5699 1634 5772 interpretatur:
1677 5704 1820 5756 sicut
1873 5699 2032 5754 lsaite

469 5772 602 5831 orba
631 5789 646 5828 :
679 5775 724 5828 si
753 5775 1046 5838 audieritis,
1070 5789 1186 5844 qua:
1215 5773 1350 5829 bona
1377 5783 1516 5840 sunt,
1553 5783 1704 5828 terra:
1729 5773 2028 5840 comedetis,

2109 1843 2543 1910 assumptionem
2581 1841 2750 1912 virga:
2779 1839 3054 1908 secundm,
3087 1853 3209 1910 quae
3237 1837 3538 1892 vocabatur
3563 1835 3714 1889 Iuni-

2107 1935 2282 2000 culus,
2323 1935 2444 1990 tulit
2483 1935 2744 1990 Dominus
2785 1936 2990 2004 virgam
3035 1931 3268 2000 primam
3293 1975 3308 1998 ,
3349 1931 3516 1984 totius
3561 1927 3716 1984 orbis

2109 2031 2380 2098 nationes,
2407 2045 2530 2100 quae
2575 2029 2878 2084 vocabatur
2917 2029 3138 2093 decora,
3173 2035 3228 2082 et
3263 2025 3502 2080 abscidit
3539 2037 3634 2079 eas
3683 2038 3712 2076 a

2109 2123 2262 2178 cultu
2293 2139 2416 2190 suo,
2445 2123 2572 2194 quia
2609 2133 2890 2178 venerata:
2921 2129 3052 2176 sunt
3097 2120 3264 2184 idola,
3295 2129 3348 2174 et
3391 2133 3586 2174 omnes
3617 2117 3716 2172 de-

2109 2217 2480 2283 clinaverunt,
2513 2215 2678 2270 simul
2709 2215 2932 2270 inutiles
2963 2215 3092 2270 facti
3125 2221 3254 2268 sunt
3287 2211 3405 2284 (Ps.
3437 2209 3716 2281 xut).Ma-

2109 2309 2468 2380 niiestiusque
2497 2323 2778 2378 exponens
2796 2323 2918 2380 quae
2949 2315 3098 2363 esset
3129 2305 3248 2362 haec
3277 2303 3454 2375 virga,
3483 2301 3672 2356 intulit
3698 2317 3712 2355 :

2115 2403 2184 2458 Ut
2211 2404 2414 2458 irritant
2453 2403 2674 2474 facerem
2720 2401 2890 2471 {tedas
2941 2415 3110 2454 meum
3159 2399 3300 2470 quod
3339 2395 3571 2466 percussi
3595 2409 3718 2448 cum

2111 2499 2348 2551 omnibus
2387 2495 2600 2568 populis
2631 2511 2646 2550 :
2679 2495 2872 2550 Statim
2903 2493 3048 2550 enim
3085 2501 3143 2547 ut
3175 2489 3348 2548 Israel
3395 2497 3718 2557 assumptus

2111 2599 2218 2658 est,
2247 2589 2488 2662 gentium
2523 2589 2681 2644 turba
2709 2587 2949 2659 projects
2984 2595 3070 2640 est
3113 2603 3126 2638 :
3157 2595 3212 2638 et
3245 2593 3302 2638 ut
3331 2593 3460 2638 nata
3487 2591 3574 2636 est
3603 2579 3716 2634 ﬁlia

2113 2679 2568 2754 Archisyuagogi,
2593 2695 2716 2751 quae
2759 2689 2947 2748 postea
2977 2677 3032 2732 in
3067 2674 3386 2746 Evangelia,
3421 2689 3546 2728 cum
3575 2671 3718 2726 duo-

2115 2777 2292 2834 decim
2307 2785 2456 2832 esset
2481 2791 2776 2840 annorum,
2792 2783 3064 2844 aegrotare
3091 2777 3371 2826 etmortua
3385 2781 3506 2822 esse
3527 2779 3722 2821 narra-

2115 2883 2225 2938 tur,
2249 2871 2608 2946 αἰμορῥοοῦσα
2637 2867 3146 2938 cmpitssnguinem
3171 2863 3368 2928 ﬂuere,
3387 2867 3442 2916 et
3455 2867 3722 2930 perpetua

2115 2967 2430 3022 inﬁrmitate
2457 2963 2694 3020 cruciari
2727 2961 2920 3036 (Marc.
2951 2977 3020 3026 v;
3055 2957 3246 3013 Matth.
3281 2955 3382 3026 lx).
3409 2955 3474 3010 Et
3513 2955 3568 3008 in
3597 2953 3724 3008 irri-

2117 3071 2254 3126 tum,
2281 3061 2376 3124 ait,
2403 3059 2696 3114 deductum
2731 3065 2814 3112 est
2841 3055 3017 3112 ftedus
3049 3069 3228 3108 meum
3261 3051 3404 3122 quod
3433 3065 3558 3103 cum
3597 3063 3724 3102 om-

2119 3157 2281 3212 nibus
2325 3155 2492 3226 890
2529 3153 2755 3208 inieram
2807 3149 3144 3206 nationibus.
3197 3147 3266 3202 Et
3331 3145 3728 3200 intellexerunt.

2121 3267 2392 3322 pauperes
2435 3250 2636 3322 gregis,
2689 3249 2742 3304 id
2792 3257 2896 3316 est,
2947 3245 3184 3316 populus
3231 3241 3400 3298 Israel
3451 3241 3544 3312 qui
3595 3255 3728 3296 mea

2121 3345 2376 3400 mandata
2423 3341 2682 3408 custodit,
2711 3341 2836 3412 quia
2885 3339 3112 3394 verbum
3147 3335 3358 3390 Dmnini
3387 3341 3494 3400 est,
3525 3332 3578 3387 id
3611 3341 3724 3398 est,

2119 3439 2416 3496 voluntatis
2446 3449 2530 3494 est
2569 3435 2786 3492 Domini
2829 3435 3066 3504 abjicere
3107 3441 3304 3502 gentes
3345 3437 3630 3498 negantes,
3670 3433 3731 3482 et

2123 3533 2178 3588 in
2231 3531 2502 3586 Abraham
2545 3527 2712 3584 Israel
2759 3541 3044 3584 assumere
3089 3521 3470 3580 conﬁtentem.
3517 3519 3624 3575 Pro
3655 3533 3730 3574 eo

2121 3625 2264 3696 quod
2297 3639 2400 3680 nos
2429 3621 2772 3692 interpretati
2801 3635 3020 3686 sumus,
3045 3627 3091 3674 et
3111 3625 3468 3690 cognouerunt
3493 3615 3570 3669 sic
3593 3631 3732 3684 pau-

2123 3735 2272 3790 peres
2311 3718 2504 3788 gregis,
2546 3715 2898 3786 Septuaginta
2943 3713 3378 3778 transtulerunt,
3431 3717 3480 3763 et
3527 3723 3728 3779 cogno-

2124 3821 2264 3866 scent
2289 3809 2574 3864 Chananmi
2597 3825 2736 3874 oves,
2765 3805 3268 3876 quoicustodiuntur
3297 3801 3448 3868 mihi,
3473 3799 3618 3872 quod
3651 3799 3732 3855 ita

2125 3903 2372 3958 nonnulli
2405 3903 2716 3957 edisserunt
2743 3915 2756 3952 :
2785 3897 3096 3968 Cognoscet
3127 3895 3362 3968 populus
3385 3893 3728 3964 Judzeorum,

2125 3997 2192 4051 ad
2225 4011 2384 4062 quem
2415 3995 2620 4048 dictum
2654 4001 2738 4046 est
2768 4007 2782 4044 :
2815 3989 3004 4046 Semen
3037 3987 3334 4052 Chanaam,
3355 3993 3404 4040 et
3445 3999 3548 4038 non
3583 3979 3736 4036 Juda

2127 4093 2290 4164 (Dan.
2325 4107 2440 4156 xui,
2476 4089 2592 4160 56);
2624 4088 2716 4156 qui
2749 4101 2894 4142 nunc
2939 4085 3077 4141 meis
3106 4081 3456 4140 caeremoniis
3481 4078 3736 4136 custodi-

2129 4199 2218 4244 tur
2253 4205 2266 4240 :
2299 4187 2414 4240 sive
2453 4184 2582 4254 quia
2613 4181 2912 4237 Chanantei
2957 4179 3414 4248 interpretantur,
3447 4173 3622 4246 parati
3659 4173 3732 4226 ad

2129 4277 2498 4336 humilitatem,
2523 4279 2860 4344 cognoscent
2889 4271 2978 4342 qui
3009 4271 3144 4324 olim
3183 4269 3358 4340 parati
3391 4275 3523 4322 sunt
3545 4277 3608 4320 ut
3633 4264 3740 4318 hu-

2129 4373 2408 4428 milientur
2429 4383 2460 4424 a
2491 4368 2750 4433 Domino,
2777 4375 2832 4421 et
2859 4365 3266 4434 relinquantur.
3289 4361 3404 4416 Cur
3431 4367 3612 4413 autem
3633 4369 3740 4426 pro

2131 4481 2199 4520 eo
2246 4463 2392 4534 quod
2435 4475 2538 4516 nos
2583 4459 2926 4528 interpretati
2971 4471 3182 4524 sumus,
3211 4455 3286 4508 sic
3331 4467 3614 4526 pauperes,
3650 4449 3736 4503 illi

2131 4559 2426 4622 dixerunt,
2483 4551 2828 4616 Chattanazos,
2877 4563 3043 4605 causa
3091 4546 3374 4604 manifesta
3419 4553 3506 4600 est
3537 4562 3550 4597 :
3587 4543 3738 4612 apud

2137 4650 2394 4702 Ilebraros
2423 4645 2590 4710 enim,
2623 4643 2718 4708 sic,
2773 4657 2912 4696 cum
2949 4641 3046 4730 (1:)
3095 4639 3296 4694 dicitur
3329 4653 3344 4690 ε
3378 4651 3504 4692 ΑΜΕ
3545 4631 3734 4708 (ττζῖ),

2135 4755 2424 4814 pauperes;
2447 4737 2523 4792 illi
2545 4737 2656 4792 duo
2687 4737 2853 4790 verba
2887 4735 2941 4788 in
2971 4747 3138 4788 unum
3171 4731 3518 4801 copulantes,
3537 4741 3638 4798 pro
3665 4739 3736 4780 eo

2133 4835 2278 4906 quod
2309 4843 2416 4898 est,
2444 4833 2516 4886 sic
2547 4847 2819 4904 pauperes,
2873 4829 2976 4883 hoc
3007 4837 3112 4894 est,
3147 4843 3284 4882 cum
3317 4839 3444 4881 ΑΜΕ
3477 4823 3612 4896 (9⁷ιῖ
3631 4817 3737 4911 τῦ),

2141 4945 2340 4986 nomen
2364 4927 2675 4982 Chananth
2695 4925 2874 4994 gentis
2903 4923 3251 4992 interpretati
3281 4931 3430 4974 sunt.

2209 5023 2392 5096 (Vers.
2445 5023 2533 5088 1‘2,
2565 5019 2678 5093 13.)
2705 5017 2773 5072 Et
2821 5019 2934 5072 dixi
2977 5019 3045 5072 ad
3088 5035 3174 5072 eos
3202 5033 3222 5072 :
3258 5015 3320 5072 Si
3363 5017 3554 5070 bonum
3583 5019 3658 5068 est
3683 5011 3742 5066 in

2139 5117 2302 5172 oculis
2331 5115 2512 5170 vestris
2528 5157 2543 5182 ,
2559 5113 2745 5184 afferte
2769 5111 3054 5168 mercedem
3080 5127 3246 5167 meam
3265 5156 3279 5182 ,
3303 5119 3356 5163 et
3383 5111 3426 5163 si
3449 5107 3744 5176 κοιμητήρ-

2139 5211 2296 5274 scite;
2317 5217 2364 5262 et
2393 5205 2755 5278 appenderunt
2783 5205 3069 5260 mercedem
3101 5221 3289 5270 nteant,
3325 5203 3540 5274 triginta
3557 5214 3744 5268 argen-

2141 5311 2266 5358 teos.
2281 5299 2348 5354 Et
2361 5301 2494 5355 dixit
2523 5299 2776 5354 Dominus
2797 5297 2868 5352 ad
2885 5313 2985 5358 me,
3007 5295 3218 5370 Projice
3234 5293 3357 5350 illos
3375 5293 3559 5366 [Vulg.
3577 5287 3746 5360 illud]

2141 5395 2210 5450 ad
2231 5393 2574 5462 statuarium,
2601 5391 2845 5446 decorum
2872 5389 3095 5459 pretium
3119 5387 3260 5458 quod
3283 5385 3610 5458 appretiatus
3627 5397 3744 5436 sum

2135 5557 2202 5613 ad
2231 5555 2402 5640 Israel
2441 5555 2496 5611 in
2527 5569 2716 5612 eremo
2757 5553 2900 5608 dicta
2941 5565 3086 5619 esse,
3121 5551 3228 5606 hoc
3257 5549 3456 5607 eodem
3497 5547 3622 5602 loco
3653 5561 3752 5602 ex-

2139 5639 2444 5756 poﬂlkntea
2461 5699 2656 5756 deerat
2673 5711 2778 5755 vox
2801 5713 2990 5752 meant.
