4056 6342
273 258 416 315 1505

936 251 1598 312 COMMENTARIORUM
1640 251 1706 308 IN
1744 248 2148 306 ZACHARIAM
2190 248 2316 303 LIB.
2358 248 2450 304 lll.
2491 245 2643 304 CAP.
2689 245 2780 304 XI.

3431 239 3575 301 1506

268 375 334 427 ab
359 375 432 428 eis
464 388 484 427 :
509 381 558 426 et
580 371 678 427 tuli
711 372 931 445 triginta
956 382 1250 446 argenteos,
1278 381 1324 426 et
1347 371 1544 441 projeci
1561 368 1684 424 illos
1706 369 1760 421 in
1791 369 1874 421 do.
1902 368 1955 429 A
1982 367 2052 422 At
2098 367 2174 421 illi
2207 367 2464 437 quoniam
2508 366 2744 436 pretium
2787 363 3073 434 sanguinis
3105 371 3245 430 erat,
3279 363 3579 420 noluerunt

268 484 414 521 mum
445 465 663 520 Domini
687 466 755 519 ad
783 466 1120 520 statuarium.
1143 463 1287 520 LXX
1312 481 1324 516 :
1359 463 1429 517 Et
1451 464 1621 516 dicant
1642 461 1711 514 ad
1740 477 1826 514 eos
1855 475 1875 514 :

271 560 542 616 Sibonum
562 569 638 614 est
668 561 722 614 in
747 571 1028 630 conspectu
1058 568 1252 626 uestro,
1285 558 1407 613 date
1432 566 1714 612 statuentes
1738 571 1876 609 mer-

272 656 448 709 cedem
494 669 683 720 meam,
739 661 828 707 aut
875 654 1096 707 renuite.
1144 652 1213 707 Et
1261 661 1548 705 statuerunt
1591 647 1877 703 mercedem

273 763 443 802 meam
473 747 690 818 triginta
728 757 1022 818 argenteos.
1060 746 1127 800 Et
1173 747 1308 800 dixit
1339 745 1599 800 Dominus
1640 744 1708 796 ad
1751 757 1877 796 me:

273 837 489 909 Depone
501 855 588 894 eos
607 840 662 893 in
687 841 1075 911 conﬂatorium,
1096 850 1143 894 et
1171 840 1396 912 recogita
1419 840 1463 893 si
1487 840 1757 909 probatum
1779 847 1873 901 est,

271 933 408 986 sicut
438 935 682 1005 probatus
713 950 828 987 sum
859 950 952 1005 pro
983 934 1076 988 eis.
1109 931 1179 987 Et
1215 931 1313 987 tuli
1342 933 1556 1003 triginta
1584 941 1873 1002 argenteos,

272 1035 324 1080 et
350 1026 465 1080 misi
488 1043 573 1080 eos
595 1026 650 1079 in
672 1025 886 1080 domum
911 1024 1126 1080 Domini
1167 1028 1221 1080 in
1255 1027 1646 1097 conﬂatorium.
1669 1025 1880 1095 Cogno-

276 1121 560 1177 scentibus
574 1119 864 1176 Israelitici
881 1122 1065 1193 gregis
1089 1123 1453 1192 pauperibus,
1475 1122 1568 1192 qui
1593 1137 1712 1176 mea
1729 1136 1880 1175 man-

277 1216 409 1270 data
440 1216 786 1282 custodiunt,
809 1218 1034 1273 verbum
1077 1233 1202 1274 esse
1236 1219 1452 1274 Domini
1492 1219 1636 1288 quod
1667 1220 1881 1273 locutus

278 1323 422 1374 sum,
452 1315 509 1362 et
539 1323 670 1364 vera
698 1323 821 1378 quae
854 1307 991 1377 dixi,
1015 1319 1040 1346 ει
1071 1310 1151 1364 ait
1179 1309 1247 1364 ad
1278 1325 1398 1375 eos,
1433 1310 1484 1364 id
1516 1320 1621 1375 est,
1655 1311 1720 1364 ad
1750 1325 1883 1380 pau-

280 1415 440 1471 peres
464 1401 672 1472 gregis,
707 1402 750 1455 si
781 1402 939 1456 vobis
969 1401 1146 1471 placet
1171 1402 1458 1474 (homines
1485 1405 1629 1457 enim
1666 1405 1800 1459 estis
1827 1412 1883 1458 et

279 1493 448 1548 semel
473 1492 655 1548 libero
677 1493 906 1548 arbitrio
935 1507 1032 1548 vos
1063 1496 1266 1560 creavi,
1299 1493 1497 1562 quibus
1529 1504 1585 1549 et
1613 1494 1665 1548 in
1696 1509 1882 1549 eremo

281 1586 498 1642 locutus
521 1601 640 1641 sum
671 1605 681 1640 :
712 1585 773 1642 Si
813 1587 1084 1640 audieritis
1113 1604 1214 1652 me,
1239 1603 1352 1656 qua:
1381 1586 1514 1641 bona
1551 1597 1672 1641 sunt
1707 1596 1880 1654 tet-rte,

280 1679 557 1734 comedetis
585 1676 746 1750 (Isai.
778 1677 856 1750 1))
881 1694 980 1750 pro
1021 1680 1122 1734 hac
1151 1680 1552 1750 assumptione,
1580 1696 1683 1749 qua
1706 1678 1882 1749 ahjeci

1980 465 2114 522 illud
2141 480 2409 534 reponere
2433 465 2484 518 in
2514 464 2836 530 corbonam,
2864 461 2916 517 id
2943 471 3049 530 est,
3083 462 3135 516 in
3157 460 3574 533 gazophylacio;

1979 560 2076 615 sed
2106 567 2357 615 emerunt
2381 574 2450 613 ex
2481 573 2548 612 eo
2579 565 2766 629 agrum
2797 557 2944 628 ﬁguli
2969 556 3026 611 in
3057 556 3392 623 sepulturam
3422 569 3579 624 pere-

1979 654 2281 722 grinorum.
2317 651 2426 707 Nos
2454 652 2601 706 enim
2631 666 2823 705 omnes
2843 649 2934 721 qui
2967 649 3240 720 peregrini
3268 657 3326 704 et
3351 647 3582 702 advenae

1980 746 2142 817 Legis
2171 745 2390 810 luimus,
2422 744 2688 813 redempti
2721 744 3123 812 pretiosissimo
3145 742 3265 812 ejus
3290 741 3574 812 sanguine,

1983 839 2034 894 in
2087 839 2251 893 domo
2285 837 2432 908 liguli
2461 837 2626 908 892
2667 835 3055 904 Creatorisque
3085 835 3329 890 omnium
3379 834 3582 904 sepeli-

1982 949 2106 986 mur
2135 941 2187 986 et
2221 933 2638 1000 requiescimus.
2675 931 2779 985 Pro
2811 933 3018 1006 πλάστῃ
3049 940 3212 999 atque
3242 932 3453 998 ﬁctore,
3473 939 3585 986 sta-

1981 1027 2208 1079 tuarium
2236 1025 2265 1063 ι)
2291 1024 2422 1080 olim
2461 1026 2849 1093 interpretatus
2882 1039 3024 1090 sum,
3049 1024 3198 1080 verbi
3231 1025 3583 1095 ambiguitate

1981 1121 2318 1190 compulsus,
2353 1119 2500 1190 quod
2533 1120 2856 1174 statuarium
2905 1119 3261 1190 ﬁctoremque
3315 1133 3426 1173 uno
3464 1133 3584 1174 ser-

1986 1232 2148 1270 mone
2169 1215 2461 1286 signiﬁcat.
2483 1215 2657 1270 Judaei
2691 1216 2851 1269 istum
2894 1215 3079 1268 locum
3115 1215 3389 1270 malitiose
3411 1215 3584 1270 inter-

1986 1319 2284 1380 pretantes,
2320 1309 2543 1377 triginta
2571 1318 2886 1380 argenteos,
2916 1309 3136 1379 triginta
3167 1307 3328 1380 Legis
3360 1308 3585 1362 manda-

1987 1411 2038 1456 ta
2069 1409 2529 1467 commemorant,
2559 1417 2681 1472 quae
2708 1401 2891 1456 facere
2923 1400 3222 1470 jubeantur
3246 1400 3302 1455 in
3333 1399 3502 1471 Lege,
3529 1407 3588 1456 et

1987 1511 2209 1550 rursum
2244 1495 2460 1564 triginta
2493 1509 2588 1549 sex
2619 1495 2724 1548 alia
2751 1511 2872 1564 qua:
2911 1495 3300 1563 prohibeantur
3341 1495 3392 1549 in
3419 1494 3584 1566 Lege,

1987 1596 2043 1643 et
2065 1587 2168 1642 dici
2199 1587 2300 1649 eis,
2332 1599 2390 1642 ut
2419 1596 2706 1657 argentum
2740 1587 3120 1643 mandatorum
3149 1587 3364 1642 Domini
3398 1587 3588 1656 plastas

1987 1694 2088 1733 suo
2116 1688 2278 1747 atque
2300 1678 2472 1733 ﬁctori
2499 1679 2730 1734 reddant
2765 1680 2876 1734 Deo
2904 1697 2917 1733 :
2952 1679 3095 1749 quod
3127 1681 3251 1751 quia
3284 1679 3468 1736 facere
3492 1694 3591 1734 no-

281 1773 601 1828 universum
632 1771 914 1827 hominum
959 1788 1154 1841 genus,
1180 1783 1237 1828 et
1264 1788 1363 1827 vos
1387 1775 1520 1828 mihi
1553 1773 1606 1828 in
1643 1774 1880 1842 peculia-
1914 1769 1963 1829 B
1991 1773 2228 1837 luerunt,
2262 1788 2384 1828 esse
2412 1773 2704 1843 projectos.
2730 1773 2977 1828 Breviter
3004 1773 3250 1829 indicare
3278 1773 3429 1829 volui
3453 1771 3588 1844 quid

282 1883 398 1922 rem
444 1865 587 1936 elegi
622 1881 866 1936 gregem,
896 1875 950 1921 et
979 1866 1206 1922 Creator
1256 1867 1500 1922 omnium
1531 1867 1692 1939 891
1738 1869 1882 1923 volui

284 1975 516 2031 parvum
543 1958 748 2014 habere
777 1957 1108 2029 funiculum,
1141 1960 1356 2015 reddite
1398 1959 1527 2014 mihi
1576 1961 1884 2015 mercedem

282 2068 482 2116 meam,
503 2051 553 2105 id
583 2062 690 2117 est,
719 2068 836 2106 mea
875 2063 1149 2124 praecepta
1177 2053 1527 2109 servate.Sin
1561 2063 1741 2107 autem
1776 2070 1884 2108 non

282 2146 449 2201 vultis
473 2146 778 2202 mercedem
805 2145 1063 2213 reddere,
1085 2161 1184 2202 nec
1211 2146 1390 2218 placet
1413 2147 1467 2201 in
1495 2147 1670 2202 oculis
1690 2147 1887 2200 vestris

286 2257 410 2295 meo
440 2240 656 2297 censeri
682 2240 926 2306 nomine,
959 2250 1152 2312 aperte
1193 2241 1425 2309 renuite,
1454 2252 1506 2294 et
1539 2241 1698 2295 tacite
1743 2239 1888 2308 quod

284 2331 478 2387 vultis.
503 2331 602 2400 Qui
632 2341 760 2386 tunc
787 2331 1011 2400 quidem
1043 2333 1441 2402 responderunt
1472 2332 1638 2402 Moysi
1667 2331 1888 2385 :Omnia

284 2442 617 2494 qatccumque
641 2424 769 2478 dicit
799 2421 1076 2488 Dominus,
1112 2427 1367 2496 faciemus
1397 2423 1595 2494 (Exod.
1633 2440 1783 2486 xxw,
1810 2422 1888 2493 5).

287 2520 346 2575 In
387 2519 495 2576 ﬁne
548 2531 731 2574 autem
779 2529 1084 2588 temporum
1120 2534 1218 2588 pro
1253 2534 1318 2573 eo
1353 2518 1498 2588 quod
1527 2531 1624 2571 eos
1654 2517 1791 2586 elegi
1821 2517 1890 2570 de

287 2612 470 2669 medio
495 2615 802 2680 nationum,
832 2621 887 2667 et
921 2612 1146 2666 liberavi
1179 2611 1246 2666 de
1275 2610 1498 2682 .r'Egypti
1525 2611 1748 2664 lornace
1781 2609 1890 2662 fer-

286 2721 403 2770 rea,
436 2704 821 2775 appenderuut
861 2703 1176 2759 mercedem
1217 2719 1392 2758 meam
1439 2702 1656 2772 triginta
1696 2715 1895 2769 argen-

290 2810 432 2867 teos,
461 2815 556 2869 pro
583 2814 704 2854 meo
726 2798 991 2868 sanguine
1022 2798 1218 2853 dantes
1239 2797 1392 2853 Iuda:
1415 2796 1681 2867 proditori
1712 2794 1889 2868 (Matt.

291 2892 466 2962 xxvi).
501 2891 570 2946 Et
624 2892 785 2958 dixit,
831 2890 1006 2961 inquit
1039 2893 1329 2960 propheta,
1360 2889 1624 2945 Dominus
1662 2889 1727 2942 ad
1781 2904 1890 2952 me,

292 2989 410 3042 sive
435 2987 554 3056 ipse
584 2985 862 3049 Salvator,
888 2985 1043 3052 cujus
1074 2983 1253 3054 priora
1289 2993 1414 3036 sunt
1454 2983 1644 3043 verba.
1683 2991 1893 3050 patrem

295 3078 364 3133 ad
398 3093 458 3134 se
490 3079 728 3131 locutum
761 3090 884 3130 esse
912 3082 1234 3130 contestans
1263 3091 1276 3126 :
1301 3073 1510 3144 Projice
1538 3073 1670 3126 illud
1701 3074 1769 3126 ad
1787 3081 1890 3126 sta-

1986 1866 2250 1930 scntiant,
2275 1865 2514 1934 alioquin
2556 1866 3001 1934 explanationem
3044 1883 3237 1922 eorum
3281 1867 3590 1924 laciniosis—

1986 1957 2182 2012 simam
2213 1958 2702 2023 taedctrevolvere,
2728 1967 2785 2013 ut
2813 1960 2881 2014 ad
2907 1960 3112 2031 reliqua
3141 1970 3508 2017 transeamus.

2060 2049 2242 2120 (Vers.
2279 2049 2395 2119 14.)
2427 2051 2493 2104 Et
2532 2053 2749 2121 ρηεεὶάὶ
2805 2053 3002 2124 virgam
3060 2072 3226 2108 nteant
3281 2054 3586 2124 secundam,

1987 2161 2103 2214 qua:
2127 2145 2492 2216 appellabatur
2516 2146 2805 2216 funiculus,
2830 2157 2886 2202 ut
2908 2148 3237 2204 dissolverem
3266 2152 3588 2222 germanita-

1995 2247 2096 2292 tem
2123 2240 2257 2293 inter
2278 2237 2476 2293 Judam
2505 2248 2552 2291 et
2580 2239 2763 2312 (Vulg.
2799 2241 2950 2295 addit
2977 2241 3136 2314 inter]
3172 2242 3357 2297 Israel.
3386 2243 3532 2299 LXX
3566 2261 3580 2297 :

1991 2333 2060 2388 Et
2106 2333 2274 2406 abjeci
2302 2335 2500 2403 virgam
2525 2344 2547 2373 ο
2579 2337 2882 2404 secundum,
2915 2353 3031 2407 qua:
3059 2337 3426 2408 appellabatur
3447 2339 3593 2411 funi-

1992 2423 2166 2492 culus,
2204 2434 2258 2476 ut
2304 2426 2616 2496 dissiparem
2637 2437 3000 2480 testamentum
3028 2428 3168 2498 quod
3189 2438 3301 2482 erat
3327 2431 3463 2484 inter
3486 2429 3593 2484 Ju-

1993 2515 2116 2570 dam
2150 2526 2198 2570 et
2228 2515 2420 2570 Israel.
2453 2518 2519 2571 Et
2552 2517 2606 2571 in
2641 2518 2745 2572 hoc
2773 2519 2898 2573 loco
2929 2519 3146 2586 longam
3177 2521 3463 2590 cujusdam
3506 2537 3598 2578 ex-

1997 2609 2395 2679 planationcm,
2429 2611 2597 2665 immo
2642 2612 2803 2665 tricas
2848 2612 3254 2668 inextricabiles
3281 2615 3480 2686 legisse
3507 2631 3598 2672 me

1995 2704 2140 2770 novi,
2169 2703 2396 2757 duarum
2429 2705 2700 2774 virgarum
2734 2705 2788 2759 in
2823 2721 2984 2760 unam
3014 2707 3333 2764 societatem
3366 2705 3433 2764 ex
3456 2709 3593 2765 Eze-

1995 2802 2192 2858 chielis
2221 2802 2496 2857 volumine
2539 2801 2890 2871 proferentis,
2920 2813 2975 2859 et
3005 2807 3185 2860 omnia
3215 2821 3335 2875 quae
3373 2807 3439 2862 de
3466 2822 3599 2862 con-

1995 2899 2180 2954 cordia
2211 2899 2367 2953 Jndtn
2389 2907 2442 2952 et
2461 2897 2720 2968 Ephraim
2749 2898 3109 2968 spiritualiter
3127 2899 3415 2955 scntienda
3443 2911 3595 2972 sunt,

1999 2991 2124 3044 huic
2150 2991 2736 3058 capituloeoaptantis.
2763 2991 2872 3046 Nos
2903 3001 3083 3046 autem
3115 3001 3355 3063 emptum
3403 3009 3600 3064 sequa-

2002 3098 2124 3137 mur
2151 3082 2422 3136 ordinem.
2459 3083 2751 3152 Postquam
2785 3099 2812 3135 a
2846 3082 3048 3138 Judaeis
3069 3085 3364 3140 cruciﬁxus
3386 3096 3470 3141 est
3490 3086 3598 3142 Do-

295 3176 522 3228 tuarium
547 3189 564 3227 :
599 3189 696 3243 pro
725 3188 833 3241 quo
864 3172 916 3225 in
949 3171 1178 3225 Ilehrzeo
1206 3169 1402 3240 legitur
1429 3169 1595 3223 JO>ER
1620 3166 1814 3239 (Ἕν),
1841 3168 1892 3222 id
1921 3151 1966 3213 ί)
2002 3176 2184 3230 minus
2211 3185 2266 3230 et
2314 3151 2921 3244 triginta'appretiatus
2952 3177 3250 3244 argenteis,
3280 3187 3336 3233 et
3361 3179 3597 3248 pretium

297 3279 412 3338 est,
445 3269 531 3324 τὸν
553 3268 802 3328 πλαστὴν,
829 3281 989 3336 quem
1025 3279 1146 3329 nos,
1181 3264 1415 3334 ﬁcrorem
1443 3273 1487 3315 et
1521 3260 1742 3332 ﬁgulum
1772 3275 1897 3330 pos-

299 3377 490 3418 sumus
511 3362 714 3416 dicere.
751 3361 919 3414 Etest
944 3373 1140 3414 sensus
1173 3376 1185 3412 :
1219 3357 1430 3427 Projice
1458 3357 1686 3426 pretium
1715 3371 1894 3410 meum

300 3453 368 3508 ad
406 3453 652 3524 ﬁgulum,
686 3452 780 3524 qui
809 3453 1040 3508 Creator
1070 3462 1123 3507 et
1155 3452 1314 3505 lictor
1363 3459 1450 3505 est.
1491 3449 1755 3502 omnium.
1787 3448 1898 3503 Nec

301 3547 461 3615 dixit,
477 3549 712 3617 depone;
735 3545 852 3611 sed,
880 3545 1100 3618 projice,
1127 3555 1186 3597 ut
1217 3543 1426 3597 ﬁctoris
1450 3541 1900 3611 plasmiquejudi-

303 3641 618 3698 ciomerces
647 3639 865 3695 Domini
892 3638 1242 3708 penderetur.
1272 3635 1337 3690 Et
1362 3639 1636 3712 εἰρωνικῶς
1664 3633 1899 3703 pretium

305 3752 488 3802 suum,
524 3737 579 3792 id
609 3746 714 3800 est,
747 3735 949 3790 divinae
987 3731 1315 3802 majestatis,
1339 3733 1392 3785 in
1427 3731 1642 3799 triginta
1668 3742 1901 3784 cernens

305 3829 608 3899 argenteis,
636 3836 691 3882 et
723 3836 829 3882 tam
857 3827 950 3882 vili
1001 3824 1254 3880 mercede
1288 3839 1350 3878 se
1383 3822 1655 3893 proditum
1687 3839 1698 3874 :
1734 3819 1901 3873 Deco-

307 3939 449 3986 rum,
482 3921 678 3992 inquit,
710 3921 932 3991 pretium
956 3937 1059 3988 quo
1083 3919 1406 3991 appretiatas
1434 3933 1547 3972 sum
1577 3916 1638 3970 ab
1661 3917 1769 3976 eis;
1799 3915 1904 3969 hoc

309 4027 492 4070 autem
526 4013 770 4083 pressius
799 4023 887 4069 est
921 4012 1206 4084 legendum
1247 4027 1372 4066 cum
1407 4007 1661 4065 irrisione
1697 4019 1750 4063 et
1779 4007 1907 4062 sub-

311 4109 634 4165 sannatione
681 4108 916 4164 dicentis
972 4125 985 4161 ε
1028 4106 1205 4162 Tanto
1250 4121 1337 4160 me
1366 4104 1599 4175 populus
1650 4116 1804 4158 meus
1853 4109 1909 4156 et

313 4218 582 4275 pauperes
611 4203 893 4275 quondam
933 4202 1223 4273 gregis,‘,‘et
1253 4203 1404 4255 ame
1435 4199 1596 4255 electi
1624 4197 1679 4252 in
1731 4197 1905 4261 ﬁlios,

315 4297 605 4354 emendum
648 4308 815 4367 atque
860 4295 1206 4352 vendendum
1253 4293 1431 4364 pretio
1475 4291 1810 4365 judicarunt.
1844 4289 1913 4344 Et

319 4389 437 4458 tuli,
469 4391 541 4445 ait
571 4390 838 4444 Dominus
869 4404 964 4459 per
991 4388 1336 4458 prophetam,
1367 4386 1512 4441 sicut
1553 4384 1687 4439 mihi
1719 4401 1747 4437 a
1797 4383 1910 4436 Deo

319 4487 495 4542 luerat
543 4486 895 4556 imperatum,
949 4483 1166 4552 triginta
1221 4491 1533 4551 argenteos,
1561 4489 1617 4532 et
1664 4493 1770 4532 non
1818 4491 1913 4530 eos

319 4579 572 4650 deposui,
602 4576 698 4632 sed
728 4573 934 4646 projeci
964 4576 1017 4628 in
1046 4573 1268 4629 domum
1301 4571 1514 4626 Domini
1547 4570 1612 4624 ad
1633 4569 1909 4624 ﬁctorem:

321 4673 375 4729 in
408 4673 575 4729 domo
606 4671 825 4728 Domini
857 4670 956 4725 ieci
979 4685 1076 4726 eos
1103 4685 1130 4722 a
1173 4668 1450 4740 proditore
1475 4666 1629 4722 reddi
1660 4664 1918 4720 sacerdo-

328 4768 472 4824 tibus
517 4778 569 4823 et
623 4765 929 4838 pharis:eis,
957 4765 1075 4834 ipso
1130 4763 1452 4826 conﬁtente,
1484 4760 1578 4831 qui
1627 4758 1913 4814 vendidit:

329 4861 568 4931 Peccavi,
600 4861 810 4917 tradens
829 4861 1136 4933 sanguinem
1151 4859 1354 4930 justum
1387 4855 1604 4929 (Matth.
1638 4871 1809 4926 sxvn,
1832 4856 1917 4927 4).

400 5071 427 5101 ι
455 5059 658 5128 Verba,
683 5055 756 5110 ait
783 5052 850 5128 od
877 5069 986 5128 eos,
1007 5065 1182 5128 penes
1207 5048 1454 5104 Martian.
1483 5062 1589 5102 non
1618 5044 1920 5101 habentur:

329 5123 701 5208 ap_ud_\'ictor.
735 5123 1182 5208 desideratttr,_id
1207 5131 1309 5208 est:
1361 5206 1374 5208 ξ
1430 5191 1442 5202 .

403 5204 431 5244 δ
453 5204 731 5260 Retractat
761 5214 845 5260 se,
880 5198 1055 5266 inquit
1089 5188 1380 5248 'Victorius
1430 5191 1484 5266 in
1532 5189 1675 5244 hunc
1716 5188 1920 5252 locum,

331 5278 477 5344 quod
507 5288 696 5329 vocem
734 5275 878 5344 121?,
913 5261 1524 5344 statuariunnverterit,
1555 5276 1684 5344 cum
1731 5271 1927 5344 tamen

335 5330 557 5420 figulum
597 5330 1102 5420 veriussigniﬁcet,
1137 5337 1212 5390 uti
1246 5337 1640 5420 interpretatus
1665 5330 1928 5420 e‘st‘blat:

337 5403 512 5475 hiatus
557 5403 891 5482 evangelista
933 5427 1052 5482 cap.
1086 5423 1258 5482 xxvn,
1281 5403 1409 5482 dunj
1437 5406 1548 5482 ait:
1579 5404 1641 5456 Et
1673 5403 1927 5482 dederunt

337 5473 530 5546 abitu
575 5473 758 5558 agru‘m
809 5473 1158 5558 [ig-ttlt.'ltletp
1206 5478 1334 5534 facit
1381 5477 1503 5532 lsai.
1534 5491 1625 5531 XIX
1661 5475 1730 5529 de
1759 5473 1927 5528 verbo

335 5571 523 5652 τω.
553 5551 866 5627 Utrobique
893 5566 1076 5610 autem
1108 5551 1345 5619 Griecas,
1375 5558 1583 5603 tantum
1633 5561 1796 5602 voces
1840 5560 1931 5600 re-

344 5640 604 5725 spiciens.
637 5654 822 5720 lapsus
854 5649 1093 5706 videtur.
1126 5645 1454 5726 Sicu_t_enim
1479 5643 1569 5698 hic
1598 5642 1830 5726 πλάᾳτηγ
1857 5640 1931 5694 ita

344 5719 420 5786 ibi
452 5719 815 5804 στρεϐλοῦτε-οι,
849 5737 970 5804 qum
1000 5728 1119 5803 erat
1143 5719 1348 5800 Aquila:
1379 5719 1786 5804 interpretatio,
1797 5723 1936 5804 “titt-

347 5783 623 5874 tum,iton
671 5783 834 5855 etiam
869 5783 1400 5851 llebraicam'simul
1447 5783 1635 5846 vocem
1681 5783 1932 5844 attendit.

1941 4541 1994 4599 D

1997 3269 2277 3339 sanguinis
2307 3269 2424 3339 ejus
2455 3269 2507 3323 in
2543 3269 2881 3336 sepulturam
2915 3269 3151 3340 proiecit
3180 3272 3447 3342 gentium,
3476 3285 3600 3342 qua

1999 3363 2302 3432 peregrina:
2349 3371 2508 3416 erant
2538 3361 2735 3431 aLege
2785 3370 2844 3416 et
2899 3362 3168 3418 mandatis
3224 3363 3322 3420 Dei
3367 3367 3599 3423 :statim

1999 3457 2264 3511 Dominus
2291 3456 2618 3511 sententiam
2650 3470 2804 3509 suam
2832 3455 2975 3510 ultra
3008 3471 3115 3511 non
3140 3455 3422 3526 dilferens,
3450 3457 3601 3515 Prae-

1999 3550 2124 3619 cidi,
2153 3550 2252 3615 ait,
2283 3550 2481 3621 virgam
2513 3566 2680 3602 meam
2717 3550 3020 3616 secundum,
3051 3565 3174 3620 quae
3209 3552 3430 3622 proprie
3478 3566 3602 3610 mea

2001 3656 2140 3712 erat,
2171 3661 2294 3715 qute
2323 3645 2401 3698 sic
2438 3643 2570 3697 mihi
2601 3643 2866 3710 haerebat,
2902 3653 2956 3697 ut
2983 3645 3035 3698 in
3063 3643 3301 3700 Jeremia
3327 3647 3603 3716 perizoma

2002 3750 2056 3795 et
2083 3739 2405 3795 cinctorium
2439 3749 2604 3808 atque
2637 3738 2908 3804 lumbare,
2940 3739 3080 3804 sive,
3107 3748 3166 3794 ut
3193 3751 3458 3797 consueto
3480 3759 3605 3799 ver-

2005 3834 2074 3888 bo
2119 3842 2259 3898 utar,
2291 3832 2486 3887 coxale
2528 3832 2603 3886 sit
2646 3832 2914 3900 appellata
2953 3849 2967 3886 :
3002 3849 3123 3903 quae
3171 3834 3414 3890 secunda
3445 3836 3602 3908 virga

2005 3926 2278 3996 quondam
2303 3926 2576 3995 appellata
2606 3922 2882 3978 funiculus
2910 3933 2966 3979 et
2993 3940 3118 3995 pars
3139 3941 3283 3995 mea,
3311 3941 3340 3980 a
3363 3943 3451 3982 me
3483 3927 3608 3985 ideo

2010 4021 2246 4088 projecta
2279 4027 2386 4081 est,
2411 4026 2473 4070 ut
2499 4016 2862 4071 dissolverem
2896 4017 3074 4073 foedus
3099 4029 3154 4074 et
3183 4023 3604 4090 germanitatem

2008 4123 2171 4182 atque
2201 4110 2574 4176 concordiam,
2599 4126 2719 4179 quae
2741 4110 2886 4165 inter
2906 4110 3100 4167 Judam
3130 4112 3306 4170 fuerat
3331 4125 3384 4170 et
3418 4117 3609 4186 Israel,

2011 4212 2068 4259 et
2107 4204 2304 4258 fratres
2333 4219 2362 4257 a
2394 4218 2454 4257 se
2488 4202 2722 4256 invicem
2775 4218 3110 4273 separarem.
3140 4204 3210 4260 Ut
3239 4206 3293 4260 in
3325 4211 3613 4276 apostolo-

2014 4312 2134 4352 rum
2167 4306 2442 4351 eteorum
2473 4296 2561 4363 qui
2607 4303 2840 4364 egerunt
2892 4296 3270 4363 paenitentiam
3315 4298 3480 4369 893
3509 4317 3612 4356 nu-

2016 4405 2190 4450 mero,
2209 4402 2424 4441 rursum
2449 4383 2473 4422 ἀ
2488 4385 2657 4439 Judas
2687 4386 3059 4454 appellaretur
3075 4397 3128 4441 et
3149 4389 3419 4444 conﬁtens
3439 4391 3608 4450 Deum

2017 4496 2174 4536 suum
2201 4497 2214 4532 :
2245 4478 2416 4533 Israel
2443 4487 2622 4531 autem
2652 4486 2706 4532 et
2737 4477 3000 4546 Ephraim
3034 4487 3090 4534 et
3117 4479 3316 4551 Joseph
3347 4499 3616 4544 vocaren-

2022 4583 2134 4638 tur,
2162 4571 2253 4640 qui
2289 4575 2341 4624 in
2391 4569 2573 4624 cordis
2617 4569 2817 4624 duritia
2865 4582 3253 4640 permanentes
3295 4575 3556 4636 dixerunt
3596 4600 3614 4640 ;

2022 4663 2148 4718 Non
2179 4662 2425 4716 habemus
2473 4677 2664 4733 regem,
2700 4662 2801 4716 nisi
2847 4659 3102 4719 Caesarem
3128 4664 3312 4736 (Joan.
3346 4686 3458 4740 ιιι,
3495 4673 3614 4746 15).

2025 4758 2181 4815 Unde
2230 4773 2339 4811 non
2393 4755 2612 4809 intulit:
2646 4765 2704 4810 ut
2747 4757 2951 4810 irritum
3000 4759 3218 4830 [acerem
3244 4773 3469 4835 pactum,
3503 4768 3622 4826 sive

2027 4858 2411 4919 testamentum,
2444 4847 2590 4920 quod
2622 4847 2780 4904 habui
2809 4864 2934 4905 cum
2965 4849 3102 4907 Juda
3132 4862 3187 4908 et
3215 4853 3390 4912 Israel
3418 4857 3620 4932 (usque

2026 5039 2206 5095 Manet
2226 5046 2424 5111 tamen
2443 5041 2676 5104 utroque
2704 5033 2758 5088 in
2791 5033 3266 5111 loco_prima_ejus
3293 5037 3624 5111 illlerpreta-

2028 5113 2126 5167 tio.
2162 5109 2312 5164 Adeo
2339 5109 2485 5162 enim
2530 5117 2702 5160 totum
2733 5122 2828 5174 per
2855 5106 3041 5160 orbem
3084 5107 3203 5177 ejus
3240 5108 3410 5166 editio
3438 5106 3623 5174 statim

2027 5181 2302 5252 divulgata
2338 5190 2442 5247 est,
2472 5187 2530 5233 ut
2555 5178 2879 5234 emendasse
2909 5188 3094 5248 postea
3125 5181 3258 5236 satis
3289 5198 3400 5238 non
3434 5185 3620 5246 luerit.

2029 5279 2098 5335 At
2157 5291 2261 5332 non
2314 5275 2387 5328 ita
2435 5274 2618 5350 evenit
2661 5273 2815 5327 Isaiae
2862 5289 3103 5350 xxxvnt,
3131 5277 3448 5350 uhirvocetn
3490 5265 3619 5350 Sin,

2031 5351 2181 5420 prius
2229 5363 2328 5420 pro
2377 5347 2612 5412 cessavit,
2643 5355 2827 5420 postea
2860 5360 2976 5420 pro
3016 5347 3186 5416 quiete
3235 5347 3625 5420 interpretatus

2031 5416 2116 5478 est
2148 5439 2165 5494 :_
2203 5416 2555 5494 quippe__c_um
2600 5416 2910 5472 emendatio
2955 5429 3172 5494 recepta
3192 5416 3394 5494 tuerit,
3431 5441 3625 5494 quam-

2036 5495 2116 5547 vis
2154 5489 2360 5560 in’ipso
2388 5489 2736 5559 ,llieronymo
2770 5498 3005 5560 utraque
3047 5492 3206 5546 simul
3246 5489 3627 5553 versio’eom-

2038 5563 2203 5620 mixta
2235 5571 2400 5617 esset.

2115 5645 2138 5674 c
2173 5634 2373 5714 vocem
2422 5647 2617 5714 meum,
2648 5646 2770 5714 quae
2817 5646 2994 5702 neque
3037 5633 3095 5714 _in
3141 5632 3334 5692 Graeco
3376 5648 3620 5714 resonat,

2043 5721 2220 5776 neque
2252 5713 2303 5759 in
2323 5702 2530 5776 iRegiu.
2555 5719 2686 5776 nis”
2718 5703 2844 5758 hinc
2873 5705 3196 5776 amovimus.

2114 5773 2148 5819 a‘
2180 5778 2279 5838 Ms,
2310 5773 2501 5852 Regia.
2527 5820 2544 5850 ,
2576 5773 2746 5832 ludas
2771 5773 3160 5849 appellarentur
3190 5788 3237 5838 et
3261 5779 3595 5864 conﬁtentes,
3616 5845 3630 5866 Α

3649 5911 3682 5961 ό
