4056 6342
322 211 459 267 1509

1034 214 1604 273 (ληιῖήῐίκτλιξιυιιι
1636 215 1682 273 Μ
1727 218 1785 271 iN
1830 217 1933 271 ΖΗ

2038 216 2231 271 illia.“
2277 215 2402 271 [ΑΒ.
2452 216 2538 270 Ill.
2584 216 2737 271 CAP.
2785 214 2898 272 XII.

3480 212 3619 273 tato

319 346 484 383 meum
509 346 528 395 ;
553 340 597 384 et
626 348 781 399 super
804 341 827 368 η
858 332 1020 385 virum
1042 337 1379 387 cohwrcntcm
1406 334 1551 398 mihi,
1587 333 1712 386 dicit
1740 333 1919 386 Domi-
1951 339 2001 393 Α
2029 334 2183 403 quasi
2204 332 2586 403 gravissimum
2620 331 2854 402 lapidem
2884 327 3304 387 sublevandnm.
3336 326 3622 382 Levabunt

320 430 416 476 nlts
456 424 770 477 eierrituum
799 440 816 477 :
863 422 1083 481 Percnte
1139 436 1419 499 pastorem,
1456 437 1503 481 et
1558 425 1921 501 dispergentur

319 520 457 570 Oves.
500 513 603 570 Alii
633 516 775 571 cultu
815 513 1125 573 Judaiorum
1159 529 1346 591 putant
1380 516 1491 588 jam
1525 517 1640 573 hac
1670 515 1734 572 ci
1771 528 1919 591 parte

319 606 589 676 “cempleta
623 620 649 661 a
684 608 1008 677 Zorobab‘cl,
1044 614 1218 683 uSque'
1250 608 1315 666 ad
1358 613 1418 666 C.
1454 606 1795 683 Pompeium,
1829 612 1920 683 qui

320 700 530 770 primus
545 698 911 757 Romanorum
930 688 1171 759 J'tidfcam
1196 706 1342 773 cepit
1365 710 1418 760 et
1452 707 1735 777 templum,
1757 721 1917 781 quant

320 790 604 847 historiam
655 794 845 850 scribit
873 786 1165 866 Joseplms.
1202 796 1306 854 Alii
1341 806 1470 852 vero
1513 782 1730 866 quando
1763 788 1920 852 Jeru-

318 884 490 940 salem
525 874 692 941 fuerit
718 888 1041 953 instaurata,
1071 892 1121 943 in
1149 888 1255 944 tiue
1284 880 1465 944 mundi
1493 904 1619 944 esse
1643 889 1923 961 eoniplcu-

320 975 385 1033 da
419 994 432 1036 :
464 978 606 1051 «μιοά
637 980 741 1036 sibi
774 996 896 1037 cum
932 984 1208 1058 ἠλειμμέευῳ
1232 984 1351 1049 suo,
1386 1001 1544 1056 quem
1580 1000 1743 1055 supra
1780 984 1918 1037 stul.

319 1079 432 1127 tum
467 1080 740 1143 pastorem
762 1074 1011 1146 legimus,
1049 1068 1378 1133 miserabilis
1408 1092 1542 1149 gens
1574 1070 1762 1133 .lttdata
1797 1092 1922 1145 pro-

319 1161 505 1219 mittit.
536 1165 640 1220 Atii
673 1175 876 1235 autem,
906 1167 1007 1224 boc
1046 1164 1323 1241 est,393
1363 1168 1392 1207 ι)
1450 1185 1549 1224 nos
1599 1170 1688 1239 qui
1722 1164 1920 1224 Christi

320 1271 609 1314 censemur
638 1261 879 1328 nomine,
915 1264 966 1317 in
999 1261 1243 1318 Ecclesia
1270 1268 1438 1334 usque
1470 1262 1536 1317 ad
1570 1262 1732 1317 linem
1768 1278 1924 1315 mun-

304 1350 374 1407 -di
403 1352 645 1423 quotidie
675 1354 880 1424 expleri
909 1362 961 1411 et
984 1357 1272 1428 explenda,
1321 1372 1714 1411 memoramus.
1750 1355 1815 1410 Et
1857 1372 1923 1411 ne

321 1458 422 1516 per
447 1447 663 1515 singula
695 1450 1057 1504 extendamus
1102 1449 1319 1505 modmu
1364 1449 1675 1517 voluminis,
1723 1466 1923 1518 propn-

322 1545 517 1592 nentes
554 1553 568 1592 t
607 1538 733 1594 Hice
759 1539 949 1595 dicunt
978 1541 1052 1596 illi
1081 1558 1093 1593 :
1127 1544 1207 1597 sic
1248 1541 1339 1597 alii
1382 1544 1731 1613 SltspiCuttlttt‘
1766 1560 1776 1595 :
1824 1559 1922 1600 nos

321 1628 399 1685 ita
423 1630 713 1702 sentimus,
744 1640 856 1690 tres
883 1637 1164 1706 posuimus
1205 1641 1527 1709 sententias,
1563 1648 1621 1691 ut
1656 1654 1726 1693 ex
1759 1638 1924 1694 inter-

2026 422 2243 491 quidem
2277 441 2419 490 eam,
2450 420 2501 479 et
2532 440 2632 494 pro
2658 423 2852 478 virium
2879 424 3144 481 varietate
3176 416 3496 487 vastabutlt;
3529 420 3625 479 sed

2026 532 2255 571 necesse
2294 527 2378 573 est
2418 528 2472 571 ttt
2504 516 2630 572 dum
2676 512 2917 581 levatttr,
2952 512 3005 570 in
3048 514 3166 587 ipso
3196 512 3327 571 nixu
3358 526 3410 571 et
3438 512 3624 569 eleva-

2026 610 2173 666 tione
2218 610 2505 686 ponderis,
2539 610 2899 683 gravissimus
2949 592 3092 683 lapis
3140 608 3435 664 scissuram
3470 604 3496 643 ί]
3530 604 3632 661 ali-

2026 718 2185 775 quam
2216 702 2301 756 vel
2331 717 2578 757 rasuram
2614 701 2665 756 in
2701 698 3000 757 levantium
3034 700 3354 773 corporibus
3386 698 3627 755 derelin-

2026 782 2390 873 quat.‘Supcr
2420 792 2674 853 Ecclesia
2704 796 2782 847 sic
2824 786 3172 863 interpretari
3222 801 3442 873 potest,
3479 791 3625 859 quod

2025 870 2206 943 cuncti
2232 899 2613 963 persecutores
2640 882 2731 963 qui
2761 900 2947 943 contra
2971 886 3196 943 domum
3221 870 3435 942 Domini
3469 880 3632 942 dimi-

2027 990 2221 1036 carunt
2256 978 2592 1039 inchrientur
2619 997 2685 1035 eo
2724 978 2895 1036 calice
2920 997 3027 1052 quo
3060 976 3335 1037 universis
3371 980 3628 1052 gentibus

2029 1072 2281 1145 prepinat
2307 1072 2592 1140 Jeremias,
2627 1083 2684 1129 ut
2715 1071 2937 1139 bibant,
2971 1083 3024 1129 et
3057 1070 3421 1139 inebrieutur,
3447 1083 3503 1128 et
3531 1089 3628 1129 ca-

2027 1165 2183 1232 dant,
2208 1174 2262 1220 et
2289 1174 2531 1231 vomant,
2557 1174 2612 1221 et
2638 1160 2910 1220 insaniant
2935 1164 3069 1241 (Jer.
3100 1165 3252 1237 xxv).
3286 1163 3415 1221 Scio
3444 1181 3631 1239 perse-

2028 1258 2264 1312 cutionis
2304 1269 2549 1328 tempore
2576 1258 2780 1317 multos
2808 1275 2839 1314 e
2872 1257 3077 1315 nostris
3105 1269 3294 1313 contra
3326 1257 3632 1315 Ecclesiam

2030 1366 2275 1420 pugnare
2302 1350 2619 1422 compulsos
2645 1368 2658 1417 ;
2686 1348 2783 1411 sed
2814 1350 3148 1427 quicumque
3180 1350 3283 1408 hoc
3308 1351 3519 1422 pondus
3543 1367 3635 1408 vo-

2030 1442 2191 1497 luerit
2222 1440 2528 1508 sublevare,
2563 1444 2759 1500 levabit
2792 1443 3049 1515 quidem,
3081 1452 3135 1499 ct
3164 1459 3262 1515 pro
3292 1443 3373 1503 ira
3414 1444 3635 1503 Domini

2029 1553 2132 1608 qua
2165 1539 2396 1609 corripit
2437 1540 2756 1613 peccatores
2777 1585 2791 1609 ,
2825 1540 2938 1595 suis
2967 1528 3221 1595 manibus
3251 1540 3585 1598 sustentabit
3618 1560 3632 1596 :

2028 1634 2219 1683 Verum
2253 1631 2367 1697 ipse
2393 1646 2500 1685 non
2529 1632 2635 1685 crit
2669 1628 2990 1707 impunitus,
3024 1631 3119 1685 Dei
3150 1641 3337 1688 contra
3368 1648 3427 1689 se
3450 1632 3635 1709 gladio

323 1724 649 1794 pretatio'nis
687 1726 976 1793 varietate,
1008 1729 1136 1799 quid
1168 1730 1249 1785 cui
1281 1729 1641 1801 coaptaudnm
1675 1729 1765 1795 sit,
1797 1746 1921 1801 prtt-
1953 1732 1997 1789 Β
2027 1721 2343 1778 dimicante.
2376 1723 2483 1781 Pro
2515 1720 2694 1795 lapide
2725 1722 2948 1797 oneris,
2981 1740 3140 1797 quem
3180 1740 3283 1780 nos
3309 1772 3323 1793 ,
3356 1735 3413 1781 ut
3447 1722 3634 1796 potui-

324 1815 461 1871 dens
494 1816 666 1873 lector
717 1818 1010 1892 intelligat.
1056 1816 1318 1877 Dominus
1372 1822 1534 1895 igitur
1582 1821 1672 1895 qui
1725 1824 1923 1878 coe'tmi

324 1909 569 1965 extendit
597 1922 655 1966 ut
677 1910 898 1983 pellem,
947 1924 1001 1970 et
1026 1924 1221 1971 terram
1258 1917 1364 1970 alta
1398 1919 1544 1973 mole
1570 1915 1841 1985 solidavit,
1874 1926 1929 1971 et

327 2004 579 2078 Spiritum
611 2008 845 2063 hominis
874 2006 1027 2063 iinxit
1059 2010 1108 2063 in
1135 2030 1225 2075 eo,
1258 2010 1400 2066 idem
1433 2011 1738 2066 animarum
1765 2012 1930 2065 Crea-

330 2105 416 2153 tor
449 2108 532 2154 est
562 2100 829 2170 omnium,
874 2112 929 2155 ut
962 2116 1025 2157 ex
1060 2101 1268 2158 duabus
1301 2104 1621 2161 ‘substantiis
1650 2104 1843 2159 animm
1876 2112 1931 2158 ct

329 2188 602 2261 corporis,
634 2200 797 2246 unum
848 2194 1049 2249 animal
1091 2196 1483 2268 etnnping'eret.
1518 2197 1753 2267 Spiritus
1783 2196 1926 2252 enim

328 2294 429 2351 pro
470 2283 653 2337 anima
684 2273 995 2354 frequenter
1036 2287 1320 2358 accipitur,
1355 2298 1411 2343 nt
1461 2290 1531 2343 ibi
1568 2308 1580 2344 :
1634 2288 1824 2355 Pater,
1876 2289 1930 2343 in

327 2387 518 2428 manus
554 2382 669 2429 tuas
715 2377 1017 2432 commendo
1072 2379 1313 2452 spiritum
1367 2388 1537 2435 meum
1590 2379 1745 2452 (an.
1797 2382 1929 2447 axv,

332 2466 448 2539 46).
487 2468 593 2524 Et:
627 2472 844 2542 Auferes
873 2474 1119 2544 spiritum
1160 2490 1351 2538 eorum,
1408 2488 1455 2530 et
1488 2474 1747 2544 deﬁcient,
1788 2485 1831 2529 et
1879 2475 1930 2528 in

328 2562 591 2634 pulverem
623 2578 776 2620 suum
806 2579 1125 2625 revertentur
1172 2566 1291 2644 (l’s.
1324 2572 1447 2639 Clu,
1476 2570 1592 2645 9.9).
1630 2572 1736 2625 lste
1769 2571 1933 2638 igitur

329 2654 558 2711 Creator
594 2659 966 2717 universitatis
999 2674 1051 2718 et
1098 2662 1378 2727 Dtnninus,
1412 2670 1471 2720 se
1498 2662 1804 2720 Jerumlcm
1837 2680 1931 2716 su-

330 2748 690 2819 perliminare
725 2764 747 2793 ο
772 2757 1007 2825 erapnlze
1060 2756 1313 2812 euntibus
1343 2760 1558 2829 populis
1598 2760 1650 2812 in
1703 2756 1934 2812 circuitu

330 2846 633 2916 positurum
665 2862 808 2914 esse,
840 2856 1091 2917 testatur,
1120 2850 1290 2921 utqui
1326 2851 1493 2906 limen.
1520 2851 1639 2921 eius
1668 2850 1931 2922 attigerit,

333 2936 633 2994 inebrietur
661 2949 715 2996 et
741 2951 983 3011 corruat,
1037 2945 1154 3000 sive
1203 2946 1376 3016 ipSum
1428 2945 1849 3013 snpcrlimiuare
1878 2941 1933 2998 iu

332 3045 455 3086 eum
478 3042 697 3089 corruat
726 3048 755 3089 a
778 3040 883 3109 quo
905 3036 1254 3108 contingitur.
1289 3034 1393 3092 Sed
1418 3042 1470 3091 et
1487 3035 1677 3102 Judas,
1706 3036 1931 3091 obsessa

2030 1830 2171 1879 mus,
2206 1808 2549 1887 interpretati
2580 1831 2788 1891 sumus,
2820 1810 3179 1891 Septuaginta
3208 1826 3517 1888 verterunt,
3553 1816 3636 1872 ια-

2030 1906 2201 1978 pidem
2231 1910 2597 1965 conculcatum
2625 1929 2657 1963 (ι
2680 1908 2877 1965 cunctis
2902 1909 3160 1985 gentibus.
3185 1900 3367 1966 Omnis
3396 1906 3483 1985 qui
3511 1930 3639 1969 con-

2031 2001 2305 2056 culcareri't
2335 2019 2451 2056 eum
2483 2002 2622 2076 (sive
2652 2014 2787 2071 eam,
2818 2003 2869 2059 id
2901 2013 3009 2070 est,
3043 2003 3375 2079 JeruSalem)
3408 2000 3634 2063 illudens

2032 2095 2239 2151 illudet.
2286 2084 2387 2169 Qui
2439 2097 2765 2155 manifestus
2810 2108 2896 2154 est
2940 2114 3155 2168 sensus,
3199 2098 3342 2171 quod
3399 2110 3638 2179 utroque

2033 2188 2196 2247 modo
2218 2188 2520 2253 Jerusalem
2553 2203 2609 2248 et
2637 2194 2705 2248 ab
2735 2192 2974 2249 inimicis
3005 2192 3280 2265 gentibus,
3307 2204 3362 2249 ct
3388 2210 3417 2248 a
3451 2210 3640 2266 perse-

2033 2286 2313 2342 cutoribus
2340 2288 2707 2345 conculcauda
2742 2289 2809 2342 sit
2842 2296 2898 2344 et
2938 2288 3271 2344 illudcndmn
3313 2292 3362 2345 ei
3404 2306 3502 2361 pro
3536 2307 3635 2348 vo-

2039 2378 2252 2439 luntate
2282 2378 2649 2438 illudeutium.
2673 2376 2778 2437 Sed
2806 2382 2999 2438 melior
3029 2394 3084 2438 et
3112 2385 3295 2439 verior
3321 2394 3429 2440 est.
3445 2400 3642 2443 sensus

2035 2474 2304 2543 superior.
2355 2470 2605 2530 Breviter
2646 2468 2859 2545 singula
2908 2478 3254 2547 exponimus,
3298 2488 3356 2532 ut
3406 2478 3632 2535 tandem

2036 2570 2319 2623 veniamus
2349 2569 2414 2623 ad
2447 2560 2682 2637 calcem,
2720 2584 2786 2623 ne
2825 2568 2869 2624 si
2918 2568 3178 2641 prolixius
3218 2566 3637 2639 scripserimus,

2039 2662 2097 2716 ct
2121 2660 2303 2717 rerum
2329 2660 2690 2727 obscuritate,
2723 2672 2776 2715 et
2805 2662 3074 2717 sermonis
3102 2654 3445 2732 longitudine
3464 2704 3478 2728 ,
3506 2662 3641 2719 Lec-

2036 2748 2174 2809 tor-is
2199 2754 2415 2809 animus
2440 2748 2827 2815 confundatur.

2115 2842 2294 2922 (Vers.
2327 2836 2411 2923 4.)
2434 2844 2500 2902 In
2524 2849 2607 2903 die
2637 2847 2733 2904 illa
2759 2842 2883 2903 dicit
2912 2838 3193 2915 Dominus,
3218 2840 3505 2929 percutiam
3530 2867 3640 2906 om-

2042 2961 2152 2997 nem
2183 2960 2367 3015 equum
2396 2944 2447 2996 in
2479 2950 2761 3013 stuperent,
2793 2952 2840 2998 et
2872 2960 3198 2999 ascensorem
3234 2945 3346 3017 ejus
3377 2945 3427 2998 in
3461 2961 3641 3007 autem

2043 3037 2167 3091 tiam
2198 3052 2217 3090 :
2242 3045 2289 3091 et
2328 3052 2483 3108 super
2510 3037 2723 3091 domum
2749 3026 2893 3091 Iuda
2924 3037 3158 3109 aperiam
3190 3039 3368 3092 oculos
3403 3056 3562 3111 uicos,
3592 3049 3641 3099 et

336 3123 676 3197 Jerusalem,
734 3136 820 3184 est
866 3137 1057 3200 Captus
1096 3142 1123 3184 a
1180 3130 1454 3200 gentibus,
1514 3140 1567 3185 et
1621 3128 1676 3182 in
1724 3128 1935 3183 illarum
1966 3122 2009 3184 C
2044 3149 2242 3186 omnem
2266 3148 2452 3205 equum
2472 3131 2785 3207 populorum
2804 3135 3093 3203 percutiam
3112 3133 3163 3189 in
3188 3124 3370 3211 [Vttlg.
3393 3144 3533 3191 tacet
3560 3133 3637 3207 in]

334 3222 606 3274 transiens
637 3221 988 3289 Societatem,
1046 3228 1270 3293 cogetur
1301 3221 1552 3277 obsidere
1586 3222 1930 3292 metr0polim

334 3316 512 3367 Suam.
546 3313 662 3368 Non
686 3315 861 3369 Solum
893 3322 1071 3370 autem
1111 3314 1376 3369 Dominus
1419 3310 1723 3370 JeruSaIctn
1768 3324 1934 3391 ponet

335 3407 549 3461 eunetis
600 3406 814 3478 pupulis
844 3408 1001 3481 quasi
1047 3407 1467 3479 snperliminare
1516 3410 1787 3479 crapulm;
1837 3408 1932 3462 sed

335 3500 503 3570 ponet
532 3497 678 3555 illam
722 3499 877 3571 quasi
916 3496 1152 3575 lapidem
1199 3504 1383 3557 oneris
1430 3504 1640 3557 eunetis
1695 3500 1932 3573 populis,

337 3610 498 3668 quem
544 3596 635 3666 qui
682 3594 862 3651 levare
893 3592 1152 3665 ‘volue‘rit,
1212 3598 1526 3653 cencisitme
1575 3595 1931 3652 lacerabitur.

336 3685 824 3759 Congregabuntur
875 3688 1020 3744 enim
1075 3690 1336 3746 adversus
1389 3684 1691 3746 Jerusalem
1750 3691 1929 3745 omnia

338 3795 503 3851 regna
543 3789 838 3837 terrarum.
874 3778 987 3839 Mos
1019 3790 1104 3839 est
1150 3784 1205 3839 iii
1250 3784 1476 3839 ttrbibus
1521 3780 1849 3849 Pal-.estiuae,
1884 3797 1941 3842 et

338 3886 513 3945 uSque
550 3874 711 3932 hodie
757 3882 852 3946 per
884 3886 1101 3933 omnem
1132 3876 1378 3933 Judaeum
1409 3886 1569 3934 vetus
1598 3886 1937 3937 consuetudo

348 3980 622 4039 servatur,
656 3976 792 4027 utin
824 3966 1035 4035 victilis,
1070 3972 1313 4050 oppidis,
1348 3982 1401 4029 et
1448 3975 1688 4031 eaStellis
1720 3975 1935 4031 rotundi

342 4068 615 4135 ponantur
646 4062 849 4135 lapides
868 4062 1176 4137 gravissimi
1210 4065 1490 4137 ponderis,
1521 4067 1587 4123 ad
1620 4082 1756 4140 quos
1785 4069 1941 4138 juve-

341 4168 440 4211 nes
479 4153 740 4213 exercere
776 4164 836 4215 se
857 4154 1089 4224 soleant,
1122 4158 1175 4214 et
1199 4166 1297 4216 eos
1323 4164 1420 4235 pro
1450 4162 1716 4217 varietate
1743 4160 1937 4216 virium

341 4246 655 4319 sublevare,
688 4249 781 4306 alii
808 4250 978 4323 usqtie
1007 4248 1073 4307 ad
1096 4262 1290 4324 genua,
1316 4252 1405 4309 alii
1430 4260 1600 4327 uSqu’e
1632 4255 1697 4309 ad
1723 4255 1939 4309 tnubili-

341 4357 488 4410 cum,
512 4342 603 4398 alii
629 4341 699 4399 ad
726 4342 984 4401 humeros
1012 4350 1068 4402 et
1091 4354 1272 4417 caput,
1309 4348 1554 4403 nonnulli
1591 4352 1753 4417 stiper
1776 4346 1941 4403 verti-

343 4448 484 4503 cem,
530 4437 693 4492 rectis
732 4436 1046 4510 iunctisque
1096 4438 1366 4509 itionibus,
1405 4442 1828 4512 Magnitudinem
1859 4440 1939 4496 vi-

344 4531 484 4585 rium
514 4529 974 4599 demenstrantes,
995 4534 1203 4602 pondus
1225 4526 1511 4588 extollant.
1538 4530 1592 4587 lu
1623 4540 1749 4589 arce
1775 4522 1913 4589 Atbe
1966 4514 2019 4582 Ι)

346 4620 643 4691 it’iensittm',
669 4622 822 4696 juxta
855 4626 1200 4681 Simulacrum
1232 4624 1507 4692 Minerva},
1542 4626 1647 4683 vidi
1671 4627 1938 4699 spira-ram

348 4732 555 4774 aeneam
586 4716 893 4789 gravissimi
928 4718 1205 4789 ponderis,
1231 4735 1391 4791 quam
1426 4718 1527 4791 ego
1562 4724 1659 4793 pro
1691 4714 1938 4775 imbecil-

347 4810 502 4867 litate
522 4811 830 4882 corpusculi
862 4828 1081 4867 movere
1107 4815 1193 4867 vix
1224 4812 1395 4885 potui.
1423 4813 1557 4871 Cum
1591 4806 1773 4868 autem
1798 4830 1943 4885 qua?-

340 4908 549 4971 rerem,
606 4890 863 4976 quidnam‘
917 4905 1019 4961 sibi
1051 4902 1256 4974 vellet,
1302 4914 1623 4977 respottsum
1654 4914 1737 4963 est
1765 4907 1946 4967 tibur-

342 4994 433 5054 bis
491 4998 607 5069 ejus
686 4996 1025 5065 culteribus,
1092 5000 1417 5057 athletarum
1484 5002 1537 5057 iu
1598 5002 1691 5058 illa
1762 5000 1943 5058 massa

332 5088 510 5163 ’897
543 5090 918 5148 fortitudinem
958 5092 1343 5166 comprobari,
1377 5110 1479 5151 nec
1519 5096 1669 5166 prius
1699 5095 1765 5150 ad
1807 5112 1940 5169 ago-

348 5197 474 5239 nem
525 5188 850 5255 qncmquam
896 5180 1267 5257 descendere,
1309 5204 1472 5260 quam
1545 5206 1610 5244 ex
1663 5189 1941 5245 levatiOno

349 5276 616 5347 ponderis
645 5279 848 5334 Sciatur
873 5282 994 5349 quis
1020 5280 1103 5335 cui
1137 5280 1331 5337 debeat
1366 5283 1703 5353 comparari.
1739 5283 1944 5338 Sensus

351 5384 482 5442 ergo
510 5370 615 5429 istc
653 5382 737 5429 est
766 5392 779 5427 :
820 5374 1021 5430 Ponam
1054 5374 1357 5432 Jerusalem
1406 5377 1620 5432 cunctis
1654 5379 1936 5449 gentibus,

428 5545 452 5609 ξι
494 5535 752 5609 Mendose
780 5538 983 5608 legerat
1014 5536 1261 5592 Martian.
1289 5540 1413 5595 vim.
1446 5554 1544 5609 pro
1574 5539 1758 5593 uirum.

426 5605 454 5646 δ
494 5608 685 5677 Regin.
727 5605 857 5677 ms.,
889 5610 986 5667 hoc
1009 5622 1084 5665 est
1112 5611 1274 5665 nostri
1300 5653 1315 5676 ,
1348 5613 1434 5680 qui
1451 5605 1653 5666 Christi
1679 5619 1949 5667 censentur

354 5682 583 5757 nurnine,
615 5684 724 5757 Itwc
748 5691 793 5737 et
824 5680 1113 5757 aliaLusquc
1135 5685 1205 5757 att
1225 5684 1379 5757 ﬁnem
1407 5684 1837 5757 mundiquotitlie
1860 5699 1952 5737 ea:-

344 5742 1056 5846 Plendtr'memorant.Qutié
1081 5742 1301 5833 quidem
1357 5752 1540 5828 lectio,
1596 5742 1661 5811 iis
1716 5754 1952 5813 maxime

2036 3228 2289 3282 cwcitate.
2325 3218 2468 3281 LXX
2500 3244 2510 3280 :
2561 3222 2627 3283 In
2660 3224 2745 3280 die
2773 3218 2869 3281 illa
2895 3270 2909 3297 ,
2944 3228 3067 3281 dicit
3102 3220 3359 3287 Dominus
3405 3230 3645 3298 omnipo-

2037 3310 2509 3374 tens:Percutiam
2538 3337 2739 3375 omnem
2763 3338 2949 3395 equum
2982 3321 3035 3373 in
3067 3330 3292 3393 stupore,
3309 3331 3355 3376 et
3388 3339 3637 3380 ascenso-

2035 3430 2143 3467 rem
2168 3416 2283 3484 ejus
2317 3408 2371 3468 in
2399 3414 2625 3469 amentia
2658 3431 2677 3470 :
2703 3430 2864 3489 super
2889 3416 3096 3473 domum
3125 3426 3296 3473 autem
3325 3417 3469 3475 Judu
3505 3435 3634 3492 ape.-

2038 3508 2171 3562 n'am
2193 3508 2369 3563 oculos
2398 3526 2554 3574 meos,
2582 3519 2627 3564 et
2650 3526 2822 3565 omnes
2844 3510 3001 3587 equos
3022 3514 3641 3584 papnlorumpercutiam

2038 3599 2091 3655 in
2124 3602 2370 3656 cwcitate.
2399 3601 2453 3656 lu
2480 3602 2576 3657 illo
2606 3613 2853 3672 tempore
2881 3603 3009 3679 (hoc
3032 3605 3175 3660 enim
3208 3604 3482 3677 signiﬁcat
3504 3604 3641 3676 dies)

2041 3690 2259 3765 quando
2291 3684 2517 3749 obsessa
2555 3686 2719 3753 fuerit
2746 3692 3071 3765 Jerusalem,
3107 3698 3176 3752 ita
3203 3706 3263 3753 ut
3292 3697 3459 3753 Judas
3490 3713 3631 3769 quo-

2040 3802 2145 3858 que
2174 3798 2292 3842 eam
2326 3787 2582 3845 obsidere
2612 3798 2858 3858 cogatur,
2890 3799 2941 3845 et
2972 3789 3273 3849 carnaliter
3298 3799 3354 3849 et
3382 3790 3644 3863 spiritua-

2040 3879 2167 3935 liter
2196 3879 2461 3953 percutiet
2492 3881 2752 3940 Dominus
2782 3897 2974 3936 omnes
3002 3882 3442 3938 adversariorqu
3472 3882 3641 3959 898

2042 3988 2214 4044 equos
2255 3975 2307 4027 iu
2352 3984 2668 4051 stuporem,
2704 3973 2779 4034 ita
2821 3986 2882 4028 ut
2907 3990 3102 4029 omnes
3138 3984 3389 4047 stupeant
3419 3978 3511 4046 qui
3547 3989 3646 4031 eos

2041 4065 2276 4121 viderint
2306 4083 2427 4123 esse
2467 4080 2781 4138 percussas,
2819 4062 2873 4122 et
2913 4084 3238 4125 ascensores
3279 4085 3496 4131 eorum,
3528 4085 3644 4125 ma-

2043 4159 2220 4215 lorum
2254 4170 2543 4230 premente
2590 4160 2989 4232 magnitudine,
3027 4172 3311 4217 vertentur
3357 4162 3408 4217 in
3453 4177 3646 4218 amen-

2044 4251 2195 4319 tiam,
2228 4260 2283 4307 et
2308 4267 2471 4324 super
2493 4252 2716 4313 domum
2746 4251 2917 4318 Juda,
2949 4253 3043 4327 qui
3070 4260 3260 4308 contra
3294 4253 3641 4324 metr0polim

2045 4361 2198 4401 suam
2250 4346 2430 4402 facere
2480 4346 2686 4421 aliquid
2728 4347 3089 4423 cogebantur,
3132 4346 3342 4418 aperiet
3380 4347 3647 4405 Dominus

2047 4440 2235 4495 oculos
2280 4456 2447 4508 suos,
2483 4450 2541 4494 ut
2582 4457 2773 4496 eorum
2807 4439 3159 4511 misereatur,
3200 4448 3255 4495 et
3303 4455 3399 4495 eos
3455 4441 3649 4511 dignos

2046 4550 2144 4588 suo
2174 4533 2330 4589 iaciat
2362 4545 2609 4605 aspectu,
2636 4534 3027 4603 oculorumque
3048 4549 3273 4593 suorum
3300 4535 3533 4591 illustret
3565 4537 3651 4592 lu-

2046 4624 2189 4681 mine
2223 4645 2235 4680 :
2269 4641 2461 4681 omnes
2510 4635 2692 4680 autem
2732 4642 2901 4696 equos
2940 4627 3261 4704 populorum
3290 4637 3492 4685 aeterna
3526 4645 3651 4701 per-

2046 4716 2212 4773 cutiet
2256 4717 2522 4775 emcitate.
2576 4716 2677 4792 Qui
2724 4718 3086 4791 spiritualiter
3136 4721 3261 4797 equi
3308 4721 3649 4799 intelligendi

2047 4814 2176 4879 sint,
2209 4827 2371 4882 supra
2408 4806 2645 4865 diximus
2689 4827 2703 4865 :
2752 4806 2944 4869 Fallax.
2974 4826 3135 4881 equus
3165 4814 3218 4867 in
3256 4814 3475 4868 salutem
3522 4813 3646 4887 (Ps.

2050 4924 2224 4977 xxxu,
2256 4904 2367 4979 l7).
2387 4902 2450 4961 Et
2479 4924 2491 4960 :
2521 4888 2590 4959 Hi
2612 4907 2664 4960 in
2691 4907 3013 4979 curribus,et
3035 4906 3089 4961 lii
3112 4907 3165 4961 in
3188 4909 3329 4977 equis
3353 4906 3472 4981 (Ps.
3498 4924 3648 4977 nix,

2047 4996 2125 5075 8),
2161 5010 2214 5056 et
2242 5010 2440 5056 ca‘tera
2465 5000 2549 5055 bis
2572 4996 2799 5055 similia.
2820 4992 3158 5056 Asc‘cnsores
3182 5015 3400 5075 quoque
3430 5016 3648 5071 eorum,

2046 5095 2129 5150 vel
2153 5094 2450 5159 daemones,
2482 5093 2569 5149 vel
2595 5090 2762 5149 falsos
2791 5095 3085 5166 magistros
3115 5095 3374 5162 diximus,
3411 5095 3503 5169 qui
3535 5110 3653 5151 om-

2046 5206 2146 5245 nes
2179 5190 2230 5244 iu
2263 5198 2543 5260 stuporem
2573 5198 2861 5243 vertentur
2882 5196 2937 5243 ct
2968 5189 3285 5259 amentiam,
3316 5198 3378 5243 ut
3406 5188 3538 5243 nihil
3565 5203 3653 5247 sa-

2047 5299 2177 5353 pere
2224 5282 2650 5337 convincuntur:
2700 5280 2793 5335 sed
2846 5280 3152 5352 palpabiles
3200 5295 3295 5335 eos
3341 5282 3655 5352 opprimant

2047 5377 2311 5445 tenebrae,
2333 5377 2521 5449 quales
2551 5375 2772 5433 fuerunt
2793 5373 3011 5449 quando
3042 5373 3429 5448 Egypliorum
3459 5376 3653 5450 primi-

2051 5535 2255 5599 vcrbie,
2285 5537 2392 5591 Itwc
2426 5545 2473 5590 ct
2495 5536 2623 5602 alia,
2656 5550 2755 5605 pro
2786 5536 2837 5589 in
2872 5531 3133 5600 Ecclesia,
3164 5538 3349 5594 verior
3377 5537 3650 5595 videatur.

2133 5620 2155 5679 εξ
2200 5609 2439 5676 Vocem,
2464 5611 2725 5679 crapulm,
2759 5609 2949 5679 Regia.
2982 5620 3083 5664 ms.
3116 5612 3311 5666 nescit.

2129 5678 2153 5717 ά
2201 5682 2314 5756 Duo
2346 5695 2475 5737 tuss.
2509 5678 2786 5739 scissuram
2811 5678 3227 5756 ,wilmuram
3267 5682 3323 5740 in
3367 5683 3648 5743 terentium

2060 5754 2380 5831 corporibus,
2402 5763 2510 5814 etc.
