4026 6346
464 258 601 319 1511

1715 248 1774 307 S.
1820 244 2091 307 EUSEBII
2135 244 2514 304 lilERONYMI

3630 242 3780 304 1513

462 374 571 445 tiva
604 384 861 443 percussa
894 367 1248 440 sunt(E:rod.
1284 368 1385 440 xi).
1412 367 1590 439 Super
1618 365 1842 421 domum
1873 373 2055 418 autem
2088 376 2140 434 Α
2168 382 2291 419 natn
2329 363 2609 434 principes
2637 362 2771 419 Juda
2810 363 2953 419 sicut
2992 361 3269 420 lornacem
3320 361 3459 434 ignis
3502 361 3557 417 in
3590 361 3779 432 lignis,

459 467 620 533 Juda,
651 464 701 520 id
732 473 835 530 est,
871 465 1127 535 populum
1161 464 1253 534 qui
1292 462 1581 518 confitetur
1612 459 1802 522 Deum,
1835 465 1891 512 et
1925 458 2065 511 trac-

460 568 547 614 tus
577 556 977 627 persecutionis
999 555 1268 626 angustiis
1292 568 1359 609 ac
1388 552 1583 607 timore
1607 549 1953 620 perterritus,
1984 547 2066 602 vi-

460 651 627 707 detur.
650 664 776 706 esse
814 653 866 704 in
913 664 1144 704 numero
1177 646 1621 719 persequentium
1666 659 1679 696 :
1722 643 1929 712 aperiet
1960 639 2070 694 Do-

462 743 641 799 minus
673 741 864 799 oculos
893 755 1026 797 suos
1052 784 1068 809 ,
1106 751 1164 796 ut
1193 740 1485 813 plerosque
1522 735 1783 806 respiciat
1823 734 2069 789 dicentes

457 835 523 890 ad
547 851 606 891 se
631 853 644 890 :
676 834 896 906 Respice
915 835 966 889 in
988 851 1089 904 me,
1112 844 1159 889 et
1185 835 1425 888 miserere
1453 832 1553 887 mei
1583 828 1706 902 (Ps.
1732 825 2064 898 Lxxxv,16),

459 939 515 986 et
547 938 859 984 mereantur
889 928 1083 983 audire
1121 944 1135 981 ;
1167 926 1285 981 Erit
1314 926 1407 979 tibi
1435 924 1691 979 Dominus
1722 921 1897 976 lumen
1922 932 2070 976 teter-

456 1040 579 1078 num
612 1021 768 1092 (lsai.
800 1021 923 1093 ωε).
952 1020 1080 1076 Htec
1105 1028 1191 1075 est
1220 1018 1533 1092 gravissimi
1558 1015 1753 1087 lapidis
1783 1016 2065 1082 laceratio,

454 1130 616 1186 qnant
659 1114 710 1168 in
745 1111 1094 1169 adversarios
1126 1127 1257 1166 suos
1284 1153 1299 1178 ,
1333 1110 1423 1181 qui
1465 1108 1770 1164 Jerusalem
1804 1107 1987 1162 levare
2016 1114 2070 1161 et

453 1222 652 1262 vexare
676 1205 857 1261 conati
880 1213 1030 1270 sunt,
1063 1203 1329 1258 Dominus
1360 1201 1753 1256 comminatur.

525 1299 804 1372 (Vers.5.)
844 1298 908 1353 Et
942 1299 1114 1353 dicent
1145 1297 1303 1350 duces
1324 1294 1470 1349 Juda
1499 1297 1553 1348 in
1585 1294 1736 1347 corde
1762 1308 1853 1346 suo
1888 1307 1903 1344 :
1931 1291 2066 1344 Con-

458 1399 716 1468 [ortentur
749 1394 874 1449 mihi
904 1392 1223 1448 habitatores
1255 1390 1549 1446 Jtrusalem
1578 1392 1630 1443 in
1671 1388 1893 1441 Domino
1924 1403 2069 1440 excr-

459 1491 655 1545 cituum
686 1489 796 1544 Deo
826 1505 1004 1543 eorum
1030 1488 1142 1559 {AL
1170 1487 1314 1559 suo].
1334 1484 1479 1541 LXX
1513 1502 1525 1537 :
1559 1483 1627 1537 Et
1649 1485 1819 1537 dicent
1850 1481 2065 1547 tubuni,

456 1583 509 1639 id
540 1593 617 1638 est
640 1624 656 1649 ,
701 1584 746 1637 οἱ
800 1583 1079 1659 χιλίαρχοι
1103 1620 1118 1647 ,
1157 1579 1303 1634 Juda
1351 1580 1406 1632 in
1444 1576 1687 1631 cordibus
1724 1575 1831 1631 suis
1867 1590 1885 1629 :
1915 1572 2068 1627 Inve-

453 1675 649 1729 niemus
672 1673 836 1740 nobis,
861 1677 948 1745 qui
976 1672 1211 1727 habitant
1242 1669 1540 1725 Jerusalem
1563 1714 1578 1737 ,
1610 1668 1663 1721 in
1695 1666 1917 1721 Domino
1948 1682 2059 1718 ont-

2172 468 2225 512 et
2271 459 2412 512 sicut
2446 457 2616 512 facem
2647 458 2699 511 in
2742 456 2981 528 stipula,
3017 464 3076 510 ut
3107 455 3375 511 devorent
3402 454 3779 520 adversarios,

2170 551 2367 622 quibus
2397 552 2652 607 simulata
2681 549 2926 606 amicitia
2956 550 3350 622 iungebantur.
3377 549 3654 605 Devorent
3681 564 3783 603 au-

2170 656 2278 702 tem
2308 663 2339 701 a
2365 646 2575 703 dextris
2600 654 2655 702 et
2689 646 2956 712 sini5tris,
2980 654 3036 700 et
3056 659 3251 700 omnes
3274 644 3505 715 populos
3530 642 3785 698 occidant

2171 738 2224 792 in
2256 737 2529 808 circuitu,
2572 749 2630 793 ut
2672 754 2887 794 rursum
2919 738 3225 795 Jerusalem
3259 737 3541 808 habitetur
3568 738 3623 792 in
3660 737 3784 791 loco

2170 845 2291 895 suo,
2321 842 2370 887 et
2406 847 2747 904 nequaquam
2780 831 3007 888 hostiles
3054 833 3295 903 impetus
3336 831 3548 887 timeat.
3607 829 3784 887 Urbes

2171 940 2386 994 quoque
2410 935 2466 981 et
2493 924 2688 995 oppida
2712 966 2729 990 ,
2758 940 2821 979 ac
2847 926 3003 979 villas
3023 965 3036 989 ,
3066 934 3123 979 et
3149 922 3361 978 viculos
3393 923 3568 978 tribus
3597 921 3781 986 Judae,

2173 1016 2265 1086 qui
2310 1016 2504 1088 direpti
2554 1016 2769 1072 fuerant
2805 1026 2968 1088 atque
3010 1018 3240 1084 vastati,
3277 1018 3592 1071 instaurent
3638 1016 3786 1071 sicut

2179 1110 2391 1164 fuerant
2416 1122 2710 1178 antequam
2735 1119 3100 1177 vastarentur,
3125 1121 3179 1165 et
3206 1124 3549 1181 nequaquam
3582 1108 3784 1163 domus

2172 1200 2343 1269 regia,
2370 1210 2426 1255 et
2449 1201 2636 1273 inclyti
2661 1217 2726 1256 ac
2757 1202 3033 1271 magnifici
3065 1202 3236 1257 tribus
3264 1202 3401 1258 Juda
3423 1245 3438 1267 ,
3463 1211 3521 1255 et
3555 1200 3778 1255 habita-

2172 1303 2316 1350 tores
2362 1296 2666 1352 Jerusalem
2713 1296 3018 1367 glorientur
3060 1298 3327 1353 adversus
3366 1298 3566 1354 tribum
3619 1297 3785 1369 900

2170 1386 2339 1453 Jttln,
2372 1390 2516 1460 quod
2546 1406 2647 1445 suo
2670 1404 2891 1462 regatur
2916 1391 3173 1461 imperio,
3207 1408 3307 1448 suo
3330 1393 3562 1447 consilio
3585 1393 3785 1463 guber-

2172 1491 2363 1548 netur;
2396 1483 2491 1537 sed
2522 1483 2700 1538 sciant
2726 1485 2870 1555 quod
2903 1485 3123 1540 Domini
3152 1484 3223 1541 sit
3247 1487 3298 1540 in
3333 1488 3586 1557 utrisque
3613 1487 3785 1540 victo-

2172 1576 2275 1628 ria.
2309 1574 2439 1630 Ηωο
2462 1576 2620 1644 juxta
2652 1576 2933 1632 historiam
2959 1593 3054 1633 seu
3083 1577 3224 1632 facta
3255 1578 3398 1641 sint,
3431 1593 3529 1633 seu
3567 1578 3781 1643 futura,

2173 1671 2335 1726 ﬁdem
2369 1688 2549 1726 rerum
2583 1671 2799 1727 Domini
2826 1671 3032 1742 judicio
3068 1672 3465 1743 relinquentes,
3493 1682 3551 1728 et
3581 1674 3787 1727 sanctis

455 1768 713 1837 nipotente
758 1765 867 1821 Deo
890 1783 1087 1821 eorum.
1116 1766 1251 1821 Cum
1282 1762 1560 1835 aperuerit
1590 1760 1853 1816 Dominus
1875 1760 2063 1815 oculos
2096 1775 2143 1835 Β
2169 1765 2311 1836 ejus,
2346 1765 2438 1836 qui
2463 1766 2531 1821 ab
2557 1782 2623 1821 eo
2648 1766 2940 1836 sapientiae
2966 1781 3032 1821 ac
3063 1766 3313 1821 veritatis
3338 1766 3598 1836 spiritum
3632 1780 3786 1820 rece-

458 1874 589 1915 suos
620 1874 787 1931 super
818 1857 1036 1925 ludam,
1070 1867 1125 1913 et
1154 1857 1708 1928 percusseritomnes
1738 1865 1908 1922 equos
1938 1865 2068 1920 gen-

463 1954 593 2009 titnn
614 1954 878 2021 ctecitate,
904 1952 1074 2010 duces
1091 1951 1251 2015 Juda,
1280 1950 1349 2005 de
1370 1964 1475 2020 quo
1504 1962 1667 2018 supra
1695 1946 1900 2001 dictum
1928 1954 2013 1999 est
2047 1959 2062 1997 :

459 2046 566 2103 Sed
595 2057 643 2101 et
670 2045 840 2102 Judas
869 2048 965 2101 erit
992 2047 1045 2100 in
1079 2046 1347 2100 obsidione
1376 2052 1558 2097 contra
1594 2040 1911 2107 Jerusalem,
1943 2049 2064 2092 vota

468 2141 673 2197 facient
695 2142 747 2195 in
773 2141 1034 2196 cordibus
1063 2140 1197 2206 suis,
1234 2138 1358 2208 quia
1392 2136 1538 2206 loqui
1572 2134 1742 2190 libere
1766 2150 1871 2188 non
1904 2131 2071 2187 aude-

459 2237 692 2303 bunt,ttt
711 2234 892 2290 vincat
915 2234 1245 2299 Jerusalem,
1272 2231 1521 2287 elvictus
1556 2228 1725 2284 Judas
1746 2244 1866 2282 cum
1894 2226 2069 2281 hosti-

456 2328 555 2383 bus
581 2329 761 2383 vincat
785 2342 903 2383 cum
924 2326 1136 2382 civibus
1162 2325 1293 2378 suis.
1316 2323 1419 2378 Pro
1433 2339 1499 2379 eo
1517 2322 1659 2393 quod
1681 2336 1777 2375 nos
1795 2320 2064 2375 diximus:

454 2414 811 2492 confor‘lentur
859 2419 1008 2487 mihi,
1065 2428 1119 2475 et
1157 2416 1303 2472 LXX
1338 2416 1737 2471 transtulerunt
1780 2415 2064 2489 εὑρήσομεν

455 2513 683 2579 ἑαυτοῖς,
700 2514 1014 2568 inveniemus
1042 2512 1226 2579 nobis;
1253 2514 1308 2567 in
1340 2511 1605 2566 llehraico
1629 2510 1889 2579 scriptum
1921 2524 2065 2563 εκδΑ

458 2590 600 2678 ιιι(θῆ
623 2605 1000 2678 i'lZs‘DR),quod
1013 2605 1204 2677 Aquila
1230 2605 1853 2681 transtulit,xaprs'pnaov
1877 2623 1986 2674 μοι,
2012 2599 2065 2655 id

455 2710 573 2769 est,
604 2699 841 2770 conforta
868 2699 1035 2769 mihi,
1070 2708 1129 2753 ut
1158 2698 1232 2753 sit
1261 2712 1459 2753 sensus
1493 2714 1507 2751 :
1537 2696 1817 2766 Optabunt
1842 2692 2068 2749 chiliar—

453 2792 567 2860 ehi,
601 2800 655 2847 et
685 2791 909 2860 tribuni,
937 2807 1002 2847 ac
1031 2791 1199 2848 duces
1227 2790 1390 2856 Juda,
1420 2791 1589 2863 899
1615 2805 1679 2845 ac
1700 2801 1827 2844 vota
1857 2786 2065 2842 facient

456 2886 509 2940 in
537 2885 863 2942 abscondito
904 2884 1102 2940 mentis
1130 2900 1360 2951 arcano,
1394 2892 1450 2939 ut
1497 2884 1643 2939 Deus
1669 2882 1936 2939 confortet
1968 2879 2068 2934 ha-

454 2980 720 3037 bitatores
748 2980 1053 3037 Jerusalem
1094 2981 1146 3035 in
1184 2979 1416 3035 Domino
1444 2979 1557 3035 Deo
1597 2994 1727 3048 suo,
1750 2987 1807 3033 et
1838 2976 2059 3031 vincant

453 3076 798 3131 adversarios
821 3091 975 3130 suos.
999 3074 1167 3131 Juxta
1196 3075 1581 3146 tropologiam,
1601 3073 1768 3128 duces
1794 3086 1859 3126 ac
1889 3069 2065 3125 tribu-

2172 1869 2391 1927 perunt.
2425 1856 2535 1912 Nos
2579 1856 2850 1924 dicamus,
2893 1858 3041 1930 quod
3082 1867 3331 1929 tempore
3379 1858 3786 1927 persecutionis

2170 1949 2454 2019 Ecclesiae,
2500 1951 2671 2007 duces
2715 1960 2772 2007 et
2817 1951 3026 2007 tribuni
3075 1951 3313 2006 nominis
3344 1949 3678 2019 Christiani,
3713 1950 3781 2007 de

2167 2043 2367 2113 qnibns
2395 2060 2563 2114 supra
2606 2044 2886 2099 diximus:
2921 2060 3043 2099 cum
3080 2044 3340 2099 Dominus
3366 2058 3559 2114 pacem
3603 2043 3786 2099 reddi-

2168 2138 2311 2192 derit
2341 2137 2668 2202 Jerusalem,
2715 2150 2770 2193 et
2801 2138 3152 2195 interfecerit
3176 2136 3560 2193 adversarium
3589 2136 3784 2208 spiritu

2168 2232 2281 2287 oris
2315 2233 2419 2301 sui,
2449 2232 2619 2288 futuri
2643 2232 2930 2303 sintquasi
2963 2233 3213 2289 caminus
3246 2233 3387 2304 ignis
3420 2233 3474 2288 in
3506 2232 3697 2302 lignis,
3727 2242 3785 2289 ut

2168 2325 2439 2382 devorent
2468 2324 2841 2382 infructuosae
2873 2327 3122 2391 arbores,
3152 2335 3208 2382 et
3239 2327 3381 2381 sicut
3406 2325 3557 2382 faces
3597 2326 3654 2382 in
3680 2326 3784 2381 sti-

2171 2418 2318 2488 pula,
2349 2426 2407 2472 ut
2433 2418 2822 2490 quodcumque
2855 2420 3190 2475 frumentum
3224 2435 3335 2474 non
3370 2420 3559 2487 habet,
3585 2428 3647 2474 et
3669 2419 3783 2476 cir-

2167 2515 2473 2571 cumfertur
2504 2519 2653 2571 omni
2685 2524 2852 2571 vento
2896 2517 3189 2581 doctrinae,
3226 2516 3478 2571 tradatur
3502 2516 3779 2571 incendio.

2177 2609 2241 2662 Et
2274 2607 2617 2663 devorabunt
2672 2607 2902 2679 (inquit)
2946 2606 3117 2663 duces
3157 2606 3323 2670 Juda,
3376 2615 3432 2660 et
3460 2605 3669 2680 tribuni
3713 2604 3782 2662 ad

2166 2703 2473 2773 dexteram,
2507 2713 2562 2758 et
2584 2703 2653 2757 ad
2684 2702 2989 2767 sinistram,
3020 2716 3118 2757 eos
3147 2701 3241 2770 qui
3272 2702 3326 2757 in
3359 2700 3547 2756 medio
3578 2702 3780 2758 itinere

2169 2797 2426 2853 incedere
2444 2798 2762 2864 noluerunt,
2782 2810 2884 2851 nec
2906 2795 3143 2854 scierunt
3166 2794 3273 2867 [AL
3299 2793 3600 2866 nesciunt].
3623 2798 3783 2872 ὑπερ-

2171 2894 2323 2954 ϐολάς
2354 2908 2477 2949 esse
2514 2896 2711 2959 κακίας,
2750 2891 2895 2946 unde
2942 2891 3036 2944 Dei
3066 2890 3302 2960 pepulus
3330 2889 3649 2958 pollicetur,
3682 2904 3779 2946 nec

2168 2986 2234 3040 ad
2256 2985 2558 3051 dexteram,
2602 2998 2701 3039 nec
2744 2982 2813 3037 ad
2853 2982 3138 3036 sinistram
3184 2979 3636 3048 declinabimns,
3692 2981 3778 3037 via

2170 3094 2319 3136 recta
2369 3079 2688 3150 gradiemur
2728 3076 2899 3145 (Nunt
2931 3075 3048 3147 xx).
3100 3075 3198 3129 Via
3243 3074 3497 3143 dextera,
3540 3074 3779 3145 parcitas

452 3167 506 3221 ni
530 3167 763 3239 apostoli
800 3176 961 3235 sunt,
996 3175 1051 3223 et
1078 3183 1270 3223 omnes
1294 3166 1578 3237 apostolici
1603 3164 1705 3221 viri
1731 3177 1893 3236 atque
1922 3165 2053 3218 doc—

2166 3184 2263 3240 est,
2290 3190 2451 3245 quam
2480 3173 2655 3229 Graeci
2680 3170 2929 3248 φειδολίαν
2948 3179 3146 3225 vocant
3171 3187 3186 3225 :
3208 3168 3453 3234 sinistra,
3489 3169 3774 3225 luxuries:

452 3271 622 3325 tores,
653 3260 745 3331 qui
784 3259 989 3315 Christi
1025 3260 1283 3315 exercitui
1324 3259 1681 3329 praefuerunt,
1716 3260 1808 3330 qui
1840 3257 2057 3311 nollent

436 3354 550 3409 'sibi
583 3355 722 3409 alios
755 3353 1003 3409 invenire
1048 3352 1157 3407 nisi
1186 3369 1283 3408 eos
1319 3353 1411 3423 qui
1457 3350 1707 3406 habitent
1737 3352 1789 3405 in
1821 3350 2057 3407 Jerusa-

447 3447 580 3515 lem,
611 3448 818 3503 visione
849 3447 1020 3518 pacis,
1051 3455 1106 3502 et
1127 3446 1218 3517 qui
1244 3444 1493 3500 habitent
1525 3444 1577 3499 in
1601 3442 1837 3499 Domino
1868 3446 2045 3500 omni-

452 3551 676 3611 potente
719 3541 829 3595 Deo
868 3555 990 3596 suo.
1027 3540 1102 3595 De
1134 3538 1220 3594 bis
1260 3537 1497 3594 ducibus
1541 3537 1744 3593 Paulus
1775 3539 2058 3609 apostolus

452 3637 568 3702 fuit,
594 3636 685 3707 qui
710 3637 915 3691 invenit
943 3636 1148 3699 Titum,
1173 3644 1228 3689 et
1254 3633 1601 3689 Timotheum
1622 3675 1635 3700 ,
1667 3632 1869 3688 Lucam
1893 3646 2058 3704 atque

453 3728 745 3801 Sylvannm
780 3747 792 3782 :
840 3729 1031 3785 Petrus
1060 3741 1277 3798 quoque
1316 3724 1409 3798 qui
1446 3726 1688 3782 Marcum
1721 3726 2054 3796 scriptorem

457 3821 695 3877 erudivit
720 3820 994 3891 Evangelii
1022 3819 1132 3893 [AL
1166 3820 1220 3875 in
1272 3816 1609 3892 Evangelia],
1630 3830 1684 3874 et
1712 3817 1899 3874 cteteri
1926 3835 2054 3889 apo-

450 3915 575 3970 stoli
608 3914 695 3985 qui
727 3928 943 3969 onmem
977 3911 1237 3968 mundum
1268 3926 1363 3965 sua
1393 3910 1644 3965 doctrina
1668 3920 1724 3967 et
1745 3911 2058 3967 eruditione

450 4012 883 4081 compleverunt,
906 4020 965 4065 ut
986 4010 1250 4065 haberent
1274 4007 1573 4079 discipulos
1602 4008 1939 4064 habitatores
1967 4008 2058 4064 Je-

528 4107 719 4161 salem.

528 4124 579 4157 .a
608 4122 637 4161 e
703 4141 719 4158 .

454 4121 704 4268 mZVlerI:
736 4194 791 4261 6,
823 4192 904 4266 7.)
948 4192 1012 4248 In
1049 4194 1130 4248 die
1176 4194 1271 4248 illa
1321 4209 1514 4263 ponant
1555 4191 1715 4247 duces
1744 4190 1887 4246 Juda
1925 4193 2056 4247 sicut

447 4304 706 4344 caminum
736 4288 869 4358 ignis
908 4288 959 4341 in
1005 4288 1180 4360 lignis,
1210 4296 1257 4340 et
1288 4287 1426 4341 sicut
1449 4288 1615 4353 facem
1641 4285 1777 4357 ignis
1806 4287 1859 4339 in
1886 4285 2005 4356 (eno
2038 4301 2057 4341 :

441 4393 487 4439 et
515 4383 832 4437 devorabunt
856 4382 926 4435 ad
955 4382 1221 4445 dextram,
1252 4390 1296 4434 et
1326 4381 1395 4433 ad
1424 4380 1716 4446 sinistram,
1751 4396 1928 4435 omnes
1958 4397 2055 4451 po-

451 4481 604 4547 pulos
634 4481 686 4532 in
719 4479 938 4532 circuitu
968 4495 987 4532 :
1016 4487 1062 4532 et
1096 4476 1414 4531 habitabitur
1453 4474 1753 4533 Jerusalem
1779 4494 1960 4531 rursus
2000 4478 2055 4530 in

2164 3267 2341 3323 media
2375 3279 2635 3339 rectaque
2666 3267 2973 3337 frugalitas.
3006 3263 3212 3319 Omnes
3245 3262 3409 3334 igitur
3438 3263 3534 3331 qui
3568 3272 3697 3317 sunt
3721 3262 3773 3319 in

2161 3364 2244 3417 via
2270 3362 2701 3433 dextra,quihus
2727 3360 2931 3415 dicitur
2957 3376 2969 3412 :
3007 3357 3090 3412 Ne
3117 3359 3188 3412 sis
3216 3360 3386 3424 iustus
3414 3357 3569 3411 nimis
3596 3354 3768 3429 (Eccl.

2162 3472 2258 3522 vn,
2313 3457 2446 3527 l7):
2483 3457 2545 3510 Et
2592 3455 2645 3510 in
2701 3455 2960 3520 sinistra,
2992 3452 3083 3524 qui
3110 3450 3379 3507 audiunt:
3424 3449 3537 3506 Via:
3561 3466 3680 3522 quin
3705 3449 3774 3504 ad

2158 3550 2423 3605 sinistram
2440 3557 2585 3616 sunt,
2616 3563 2870 3620 perversa:
2892 3556 3013 3601 sunt
3037 3543 3222 3617 (Prov.
3249 3559 3324 3612 tv,
3352 3543 3471 3613 ‘27),
3502 3544 3772 3600 devorans

2160 3644 2374 3698 ﬂamma
2404 3651 2715 3705 consumet,
2748 3638 3057 3697 etdesertis
3084 3637 3426 3693 adversariis
3452 3646 3621 3708 atque
3646 3637 3771 3693 sub-

2161 3736 2309 3805 latis,
2349 3750 2569 3791 rursum
2596 3734 2944 3800 Jerusalemi,
2975 3732 3028 3787 id
3052 3740 3138 3787 est
3165 3731 3446 3797 Ecclesia,
3479 3731 3768 3801 pristinum

2159 3830 2393 3901 gloriam
2418 3828 2673 3897 recipiet,
2705 3836 2761 3882 et
2792 3827 2897 3882 erit
2922 3826 2975 3879 in
3011 3839 3112 3879 suo
3138 3833 3303 3887 statu,
3338 3821 3569 3878 etJudte
3592 3822 3768 3879 taber-

2162 3924 2352 3978 nacula
2386 3922 2767 3985 salvabunlur,
2816 3928 2930 3974 toto
2967 3917 3103 3973 orbe
3132 3917 3390 3985 dispersa
3420 3915 3767 3971 Christiano-

2160 4033 2281 4071 rum
2310 4015 2699 4081 conciliabula,
2729 4014 2798 4070 de
2819 4014 3022 4084 quibus
3052 4012 3209 4083 quasi
3232 4010 3486 4067 tentoriis
3506 4020 3564 4069 et
3593 4011 3767 4066 tuber.

2161 4110 2373 4166 nacnlis
2401 4109 2480 4165 ire
2502 4108 2756 4177 cupimus
2782 4107 2849 4162 ad
2882 4106 3131 4173 domum,
3163 4120 3290 4175 quae
3316 4120 3425 4159 non
3455 4112 3544 4160 est
3571 4119 3761 4158 manu-

2160 4204 2325 4270 facta,
2355 4212 2409 4258 et
2458 4202 2527 4258 ad
2558 4202 2840 4258 rmlestem
2871 4198 3205 4256 Jerusalem.
3255 4197 3560 4268 Propterea
3586 4208 3760 4252 autem

2164 4295 2514 4351 tabernacula
2561 4294 2733 4363 plebis
2782 4300 2839 4348 et
2891 4291 3144 4347 omnium
3185 4290 3277 4358 qui
3330 4299 3641 4345 censentur
3670 4304 3765 4343 no-

2161 4390 2310 4445 mine
2340 4387 2677 4454 Christiano,
2701 4397 2756 4441 et
2787 4393 3111 4455 reputantur
3143 4383 3197 4437 in
3228 4380 3447 4451 vulgus,
3479 4382 3758 4451 antiquam

2168 4498 2355 4553 pacem
2390 4481 2655 4548 recipient
2707 4478 2950 4534 obsessis
2982 4475 3361 4533 Eeclesiarum
3393 4474 3758 4543 principibus,

448 4576 564 4628 loco
590 4590 701 4634 suo,
736 4574 793 4626 in
823 4570 1141 4627 Jerusalem.
1181 4572 1246 4626 Et
1279 4571 1503 4626 salvabit
1532 4569 1791 4626 Dominus
1817 4571 2056 4626 taberna-
2084 4549 2219 4630 Det
2261 4577 2315 4629 in
2350 4573 2531 4644 fugam
2564 4573 2761 4640 versis,
2799 4581 2857 4625 ut
2890 4583 3236 4640 nequaquam
3271 4574 3470 4637 putant
3514 4564 3759 4637 magistri

450 4668 571 4723 cula
593 4665 628 4720 Ι
634 4667 755 4733 uda,
780 4669 913 4721 sicut
938 4668 988 4720 in
1013 4667 1271 4737 principio
1300 4683 1319 4721 :
1348 4674 1402 4720 ut
1426 4682 1530 4720 non
1564 4666 1839 4738 magniﬁce
1865 4666 2057 4737 glorie-

452 4770 538 4815 tur
563 4760 742 4813 domus
767 4758 956 4817 David.
982 4772 1029 4814 et
1052 4759 1224 4830 gloria
1246 4759 1593 4814 habitantium
1612 4758 1907 4813 Jerusalem
1934 4776 2058 4813 con-

452 4862 532 4908 tra
562 4853 759 4907 Judam
787 4868 805 4906 :
836 4850 981 4907 LXX
1014 4869 1028 4906 :
1061 4850 1130 4905 In
1151 4850 1237 4905 die
1267 4850 1386 4916 illa,
1422 4868 1613 4922 ponam
1642 4851 1880 4905 tribunos
1909 4847 2055 4905 Juda

455 4948 585 5001 sicut
618 4955 808 4999 torrem
853 4946 986 5016 ignis
1017 4945 1069 4998 in
1107 4944 1294 5016 lignis,
1325 4954 1373 4999 et
1402 4946 1549 5011 sicut
1607 4946 1785 5012 fenum
1830 4944 1965 5014 ignis
2004 4943 2061 4997 in

450 5039 676 5108 stipula,
707 5048 752 5094 et
782 5040 1098 5094 devorabunt
1123 5057 1155 5093 a
1184 5039 1387 5094 dextris
1426 5048 1471 5093 et
1500 5040 1727 5093 sinistris
1755 5055 1928 5094 omnes
1958 5055 2053 5111 po-

452 5131 608 5202 pulos
639 5129 851 5185 Dontini
878 5148 969 5201 per
998 5130 1295 5200 circuitunt,
1337 5142 1382 5185 et
1413 5130 1733 5185 habitabitur
1759 5131 2056 5185 Jerusalem

452 5224 626 5278 adhuc
650 5223 703 5278 in
730 5224 1026 5293 semetipsa,
1057 5233 1103 5278 et
1148 5224 1292 5278 salva
1326 5224 1481 5293 faciet
1524 5223 1780 5277 Dominus
1810 5223 2057 5277 taberna-

453 5313 903 5380 culaJuda,sicut
925 5334 955 5368 a
986 5316 1247 5386 principio
1273 5330 1293 5369 :
1324 5326 1378 5368 ut
1411 5332 1516 5369 non
1538 5316 1901 5386 magniﬁcetur
1932 5317 2050 5389 glo-

455 5413 534 5465 ria
562 5412 746 5464 domus
779 5410 972 5478 David,
998 5421 1043 5465 et
1075 5411 1231 5466 elatio
1264 5410 1615 5464 habitatorum
1644 5407 1942 5465 Jerusalem
1966 5428 2054 5464 su-

455 5524 544 5576 pt’r
570 5505 787 5561 Judam.
818 5505 1046 5574 Quando
1076 5507 1245 5559 duces
1273 5506 1411 5560 Juda
1449 5507 1695 5561 dixerint
1717 5506 1768 5561 itt
1796 5507 2052 5559 cordibus

442 5588 569 5653 Δειιίς
604 5615 616 5649 :
657 5597 921 5652 Cnnforta
952 5597 1107 5662 inihi,
1151 5597 1403 5663 Domine,
1432 5598 1686 5653 obsessos
1717 5597 2052 5665 Jerusalem,

460 5703 517 5747 ut
545 5692 634 5762 qni
654 5708 748 5747 sua
773 5693 1142 5749 imbecillitate
1164 5693 1289 5747 victi
1324 5702 1472 5758 sunt,
1499 5702 1592 5747 tuo
1616 5703 1875 5763 superent
1904 5695 2055 5747 auxi-

455 5786 529 5849 lio
568 5802 577 5838 :
604 5791 731 5839 tunc
763 5801 861 5857 ego
890 5784 1155 5842 Dominus
1180 5787 1529 5859 omnipotens
1560 5788 1702 5846 Deus
1725 5802 2055 5862 eorum,po-

2161 4679 2328 4735 atque
2356 4667 2614 4721 dontores
2646 4680 2743 4719 sua
2791 4663 3045 4717 doctrina
3075 4670 3129 4714 et
3164 4656 3435 4730 sapientia
3469 4674 3482 4712 :
3516 4658 3611 4714 sed
3657 4656 3757 4712 Do-

2163 4758 2296 4813 mini
2321 4757 2523 4810 auxilio
2552 4769 2738 4825 pacem
2769 4751 3033 4809 Ecclesiis
3056 4750 3349 4807 redditam.

2232 4853 2414 4924 (Vers.
2449 4850 2531 4921 8.)
2588 4847 2654 4903 In
2701 4849 2785 4903 die
2827 4847 2923 4902 illa
2953 4857 3185 4919 proteget
3214 4845 3471 4899 Dominus
3500 4843 3755 4897 habitato-

2160 4962 2241 5018 res
2270 4942 2585 5010 Jerusalem,
2616 4953 2665 4997 et
2701 4942 2796 4997 erit
2825 4943 2913 5013 qui
2944 4939 3221 5007 offenderit
3246 4955 3313 4994 ea:
3338 4939 3415 4993 eis
3441 4939 3497 4992 in
3523 4938 3612 4991 die
3638 4938 3751 5017 illa;

2159 5040 2309 5110 quasi
2351 5036 2521 5091 David
2555 5052 2571 5089 :
2609 5035 2674 5089 Et
2712 5036 2894 5089 domus
2922 5033 3119 5100 David,
3149 5033 3295 5103 quasi
3340 5031 3462 5095 Dei,
3488 5036 3618 5085 sicut
3649 5032 3752 5083 An-

2157 5137 2300 5207 gelus
2328 5134 2543 5189 Dantini
2573 5135 2914 5204 inconspectu
2939 5147 3137 5186 eorunt.
3161 5129 3306 5186 LXX
3329 5149 3341 5161 '
3372 5128 3441 5184 Et
3464 5129 3563 5183 erit
3593 5129 3645 5182 in
3671 5127 3750 5180 die

2157 5231 2273 5297 illa,
2301 5240 2531 5301 proteget
2577 5227 2831 5281 Dominus
2881 5224 3192 5279 habitatores
3231 5220 3527 5277 Jerusalem
3550 5237 3571 5287 ;
3594 5230 3640 5274 et
3667 5217 3750 5286 qui

2156 5325 2393 5393 infirmus
2416 5323 2467 5375 in
2496 5326 2568 5376 eis
2592 5321 2747 5391 fuerit
2779 5321 2831 5373 in
2866 5319 2948 5372 dic
2970 5317 3086 5385 illa,
3139 5320 3233 5371 erit
3265 5317 3413 5386 quasi
3436 5315 3621 5370 domus
3644 5312 3748 5367 Da-

2154 5418 2271 5482 vid;
2298 5426 2341 5470 et
2374 5416 2558 5469 domus
2578 5413 2739 5484 901
2791 5412 2995 5476 David,
3028 5413 3178 5483 quasi
3208 5411 3391 5464 domus
3423 5409 3553 5475 Dei,
3588 5418 3633 5462 et
3653 5424 3748 5460 an-

2154 5507 2297 5579 gelus
2323 5507 2532 5561 Domini
2565 5508 2614 5559 in
2637 5514 2913 5575 conspectu
2933 5521 3133 5558 corum.
3164 5503 3301 5559 Juda
3330 5502 3617 5556 obtinente
3640 5502 3747 5554 vic-

2157 5604 2373 5668 toriam,
2410 5611 2467 5657 et
2494 5601 2727 5655 Domino
2760 5602 3081 5656 restituente
3114 5597 3468 5652 tabernacula
3498 5598 3617 5666 ejus
3643 5596 3747 5648 sic-

2157 5703 2215 5748 ut
2247 5692 2465 5748 fuerant
2494 5708 2521 5745 a
2557 5692 2856 5762 principio,
2892 5703 2947 5746 ut
2988 5704 3327 5762 nequaquam
3359 5688 3558 5743 domus
3596 5687 3745 5756 regia

2155 5798 2348 5859 contra
2376 5788 2635 5860 populum
2661 5787 2950 5861 glorietur,
2979 5787 3034 5843 in
3063 5785 3155 5843 illa
3176 5783 3267 5841 die
3294 5793 3348 5841 et
3378 5782 3433 5839 in
3477 5782 3575 5840 illo
3608 5792 3747 5841 tenui
