4056 6342
307 252 447 313 1515

1016 262 1673 334 COMMENTARIURUM
1714 270 1778 329 IN
1818 268 2232 334 ZACHARIAM
2269 277 2400 337 LIB.
2440 279 2530 344 ΙΙΙ.
2561 284 2712 345 CAP.
2756 289 2873 347 XII.

3469 299 3608 359 15H

303 382 462 440 pore.
502 374 763 432 Dominus
793 376 974 449 (cujus
1024 381 1234 439 auxilio
1277 383 1447 441 Judas
1474 402 1504 442 a
1534 388 1743 446 dextris
1774 397 1831 445 et
1874 403 1902 442 a
1932 388 1986 450 Α
2009 398 2192 446 autem
2239 392 2542 466 ell'usionis,
2592 415 2814 460 sensum
2861 404 3131 477 largitatis
3160 411 3436 469 ostendit:
3470 415 3616 471 sicut

303 462 548 519 sinistris
593 466 948 527 adversarios
992 472 1305 547 devorabit)
1338 490 1586 553 proteget
1619 482 1781 537 etiam
1810 480 1907 538 oh-

302 568 487 611 sessos
514 556 857 618 Jerusalem:
888 574 945 621 et
974 566 1031 621 in
1061 575 1267 622 tantam
1298 567 1619 630 felicitatem
1639 590 1704 631 ac
1730 574 1902 631 beati-

302 648 550 705 tudinem
582 654 764 710 omnia
795 659 1173 729 mutabuntur,
1209 666 1381 736 utqui
1409 667 1712 724 vilissimus
1743 678 1901 740 puta-

300 738 486 811 batur,
521 744 594 800 sit
623 748 778 819 quasi
804 749 1002 807 domus
1031 756 1212 827 regia;
1266 766 1320 814 et
1351 760 1443 830 qui
1476 762 1543 817 de
1568 762 1732 819 domo
1747 738 1902 835 regia

297 845 441 904 erat,
477 838 551 893 sit
578 842 737 911 quasi
770 843 839 899 de
869 845 1033 901 domo
1069 848 1189 916 Dei,
1246 844 1299 907 id
1350 861 1465 923 est,
1493 857 1649 926 quasi
1677 858 1903 913 nuntius

300 928 521 987 Domini
550 943 607 990 et
635 939 902 1008 angelicae
931 940 1220 1013 dignitatis
1258 945 1311 1001 in
1346 958 1652 1020 conspectu
1681 965 1901 1019 eorum,

296 1026 392 1095 qui
408 1040 473 1081 eo
488 1037 732 1100 tempore
751 1032 958 1090 fuerint
974 1038 1254 1095 resalvati.
1269 1039 1429 1097 Juxta
1447 1059 1722 1117 anagogen
1742 1068 1755 1102 :
1772 1047 1904 1103 Pro-

298 1126 447 1192 teget
465 1122 593 1178 Dom
605 1125 726 1182 inus
744 1126 1082 1187 habitatores
1097 1132 1518 1207 Ecclesim,pace
1534 1139 1901 1197 Ecclesiarum

298 1226 422 1285 post
450 1222 888 1287 persecutionem
912 1227 1300 1297 gravissimam
1334 1231 1570 1301 reddita,
1594 1235 1813 1305 quando
1848 1245 1903 1293 et

297 1307 381 1362 sui
416 1310 652 1367 nominis
687 1312 1154 1384 interpretatione
1175 1321 1528 1379 decorabitur
1562 1344 1574 1377 :
1609 1324 1902 1382 Jerusalem

296 1400 443 1456 enim
475 1403 602 1457 risio
630 1408 775 1476 pacis
804 1412 1163 1479 exprimitur.
1213 1413 1281 1469 Et
1308 1423 1419 1471 tam
1448 1416 1596 1473 beati
1627 1429 1789 1473 erunt
1812 1420 1901 1491 qui

300 1506 403 1562 pro
438 1495 688 1554 Ecclesia
720 1500 1047 1574 militarunt,
1103 1516 1158 1561 et
1189 1508 1242 1562 in
1282 1512 1671 1579 persecutione
1714 1513 1901 1569 Domi-

296 1600 424 1641 num
448 1600 575 1643 sunt
603 1591 843 1649 confessi
870 1613 884 1649 :
916 1605 976 1651 ut
996 1598 1087 1669 qui
1123 1599 1383 1656 minimus
1413 1602 1614 1673 fuerit,
1666 1614 1718 1659 et
1747 1606 1900 1676 quasi

298 1690 323 1720 ⁸
338 1681 503 1739 homo
531 1688 582 1741 in
595 1688 783 1759 aliquo
810 1700 1033 1758 peccato
1051 1693 1307 1766 dictoque
1329 1696 1648 1765 offenderit,
1668 1710 1903 1771 ponatur

2008 483 2359 542 manifestum
2393 498 2481 544 est
2528 491 2579 547 in
2626 510 2693 550 eo
2742 496 2884 568 quod
2912 498 3150 557 diximus
3181 519 3193 556 :
3223 502 3467 560 Charitas
3519 506 3614 563 Dei

2007 574 2202 643 lli/fusa
2232 588 2308 633 est
2327 580 2382 635 in
2409 585 2650 641 cordibus
2680 592 2885 649 vestris.
2920 592 2985 648 Et
3008 594 3060 649 in
3092 595 3199 651 alio
3237 597 3358 654 loco
3381 615 3445 655 ex
3480 616 3606 670 per-

2005 682 2140 723 sona
2173 672 2266 727 Dei
2302 694 2315 728 :
2347 672 2637 743 E/fundam
2657 682 2721 735 de
2740 685 2931 754 spiritu
2953 703 3065 741 meo
3090 705 3248 753 super
3268 708 3471 747 omnem
3497 711 3615 749 caro

2007 777 2122 860 nem
2155 761 2323 860 (Joel.
2359 783 2418 835 η,
2445 768 2519 825 29
2535 770 2577 843 ).
2632 772 2736 842 Qui
2774 776 2845 832 sit
2898 789 3082 837 autem
3136 784 3362 854 spiritus
3392 790 3608 860 gratim,

2005 851 2148 909 idem
2177 855 2473 927 Apostolus
2501 862 2747 935 loquitur
2776 870 2841 925 ad
2878 872 3138 931 llebrmos
3216 851 3422 946 Quanti)
3448 851 3611 956 magis

2005 950 2197 1018 putatis
2228 951 2483 1009 deteriora
2506 960 2693 1014 mereri
2727 964 2989 1036 supplicia
3018 985 3133 1023 eum
3173 974 3262 1043 qui
3292 971 3493 1029 Filium
3514 950 3612 1033 Dei

2003 1045 2410 1113 conculcaverit,
2440 1060 2487 1103 et
2515 1055 2826 1125 sanguinem
2848 1066 3139 1118 testamenti
3167 1068 3428 1136 pollutum
3449 1071 3611 1128 duae-

2004 1136 2094 1204 rit,
2128 1138 2182 1192 in
2218 1157 2320 1211 quo
2348 1146 2707 1214 sanctiﬁcatus
2737 1160 2831 1221 est,
2867 1164 2913 1207 et
2955 1158 3164 1226 spiritui
3185 1163 3370 1231 gratia:
3421 1176 3607 1220 contu-

2006 1232 2211 1287 meliam
2231 1234 2409 1305 fecerit
2433 1238 2453 1310 (
2478 1238 2615 1295 Heb.
2642 1258 2697 1309 χ,
2728 1242 2799 1300 29
2821 1244 2841 1317 )
2867 1248 2880 1300 l
2909 1246 3065 1307 Unde
3093 1261 3148 1307 et
3168 1254 3404 1323 Spiritus
3433 1260 3611 1317 sancti

2004 1323 2238 1383 diverszc
2267 1330 2457 1399 gratim
2484 1348 2606 1389 esse
2637 1336 2913 1397 dicuntur.
2946 1341 3014 1397 Et
3040 1345 3297 1402 salutatio
3319 1351 3563 1418 Apostoli
3593 1372 3605 1408 :

2002 1416 2187 1473 Gratia
2219 1420 2475 1495 (inquit)
2520 1426 2658 1483 vobis
2686 1439 2732 1483 et
2764 1448 2867 1501 pax
2912 1435 3290 1506 multiplicetur
3322 1416 3379 1513 (l
3409 1442 3541 1497 Tim.
3571 1463 3609 1509 ι,

2007 1508 2072 1582 1)
2105 1527 2117 1565 :
2146 1521 2204 1567 ιιι
2232 1523 2520 1586 postquam
2555 1519 2715 1575 nobis
2741 1535 2967 1592 peccata
2998 1528 3307 1598 donaverit,
3330 1508 3472 1589 “tunc
3504 1551 3608 1604 pax

2005 1622 2103 1674 per
2130 1606 2566 1667 misericordiam
2588 1628 2980 1688 consequatur.
3008 1623 3135 1678 Hmc
3161 1624 3331 1682 Judaei
3355 1644 3422 1684 ex
3456 1642 3610 1697 parte

1998 1696 2110 1767 jam
2144 1698 2306 1765 facta,
2341 1710 2397 1757 et
2447 1703 2661 1773 plenius
2719 1708 2771 1763 in
2801 1717 3278 1773 consummatione
3309 1723 3493 1776 mundi
3527 1723 3612 1779 fu-

296 1778 351 1834 in
376 1779 570 1836 ordine
614 1783 999 1853 magistrorum
1038 1805 1049 1841 :
1081 1799 1135 1844 et
1165 1792 1431 1862 magistri,
1467 1794 1557 1864 qui
1593 1810 1751 1851 suum
1783 1812 1893 1852 ser-
1929 1794 1977 1855 B
2005 1800 2123 1846 tum
2178 1809 2637 1855 commemoram-
2689 1802 2797 1857 NOS
2875 1817 3055 1862 autent
3133 1822 3255 1881 post
3312 1815 3605 1873 adventum

291 1875 547 1928 vaverint
595 1878 845 1946 gradum,
897 1880 1009 1934 sint
1052 1882 1204 1950 quasi
1266 1882 1463 1940 domus
1516 1885 1630 1955 Dei,
1662 1898 1718 1943 et
1742 1889 1896 1959 quasi

294 1966 524 2038 angelus
549 1967 800 2037 Domini;
855 1974 982 2044 quia
1020 1973 1123 2031 hoc
1165 1977 1314 2032 omni
1345 1979 1532 2034 studio
1564 1980 1896 2052 laboramus,

294 2062 460 2130 positi
494 2062 544 2115 in
572 2072 741 2135 terra,
795 2076 851 2121 et
890 2068 1043 2124 vario
1089 2069 1277 2127 labore
1309 2073 1603 2144 sudantes,
1629 2085 1686 2131 ut
1716 2085 1898 2132 trans-

297 2154 603 2214 formemur
632 2158 687 2215 in
717 2162 1025 2231 angelicam
1057 2166 1312 2236 gloriam.

367 2249 561 2323 (Vcrs.
597 2251 696 2325 9.)
727 2252 798 2307 Et
831 2257 927 2310 erit
981 2258 1035 2311 in
1080 2258 1166 2314 die
1202 2260 1340 2315 illa:
1377 2277 1605 2329 quaeram
1637 2272 1901 2319 conterere

294 2360 469 2400 omnes
493 2356 670 2419 gentes
700 2366 817 2420 qua:
841 2353 1049 2408 ueniunt
1075 2364 1256 2410 contra
1294 2356 1609 2414 Jerusalem.
1636 2359 1702 2415 Et
1730 2360 1902 2429 effun-

295 2436 417 2492 dam
446 2455 602 2512 super
623 2439 836 2498 domum
870 2443 1038 2500 David
1068 2456 1117 2501 et
1160 2464 1317 2520 super
1343 2450 1656 2507 habitatores
1681 2449 1897 2508 Jerusa-

296 2529 395 2585 lem
415 2533 657 2602 spiritum
676 2537 863 2608 gratite
881 2549 930 2593 et
948 2556 1180 2613 precum.
1198 2541 1343 2598 LXX
1367 2562 1378 2599 :
1404 2554 1452 2599 et
1470 2546 1563 2599 erit
1591 2546 1645 2600 in
1667 2547 1751 2601 die
1769 2547 1896 2601 illa:

296 2637 526 2695 quteram
556 2632 768 2698 auferre
810 2646 986 2687 omnes
1012 2643 1189 2705 gentes
1217 2650 1335 2707 quas
1359 2638 1572 2692 veniunt
1599 2647 1782 2693 contra
1808 2637 1901 2693 Je-

296 2717 547 2788 rusalem,
575 2729 623 2776 et
648 2723 920 2792 e/fundam
970 2744 1127 2801 super
1167 2730 1379 2785 domum
1410 2729 1581 2787 David
1615 2750 1633 2787 :
1664 2741 1713 2787 et
1743 2748 1899 2806 super

298 2806 615 2867 habitatores
635 2811 931 2871 Jerusalem
960 2820 1201 2889 spiritum
1227 2823 1413 2893 gratia:
1433 2835 1479 2879 et
1502 2824 1894 2881 misericordiae.

300 2899 356 2956 ltt
388 2904 476 2959 die
509 2904 602 2959 illo
631 2907 851 2977 quando
876 2913 1415 2984 proteget‘Dontinus
1446 2916 1783 2973 habitatores
1808 2917 1899 2972 Je-

297 2996 557 3065 rusalem,
588 3010 797 3069 quaeret
824 3001 1091 3059 Dominus
1140 3016 1429 3063 conterere
1458 3023 1651 3065 omnes
1679 3018 1894 3080 gentes,

296 3102 416 3157 quae
444 3089 665 3144 veniunt
691 3099 880 3146 contra
905 3092 1235 3153 Jerusalem.
1284 3098 1546 3155 Conteret
1575 3110 1756 3158 autem
1787 3117 1895 3157 non

2002 1882 2202 1941 Christi
2251 1890 2495 1959 quotidie
2541 1894 2759 1964 impleri
2794 1898 3159 1972 intelligimus
3205 1915 3260 1962 et
3288 1911 3603 1978 probamus.

2076 1978 2270 2050 (Vcrs.
2304 1980 2431 2053 10.)
2472 1981 2543 2039 Et
2565 1987 2819 2055 aspicient
2849 1992 2920 2044 ad
2944 2009 3025 2050 me
3051 2012 3201 2065 quem
3243 2002 3566 2071 conﬁxerunt
3592 2022 3611 2059 :

1999 2076 2050 2122 et
2086 2069 2333 2141 plangent
2365 2090 2481 2127 eum
2510 2074 2723 2138 planctu
2769 2084 2919 2151 quasi
2948 2101 3108 2155 super
3156 2069 3480 2161 unigenitum
3512 2112 3530 2149 :
3561 2106 3610 2150 et

2002 2159 2245 2217 dolebant
2270 2181 2427 2235 super
2445 2182 2582 2234 eum,
2616 2180 2671 2223 ut
2702 2171 2869 2228 doleri
2895 2177 3023 2231 solet
3064 2180 3121 2234 in
3148 2159 3312 2239 morte
3349 2186 3607 2259 primoge-

2002 2256 2119 2313 niti.
2154 2256 2299 2315 LXX
2327 2278 2338 2314 :
2367 2259 2437 2315 Et
2461 2263 2715 2335 aspicient
2737 2269 2806 2322 ad
2834 2287 2929 2331 me,
2951 2289 3045 2342 pro
3075 2291 3134 2328 eo
3163 2277 3305 2347 quod
3328 2256 3606 2337 insultare-

2000 2360 2125 2403 runt
2147 2366 2165 2405 :
2186 2361 2234 2406 et
2254 2353 2502 2426 plangent
2516 2373 2673 2429 super
2689 2377 2807 2415 cum
2825 2362 3110 2433 planctum,
3142 2373 3293 2440 quasi
3314 2390 3467 2445 super
3484 2378 3604 2431 cha—

1999 2442 2259 2498 rissimam
2275 2460 2294 2498 :
2315 2444 2385 2500 Et
2403 2445 2649 2503 dolebant
2672 2450 2873 2521 dolore,
2892 2456 3043 2525 quasi
3060 2474 3218 2529 super
3237 2442 3602 2535 primogenita.

2002 2536 2285 2593 Hebraicis:
2321 2540 2485 2612 903
2517 2541 2713 2598 littera:
2736 2560 2951 2602 DALETB
2981 2558 3035 2603 et
3085 2566 3203 2619 nes,
3239 2554 3341 2609 hoc
3362 2568 3444 2611 est
3479 2560 3519 2612 D
3548 2572 3601 2616 et

2001 2625 2069 2691 Β,
2093 2628 2306 2686 similes
2322 2639 2471 2699 sunt,
2496 2642 2551 2687 et
2574 2648 2739 2703 parvo
2763 2644 2973 2694 tantum
3001 2642 3155 2711 apice
3169 2645 3601 2718 distinguuntur.

2004 2720 2081 2775 Ex
2114 2736 2223 2793 quo
2276 2724 2458 2779 evenit
2487 2734 2544 2780 ut
2596 2726 2743 2783 idem
2801 2731 3031 2787 verbum
3061 2734 3283 2794 diverse
3334 2740 3602 2816 legentes,

2001 2815 2165 2873 aliter
2188 2826 2352 2889 atque
2387 2829 2409 2858 ο
2432 2819 2593 2876 aliter
2636 2824 2991 2881 transferant.
3027 2826 3403 2901 intelligentiae
3431 2815 3605 2905 gratia

2002 2924 2168 2965 unum
2199 2910 2393 2966 demus
2418 2914 2730 2984 exemplum
2760 2934 2773 2970 :
2798 2915 2867 2971 Et
2891 2921 3120 2988 vestitus,
3153 2924 3349 2995 inquit,
3373 2940 3484 2983 erat
3504 2932 3608 2987 Sa-

2002 3002 2141 3057 muel
2175 3019 2348 3060 senon
2366 3020 2467 3060 BAD
2492 3005 2548 3077 (Ι
2577 3006 2709 3079 Reg.
2743 3024 2803 3077 ll,
2837 3011 2962 3082 l8),
2993 3014 3045 3067 id
3076 3026 3179 3079 est,
3212 3018 3511 3077 indumento
3542 3026 3605 3077 li-

2005 3114 2121 3165 nec,
2176 3114 2277 3153 san
2322 3101 2469 3155 enim
2506 3100 2673 3155 linum
2698 3103 3006 3173 appellatur
3050 3125 3064 3161 :
3117 3112 3264 3166 unde
3310 3124 3364 3167 et
3404 3130 3602 3174 attactu

297 3180 351 3238 in
385 3182 776 3255 perditionem,
807 3190 903 3243 sed
928 3191 981 3245 in
1006 3192 1472 3263 emendationem,
1515 3202 1577 3249 ιιι
1606 3195 1892 3252 adversum
1921 3183 1970 3249 C
2001 3189 2108 3244 lina
2135 3189 2413 3247 dicuntur.
2439 3192 2546 3249 Pro
2565 3209 2673 3265 quo
2702 3195 2972 3253 Hebraico
2995 3198 3295 3273 Latinoque
3323 3220 3599 3276 sermone,

297 3276 595 3335 Jerusalem
628 3280 865 3339 militare
895 3282 1180 3355 desistant,
1210 3296 1266 3343 et
1285 3302 1406 3344 esse
1430 3289 1779 3360 incipiantde
1804 3291 1893 3346 Je-

294 3375 556 3430 rusalem.
589 3376 645 3432 Si
677 3378 820 3433 enim
851 3379 920 3436 de
958 3380 1132 3437 nihilo
1182 3386 1394 3440 creavit
1422 3386 1629 3454 omnia,
1666 3402 1771 3442 non
1812 3386 1894 3443 id-

293 3466 441 3521 circo
464 3466 593 3523 fecit
620 3478 679 3525 ut
708 3472 960 3539 perderet
981 3490 1104 3545 quae
1132 3477 1370 3543 creavit;
1401 3478 1496 3534 sed
1528 3489 1585 3535 ut
1626 3480 1773 3535 illius
1795 3483 1895 3536 mi-

292 3560 591 3617 sericordia
615 3578 737 3634 quas
765 3576 945 3622 creata
974 3579 1103 3624 sunt
1142 3571 1507 3627 salvarentur.
1545 3573 1699 3630 Unde
1740 3584 1794 3630 et
1837 3576 1890 3631 in

292 3650 596 3724 Sapientia,
629 3671 753 3727 quas
784 3658 1096 3716 Salomonis
1148 3663 1311 3736 902
1344 3665 1657 3722 inscribitur
1689 3667 1773 3739 (si
1805 3668 1891 3722 cui

292 3754 474 3803 tamen
510 3748 687 3818 placet
719 3752 915 3808 librum
941 3756 1235 3827 recipere),
1258 3760 1519 3832 scriptum
1540 3762 1843 3830 reperimus
1877 3780 1887 3815 :

291 3840 490 3898 Creavit
516 3854 572 3899 ut
594 3856 758 3900 essent
784 3849 980 3916 omnia,
1009 3862 1057 3906 et
1081 3853 1336 3909 salutares
1356 3861 1711 3928 generationes
1736 3871 1889 3910 mun-

290 3933 347 3987 di
370 3950 389 3988 .'
417 3944 469 3989 et
506 3951 610 3991 non
638 3939 733 3991 erit
778 3939 850 3994 eis
876 3956 1127 3996 venenum
1154 3946 1481 4017 mortiferum
1509 3947 1780 4020 (Sapient.
1816 3948 1885 4021 ι).

290 4024 613 4083 Sicutenim
640 4028 791 4085 venit
836 4030 1099 4090 Dominus
1149 4045 1207 4091 ut
1234 4049 1503 4107 quaereret
1531 4040 1678 4111 quod
1710 4042 1891 4112 perie-

288 4128 396 4186 rat,
429 4128 485 4175 ct
507 4121 743 4177 salvavit
769 4122 1068 4181 humanum
1090 4142 1263 4199 genus
1288 4147 1302 4184 :
1330 4131 1410 4186 sic
1439 4140 1497 4188 et
1526 4141 1719 4204 gentes
1743 4133 1795 4187 in
1826 4147 1891 4189 eo

291 4212 551 4283 perdidit,
580 4214 725 4286 quod
755 4229 949 4289 gentes
963 4231 1118 4276 erant
1148 4223 1497 4281 adversariae.
1531 4226 1771 4299 Denique
1800 4242 1887 4284 se.

288 4306 474 4375 quitur
499 4325 513 4363 :
541 4306 832 4375 Eﬂ'undam
858 4330 1016 4385 super
1041 4315 1253 4372 domum
1280 4318 1449 4374 Dauid
1485 4329 1533 4375 et
1562 4339 1720 4395 super
1748 4323 1893 4377 habi-

291 4407 483 4455 tatores
503 4399 799 4458 Jerusalem
825 4407 1065 4477 spiritum
1095 4411 1280 4481 gratia:
1318 4421 1368 4465 et
1394 4413 1781 4471 misericordiw.
1818 4416 1891 4471 De

289 4491 393 4549 hac
417 4495 593 4567 gratia
624 4497 818 4553 scribit
846 4510 898 4555 et
929 4499 1130 4557 Paulus
1157 4522 1169 4559 :
1204 4504 1440 4560 Charitas
1475 4507 1571 4562 Dei
1599 4508 1795 4575 ili/fusa
1815 4520 1889 4565 est

2000 3286 2143 3342 male
2172 3288 2395 3357 quidam
2427 3288 2617 3361 legunt
2648 3292 2833 3346 [isnon
2863 3308 2966 3348 sua
3001 3312 3015 3349 :
3049 3297 3319 3367 siquidem
3350 3315 3481 3367 san,
3511 3315 3605 3358 aut

1997 3380 2142 3451 [ilius
2162 3383 2493 3453 appellatur,
2517 3384 2885 3441 autfrumenti
2916 3389 3239 3459 manipulus,
3266 3404 3359 3448 aut
3389 3394 3601 3459 electus,

1996 3484 2090 3529 aut
2136 3470 2322 3543 οὖλος,
2365 3475 2419 3531 id
2469 3485 2581 3544 est,
2615 3479 2837 3550 crispus.
2870 3478 3027 3547 Quod
3061 3482 3134 3538 ibi
3184 3499 3374 3541 errore
3430 3487 3598 3543 inter-

1998 3571 2322 3641 pretationis
2365 3571 2591 3638 accidit,
2650 3572 2813 3629 etiam
2862 3573 2949 3629 hic
2980 3574 3182 3632 factum
3235 3579 3603 3649 deprehendi-

1997 3677 2137 3717 mus.
2162 3663 2219 3719 Si
2252 3664 2397 3719 enim
2431 3664 2641 3736 legatur
2666 3680 2875 3722 DACARU
2917 3667 3122 3756 (hp't),
3154 3672 3504 3740 ἐξεκέντησαν,
3551 3678 3598 3732 itl

1996 3763 2119 3824 est,
2172 3766 2584 3829 compunrerunt
2638 3759 2754 3814 sive
2785 3760 3113 3829 conﬁxerunt
3164 3767 3430 3835 accipitur
3467 3788 3476 3823 :
3514 3771 3596 3825 sin

1994 3858 2179 3905 autem
2208 3851 2488 3905 contrario
2517 3850 2728 3916 ordine,
2762 3850 2960 3908 litteris
3005 3860 3376 3927 commutatis,
3428 3876 3600 3916 BACA-

1995 3958 2065 4000 nu
2087 3943 2293 4033 (τι-Ρη),
2325 3947 2663 4022 ὠρχήσαντο,
2695 3943 2747 3999 id
2774 3955 2881 4013 est,
2907 3946 3227 4006 saltauerunt
3252 3953 3595 4022 intelligitur.

1994 4046 2051 4092 ct
2079 4036 2153 4091 ob
2172 4035 2582 4093 stmilitudinem
2610 4038 2912 4093 litterarum
2944 4053 3100 4096 error
3122 4051 3209 4096 est
3233 4055 3413 4100 natus.
3439 4045 3602 4103 Joan-

1997 4144 2092 4185 nes
2124 4136 2306 4184 autem
2336 4130 2695 4199 evangelista,
2729 4129 2820 4199 qui
2852 4129 2921 4185 de
2953 4139 3173 4200 pectore
3219 4134 3434 4190 Domini
3460 4137 3596 4192 hau-

1996 4223 2069 4278 sit
2096 4222 2444 4293 sapientiam,
2494 4220 2757 4277 Hebraeus
2783 4237 2853 4278 ex
2885 4223 3130 4280 Hebraeis
3168 4241 3326 4296 quem
3349 4230 3601 4286 Salvator

1995 4318 2216 4373 amabat
2243 4317 2535 4387 plurimum
2565 4314 2754 4387 (Joan.
2784 4332 2870 4370 xix
2894 4317 2936 4387 ),
2976 4333 3085 4373 non
3127 4334 3464 4390 magnOpere
3503 4339 3596 4379 cu-

1998 4412 2135 4467 ravit
2161 4411 2288 4482 quid
2318 4410 2525 4467 Graeca:
2578 4409 2781 4466 litterae
2811 4411 3191 4478 continerent;
3228 4415 3323 4470 sed
3375 4416 3599 4473 verbum

1997 4507 2389 4574 interpretatus
2428 4518 2459 4559 e
2486 4505 2654 4558 verbo
2680 4512 2785 4570 est,
2836 4512 2895 4557 ut
2926 4505 2977 4558 in
3010 4503 3245 4561 Hebraeo
3276 4507 3507 4579 legerat,
3540 4521 3597 4566 et

286 4586 343 4642 in
365 4588 607 4645 cordibus
634 4592 825 4647 nostris
854 4592 965 4664 [AL
995 4594 1197 4667 vestris]
1220 4614 1311 4665 per
1341 4598 1601 4667 Spiritum
1629 4613 1886 4670 sanctum,

2001 4606 2244 4668 tempore
2268 4596 2567 4651 Dominicae
2599 4593 2872 4663 passionis
2902 4594 3039 4650 dixit
3072 4612 3195 4653 esse
3243 4604 3597 4672 completum.

286 4681 379 4751 qui
409 4682 564 4736 datus
590 4693 668 4737 est
693 4684 844 4739 nobis
870 4684 1060 4757 (Rom.
1094 4704 1145 4754 ν,
1178 4686 1271 4757 5).
1300 4689 1365 4744 Et
1386 4690 1437 4745 in
1460 4693 1776 4762 supradicto
1802 4711 1897 4750 vo-

286 4771 492 4830 lumine
521 4778 835 4834 continetur
859 4796 873 4833 :
920 4780 1048 4845 Qum
1076 4782 1129 4835 in
1152 4781 1281 4837 ctelo
1308 4794 1451 4854 sunt,
1478 4788 1591 4856 quis
1614 4788 1895 4863 investiga-

287 4867 357 4923 bit
378 4867 406 4906 δ
430 4871 454 4925 ?
478 4870 579 4925 nisi
597 4872 737 4943 quod
759 4884 813 4926 tu
839 4874 1026 4929 dedisti
1049 4876 1380 4947 sapientiam,
1405 4890 1452 4933 et
1484 4880 1742 4947 Spiritum
1771 4900 1893 4938 san-

284 4972 424 5018 ctum
450 4974 593 5021 tuum
621 4968 813 5023 misisti
832 4969 897 5025 de
916 4970 1133 5025 excelsis
1170 4988 1189 5026 :
1210 4981 1259 5027 et
1281 4974 1356 5028 sic
1386 4985 1630 5031 correctas
1667 4987 1787 5033 sunt
1811 4996 1889 5033 se—

283 5061 425 5117 mitte
449 5080 627 5119 eorum
647 5065 737 5136 qui
756 5075 1026 5121 versantur
1050 5068 1105 5121 in
1133 5076 1268 5123 terra
1292 5085 1310 5123 :
1332 5080 1379 5124 et
1402 5087 1516 5142 qum
1541 5071 1632 5125 tibi
1655 5072 1883 5143 placent,

284 5156 477 5209 eruditi
501 5166 622 5212 sunt
653 5158 881 5214 homines
910 5159 1080 5232 (Sap.
1110 5176 1186 5224 ix.
1219 5161 1284 5217 16
1304 5164 1343 5233 ).
1377 5163 1444 5218 Et
1467 5168 1516 5218 in
1548 5165 1683 5221 Isaia
1712 5167 1888 5238 loqui-

284 5255 373 5302 tur
405 5248 544 5305 Deus
594 5267 606 5304 :
641 5248 777 5305 Dedi
820 5253 1059 5323 spiritum
1082 5271 1251 5310 meum
1280 5272 1439 5323 super
1472 5268 1519 5313 te
1558 5258 1717 5332 (lsai.
1754 5276 1881 5326 XLII,

285 5339 365 5412 1).
398 5342 463 5398 Et
487 5357 703 5399 rursum
744 5344 817 5401 de
866 5345 1060 5402 eodem
1117 5346 1402 5419 Scriptura
1448 5364 1882 5410 commemorat:

283 5429 425 5489 Dedi
460 5436 701 5506 spiritum
754 5454 921 5493 meum
970 5456 1125 5513 super
1170 5457 1287 5497 eum
1320 5440 1593 5518 (Ibidem).
1643 5446 1880 5504 Verbum

357 5604 383 5672 ξι
412 5594 673 5672 lilcndose
705 5596 928 5672 retinuit
957 5598 1209 5655 Martian.
1242 5600 1339 5655 hoc
1369 5618 1465 5672 pro
1486 5604 1659 5660 homo.

356 5664 384 5703 ι)
413 5666 686 5722 Victorius
728 5667 795 5722 ad
833 5684 1050 5727 sacrum
1099 5680 1307 5728 textum
1364 5664 1600 5731 restituit
1642 5677 1707 5733 ad
1743 5677 1891 5733 hunc

285 5736 510 5819 modum
542 5757 554 5792 :
591 5739 720 5819 Quae
736 5740 789 5793 in
825 5743 951 5819 cmlo
966 5746 1245 5819 sitnt,‘quis
1272 5748 1636 5819 inrcstigavit?
1660 5759 1705 5803 et
1725 5750 1895 5806 consi-

287 5809 418 5868 lium
442 5819 582 5865 tuum
604 5811 719 5880 quis
738 5817 995 5885 cognovit,
1024 5816 1124 5870 nisi
1146 5809 1315 5886 quod,
1351 5826 1437 5875 etc
1448 5809 1602 5875 ῘΜοκ
1623 5822 1897 5878 versaban-

535 5908 813 5974 Psruoc.
866 5908 1067 5970 XXV.

1995 4688 2151 4758 Quod
2175 4690 2218 4744 si
2244 4687 2366 4757 quis
2396 4702 2502 4742 non
2535 4687 2753 4756 recipit,
2779 4685 2872 4741 det
2923 4688 3319 4758 testimonium,
3374 4696 3442 4750 de
3492 4713 3599 4765 quo

1993 4792 2307 4839 sanctarum
2338 4780 2741 4850 Scripturarutn
2796 4780 2924 4834 loco
2954 4782 3198 4839 Joannes
3227 4786 3327 4840 ista
3359 4790 3601 4855 protule-

1994 4878 2063 4932 rit
2097 4893 2110 4929 :
2140 4885 2192 4931 et
2221 4889 2343 4931 cum
2392 4888 2498 4927 non
2539 4872 2836 4942 repererit,
2867 4884 3095 4943 cogetur
3148 4875 3376 4947 ingratis
3425 4882 3597 4937 susci-

1996 4985 2124 5041 pere
2155 4969 2464 5025 veritatem.
2508 4965 2775 5036 Plangent
2801 4974 2981 5023 autem
3016 4968 3193 5024 Judaei
3242 4974 3398 5042 quasi
3430 4990 3595 5045 super

1996 5063 2275 5133 unigenito
2329 5069 2386 5115 et
2436 5059 2823 5129 pritnogcnito,
2876 5059 3112 5131 idipsum
3144 5063 3492 5133 significante
3540 5072 3591 5124 in

1992 5155 2225 5211 Domino
2273 5151 2598 5218 Salvatore,
2662 5161 2719 5206 et
2764 5152 3052 5222 unigenito
3098 5164 3153 5208 et
3202 5158 3592 5227 primogenita.

1992 5250 2311 5321 Unigenitus
2378 5246 2580 5303 dicitur
2619 5284 2635 5310 ,
2708 5254 2940 5316 prOpter
3014 5255 3228 5304 natura:
3292 5255 3598 5324 proprieta-

1990 5357 2101 5403 tem
2136 5361 2149 5398 ε
2184 5341 2211 5380 ά
2258 5339 2663 5410 Primogenitus
2702 5339 2852 5408 juxta
2898 5340 3221 5410 Apostulnm
3250 5384 3265 5409 ,
3326 5360 3391 5400 ex
3450 5363 3599 5404 mor.

1992 5442 2098 5499 tuis
2128 5434 2526 5507 resurgentium
2560 5430 2796 5503 (Coloss.
2832 5431 2917 5503 ι).
2953 5431 3059 5488 Pro
3098 5435 3377 5505 unigenito
3399 5483 3412 5503 ,
3473 5441 3597 5496 cha-

1995 5616 2080 5658 tur
2096 5615 2197 5671 pro
2221 5604 2490 5673 versantur
2512 5635 2527 5660 ,
2555 5593 2751 5673 legitur
2780 5593 2834 5647 in
2865 5593 3085 5673 Regina:
3114 5610 3220 5650 ms.

2078 5663 2111 5713 c'
2132 5667 2499 5728 Αιιρινιιῃιὴωο
2526 5663 2680 5717 aliter
2706 5679 2874 5733 penes
2904 5663 3272 5723 Martianmum
3315 5671 3524 5728 deerat.

2075 5744 2101 5782 ἀ
2126 5743 2316 5800 Mutilo
2341 5748 2432 5793 aut
2458 5739 2638 5808 potius
2664 5736 2815 5790 nullo
2842 5752 3005 5792 sensu
3034 5753 3201 5808 penes
3218 5742 3594 5803 Martianmutn

2004 5818 2192 5876 deerat
2216 5828 2346 5882 vox,
2388 5808 2795 5880 Prtmogcnitus.
