4056 6342
481 270 624 328 isis
860 236 863 237 ί
1740 262 1799 320 s.
1846 261 2122 320 susse“
2164 256 2549 318 HIERONYMI
3648 258 3791 315 ista

472 391 738 444 rissimum
791 385 1145 455 Septuaginta
1211 381 1614 437 transtulerunt
1654 422 1667 447 ,
1741 380 1807 435 de
1864 396 1971 451 quo
2021 381 2071 433 in
2102 379 2597 451 Ajiigiissoact
2623 377 2778 445 operi
2811 374 3137 447 nuptiarum.
3181 375 3340 433 Unde
3364 384 3419 431 et
3441 376 3496 431 in
3526 376 3669 447 Joel,
3700 396 3726 431 ρ
3767 410 3792 418 -

472 480 772 551 Evangelia
812 478 1044 549 legimus
1092 495 1105 530 :
1170 476 1268 530 Hie
1314 485 1389 530 est
1445 473 1620 528 Filius
1651 490 1796 531 meus
1826 472 2074 527 charissi—

474 595 609 645 mus,
658 576 711 629 in
750 591 853 645 quo
902 573 1028 626 mihi
1052 570 1341 643 complacui
1385 569 1612 642 (Matth.
1646 583 1724 632 ιιι,
1754 569 1874 636 l7).
1923 567 2076 622 Tunc

473 670 743 726 dolebunt
774 685 805 721 a
844 683 905 722 se
935 665 1280 732 cruciﬁxum,
1323 678 1445 719 cum
1479 654 1715 718 viderint
1751 663 1802 715 in
1855 670 1878 696 η
1910 661 2075 715 clari-

466 771 579 818 tate
610 768 950 832 regnantem.
991 758 1228 813 Verbum
1276 761 1715 832 κατωρχήσαντο,
1753 752 1897 822 apud
1926 752 2076 809 Grie-

466 864 586 921 ctrs,
619 869 727 908 non
758 852 826 908 ab
851 850 1120 915 illusione,
1156 849 1251 903 sed
1304 866 1331 902 a
1358 848 1552 903 saltatu
1579 846 1943 918 com-positum
1968 852 2072 911 est,

465 948 613 1019 quod
643 945 857 1002 scilicet
878 952 1071 1001 contra
1107 944 1398 997 Dominum
1427 943 1581 1012 quasi
1611 939 1852 995 ludendo
1904 939 2072 993 salta-

466 1041 667 1108 verint,
698 1038 917 1109 quando
948 1036 1202 1091 dicebant
1235 1034 1534 1090 illudentes
1571 1044 1733 1104 atque
1784 1032 2026 1087 ridentes
2060 1052 2071 1085 :

469 1129 635 1184 Vah!
673 1130 761 1200 qui
792 1128 1019 1183 destruis
1049 1128 1321 1197 templum,
1349 1136 1395 1180 et
1428 1128 1481 1180 in
1506 1127 1667 1180 tribus
1700 1124 1880 1179 diebus
1907 1124 2076 1192 aediﬁ-

463 1239 552 1277 cas
592 1222 725 1276 illud
748 1239 766 1276 :
796 1223 997 1276 solrum
1027 1224 1110 1291 [ac
1129 1220 1472 1288 temetipsum,
1499 1217 1813 1273 descendens
1838 1218 1901 1271 de
1926 1232 2078 1270 cruce

461 1314 695 1385 (Matth.
733 1331 822 1378 xv,
876 1314 966 1375 ες),
994 1315 1061 1369 50
1085 1313 1125 1383 ).
1165 1313 1288 1367 llam
1320 1321 1375 1367 et
1424 1312 1527 1367 alia
1559 1310 1725 1383 905
1757 1310 2071 1376 illudentes,

460 1417 515 1463 et
560 1408 799 1478 quodam
832 1405 1089 1459 amentiae
1124 1404 1360 1473 tripudio
1390 1405 1652 1459 saltantes
1685 1403 2068 1473 loquebantur.

532 1499 719 1571 (Vers.
749 1501 840 1563 Η,
873 1497 991 1567 i2.)
1016 1496 1081 1551 In
1110 1498 1194 1551 die
1236 1498 1332 1550 illa
1360 1515 1582 1570 magnus
1622 1498 1719 1551 erit
1754 1497 1996 1567 planctus
2022 1498 2074 1550 in

458 1592 777 1654 Jerusalem,
812 1592 945 1643 sicut
977 1589 1222 1659 planctus
1245 1591 1631 1644 Adadremmon
1656 1592 1711 1643 in
1737 1607 1919 1661 cantpo
1952 1589 2072 1643 Ma-

455 1683 684 1755 geddon.
714 1680 780 1734 Et
807 1681 1016 1751 planget
1042 1688 1199 1744 terra,
1226 1682 1447 1751 familia:
1466 1689 1513 1734 et
1546 1682 1765 1751 familia:
1790 1698 2023 1735 seorsum
2054 1699 2070 1733 .·

458 1776 678 1846 familiw
701 1776 886 1829 domus
910 1774 1081 1829 David
1115 1790 1369 1841 seorsum,
1406 1785 1455 1829 et
1479 1775 1718 1828 mulieres
1749 1775 1765 1845 (
1790 1776 1907 1829 sive
1937 1790 2067 1828 uxo-
2107 1788 2147 1855 Β

458 1871 581 1939 res)
616 1886 794 1925 eorum
828 1884 1059 1922 seorsum
1096 1867 1354 1939 (verbum
1378 1868 1524 1922 enim
1555 1867 2033 1922 llebraicnmuase
2054 1908 2066 1930 ,

451 1961 505 2015 id
554 1971 636 2017 est
662 1970 921 2033 γυναῖκες,
958 1959 983 1997 b
1016 1971 1306 2029 utrumque
1338 1959 1659 2029 signiﬁcat).
1698 1957 1948 2012 Familia:
1977 1960 2071 2011 do-

454 2072 569 2108 mus
597 2052 815 2107 Nathan
834 2069 1093 2116 seorsum,
1128 2061 1175 2105 et
1208 2050 1451 2106 mulieres
1474 2067 1652 2105 eorum
1677 2067 1911 2105 seorsum
1942 2067 1958 2103 :
1988 2052 2071 2121 fa-

451 2145 614 2201 milia:
644 2147 832 2200 domus
876 2144 997 2199 Levi
1036 2161 1269 2198 seorsum
1304 2161 1319 2197 :
1356 2154 1401 2198 et
1432 2145 1679 2199 mulieres
1709 2160 1891 2198 eorum
1927 2159 2067 2197 seor-

448 2257 563 2295 sum
597 2256 614 2293 :
643 2240 861 2310 familia:
889 2238 1060 2294 Semei
1085 2254 1353 2303 seorsum,
1390 2248 1436 2292 et
1467 2239 1710 2292 mulieres
1733 2252 1914 2292 eorum
1935 2254 2071 2292 seor-

448 2350 584 2386 sum.
616 2333 805 2387 Omnes
836 2332 1055 2401 familire
1083 2333 1325 2401 reliqum,
1356 2332 1575 2403 familiis
1603 2342 1656 2385 et
1684 2332 1904 2403 familiis
1925 2347 2069 2385 seor-

448 2444 583 2491 sum,
620 2435 667 2479 et
694 2425 937 2479 mulieres
981 2442 1159 2479 eorum
1210 2438 1461 2479 seorsum.
1508 2423 1693 2480 LXX:
1742 2424 1809 2477 In
1858 2424 1943 2477 die
1973 2423 2069 2477 illa

451 2540 671 2595 magnus
702 2523 799 2576 erit
837 2522 1080 2591 planctus
1104 2522 1156 2575 in
1179 2519 1494 2587 Jerusalem,
1522 2523 1653 2575 sicut
1687 2520 1928 2590 planctus
1954 2537 2062 2573 ma-

452 2618 717 2690 lagranati
748 2616 882 2683 quod
932 2615 983 2669 in
1025 2631 1208 2683 campo
1232 2612 1519 2667 succiditur
1547 2654 1561 2677 ,
1593 2622 1639 2666 et
1671 2613 1879 2682 planget
1931 2622 2066 2665 terra

458 2726 551 2782 per
589 2712 751 2763 tribus
799 2725 859 2762 ac
893 2707 1057 2761 tribus
1106 2723 1121 2759 :
1156 2706 1321 2760 tribus
1356 2704 1523 2758 David
1566 2720 1820 2770 seorsum,
1856 2714 1905 2757 et
1951 2720 2062 2757 mu—

451 2798 605 2859 lieres
631 2817 807 2856 eorum
845 2816 1072 2855 seorsum
1100 2815 1117 2853 :
1149 2798 1311 2852 tribus
1335 2800 1517 2851 domus
1544 2795 1700 2850 Judw
1734 2812 1990 2861 seorsum,
2018 2811 2066 2858 ei

452 2894 693 2948 mulieres
707 2910 887 2948 eorum
904 2908 1135 2946 seorsum
1151 2907 1168 2945 :
1184 2890 1347 2943 tribus
1371 2890 1555 2944 domus
1573 2886 1790 2941 Nathau
1806 2904 2061 2951 seorsum,

450 2999 499 3044 et
522 2990 764 3043 mulieres
795 3004 973 3041 eorum
995 3002 1227 3040 seorsum
1245 3000 1260 3037 :
1278 2985 1438 3038 tribus
1461 2983 1644 3036 domus
1660 2980 1780 3036 Levi
1809 2998 2061 3046 seorsum,

448 3092 495 3135 et
526 3082 766 3136 mulieres
795 3096 972 3135 eorum
997 3094 1224 3133 seorsum
1252 3076 1457 3131 :tribus
1493 3076 1709 3130 Simeon
1732 3090 1986 3139 seorsum,
2018 3083 2063 3125 et

2180 472 2430 541 ptivitate
2474 470 2802 540 propinqua,
2848 469 3050 524 dicitur
3080 470 3145 523 ad
3173 470 3431 525 Judeeosz’
3469 469 3791 541 Egrediamr

2179 583 2403 636 sponsus
2430 566 2493 619 de
2515 562 2757 619 cubicula
2783 562 2891 637 [ΑΙ.
2922 564 3103 635 cubili]
3136 581 3252 631 suo,
3287 576 3334 620 et
3356 578 3552 636 sponsa
3575 568 3639 617 de
3666 565 3787 618 tha-

2177 658 2315 712 lamo
2346 673 2439 712 suo
2470 656 2631 729 (Joel.
2666 671 2723 725 ll,
2758 656 2871 726 16).
2908 658 2970 711 Et
2994 657 3344 727 impendente
3375 646 3788 726 diluvio,impe—

2179 757 2332 804 ratur
2353 749 2504 804 Noe:
2550 749 2830 821 Ingredere
2855 750 2909 803 in
2939 762 3115 804 arcam
3139 759 3215 815 tu,
3252 762 3298 804 et
3329 750 3426 818 ﬁlii
3455 753 3546 815 tui,
3580 761 3623 805 ct
3657 768 3792 804 umor

2181 853 2302 910 tua,
2360 854 2405 896 et
2461 860 2650 897 uxores
2696 844 2928 913 ﬁliorum
2976 854 3189 898 tuorum
3246 843 3420 915 (Gen.
3451 860 3547 910 vu,
3586 847 3677 909 1).
3718 845 3787 898 Et

2182 946 2377 1005 postea
2398 938 2553 993 ﬁnito
2566 938 2794 1004 diluvio,
2819 938 2951 994 dicit
2972 938 3407 1011 [AL-dicituﬂla'd
3431 952 3556 993 eum
3583 958 3593 992 :
3623 937 3791 1009 Egre-

2180 1030 2302 1084 dere
2328 1038 2402 1095 tu,
2438 1040 2487 1084 et
2510 1047 2642 1084 uxor
2666 1039 2777 1096 tua,
2811 1041 2857 1085 et
2880 1032 2979 1100 ﬁlii
3005 1033 3101 1099 tui,
3136 1043 3179 1085 et
3202 1046 3394 1085 uxores
3416 1040 3596 1085 eorum
3627 1030 3788 1101 (Gen.

2180 1137 2294 1185 vm,
2334 1122 2424 1194 16)
2451 1166 2463 1189 ,
2514 1134 2566 1176 ut
2617 1124 2708 1191 qui
2755 1124 2806 1177 in
2842 1138 3005 1188 arca,
3042 1125 3389 1195 impendente
3428 1124 3787 1187 discrimine,

2179 1213 2396 1269 fuerant
2428 1217 2666 1283 separati
2698 1260 2711 1281 ,
2758 1215 2958 1269 redditi
2985 1215 3191 1269 mundo
3216 1257 3230 1280 ,
3259 1216 3604 1285 generationi
3626 1222 3683 1269 et
3717 1216 3783 1269 lio

2179 1306 2326 1360 beris
2357 1305 2723 1361 deservirem.
2765 1307 2877 1360 Hoc
2907 1318 3090 1362 autem
3117 1322 3224 1361 non
3257 1309 3432 1361 solum
3460 1310 3510 1360 in
3537 1318 3791 1376 tempore

2179 1398 2239 1453 ﬁt
2285 1400 2550 1469 angustia:
2578 1441 2591 1463 ,
2643 1400 2743 1453 sed
2773 1409 2827 1453 et
2864 1401 2915 1452 in
2954 1408 3202 1469 tempore
3231 1400 3534 1454 orationis:
3564 1400 3791 1468 quando

2178 1494 2427 1548 volumus
2477 1494 2763 1547 Dominum
2806 1493 3123 1563 deprecari,
3163 1493 3383 1549 dicente
3419 1494 3686 1562 Apostolo
3714 1495 3785 1545 ad

2177 1585 2521 1639 Corinthios:
2584 1584 2764 1639 Nolite
2812 1584 3058 1653 fraudare
3109 1587 3350 1647 invicem,
3403 1587 3507 1638 nisi
3548 1587 3683 1655 forte
3720 1603 3790 1638 αῖ

2180 1694 2435 1732 consensu
2466 1680 2535 1731 ad
2564 1688 2784 1750 tempus,
2815 1688 2869 1732 ut
2900 1682 3089 1733 vacetis
3120 1680 3344 1734 orationi
3366 1680 3406 1751 (Ι
3432 1679 3557 1734 Cor.
3586 1694 3676 1739 vn,
3699 1679 3782 1747 5).

2179 1770 2347 1839 Igitur
2373 1780 2423 1825 et
2453 1785 2599 1825 nunc
2627 1771 2800 1825 tribus
2841 1770 3037 1825 domus
3071 1771 3272 1836 David,
3305 1784 3357 1825 et
3385 1771 3562 1825 tribus
3586 1772 3790 1823 domus

2177 1862 2417 1926 Natban,
2466 1875 2514 1915 et
2554 1862 2727 1918 tribus
2756 1863 2955 1918 domus
2980 1864 3141 1927 Levi,
3176 1874 3230 1919 et
3257 1866 3432 1918 tribus
3452 1864 3653 1918 domus
3685 1864 3791 1919 Se-

2178 1958 2281 2011 mei
2310 1996 2325 2022 ,
2376 1974 2404 2009 a
2444 1957 2559 2011 suis
2590 1957 2857 2012 uxoribus
2893 1966 3250 2026 separantur:
3292 1969 3349 2012 ut
3378 1958 3639 2028 plangant
3669 1959 3793 2012 uni-

2177 2050 2425 2119 genitum
2457 2060 2514 2105 et
2546 2052 2967 2122 primogenitum
2999 2052 3292 2107 Dominum
3322 2053 3509 2107 Jcsum
3533 2095 3547 2117 ,
3576 2053 3646 2107 de
3674 2068 3790 2121 quo

2175 2144 2424 2199 dixerat:
2479 2145 2707 2215 Sanguis
2749 2149 2864 2213 eius
2895 2164 3051 2214 super
3100 2162 3215 2210 nos,
3261 2158 3307 2200 et
3338 2162 3493 2218 super
3524 2148 3662 2216 ﬁlios
3691 2164 3792 2201 no-

2177 2247 2313 2292 stros
2337 2238 2495 2310 (Mat.
2536 2255 2714 2305 xxvtt,
2747 2238 2863 2307 25).
2898 2239 2955 2293 lu
2988 2240 3157 2294 David
3187 2241 3333 2311 regia
3364 2242 3544 2295 tribus
3575 2241 3787 2309 accipi-

2174 2341 2285 2399 tur,
2321 2335 2421 2388 hoc
2452 2342 2566 2397 est,
2601 2333 2758 2389 .lnda.
2813 2335 2866 2388 In
2900 2334 3111 2389 Nathan
3145 2334 3485 2404 prophetalis
3506 2334 3647 2388 ordo
3688 2336 3791 2391 de-

2175 2426 2467 2480 scribitur.
2497 2426 2625 2481 Levi
2659 2427 2901 2482 refertur
2924 2428 2990 2481 ad
3015 2428 3353 2491 saCerdotes,
3377 2443 3443 2481 ex
3467 2443 3574 2497 quo
3598 2438 3785 2481 ortum

2175 2528 2257 2573 est
2288 2519 2677 2573 sacerdotium.
2722 2520 2781 2572 lu
2808 2518 2989 2575 Semel
3020 2520 3275 2574 doctores
3302 2521 3675 2587 accipiuntur:
3710 2538 3784 2573 rx

2178 2615 2278 2667 hac
2327 2614 2471 2666 enim
2520 2613 2662 2668 tribu
2724 2613 3108 2684 magistrorum
3159 2616 3373 2683 agmina
3419 2614 3782 2682 pullularunt.

2176 2704 2433 2774 Reliquas
2470 2706 2645 2760 tribus
2682 2710 2881 2773 tacuit,
2917 2723 3038 2777 qua:
3063 2723 3168 2760 non
3194 2707 3399 2762 habent
3420 2707 3640 2777 aliquod
3670 2708 3789 2775 pri-

2175 2800 2429 2867 vilegium
2462 2799 2765 2869 dignitatis.
2815 2800 2872 2854 In
2914 2815 2984 2855 eo
3024 2809 3206 2855 autem
3237 2801 3379 2871 quod
3410 2802 3518 2855 ait:
3576 2802 3788 2855 Otrincs

2174 2895 2350 2949 tribus
2386 2894 2639 2964 reliquae,
2686 2893 2862 2950 tribus
2890 2904 2945 2950 et
2969 2896 3143 2949 tribus
3163 2902 3409 2951 seorsum
3437 2936 3451 2958 ,
3490 2902 3550 2948 et
3574 2911 3787 2948 uxores

2174 3003 2364 3043 eorum
2399 3002 2647 3042 seorsum
2670 3031 2682 3051 ,
2718 2989 3010 3043 universas
3042 2989 3249 3055 absque
3276 2989 3495 3042 nomine
3528 3004 3787 3058 erantpre—

2174 3083 2382 3138 ltcndit.
2415 3083 2688 3149 Dicamus,
2716 3083 2940 3152 etjnsta
2973 3082 3115 3136 LXX
3147 3082 3277 3155 ῥοῶν
3306 3082 3635 3153 appellatur,
3670 3097 3783 3135 non

449 3175 688 3228 nmlieres
738 3189 915 3227 eorum
949 3187 1181 3226 seorsum
1227 3186 1244 3223 :
1285 3184 1461 3223 omnes
1487 3168 1703 3236 reliqua:
1730 3166 1893 3221 tribus
1924 3182 2064 3219 seor-
2174 3191 2281 3231 una
2316 3176 2482 3230 arbor
2514 3176 2780 3231 malorum
2805 3184 3183 3245 gratuitorum,
3210 3175 3392 3241 idest,
3416 3175 3539 3228 mali
3571 3176 3787 3244 punici,

450 3285 585 3331 sum,
604 3282 646 3320 et
666 3268 903 3320 mulieres
917 3280 1093 3320 eorum
1107 3279 1357 3318 seorsum.
1375 3277 1735 3318 ADADBEIIIION
1750 3262 2057 3348 (ῙῚῚΤΠἺΠ),

449 3377 552 3431 pro
580 3376 688 3431 quo
730 3359 873 3415 LXX
927 3357 1327 3412 transtulerunt
1373 3358 1583 3430 ροῶνος,
1618 3357 1750 3410 urbs
1798 3355 2059 3424 estjuxta

450 3454 778 3516 Jezraelem,
811 3467 932 3521 quae
968 3450 1072 3503 hoc
1128 3450 1256 3503 olim
1293 3450 1558 3503 vocabulo
1603 3458 1910 3517 nuncupata
1940 3457 2056 3511 est,

451 3557 505 3603 et
538 3547 700 3600 hodie
748 3552 974 3599 vocatur
1015 3541 1490 3610 Maximianopolis
1521 3544 1573 3596 in
1617 3555 1812 3611 campo
1844 3541 2061 3610 Maged-

459 3640 592 3703 dou,
625 3640 677 3693 in
707 3654 815 3703 quo
867 3636 1070 3699 Josias,
1122 3651 1217 3690 rex
1244 3635 1449 3703 justus,
1479 3650 1508 3688 a
1538 3636 1822 3688 Pharaone
1858 3650 2061 3704 Cogno-

453 3740 639 3785 mento
676 3729 897 3784 Neehao
958 3727 1275 3781 vulneratus
1328 3739 1409 3779 est
1437 3726 1537 3796 (IV
1570 3727 1698 3799 Reg.
1728 3728 1817 3790 ut)
1850 3747 1859 3780 :
1894 3742 2061 3796 super

450 3845 558 3896 quo
590 3826 1031 3882 Lamentationes
1075 3823 1295 3891 scripsit
1319 3821 1605 3887 .leremias,
1638 3838 1759 3891 «ruas
1806 3824 2060 3891 leguntur

450 3922 503 3975 in
539 3921 808 3983 Ecclesia,
837 3927 891 3973 et
916 3917 1202 3986 scripsisse
1229 3930 1377 3981 eum,
1406 3917 1863 3984 Paralipomenon
1890 3926 2058 3971 testa.

452 4024 542 4067 tur
574 4013 712 4066 liber
745 4011 825 4080 (ll
850 4009 1037 4063 Paral.
1071 4008 1269 4075 xxxv).
1307 4008 1457 4063 Sicut
1488 4008 1654 4077 igitur
1704 4022 1772 4062 eo
1814 4010 2059 4078 tempore

451 4114 571 4175 post
602 4119 758 4173 reges
786 4112 1104 4171 peccatores
1135 4116 1263 4169 spes
1290 4101 1468 4154 omnis
1511 4102 1694 4170 populi
1726 4109 1845 4155 erat
1886 4103 1934 4154 in
1964 4102 2055 4156 Joo

453 4196 557 4265 sia,
591 4205 647 4249 et
676 4194 860 4250 occiso
888 4194 1003 4255 illo,
1038 4209 1265 4263 magnus
1299 4194 1548 4263 planctus
1574 4194 1624 4246 in
1654 4193 1789 4248 urbe
1818 4209 2060 4248 commo~

450 4302 537 4345 tus
559 4300 665 4356 est,
692 4290 835 4343 sicut
859 4288 1089 4359 legimus
1120 4289 1170 4340 in
1198 4287 1473 4341 llebraico
1506 4306 1517 4340 ε
1556 4287 1791 4352 Spiritus
1840 4289 1940 4341 oris
1966 4305 2055 4342 uo-

447 4386 540 4438 stri
563 4382 803 4437 Christus
828 4381 1080 4433 Dominus
1105 4390 1286 4450 captus
1314 4381 1457 4433 estin
1483 4380 1708 4451 peccatis
1731 4381 1945 4443 nostris,
1974 4382 2057 4433 cui

454 4478 679 4530 diximus
710 4491 727 4527 :
782 4472 845 4527 In
892 4474 1076 4527 umbra
1118 4482 1203 4525 tua
1234 4474 1454 4525 viremus
1485 4474 1536 4525 in
1566 4473 1800 4543 gentibus
1834 4472 2051 4543 (Tltren.

2173 3268 2269 3325 sed
2304 3269 2455 3324 locus
2482 3269 2563 3323 bis
2608 3270 2898 3324 arboribus
2928 3271 3175 3325 consitus
3202 3313 3214 3333 ,
3260 3270 3328 3324 de
3360 3286 3467 3339 quo
3499 3271 3658 3339 juxta
3695 3272 3786 3325 in-

2170 3364 2527 3433 telligentiam
2584 3365 2924 3430 Spiritnalem
2977 3374 3213 3434 sponsiis
3255 3364 3387 3419 dicit
3443 3366 3493 3419 in
3550 3363 3784 3419 Cantica

2168 3460 2551 3512 canticorum:
2601 3456 2859 3513 Desccndi
2883 3500 2899 3524 ,
2942 3469 2998 3512 ut
3041 3460 3267 3513 viderem
3296 3463 3348 3513 in
3381 3460 3640 3530 genimine
3672 3471 3784 3513 tor-

2168 3555 2327 3605 rentis
2374 3554 2417 3607 si
2455 3554 2719 3623 ﬂoruisset
2749 3554 2935 3619 uinea,-
2987 3556 3031 3608 si
3076 3555 3374 3625 ﬂoruissent
3414 3556 3551 3608 mala
3584 3556 3781 3613 punica

2171 3645 2349 3716 (Cant.
2374 3661 2446 3711 v1,
2485 3646 2597 3713 itl).
2643 3645 2934 3700 Descendit
2971 3647 3116 3699 enim
3161 3646 3409 3700 Salvator
3448 3646 3513 3700 ad
3549 3657 3778 3700 torren-

2169 3747 2277 3792 tem
2310 3738 2471 3805 ltujus
2499 3738 2683 3792 saeculi
2712 3747 2765 3792 ct
2797 3737 3040 3794 turbidas
3074 3755 3241 3809 aquas
3262 3781 3274 3803 ,
3303 3738 3369 3792 de
3401 3739 3599 3806 quibus
3631 3749 3685 3792 et
3714 3740 3775 3792 in

2168 3843 2297 3902 typo
2347 3831 2465 3897 ejus
2501 3831 2647 3885 Elius
2692 3831 2894 3887 bibisse
2933 3831 3265 3887 describitur
3301 3831 3391 3901 (Ill
3430 3831 3561 3903 Reg.
3595 3830 3772 3901 xvu):

2168 3937 2228 3978 ut
2261 3936 2382 3994 post
2417 3925 2578 3979 ﬂores
2614 3925 2788 3979 vincte
2833 3936 2889 3979 et
2916 3925 3039 3979 mali
3079 3925 3259 3993 punici
3295 3926 3527 3978 fructum
3561 3934 3777 3977 utrum-

2167 4035 2274 4086 que
2302 4020 2636 4087 susciperet,
2667 4030 2719 4073 et
2761 4020 3038 4075 inebrians
3072 4019 3371 4074 Ecclesium
3402 4036 3578 4082 suam,
3610 4020 3773 4073 audi-

2167 4121 2249 4165 ret
2283 4113 2351 4164 ab
2377 4126 2481 4165 ea;
2536 4111 2749 4165 Potabis
2797 4128 2878 4164 me
2920 4112 2984 4166 de
3023 4113 3141 4166 uino
3184 4114 3538 4183 unguentarii,
3562 4114 3625 4166 de
3651 4113 3778 4167 vina

2167 4206 2424 4259 malorum
2471 4215 2809 4277 granatorum
2845 4217 2867 4245 ο
2902 4223 3135 4260 meorum
3180 4206 3353 4277 (Cant.
3388 4222 3503 4269 viti,
3530 4206 3610 4274 2).
3658 4206 3775 4258 llu-

2159 4298 2467 4369 jnscemodi
2521 4300 2667 4367 potio
2720 4315 2826 4353 non
2878 4299 3056 4353 solum
3104 4309 3272 4354 (estus
3304 4299 3779 4371 sternacium

2165 4388 2313 4457 fugat
2339 4434 2352 4456 ,
2385 4388 2481 4444 sed
2514 4397 2567 4443 et
2610 4398 2925 4459 corruptum
2955 4400 3201 4446 ventrem
3234 4405 3433 4445 sanare
3458 4390 3682 4455 dicitur,
3714 4403 3778 4443 et

2165 4480 2393 4551 reliquis
2439 4483 2698 4552 prodesse
2743 4484 3069 4539 visceribus.
3132 4484 3275 4539 Nihil
3309 4484 3413 4540 hoe
3448 4501 3610 4555 pomo
3652 4488 3779 4555 pul-

450 4584 524 4632 tv,
559 4568 645 4636 10)
675 4567 821 4636 (licet
847 4565 936 4618 alii
961 4565 1113 4633 juxta
1150 4564 1569 4634 intelligentiam
1596 4565 2057 4632 Spiritualemlioc

2171 4576 2383 4641 ebrius;
2409 4576 2461 4630 in
2498 4577 2719 4642 rubore,
2748 4576 3008 4632 Ecclesiae
3040 4577 3308 4644 signiﬁcat
3330 4578 3713 4632 verecundiam
3755 4598 3771 4632 :

452 4662 702 4717 referant
727 4661 791 4716 ad
806 4661 1101 4714 Dominum
1128 4659 1366 4729 Jesum),
1387 4660 1457 4711 ita
1479 4659 1746 4714 cruciﬁxo
1772 4661 2056 4715 Salvatore

451 4756 807 4809 renovabitur
859 4756 1108 4823 planctus
1160 4753 1212 4807 in
1262 4753 1622 4816 Jerusalem,
1680 4755 1821 4807 sicut
1880 4770 2055 4822 quon-

453 4851 575 4904 dam
634 4851 734 4904 luit
782 4848 836 4902 in
905 4849 1037 4901 urbe
1096 4847 1550 4912 Adadremmou,
1598 4848 1649 4901 in
1702 4863 1896 4917 campo
1946 4848 2056 4901 Ma-

452 4944 685 5014 gcddoo.
734 4943 1000 5011 Quodque
1048 4944 1298 5010 sequitur
1346 4958 1359 4993 :
1410 4940 1668 5009 P/tmgcnl
1727 4942 1944 5008 familia:
2009 4952 2055 4994 et

452 5039 713 5110 familite,
776 5040 889 5091 sive.
961 5037 1122 5090 tritius
1175 5046 1218 5088 et
1291 5036 1453 5089 tribus
1512 5051 1790 5089 seorsum:
1836 5037 2055 5104 fandlirc

450 5137 636 5189 domus
706 5133 875 5186 David
937 5147 1214 5195 seorsum,
1272 5139 1317 5183 et
1380 5147 1604 5195 uxores,
1642 5130 1760 5185 sive
1819 5132 2055 5186 mulieres

450 5243 627 5281 eorum
671 5241 935 5289 seorsum,
985 5224 1085 5278 hoc
1140 5223 1444 5293 signiﬁcat,
1486 5224 1628 5292 quod
1674 5234 1919 5292 tempore
1960 5226 2057 5279 tri-

451 5319 744 5376 bnlationis
805 5328 859 5374 ct
908 5319 1088 5371 luctus
1157 5331 1263 5370 non
1312 5316 1609 5370 debeamus
1658 5318 1867 5371 servire
1927 5333 2056 5372 ron-

520 5521 544 5547 ιι
570 5507 759 5575 [ζα-εἰη.
791 5517 917 5563 ms.,
957 5504 1008 5553 in
1048 5501 1319 5570 majestate
1353 5506 1691 5570 regnantem;
1731 5504 1785 5549 ct
1832 5511 1979 5561 mox,
2015 5513 2046 5548 a

447 5584 611 5641 saltu,
644 5594 760 5647 pro,
792 5577 1068 5649 arsaltatn.
1363 5642 1373 5649 _
1458 5640 1466 5649 .

518 5652 542 5691 ι)
566 5640 772 5705 Vit-1050,
800 5646 1073 5707 Martium,
1118 5652 1294 5695 utrum
1332 5640 1612 5709 δὶθιιίβιειιι.

522 5736 541 5761 ε
590 5722 861 5776 Victorius
907 5727 1113 5769 tuorum
1161 5713 1347 5780 reponi
1394 5712 1525 5763 vult.
1582 5711 1729 5765 Licet
1760 5710 1927 5775 enim,
1959 5710 2043 5762 in-

439 5797 574 5865 quit,
606 5806 834 5846 meorum
868 5789 1077 5858 legatur
1110 5787 1263 5840 Cant.
1297 5799 1418 5849 vttt,
1451 5793 1503 5835 ct
1536 5786 1604 5839 ita
1635 5793 1779 5838 esset
1813 5782 1897 5836 hic
1945 5798 2042 5836 an-

2170 4670 2224 4723 iu
2266 4684 2562 4740 granorum
2596 4670 2791 4724 ordine
2815 4714 2828 4734 ,
2883 4671 3082 4739 gradus
3106 4678 3159 4725 ct
3187 4672 3430 4726 membra
3456 4673 3620 4726 totius
3654 4688 3779 4726 (λοι-ι

2170 4762 2316 4830 poris
2362 4776 2458 4830 per
2497 4762 2708 4831 singula
2747 4761 2925 4815 cilicia
2959 4761 3271 4816 distributa.
3328 4761 3464 4816 Cum
3494 4764 3544 4817 in
3580 4763 3775 4833 hujus-

2168 4854 2380 4907 cemodi
2426 4854 2583 4908 vinea
2626 4862 2680 4908 et
2715 4854 2874 4908 malis
2926 4853 3158 4909 fructum
3190 4855 3444 4911 Salvator
3475 4872 3580 4909 non
3618 4860 3776 4910 iove-

2168 4947 2331 5012 nerit,
2360 4946 2503 5000 dicet
2528 4965 2540 4999 :
2586 4945 2801 5000 Omnem
2825 4947 3090 5017 palmitem
3117 4965 3219 5001 non
3239 4950 3485 5019 ferentem
3516 4951 3773 5019 fructum,

2164 5038 2307 5092 tollet
2339 5038 2532 5105 Pater;
2558 5052 2601 5092 et
2633 5055 2834 5092 onmem
2862 5042 2948 5109 qui
2982 5045 3084 5109 fert
3107 5045 3357 5110 fructum,
3384 5044 3623 5115 purgabit
3650 5060 3775 5096 eain

2162 5144 2219 5186 ut
2250 5137 2477 5203 fructum
2508 5134 2622 5201 plus
2644 5133 2829 5200 afferat
2860 5133 3045 5205 (Joan.
3077 5152 3166 5200 xv,
3192 5137 3273 5205 2).
3324 5137 3393 5191 Ει
3424 5138 3476 5191 in
3510 5138 3614 5190 alio
3644 5138 3774 5191 loco

2160 5227 2402 5281 Joannes
2434 5227 2670 5291 Baptista
2699 5228 3047 5283 conclamat:
3084 5230 3203 5282 Jam
3238 5232 3432 5285 securis
3464 5232 3531 5283 ml
3564 5234 3776 5287 radices

2163 5321 2406 5374 arborum
2440 5322 2607 5390 posita
2642 5331 2715 5374 est
2750 5321 2906 5391 (illst.
2944 5339 3022 5389 Ill,
3074 5324 3180 5393 10).
3237 5323 3420 5380 Omnis
3450 5326 3605 5379 arbor
3648 5344 3777 5396 qua:

2162 5498 2609 5574 _tca_impre§‘sum
2640 5517 2653 5552 :
2691 5514 2853 5570 supra
2887 5510 3065 5574 tamen
3097 5503 3147 5555 in
3184 5503 3291 5557 line
3320 5520 3441 5574 cap.
3474 5522 3525 5559 Ix
3553 5518 3775 5562 tuorum

2162 5569 2377 5638 legitur.
2460 5571 2535 5623 Ex
2584 5569 2835 5637 personte
2866 5572 3010 5627 enim
3046 5574 3370 5648 mutatione,
3389 5569 3456 5629 ἰιι
3482 5579 3595 5632 lure.
3629 5596 3769 5648 quo-

2158 5657 2263 5705 que
2296 5659 2392 5694 Vox
2415 5651 2746 5719 niuttretttr,
2782 5658 3004 5719 necesse
3040 5646 3159 5719 fuit.
3207 5645 3323 5700 Non
3349 5654 3516 5717 enim,
3560 5645 3770 5719 pot-nbis

2157 5729 2272 5793 me,
2325 5723 2379 5763 ut
2415 5712 2776 5793 llieronymus
2807 5718 2973 5793 citat,
3027 5726 3112 5771 cst
3151 5718 3212 5793 in!
3262 5719 3486 5790 Vulgata
3508 5712 3769 5793 ipsisque

2156 5783 2320 5851 LXA,
2357 5783 2451 5840 sed
2484 5788 2693 5855 potius,
2726 5792 2927 5843 ποτίσω
2954 5810 3035 5857 σε,
3070 5791 3257 5860 potabo
3291 5804 3359 5846 te.
