4056 6342
307 282 483 369 ‘isn

1060 298 1721 367 COMMENTARIURUM
1761 304 1825 361 IN
1867 292 2273 365 ZACHARIAM
2312 304 2445 363 LIB.
2486 304 2576 363 ill.
2619 306 2774 364 CAP.
2815 304 2953 364 XIII.

3494 302 3635 363 tm

344 442 442 478 ttntt
467 424 591 493 facit
622 421 845 491 fructum
877 422 1082 489 bonum,
1116 421 1379 476 excidatur
1403 462 1416 486 ,
1450 430 1495 474 et
1529 412 1581 473 in
1615 422 1783 491 ignem
1815 418 1933 472 mit-
1963 418 2011 478 Α
2042 422 2430 475 commemorat
2463 460 2476 483 ,
2509 410 2690 473 omnia
2722 410 2862 473 idola
2891 412 3207 472 auferantur
3236 413 3304 471 de
3326 421 3491 481 terra,
3522 417 3638 472 sive

349 527 482 571 tetur
512 510 664 587 (Luc.
700 530 782 580 ιιι,
809 513 888 585 tl).
949 513 1005 570 In
1058 514 1365 568 surcisioue
1414 513 1603 567 vitium
1634 502 1751 585 [ΑΙ.
1783 511 1935 566 titio-

346 611 490 681 rum]
524 608 606 665 vel
658 610 947 673 malorum,
997 619 1021 646 ἰ
1053 606 1271 677 quando
1319 610 1371 662 in
1420 608 1504 662 die
1538 606 1722 677 judicii
1756 607 1936 661 Omnia

348 700 933 771 deponentnrnmnina
979 700 1333 771 dignitatum,
1388 700 1444 755 et
1490 692 1770 768 impletum
1820 696 1935 753 tue-

346 790 419 851 rit
452 788 578 849 illud
612 793 755 864 quod
786 794 1047 863 scripturn
1073 798 1192 847 esti
1227 782 1359 847 Ecce
1388 792 1538 846 homo
1566 792 1613 847 et
1644 798 1800 861 opera
1830 796 1941 863 ejus

350 879 564 957 (Matth.
600 901 678 949 ιιι,
707 870 834 939 Luc.
870 898 979 954 lli);
1030 896 1082 939 et
1127 874 1292 953 paleae
1336 900 1363 938 a
1410 886 1592 940 tritico
1640 890 1937 955 Separatte,

348 983 449 1037 erit
481 980 728 1049 planctus
759 994 985 1049 magnus
1018 994 1123 1033 non
1160 978 1213 1033 in
1242 979 1349 1033 alio
1383 979 1502 1034 loco
1529 1020 1544 1045 ,
1580 979 1674 1034 sed
1701 979 1750 1033 in
1780 972 1940 1035 Jeru-

349 1075 539 1129 salem.
587 1064 799 1127 Etenim
846 1073 996 1142 plaga
1023 1080 1184 1142 atque
1210 1064 1470 1140 judicium
1510 1078 1537 1126 a
1570 1073 1772 1127 sanctis
1818 1072 1944 1126 inei-

349 1164 461 1240 piet
484 1210 499 1233 ,
533 1179 583 1221 et
609 1182 766 1237 reges
796 1179 847 1219 et
883 1166 1200 1221 Sacerdotes
1223 1170 1275 1221 et
1305 1167 1583 1235 prophetae
1614 1174 1664 1219 et
1690 1156 1943 1219 doctores

349 1261 577 1316 tundent
627 1258 876 1313 manibus
919 1264 1180 1328 pectora:
1235 1274 1356 1312 cum
1406 1259 1541 1311 mala
1578 1250 1943 1327 pulcherrima

352 1342 590 1409 viderint
616 1354 736 1409 esse
762 1352 996 1418 sdccisa,
1030 1350 1083 1406 et
1110 1358 1233 1406 eum
1266 1362 1429 1422 quem
1459 1352 1800 1407 cOnlixet‘aut
1823 1393 1836 1417 ,
1892 1351 1942 1405 in

350 1434 528 1502 Patris
555 1450 618 1499 ac
650 1461 742 1498 sua
772 1445 1057 1515 majestate
1086 1448 1311 1514 regnare
1331 1436 1373 1518 (l
1398 1443 1544 1499 Petr.
1579 1442 1675 1515 tv).

422 1540 577 1611 (Cap.
610 1528 831 1595 Xlll.—-
852 1538 1006 1593 Vers.
1043 1536 1119 1610 l.)
1157 1526 1219 1592 in
1254 1538 1336 1592 die
1365 1539 1455 1592 illa
1494 1540 1591 1592 erit
1618 1540 1733 1609 fons
1768 1548 1944 1610 patens

352 1633 528 1687 domui
559 1628 731 1685 David
753 1674 768 1697 ,
813 1640 859 1685 et
910 1616 1259 1685 habitantibus
1296 1629 1610 1696 Jerusalem,
1640 1632 1691 1683 in
1722 1629 1946 1684 ablutio-

352 1745 465 1780 nem
499 1726 784 1797 peccatoris
823 1734 869 1780 et
912 1728 1260 1779 menstruam.
1297 1710 1475 1780 LXX:
1520 1722 1585 1779 In
1614 1726 1695 1781 die
1726 1725 1819 1779 illa
1851 1727 1946 1777 erit

2043 508 2131 567 illa
2162 512 2307 568 idola
2340 510 2407 566 de
2439 504 2634 582 quibus
2663 506 2949 566 Psaluiista
2992 506 3162 563 dicit:
3200 507 3496 563 Simulacm
3517 525 3636 581 gen-

2044 609 2168 661 tium
2198 612 2469 678 argentum
2484 606 2754 673 etaurttm,
2780 610 2935 675 opera
2956 612 3204 657 manuum
3225 601 3495 657 hominum
3514 602 3633 674 (Ps.

2043 690 2316 770 cauum),
2345 698 2401 754 ut
2427 696 2571 753 nulla
2596 698 2661 752 sit
2682 698 2785 753 ana
2806 692 3017 768 religio,
3048 696 3147 752 nisi
3170 700 3376 752 tantum
3404 696 3641 752 nominis

2043 790 2360 867 Christiani,
2412 810 2463 853 et
2513 790 2580 853 de
2606 792 2805 871 quibus
2849 800 2899 853 in
2926 794 3190 867 propheta
3220 790 3480 866 seriptu‘m
3515 804 3597 849 est
3629 814 3642 850 :

2050 876 2284 956 Dlutate,
2315 890 2582 957 settlptilia
2618 891 2671 944 in
2700 880 3000 945 Jerusalem
3029 898 3077 945 et
3106 888 3160 942 in
3187 884 3456 945 Samaria.
3491 885 3647 942 Sicut

2045 987 2182 1040 enim
2233 988 2331 1057 {rei
2378 984 2639 1042 Samaritvr
2684 990 2731 1041 et
2762 974 3091 1059 sculptilibas
3128 978 3309 1041 illius:
3344 980 3418 1040 sic
3449 984 3640 1057 faciam

2044 1066 2340 1133 Jerusalem
2386 1084 2433 1132 et
2476 1068 2632 1133 idolis
2664 1082 2775 1151 ejus
2806 1076 2940 1151 (ter.
2970 1082 3121 1151 XXX).
3166 1076 3296 1137 Sive
3325 1074 3441 1135 inec
3470 1076 3640 1139 idola.

2047 1167 2114 1224 de
2142 1170 2332 1241 quibus
2364 1166 2653 1240 Apostolus
2685 1162 2965 1240 loquitur:
3002 1168 3233 1243 Spiritus
3265 1181 3435 1225 autem
3471 1171 3640 1225 mani-

2047 1263 2174 1332 feste
2209 1260 2373 1316 dicit:
2424 1263 2544 1331 quia
2590 1262 2644 1316 in
2698 1254 2986 1317 novissimis
3035 1258 3353 1333 teiitporibus
3406 1264 3647 1318 recedent

2046 1355 2257 1425 quidam
2288 1364 2319 1407 tt
2350 1344 2488 1422 ﬁde,
2530 1353 2848 1407 attendentes
2878 1352 3140 1425 spiritibus
3170 1350 3563 1420 seductoribus,
3599 1365 3647 1407 et

2048 1436 2301 1502 (lactrinis‘
2362 1447 2739 1503 dwmonio‘rum
2794 1450 2845 1502 in
2894 1447 3158 1519 hypocrisi
3206 1444 3641 1517 falsiloquornm,

2048 1539 2387 1593 cauteriatam
2444 1540 2743 1594 habentium
2797 1540 3171 1595 conscientiam
3227 1546 3375 1594 suam
3416 1537 3639 1612 (lTim.

2050 1644 2120 1697 tv,
2159 1634 2210 1696 1,
2240 1630 2320 1701 Ei).
2364 1632 2514 1687 Sicut
2552 1628 2695 1687 enim
2729 1630 2874 1688 idola
2908 1633 3041 1687 llum
3069 1639 3230 1687 manu
3260 1631 3487 1687 artiﬁcis
3517 1650 3529 1686 :
3570 1633 3640 1687 ita

2051 1723 2433 1779 harreticorum
2458 1730 2713 1793 perversa
2741 1722 2987 1781 doctrina
3012 1767 3026 1791 ,
3078 1723 3459 1795 quodcumque
3479 1724 3644 1780 simu-

351 1820 517 1873 omnis
562 1817 705 1871 locus
747 1828 953 1887 apertus
995 1819 1045 1872 in
1090 1818 1241 1872 domo
1280 1808 1474 1884 David,
1518 1825 1565 1872 et
1601 1808 1947 1872 habitantibus

2073 1821 2246 1873 averit
2270 1858 2285 1883 ,
2320 1818 2487 1872 vertit
2518 1810 2570 1872 l’n
2599 1810 2802 1873 idOlum
2829 1858 2845 1886 ,
2890 1820 2942 1872 et
2972 1813 3104 1873 feeit
3129 1826 3227 1887 pro
3257 1815 3483 1872 Christo
3512 1817 3646 1871 ado-

348 1910 679 1968 Jerusalem:
704 1923 748 1966 ct
786 1913 834 1965 in
874 1912 1355 1966 transmutationem
1397 1912 1447 1966 et
1485 1912 1533 1965 in
1575 1911 1944 1982 aSpcrsionem.

350 2005 427 2061 De
474 2005 577 2060 hoc
624 2004 772 2059 fonte
799 2046 814 2070 ,
866 1996 957 2074 qui
1000 2005 1275 2075 egreditur
1301 2004 1367 2060 de
1396 2004 1558 2060 domo
1586 2005 1775 2073 David,
1808 2012 1861 2062 et
1894 2007 1945 2061 in

351 2092 643 2155 Ezechiele
690 2097 949 2169 propinata
1002 2099 1262 2153 scribitur
1312 2095 1529 2166 (Ezech.
1566 2097 1755 2171 XLVII),
1803 2100 1947 2169 quod

353 2202 601 2262 erumpat
649 2191 771 2247 fons
816 2193 867 2245 in
915 2191 1079 2245 domo
1127 2191 1376 2259 Domini,
1423 2201 1477 2247 et
1506 2196 1715 2247 crescat
1757 2195 1808 2247 in
1842 2188 1946 2247 tiu-

354 2288 499 2339 rinm
528 2329 540 2351 ,
576 2286 664 2355 qui
697 2285 1009 2355 appellatur
1034 2300 1173 2355 aqua
1216 2287 1560 2340 remissionis
1584 2294 1638 2340 ct
1667 2287 1952 2356 indulgen—

358 2384 481 2445 tiie;
513 2389 565 2435 et
596 2388 784 2450 pergat
813 2381 877 2433 ad
901 2376 1255 2435 solitudinem
1284 2389 1336 2434 et
1362 2379 1425 2433 ad
1452 2394 1622 2446 mare,
1643 2378 1787 2451 quod
1811 2388 1952 2435 nunc

362 2474 589 2529 tueatur
623 2474 887 2528 Morinum
917 2519 929 2542 ,
979 2474 1263 2542 piscesque
1295 2489 1485 2528 oinnes
1512 2472 1770 2536 viviticet,
1804 2484 1861 2529 et
1888 2488 1951 2529 ex

360 2583 589 2642 utraque
618 2571 729 2641 ripa
756 2568 991 2625 ﬂuminis
1028 2572 1155 2624 varii
1183 2571 1402 2640 generis
1430 2582 1763 2639 consurgant
1796 2574 1956 2625 arbo-

360 2680 484 2732 res,
532 2682 627 2737 per
669 2665 915 2735 singulos
976 2682 1193 2719 menses
1241 2681 1455 2734 semper
1498 2668 1651 2718 novis
1693 2660 1955 2719 fructibus

316 2742 321 2750 ’
361 2761 720 2817 abundantes.
767 2761 831 2815 Et
884 2770 940 2812 ut
984 2762 1221 2814 sciamus
1262 2760 1506 2827 domum,
1551 2761 1651 2815 hoc
1680 2772 1784 2825 est,
1819 2771 1958 2816 tem-

364 2856 508 2924 plum
540 2844 672 2919 Dei,
723 2855 895 2923 ipsam
929 2868 1051 2908 esse
1096 2853 1321 2907 domoin
1353 2850 1555 2917 David,
1589 2870 1708 2924 qua:
1736 2852 1788 2906 in
1821 2840 1959 2908 Eze-

362 2950 539 3004 chiele
564 2936 758 3003 domus
787 2946 907 3013 Dei,
944 2948 995 3000 in
1036 2944 1302 3000 Zacharia
1352 2946 1545 3001 domus
1577 2945 1745 3001 David
1774 2947 1958 3015 appel-

362 3034 540 3099 Ῑιῑιιιε
591 3044 679 3097 hic
714 3043 833 3096 lous
890 3040 958 3097 de
1009 3038 1171 3096 domo
1214 3040 1308 3096 Dei
1364 3041 1672 3111 egrediens,
1728 3043 1962 3094 reicitur

362 3138 429 3193 ad
460 3124 762 3192 Ecclesium
794 3144 850 3189 et
879 3134 945 3187 ad
973 3133 1261 3188 scientiam
1289 3132 1724 3203 Seripturarum,
1756 3143 1813 3185 ut
1841 3148 1958 3185 om-

365 3250 463 3289 nes
509 3246 857 3288 renascamur
891 3232 941 3283 in
974 3226 1194 3283 Christo
1220 3272 1235 3295 ,
1280 3236 1334 3283 et
1362 3229 1412 3283 in
1445 3243 1579 3297 aqua
1614 3226 1958 3295 baptismatis

365 3335 551 3384 nostra
584 3325 741 3381 nobis
771 3332 993 3395 peccata
1018 3320 1180 3393 907
1212 3320 1507 3376 donentur.
1549 3310 1690 3375 Nihil
1725 3322 1960 3375 immun-

366 3424 487 3478 dius
520 3430 879 3489 menstruata,
904 3434 1025 3489 qua;
1047 3417 1306 3489 quidquid
1329 3416 1591 3487 attigerit,
1618 3414 1957 3471 immundqu

368 3516 493 3571 facit
521 3534 533 3569 :
588 3524 642 3570 et
668 3513 829 3584 hujus
860 3523 1040 3567 tamen
1065 3511 1255 3566 sordes
1284 3510 1483 3565 Christi
1513 3510 1801 3565 abluentur
1826 3508 1959 3581 bap-

366 3608 609 3663 tismate.
668 3606 773 3661 Pro
805 3594 1085 3660 ablutione
1119 3614 1464 3673 peccatorum
1495 3614 1550 3658 et
1584 3615 1957 3669 menstruatae,

368 3692 513 3757 LXX
546 3697 960 3763 transtulerunt,
995 3696 1477 3750 transmutationem
1501 3706 1550 3749 et
1581 3695 1963 3766 aspersionem:

368 3792 510 3865 quod
538 3788 605 3847 de
638 3791 780 3861 Lege
803 3798 1146 3844 transeamus
1176 3789 1241 3842 ad
1276 3784 1653 3859 Evangelintu,
1689 3789 1755 3841 de
1785 3789 1960 3842 littera

368 3886 435 3941 ad
467 3884 716 3954 spiritum
744 3925 756 3947 ,
807 3883 873 3936 de
922 3882 1111 3937 umbra
1145 3880 1210 3935 ad
1240 3883 1546 3941 veritatem.
1584 3896 1679 3949 pro
1710 3879 1963 3936 brevibus

373 3988 420 4033 et
473 3977 833 4046 praisentibus
866 3972 1043 4027 futura
1074 3985 1122 4029 et
1157 3985 1357 4029 (eterna
1392 3975 1703 4029 succedant.
1762 3978 1963 4042 Asper-

373 4070 454 4123 sio
484 4077 662 4121 autem
711 4067 1027 4136 sanguinem
1056 4064 1273 4119 Domini
1303 4066 1573 4135 signiﬁcat
1603 4108 1616 4132 ,
1663 4065 1730 4121 de
1767 4080 1871 4135 quo
1911 4074 1965 4120 et

374 4162 564 4218 Petrus
595 4160 874 4232 apostolus
907 4161 1179 4230 loquitur:
1228 4158 1410 4214 Gratia
1436 4161 1597 4227 vobis,
1640 4169 1687 4214 et
1710 4176 1813 4231 paa‘
1835 4160 1967 4214 mut-

376 4256 656 4324 tiplicetur,
713 4255 765 4307 in
805 4253 1148 4308 obedientiam
1205 4262 1254 4309 et
1302 4255 1653 4324 aspersionem
1702 4256 1967 4327 sanguinis

374 4346 497 4404 Jesu
531 4347 724 4403 Christi
752 4346 794 4421 (ι
824 4338 942 4401 Pet.
968 4364 1005 4413 ι,
1040 4348 1122 4417 2).
1159 4348 1228 4402 Et
1261 4365 1473 4404 rursum
1503 4369 1513 4403 :
1575 4349 1806 4405 Scientes
1834 4350 1969 4418 quod

376 4459 476 4495 non
505 4438 923 4509 corruptibitibus
957 4449 1173 4512 argento
1201 4449 1250 4494 et
1296 4458 1422 4496 auro
1447 4444 1693 4513 redempti
1718 4445 1855 4507 estis,
1882 4444 1969 4496 sed

375 4536 625 4605 sanguine
674 4534 928 4604 pretioso,
976 4543 1028 4585 ut
1080 4535 1203 4602 agni
1244 4534 1565 4589 immaculati
1613 4544 1660 4588 et
1706 4535 1970 4605 purissimi

378 4625 570 4699 (Ibid.,
603 4618 717 4693 18),
750 4642 854 4695 quo
901 4625 987 4692 qui
1022 4640 1276 4694 aspersus
1320 4624 1487 4680 fuerit
1530 4639 1581 4680 et
1630 4627 1965 4696 redemptus,

378 4721 563 4776 dicere
590 4718 791 4791 poterit
819 4733 939 4773 cum
975 4717 1241 4787 prOpheta
1268 4736 1279 4772 :
1316 4719 1569 4790 Asperges
1600 4737 1699 4787 me,
1730 4716 1969 4787 Domine,

381 4815 605 4885 ayss-apo
638 4823 681 4866 et
706 4812 994 4865 mundabor
1014 4827 1029 4864 .·
1066 4810 1258 4867 lavabis
1286 4816 1367 4867 me
1389 4822 1433 4867 et
1456 4830 1610 4886 super
1640 4816 1801 4869 nivem
1830 4815 1974 4868 deal-

381 4906 539 4960 babor
564 4904 740 4975 (Psal.
775 4921 822 4970 L,
857 4904 937 4977 9).

456 4990 637 5073 (Vers.
671 5000 750 5067 2,)
784 4996 850 5052 Et
881 5001 976 5053 erit
1007 5001 1056 5054 in
1089 5002 1170 5053 die
1200 5000 1313 5065 illa,
1345 5001 1469 5054 dicit
1500 4998 1753 5056 Dominus
1780 5002 1978 5057 exerci-

384 5105 551 5156 tuum,
600 5092 897 5163 dispertiunt
949 5094 1159 5147 nomina
1210 5095 1469 5148 idolorum
1512 5092 1574 5149 de
1616 5106 1770 5163 terra,
1801 5106 1978 5150 etnon

385 5186 803 5254 memorabuntur
836 5183 1007 5253 ultra,
1052 5196 1096 5240 et
1125 5188 1401 5259 prop/tetas
1438 5187 1617 5261 [Vulg
1650 5188 1976 5260 pseudOpro.

385 5279 624 5355 phetas],
660 5290 703 5336 et
766 5283 1005 5355 spiritum
1051 5284 1376 5338 immundum
1434 5289 1667 5356 auferam
1711 5284 1774 5339 de
1822 5294 1978 5339 terra.

386 5360 567 5429 LXX:
601 5366 669 5427 Et
698 5376 793 5429 erit
823 5376 875 5427 in
906 5377 986 5429 die
1014 5375 1129 5442 illa,
1165 5378 1287 5431 dicit
1307 5376 1562 5433 Dominus
1585 5376 1839 5444 Sabaoth,
1871 5380 1983 5432 dis-

392 5468 605 5538 perdam
648 5468 859 5520 nomina
911 5466 1171 5523 idolorum
1219 5471 1281 5524 de
1320 5480 1487 5533 terra,
1520 5478 1563 5524 et
1596 5488 1699 5525 non
1724 5476 1817 5525 erit
1848 5470 1987 5526 utira

392 5576 567 5614 eorum
613 5563 888 5627 meritoria,
930 5573 974 5617 et
1008 5562 1515 5635 psetttlopmphetas,
1542 5576 1587 5620 et
1618 5566 1857 5637 spiritum
1888 5568 1985 5620 int-

392 5650 640 5707 mundnm
685 5658 922 5724 auferant
963 5660 1027 5711 de
1069 5668 1227 5712 terra.
1280 5659 1334 5712 lu
1364 5659 1451 5713 die
1477 5648 1564 5713 illa
1597 5676 1757 5729 quam
1792 5662 1986 5715 crebro

469 5774 491 5843 ξ·
529 5763 708 5843 lilium
741 5767 883 5843 bene
903 5787 1069 5838 penes
1099 5772 1348 5836 Martiau,
1385 5777 1631 5843 quoniam
1657 5776 1708 5829 in
1737 5775 1843 5837 die,
1876 5784 1983 5831 etc.

468 5834 492 5874 δ
529 5837 804 5896 lnterserit
858 5834 1050 5911 nega".
1103 5862 1204 5899 ms.
1256 5834 1493 5913 ittadent,
1527 5863 1682 5903 sacro
1723 5834 1989 5902 renuente

2053 1911 2159 1964 rari
2215 1900 2630 1965 Antichristum.
2692 1906 2800 1965 Pro
2848 1907 3388 1980 pseudoprophetis,
3444 1909 3495 1962 in
3539 1908 3645 1965 He-

2053 1996 2240 2059 braico
2289 2004 2535 2060 absolute
2575 2003 2830 2075 leguntur
2881 2006 3148 2076 prophetw
3174 2045 3187 2068 ,
3236 2002 3287 2058 id
3314 2006 3399 2059 est
3426 2046 3439 2068 ,
3488 2010 3649 2060 usuin

2057 2094 2328 2168 (ctam),
2379 2099 2469 2166 qui
2521 2102 2570 2152 et
2612 2088 2714 2167 ipsi
2765 2092 3267 2168 pseudoprophetas
3300 2090 3648 2169 significant;

2054 2191 2146 2245 sed
2178 2200 2355 2246 tamen
2385 2194 2441 2245 et
2472 2190 2540 2243 ab
2574 2180 2740 2261 908
2766 2189 3002 2244 ethnicis
3032 2188 3346 2245 sacerdotes
3380 2188 3646 2244 idolortitn

2056 2290 2324 2338 "vocantur
2354 2278 2653 2351 irrupitelas.

2129 2376 2308 2447 (Vers.
2325 2370 2403 2445 3.)
2441 2373 2505 2429 Et
2528 2376 2644 2440 erit,
2661 2384 2777 2427 cum
2803 2370 3183 2443 prophetauerit
3206 2375 3466 2445 quispiam
3487 2374 3649 2439 ultra,

2057 2467 2229 2521 dicent
2260 2469 2307 2522 ei
2330 2476 2479 2539 pater
2510 2470 2623 2539 ejus
2655 2476 2700 2520 et
2723 2475 2885 2520 mater
2907 2468 3038 2536 ejus,
3069 2465 3159 2535 qui
3189 2475 3472 2538 genuerunt
3494 2480 3648 2521 cura:

2060 2558 2183 2615 Non
2215 2564 2368 2629 vives,
2399 2563 2519 2632 quia
2553 2559 2880 2616 mendacium
2903 2552 3109 2613 tocutus‘
3138 2568 3189 2613 es
3221 2559 3276 2613 in
3312 2561 3517 2613 nomine
3545 2556 3653 2613 De-

2059 2655 2221 2708 mini:
2253 2652 2279 2691 δ
2310 2660 2355 2708 et
2382 2654 2637 2724 conﬁgent
2666 2662 2785 2707 eum
2816 2660 2965 2722 pater
2989 2653 3101 2723 ejus
3128 2661 3174 2705 et
3204 2660 3369 2705 mater
3398 2654 3534 2720 ejus,
3567 2653 3654 2720 qui

2058 2758 2345 2819 genuerunt
2395 2758 2509 2801 eum
2554 2744 2731 2818 [Vulgn
2779 2746 3033 2819 genitores
3071 2744 3231 2819 ejus],
3284 2754 3397 2799 cum
3428 2747 3656 2817 praphe-

2060 2843 2266 2897 taverit.
2316 2836 2458 2897 LXX
2504 2857 2516 2894 :
2554 2836 2623 2893 Et
2652 2841 2768 2905 erit,
2813 2840 2857 2895 si
2890 2839 3272 2911 prophetaee’rit
3302 2838 3453 2893 homo
3499 2842 3660 2906 ultra,

2060 2934 2194 2987 dicet
2223 2933 2290 2987 ad
2332 2946 2448 2985 eum
2476 2940 2623 3002 pater
2652 2942 2777 2984 suus
2809 2936 2857 2985 et
2886 2941 3047 2984 mater
3076 2938 3172 2984 sua
3193 2971 3208 2993 ,
3250 2931 3339 3000 qui
3371 2938 3661 3000 genuerunt

2063 3038 2211 3081 eum:
2242 3023 2365 3080 Non
2398 3027 2551 3090 vives,
2576 3026 2821 3094 quoniam
2844 3024 3166 3077 mendacium
3189 3022 3395 3077 locutus
3418 3034 3471 3078 ea
3492 3025 3546 3078 in
3569 3034 3661 3079 no-

2066 3123 2202 3174 mine
2239 3118 2480 3174 Domini:
2506 3126 2554 3172 ει
2584 3117 2908 3187 contpettient
2947 3124 3064 3169 eum
3100 3122 3249 3187 pater
3280 3118 3395 3188 ejus
3423 3124 3473 3170 et
3500 3126 3663 3169 mater

2063 3218 2195 3285 ejus,
2230 3213 2319 3283 qui
2346 3218 2633 3282 genuerunt
2663 3220 2801 3276 eum,
2835 3223 2951 3262 cum
2972 3208 3371 3281 prOphetaverit.
3420 3208 3669 3264 Nomini-

2064 3306 2165 3361 bus
2193 3304 2461 3359 idolorum
2495 3302 2561 3357 de
2593 3308 2735 3356 terra
2765 3300 3027 3366 sublatis,
3060 3304 3117 3355 et
3147 3299 3661 3370 pseudOpt-ophetis.

2064 3411 2227 3470 atque
2256 3397 2537 3453 immundo
2563 3396 2755 3469 spiritu
2786 3396 2877 3467 qui
2910 3393 3230 3466 loquebatur
3260 3394 3311 3449 in
3343 3396 3443 3462 eis,
3472 3397 3521 3450 si
3542 3398 3662 3465 quis

2064 3496 2207 3549 ultra
2239 3498 2449 3547 tentare
2475 3490 2711 3545 voluerit
2738 3530 2752 3554 ,
2802 3501 2854 3544 et
2886 3488 3162 3558 quippiam
3193 3498 3258 3540 ex
3291 3499 3519 3557 persona
3550 3486 3658 3541 Do-

2066 3588 2197 3642 mini
2231 3584 2599 3657 prephetare,
2651 3580 2831 3637 statim
2865 3590 3020 3650 pater
3048 3583 3167 3650 ejus
3194 3588 3248 3634 et
3273 3586 3447 3635 mater
3462 3580 3665 3636 oblivi-

2066 3684 2287 3735 scentur
2311 3682 2595 3748 parentum
2622 3719 2635 3743 ,
2688 3685 2745 3729 ut
2794 3673 2889 3728 Dei
2936 3674 3208 3729 retineant
3236 3674 3577 3741 servittuem,
3611 3685 3668 3732 ct

2070 3771 2345 3844 proteren‘t
2390 3776 2581 3825 contra
2630 3762 2803 3822 ﬁlium
2846 3766 3038 3821 mortis
3071 3764 3434 3821 sententiam:
3470 3774 3527 3821 et
3557 3777 3661 3821 tam

2068 3867 2175 3938 piae
2206 3871 2366 3920 erunt
2390 3861 2635 3919 omnium
2665 3860 2716 3915 in
2765 3856 2930 3915 Deum
2974 3864 3218 3925 mentes,
3250 3870 3312 3913 ut
3341 3868 3447 3915 non
3470 3870 3666 3931 exspe-

2068 3971 2247 4016 ctetur
2294 3956 2571 4029 publicum
2614 3950 2924 4025 judicium;
2974 3952 3069 4008 Sed
3114 3954 3345 4022 pereant
3390 3954 3480 4024 qui
3528 3954 3667 4010 tales

2070 4063 2216 4120 Sunt,
2251 4052 2518 4107 sententia
2552 4040 3008 4119 propinquorum.
3050 4036 3159 4100 Pro
3188 4058 3254 4100 eo
3281 4045 3427 4116 quod
3454 4052 3555 4101 nos
3585 4045 3670 4102 di-

2073 4153 2249 4207 ximus
2275 4191 2288 4216 ,
2341 4147 2595 4220 con/igent
2628 4158 2742 4198 eum
2768 4184 2782 4207 ,
2819 4142 2961 4197 idem
2987 4141 3210 4197 verbum
3242 4150 3327 4197 est
3354 4142 3409 4197 in
3439 4139 3671 4198 Hebraeo

2072 4247 2213 4320 quod
2244 4260 2405 4315 supra
2434 4289 2447 4313 ,
2493 4248 2701 4299 DACABU
2734 4240 2937 4328 (rapa).
2978 4240 3095 4328 Qua
3127 4248 3256 4309 ergo
3280 4240 3493 4294 ratione
3525 4238 3670 4297 LXX

2075 4344 2397 4409 interpretes
2431 4335 2503 4391 ibi
2536 4326 2954 4410 κατωρχήάαντο
2984 4372 2997 4395 ,
3024 4326 3077 4384 id
3107 4332 3190 4384 est
3214 4371 3229 4397 ,
3263 4329 3675 4398 insuttaverunt,

2074 4436 2189 4490 sive
2236 4434 2534 4495 illuserunt,
2586 4434 2641 4485 et
2675 4439 2732 4483 ut
2780 4426 3006 4481 verbum
3052 4422 3120 4477 de
3144 4420 3311 4477 verbo
3342 4423 3674 4494 exprimam,

2076 4538 2252 4583 contra
2272 4543 2387 4580 eum
2418 4524 2733 4579 saltauerunt
2752 4536 2771 4587 ;
2790 4527 2845 4575 et
2868 4518 2957 4572 hic
2979 4514 3354 4590 συμποόιοῦσιν
3378 4518 3678 4573 transferre

2078 4623 2412 4684 voluerunt,
2445 4615 2498 4670 id
2538 4618 2615 4666 est
2644 4655 2660 4678 ,
2691 4606 3047 4681 contpedient:
3097 4623 3220 4662 cum
3253 4617 3309 4663 et
3341 4606 3567 4680 Aquila,
3623 4618 3681 4664 et

2076 4709 2433 4784 Symmachus
2459 4748 2474 4774 ,
2532 4714 2586 4761 et
2629 4694 2938 4759 Theodotio
2960 4747 2973 4770 ,
3027 4711 3082 4756 et
3125 4698 3196 4756 ibi
3224 4706 3278 4757 et
3308 4700 3395 4757 hic
3422 4701 3681 4758 similiter

2079 4805 2360 4868 verterint,
2414 4799 2764 4868 conﬁxerun‘t.
2811 4792 2986 4849 Recte
3034 4796 3214 4850 autem
3264 4786 3356 4863 qui
3376 4794 3514 4849 falsa
3548 4800 3677 4863 pro-

2081 4894 2392 4968 phetav‘erit
2417 4932 2431 4957 ,
2467 4890 2620 4944 homo
2648 4884 2952 4957 appellatus
2975 4893 3060 4939 est
3081 4925 3095 4950 ,
3128 4884 3346 4940 dicente
3375 4884 3638 4954 Apostolo
3665 4902 3677 4941 :

2083 4993 2210 5047 Cum
2240 4990 2376 5042 enim
2412 4987 2513 5041 sint
2547 4985 2682 5037 inter
2723 4998 2810 5035 ros
2848 4980 3207 5035 mantatiortes
3232 4988 3278 5031 et
3307 4980 3682 5042 contentiones,

2088 5100 2257 5136 nonne
2289 5078 2525 5134 carnales
2569 5077 2687 5132 estis
2706 5118 2719 5141 ,
2766 5083 2811 5127 et
2851 5070 3131 5127 secundum
3158 5069 3417 5124 hominem
3448 5070 3688 5125 ambula-

2090 5183 2155 5235 (is
2205 5177 2248 5249 (ι
2277 5176 2396 5229 Cor.
2427 5180 2507 5240 ut,
2538 5173 2591 5241 ὅ)
2618 5170 2641 5224 ?
2700 5169 2766 5223 Et
2812 5166 2864 5220 iu
2897 5164 3129 5219 Psalmis
3158 5182 3170 5217 :
3224 5163 3327 5217 Vos
3354 5173 3523 5218 autem
3554 5167 3687 5220 sicut

2089 5274 2319 5328 homines
2350 5264 2662 5329 moriemini,
2693 5271 2742 5318 et
2773 5261 2906 5315 sicut
2936 5274 3071 5311 unus
3101 5259 3163 5311 de
3190 5258 3507 5329 principibus
3536 5260 3692 5315 cade-

2090 5370 2151 5423 tis
2186 5364 2359 5437 (Psat.
2395 5372 2575 5428 unt,
2605 5358 2684 5427 7).
2716 5355 2787 5411 Et
2816 5350 3023 5423 indigni
3054 5351 3254 5420 spiritu
3286 5350 3381 5406 Dei
3414 5361 3691 5407 merentur

2089 5462 2314 5519 audire:
2360 5455 2481 5512 Non
2518 5450 2835 5527 permanebit
2870 5446 3085 5517 spiritus
3130 5461 3271 5499 meus
3309 5446 3362 5498 in
3393 5444 3692 5502 hominibus

2091 5560 2239 5615 istis:
2266 5556 2385 5627 quia
2421 5566 2440 5590 ο
2477 5547 2713 5604 carnales
2740 5553 2856 5601 sunt
2885 5541 3039 5614 (Gen.
3077 5548 3153 5607 tu,
3182 5540 3263 5609 5).

2166 5644 2346 5723 (Vers.
2378 5648 2412 5703 ὅ
2443 5643 2627 5714 seqq.)
2681 5638 2746 5693 Et
2791 5639 2885 5692 erit
2933 5637 2983 5688 in
3030 5632 3114 5688 die
3156 5631 3273 5699 ttta,
3308 5632 3697 5705 confundentur

2099 5780 2294 5891 ‘ekt‘mltt
2328 5835 2446 5889 aliis
2473 5830 2645 5892 libris,
2673 5826 2791 5898 quia
2826 5832 3002 5876 €di88
3035 5829 3176 5873 SI"!-
