4026 6346
484 262 625 321 1519

1741 256 1797 314 S.
1843 252 2117 313 EUSEBII
2157 252 2541 314 lllERONYMl

3659 248 3796 310 1590

482 379 747 452 praplteta:
782 377 1131 446 unusquisque
1172 390 1236 429 ea:
1271 374 1471 430 visione
1498 390 1590 428 sua
1610 413 1625 440 ,
1658 389 1773 427 cum
1804 372 2082 443 prapheta-
2110 372 2161 434 Α
2190 374 2327 429 sicut
2357 376 2534 429 uritur
2558 383 2827 444 argentum
2849 392 2869 430 :
2910 384 2957 429 et
2989 371 3218 441 probabo
3247 384 3336 425 eos
3381 369 3518 425 sicut
3546 368 3794 438 probatur

484 473 634 536 verit,
667 488 759 524 nec
787 472 1083 540 aperientur
1106 469 1268 540 pallio
1299 468 1507 522 saccino
1533 476 1589 521 ut
1620 467 1971 521 mentiantur:
2000 466 2092 521 sed

486 565 644 627 dicet,
680 564 805 619 Non
847 581 963 619 sum
1015 564 1267 636 praplteta
1297 579 1313 616 :
1347 562 1503 617 homo
1532 563 1762 634 agricola
1806 579 1898 634 ego
1935 579 2051 617 sum
2073 578 2092 617 .°

480 660 737 729 quoniam
770 659 938 711 Adam
971 657 1265 729 exemplum
1294 674 1463 712 meum
1486 657 1549 710 ab
1576 656 1928 711 adolescentia
1954 672 2089 710 mea.

480 750 548 806 Et
580 752 787 805 dicetur
819 752 865 805 ei
886 768 904 804 :
940 750 1080 817 Quid
1102 761 1221 806 sunt
1256 750 1428 823 plaga:
1447 751 1559 804 ista:
1581 750 1635 803 in
1660 750 1828 804 medio
1842 765 2092 803 manuum

492 852 705 897 tuarum
727 846 749 897 Σ)
779 842 846 897 Et
871 843 1033 897 dicet:
1062 843 1156 897 His
1178 842 1420 917 plagatus
1441 843 1620 897 sumin
1642 845 1794 896 domo
1808 860 1985 897 eorum
1999 842 2089 912 qui

466 941 758 1013 diligebant
788 942 955 1013 909
984 957 1081 995 me.
1114 940 1257 995 LXX
1284 959 1295 993 :
1334 938 1402 993 Et
1426 942 1521 993 erit
1541 940 1593 993 in
1613 938 1695 992 die
1716 937 1834 1005 illa,
1866 938 2089 1008 confun-

483 1034 673 1088 deutur
705 1032 972 1107 prapheta:
1012 1033 1365 1105 unusquisque
1396 1048 1460 1087 ea:
1480 1033 1678 1086 visione
1699 1048 1794 1084 sua
1820 1047 1934 1083 cum
1963 1047 2089 1101 pro-

480 1130 765 1200 phetauerit
792 1145 807 1181 :
832 1138 878 1181 et
896 1127 1331 1199 induenturpelle
1355 1127 1587 1193 cilicina,
1604 1143 1708 1197 qua
1729 1124 2084 1189 nteutitisunt,

478 1232 526 1279 et
554 1223 729 1277 dicet:
782 1220 908 1277 Non
947 1238 1063 1276 sum
1097 1220 1369 1293 praphetes
1398 1237 1512 1289 ego,
1557 1220 1679 1290 quia
1710 1217 1865 1272 homo
1912 1216 2086 1289 genuit

475 1331 557 1369 me
595 1332 629 1368 a
668 1318 940 1387 juventute
981 1331 1111 1380 mea,
1167 1323 1211 1368 et
1254 1314 1425 1366 dicant
1457 1313 1523 1365 ad
1554 1327 1713 1365 eum:
1767 1309 1907 1376 Quid
1963 1318 2083 1363 sunt

474 1407 644 1477 plaga:
674 1407 784 1461 ista:
809 1407 863 1460 in
887 1408 1057 1460 medio
1089 1423 1338 1459 manuum
1362 1408 1613 1459 tuarum?
1658 1404 1723 1457 Et
1754 1403 1922 1458 dicet:
1954 1402 2084 1468 Qui-

474 1499 568 1552 bus
602 1514 878 1565 percussus
917 1514 1033 1552 sum
1065 1499 1119 1552 in
1168 1499 1322 1551 domo
1351 1497 1618 1567 diligentis
1660 1512 1757 1548 me.
1820 1494 1922 1562 Qui
1958 1508 2081 1561 pro-

473 1589 702 1661 phetare
732 1591 1043 1655 tentaverit,
1098 1598 1154 1645 et
1183 1598 1474 1659 parentum
1510 1587 1717 1657 judicio
1760 1586 1922 1643 fuerit
1951 1601 2081 1642 con-

471 1682 781 1750 demnatus,
804 1690 859 1736 et
882 1682 1125 1736 vaticinii
1160 1682 1303 1736 illius
1335 1680 1627 1735 falsitatem
1653 1694 1832 1734 rerum
1856 1689 2078 1735 contra-

2195 485 2401 524 aurum.
2450 468 2574 537 Ipse
2610 470 2803 523 vocabit
2829 485 3014 524 nomen
3045 484 3211 522 meum
3240 508 3254 530 ,
3306 474 3353 519 et
3384 481 3478 536 ego
3517 463 3795 519 exaudiam

2192 581 2306 620 eum
2330 580 2347 617 :
2375 565 2568 635 dicam,
2596 564 2834 637 Populus
2866 581 3004 618 meus
3027 580 3077 619 es
3103 580 3121 618 :
3153 573 3201 617 et
3232 566 3340 632 ipse
3356 561 3512 626 dicet,
3538 556 3794 613 Dominus

2194 658 2333 714 Deus
2362 676 2524 715 meus.
2568 659 2714 715 LXX
2741 677 2753 712 :
2788 656 3037 725 Frumea,
3063 673 3318 728 consurge
3348 671 3502 723 super
3532 662 3795 727 pastorem

2193 770 2381 818 meum,
2406 766 2453 808 et
2473 771 2632 823 super
2659 757 2824 808 virum
2847 756 3008 808 civem
3033 756 3170 825 ejus,
3214 750 3343 805 dicit
3364 746 3621 803 Dominus
3638 748 3799 803 omni-

2190 857 2391 917 potens.
2434 844 2655 900 Percute
2686 856 2951 915 pastorem
2980 890 2994 913 ,
3048 856 3095 897 et
3140 844 3506 915 dispergentur
3537 856 3653 895 oves
3677 856 3696 895 :
3751 846 3797 894 et

2188 938 2430 992 inducam
2463 956 2675 995 manum
2703 955 2870 994 meum
2893 953 3048 1009 super
3071 947 3332 1009 pastores.
3376 934 3444 989 Et
3477 935 3579 988 erit
3609 934 3664 987 in
3711 932 3795 987 die

2188 1030 2305 1096 illa,
2338 1032 2461 1085 dicit
2492 1030 2762 1096 Dominus,
2817 1032 2935 1085 duae
2963 1040 3136 1101 partes
3164 1028 3402 1099 peribunt
3444 1036 3491 1081 et
3524 1026 3787 1097 deﬁcient,

2186 1136 2233 1179 et
2257 1126 2407 1179 tertia
2429 1143 2549 1196 pars
2596 1126 2910 1196 relinquetur
2937 1127 2991 1179 in
3018 1142 3077 1178 ea
3103 1141 3121 1179 .'
3161 1134 3208 1178 et
3235 1122 3576 1177 transducunt
3596 1122 3795 1176 tertiam

2185 1228 2384 1290 partem
2422 1237 2513 1291 per
2538 1221 2730 1294 ignem,
2779 1230 2828 1275 et
2859 1236 3009 1275 uram
3036 1237 3121 1273 eos
3143 1220 3275 1274 sicut
3301 1218 3469 1272 uritur
3494 1226 3790 1289 argentum,

2185 1324 2230 1368 et
2255 1314 2484 1385 probabo
2509 1332 2595 1370 eos
2632 1316 2763 1368 sicut
2809 1316 3060 1387 probatur
3110 1330 3321 1369 aurum.
3366 1311 3490 1385 Ipse
3537 1311 3795 1366 invocabit

2186 1422 2367 1460 nomen
2389 1422 2580 1469 meum.
2604 1416 2652 1461 et
2679 1423 2772 1476 ego
2793 1408 3072 1461 exaudiam
3097 1424 3235 1473 eum,
3258 1419 3306 1462 es
3332 1406 3531 1470 dicam,
3559 1404 3793 1475 Populus

2188 1514 2326 1552 meus
2354 1498 2450 1553 iste
2476 1508 2572 1565 est,
2607 1509 2655 1553 et
2677 1499 2785 1570 ipse
2811 1500 2970 1565 dicet,
3003 1496 3259 1554 Dominus
3292 1496 3429 1553 Deus
3461 1515 3608 1552 meus
3633 1515 3685 1551 es
3715 1510 3789 1553 tu.

2184 1589 2289 1645 Pro
2338 1589 2544 1647 framea
2596 1607 2755 1661 quam
2792 1590 2935 1647 LXX
2982 1591 3239 1666 ῥομφαίαν
3288 1591 3699 1647 transtulerunt
3740 1590 3827 1646 in.

2182 1682 2451 1739 llebraico
2483 1700 2620 1740 suae
2648 1683 2834 1755 (non),
2860 1684 3001 1754 apud
3020 1683 3272 1755 Aquilam
3303 1683 3788 1755 etSymmacltum,

468 1778 585 1835 rius
627 1778 808 1832 exitus
844 1776 1238 1846 approbaverit
1263 1818 1276 1840 ,
1333 1774 1702 1831 confundetur
1748 1791 1817 1830 ex
1864 1774 2077 1829 visione
2110 1774 2155 1835 Β
2180 1777 2474 1854 μάχαιραν,
2504 1777 2556 1831 id
2587 1786 2695 1843 est,
2727 1778 2962 1848 gladium
2991 1776 3109 1832 sive
3132 1792 3428 1831 mucronem
3459 1778 3788 1847 reperimus.

468 1888 584 1938 sua,
636 1887 741 1927 nec
780 1873 919 1927 ultra
951 1872 1235 1942 operietur
1279 1871 1459 1926 cilicio
1513 1878 1570 1923 ut
1619 1870 1936 1924 mentiatur.
1979 1869 2077 1925 Hic

466 1965 614 2022 enim
643 1972 762 2020 erat
784 1964 1000 2018 habitus
1035 1964 1448 2033 prophetarum.
1475 1972 1534 2016 ut
1560 1960 1775 2032 quando
1806 1960 2073 2031 populum

464 2056 533 2112 ad
584 2054 966 2126 paenitentiam
1016 2054 1413 2125 provocabunt,
1470 2053 1833 2109 induerentur
1873 2053 2074 2108 cilicio.

461 2149 621 2208 Unde
650 2163 705 2205 et
727 2149 878 2204 Isaiae
908 2147 1243 2218 prmcipitur,
1277 2155 1336 2201 ut
1359 2146 1573 2202 auferat
1602 2162 1827 2202 saccqu
1842 2146 1909 2202 de
1932 2145 2075 2201 lum-

461 2246 546 2304 bis
565 2245 703 2307 suis.
720 2256 774 2300 et
794 2242 971 2298 nudus
987 2241 1202 2297 incedat
1224 2239 1381 2313 (Isai.
1407 2239 1503 2311 xx)
1527 2258 1539 2294 :
1572 2256 1911 2310 nequaquam
1928 2240 2073 2295 enim

462 2347 679 2408 tempus
706 2352 828 2394 esse
851 2334 1213 2408 poenitentiae.
1245 2334 1339 2389 sed
1363 2333 1699 2389 imminentis
1716 2331 2070 2404 captivitatis.

463 2433 607 2505 Ergo
656 2440 713 2489 et
763 2432 865 2487 iste
917 2426 1397 2498 pseudOpropheta
1441 2440 1783 2498 nequaquam
1830 2424 2072 2478 habitum

462 2527 697 2596 accipiet
735 2523 1113 2595 propltetalem
1132 2564 1147 2589 ,
1183 2536 1251 2575 ne
1281 2520 1387 2575 sub
1420 2520 1601 2576 alieno
1630 2517 1828 2573 vestitu
1854 2526 1910 2572 et
1940 2531 2073 2587 ope-

464 2621 697 2676 rimento
728 2618 1011 2687 simplices
1037 2630 1286 2688 quoaquo
1306 2614 1577 2683 decipiat;
1624 2611 1723 2669 sed
1746 2613 1917 2682 magis
1963 2621 2072 2667 tero

464 2727 581 2769 ram
615 2710 1055 2777 ﬁndetvomere,
1090 2718 1147 2763 et
1175 2708 1525 2779 agricultura:
1548 2705 1765 2761 deditus
1787 2704 2070 2759 hominem

464 2821 524 2861 se
554 2803 825 2875 probabit,
880 2803 1082 2872 Deique
1108 2800 1398 2869 subiacere
1432 2798 1749 2862 sententiae,
1797 2800 1890 2867 qui
1918 2797 2070 2851 Iocu—

462 2908 550 2953 tus
588 2895 765 2952 estad
797 2895 1006 2951 Adam:
1067 2894 1349 2948 Maledicta
1388 2903 1526 2947 terra
1563 2894 1614 2947 in
1656 2908 1807 2964 opere
1851 2900 1938 2945 tuo
1962 2907 1981 2946 :
2011 2892 2066 2946 in

461 2989 725 3046 laboribus
741 2988 972 3043 comedes
993 3004 1056 3042 ea;
1081 3004 1141 3041 ea
1160 2988 1357 3041 cunctis
1379 2986 1558 3040 diebus
1582 2985 1697 3039 vita:
1719 2996 1854 3039 true:
1885 2986 2066 3051 spinas

458 3093 507 3139 et
549 3083 765 3138 tribulos
791 3080 1096 3154 germinabit
1129 3080 1257 3135 tibi:
1308 3089 1354 3133 et
1384 3078 1617 3134 comedes
1648 3079 1831 3134 herbas
1871 3090 2021 3133 terrm
2043 3094 2062 3132 :

2185 1869 2248 1923 Et
2289 1884 2387 1940 pro
2417 1885 2483 1925 eo
2509 1870 2655 1940 quod
2706 1885 2803 1925 nos
2827 1871 3099 1926 vertimus
3129 1888 3283 1940 super
3310 1871 3479 1925 virum
3526 1870 3791 1925 coheren-

2181 1970 2283 2017 tem
2311 1964 2459 2029 nti/ti,
2485 1963 2537 2017 id
2569 1974 2676 2029 est,
2720 1965 3215 2041 προσκεκολλημένον
3241 1986 3353 2037 μοι,
3384 1964 3583 2036 Aquila
3617 1963 3785 2020 inter-

2180 2068 2430 2126 pretatus
2460 2068 2546 2113 est
2568 2075 2725 2131 super
2752 2062 2921 2114 virum
2945 2060 3285 2115 contribulem
3317 2076 3491 2115 meum
3517 2106 3531 2129 ,
3588 2062 3640 2116 id
3679 2071 3781 2128 est,

2178 2149 2439 2227 σύμφυλόν
2462 2176 2561 2228 μου
2590 2154 2607 2224 [
2632 2153 2718 2208 ΑΙ.
2747 2177 2835 2229 μοι
2860 2155 2876 2226 ]
2901 2172 2914 2209 :
2967 2154 3336 2227 Symmachus
3363 2195 3379 2222 ,
3432 2172 3591 2227 super
3621 2156 3785 2209 virum

2176 2246 2357 2317 populi
2385 2247 2505 2311 mei,
2546 2247 2688 2317 quod
2725 2246 2996 2303 llebraice
3023 2248 3229 2303 dicitur
3256 2263 3446 2303 Αιίιτιιι
3473 2252 3489 2317 (
3517 2255 3698 2313 ’τινες
3720 2250 3738 2318 )
3763 2262 3775 2300 :
3868 2245 3877 2253 ’

2177 2337 2360 2393 LXX:
2422 2356 2578 2410 super
2610 2341 2772 2394 virum
2804 2341 2962 2395 civem
2983 2345 3133 2414 ejus:
3175 2340 3501 2410 Theodotio,
3532 2357 3689 2412 super
3712 2341 3782 2394 ri-

2174 2450 2290 2487 rum
2320 2433 2617 2501 proximum
2646 2438 2757 2506 ejus
2780 2451 2799 2488 :
2833 2450 2862 2489 ν
2883 2451 2963 2490 Αυ
2996 2436 3047 2489 in
3083 2435 3191 2490 line
3223 2433 3504 2489 sermonis
3533 2449 3639 2505 pro
3666 2448 3779 2489 sou

2174 2525 2443 2594 legentes,
2474 2540 2595 2595 qua:
2623 2526 2825 2581 litterm
2853 2528 2967 2581 sola
3002 2528 3146 2582 inter
3169 2542 3228 2583 se
3264 2525 3471 2582 distant
3503 2527 3775 2597 magnitu-

2172 2615 2327 2680 dine;
2363 2625 2417 2672 et
2443 2616 2488 2671 si
2518 2631 2613 2672 son
2628 2617 2859 2689 legatur,
2884 2636 3053 2673 meum
3082 2618 3382 2689 significat:
3414 2619 3461 2674 si
3486 2635 3613 2684 vsu,
3639 2622 3770 2692 ejus.

2170 2707 2338 2764 Miror
2362 2719 2538 2766 autem
2563 2711 2828 2777 quosdam
2858 2712 2997 2767 hanc
3018 2712 3361 2783 prophetiam
3388 2713 3578 2785 (quam
3610 2728 3771 2769 evan-

2168 2804 2363 2875 gelista
2404 2804 2692 2861 Maltlneus
2751 2808 2937 2863 retulit
2993 2808 3061 2863 ad
3104 2810 3388 2886 Dominum
3424 2810 3769 2867 Salvatorem

2170 2909 2451 2967 p03tquam
2485 2898 2535 2952 in
2581 2897 2834 2967 passione
2859 2900 2981 2969 ejus
3009 2900 3202 2971 fugere
3226 2900 3480 2972 discipuli
3507 2947 3522 2971 ,
3565 2914 3618 2957 et
3650 2912 3773 2960 tunc

2166 3003 2286 3043 eam
2319 2988 2449 3044 dicit
2479 3005 2602 3046 esse
2631 2992 2985 3065 completam)
3017 2993 3328 3064 allegoricis
3355 2992 3769 3064 interpretatio-

2168 3081 2327 3137 nibus
2358 3083 2758 3155 velletenuare,
2781 3097 2833 3141 et
2857 3087 2985 3141 dum
3011 3087 3130 3155 plus
3154 3088 3382 3158 cupiunt
3404 3088 3579 3144 videri
3608 3105 3770 3148 nosse

459 3186 506 3230 et
532 3177 585 3230 in
605 3178 797 3231 sudore
818 3176 985 3228 vultus
1014 3175 1084 3226 tui
1104 3173 1316 3227 vesceris
1338 3188 1469 3243 pane
1491 3170 1645 3243 (Gen.
1677 3187 1756 3235 Ill,
1786 3172 1850 3224 17
1873 3180 1921 3225 et
1951 3170 2061 3238 18).
2090 3158 2137 3223 C
2170 3192 2331 3248 quam
2358 3178 2572 3245 caeteri,
2626 3179 2869 3236 veritatis
2911 3182 3154 3252 regulam
3183 3198 3288 3237 non
3323 3195 3535 3239 tenere.
3581 3184 3770 3241 Refert

460 3268 705 3339 Cumque
734 3283 794 3323 se
825 3265 1127 3322 ostenderit
1155 3265 1220 3320 ad
1254 3264 1357 3320 hoc
1403 3272 1612 3329 natum,
1669 3271 1729 3317 ut
1778 3263 1829 3317 in
1865 3264 2065 3319 sudore

460 3362 618 3417 faciei
650 3376 762 3416 sum
793 3359 1044 3413 comedat
1078 3373 1268 3426 panem
1302 3372 1489 3422 suum,
1548 3356 1911 3426 interrogabit
1938 3372 2062 3411 eum

460 3455 620 3521 alter,
654 3453 871 3510 etdicet
906 3470 917 3504 :
960 3450 1098 3519 Quid
1134 3450 1236 3505 sibi
1269 3449 1459 3505 volunt
1490 3449 1611 3504 ista:
1642 3449 1914 3520 plagae,et
1948 3453 2063 3505 haec

463 3548 687 3603 vulnera
716 3561 838 3616 qua:
870 3545 921 3598 in
952 3543 1130 3598 medio
1155 3559 1409 3597 manuum
1441 3553 1659 3596 tuarum
1684 3542 1849 3596 sunt?
1879 3542 1944 3596 Et
1977 3552 2063 3597 est

459 3654 697 3695 sensus:
758 3637 936 3705 Quare
972 3635 1222 3691 adhteres
1252 3635 1532 3705 patibulo?
1582 3649 1681 3690 cur
1722 3650 1915 3689 manus
1955 3644 2062 3691 tua)

460 3729 1098 3788 transiixtesuntclavis?
1127 3729 1255 3796 quid
1280 3727 1627 3791 commisisti,
1656 3737 1707 3782 ut
1735 3727 1859 3782 huic
1883 3743 2060 3798 poma:

460 3822 1153 3893 etcruciatuisubjaceres?
1178 3821 1246 3876 Et
1275 3822 1366 3875 ille
1388 3821 1762 3891 respondebit,
1797 3822 2055 3876 etdicet:

461 3917 587 3973 Htec
604 3915 831 3971 vulnera
854 3928 905 3968 et
929 3912 1032 3968 has
1055 3916 1240 3982 accepi
1266 3913 1475 3983 plagas,
1501 3920 1784 3980 parentum
1813 3928 2057 3968 meorum

456 4009 663 4080 judicio
697 4004 1118 4068 condemnatos,
1152 4014 1208 4060 et
1243 4020 1437 4060 eorum
1474 4003 1786 4072 quimenon
1802 4006 2055 4071 oderant,

458 4100 554 4159 sed
572 4101 845 4154 amabant.
884 4098 950 4153 Et
976 4099 1271 4161 intantum,
1306 4096 1490 4167 fugato
1515 4097 1820 4164 mendacio,
1853 4097 2060 4152 veritas

455 4194 746 4260 obtinebit,
780 4199 841 4246 ut.
870 4194 1032 4247 etiam
1066 4192 1184 4260 ipse
1216 4191 1303 4258 qui
1339 4205 1438 4244 suo
1470 4191 1687 4258 punitus
1717 4197 1799 4243 est
1827 4199 1851 4226 ⁸
1893 4192 2052 4257 vitio,

453 4302 604 4346 reete
641 4302 955 4358 perpessum
989 4300 1050 4341 se
1078 4299 1205 4340 esse
1234 4286 1491 4340 fateatur.
1531 4282 1744 4339 Hebraei
1777 4285 1880 4338 hoc
1911 4283 2057 4355 quod

453 4385 720 4454 seriptutn
751 4391 870 4436 est:
910 4379 1020 4433 Nec
1043 4380 1342 4448 aperientur
1371 4378 1534 4449 pallio
1573 4380 1803 4443 saccino,
1837 4388 1890 4432 ut
1918 4397 2057 4434 men—

448 4479 666 4539 tiantur,
722 4475 801 4529 sic
832 4473 1165 4538 edisserunt,
1222 4481 1276 4526 et
1304 4488 1409 4526 non
1448 4471 1810 4541 replebttntttr
1857 4474 2053 4542 spiritu

2166 3270 2312 3324 enim
2343 3271 2680 3342 evangelista
2712 3272 3040 3330 Matthzeus:
3086 3273 3229 3331 Tunc
3260 3277 3386 3330 dicit
3431 3275 3539 3331 illis
3562 3276 3721 3333 Iesus
3747 3294 3764 3331 :

2168 3379 2339 3417 omnes
2351 3381 2437 3417 ros
2450 3365 2755 3420 scandalum
2771 3368 3037 3434 patiemini
3051 3369 3103 3422 in
3126 3386 3203 3424 me
3218 3370 3270 3423 in
3298 3371 3459 3443 911
3483 3372 3584 3425 ista
3599 3383 3761 3428 nocte.

2168 3455 2435 3524 Scriptum
2461 3468 2534 3511 est
2563 3459 2699 3511 enim
2723 3475 2742 3513 :
2772 3457 3073 3514 Percntiam
3100 3472 3384 3533 pastorem,
3404 3474 3449 3517 et
3467 3464 3766 3538 dispergen-

2165 3559 2250 3604 tur
2275 3567 2389 3605 oves
2418 3554 2609 3625 gregis.
2647 3552 2713 3607 Et
2743 3552 2938 3609 iterum
2966 3572 2978 3608 :
3028 3554 3143 3610 Hoc
3171 3567 3343 3611 autem
3372 3566 3537 3613 totum
3566 3563 3764 3631 factum

2163 3655 2258 3711 est,
2291 3657 2345 3699 ut
2372 3648 2705 3720 implerentur
2721 3649 3011 3724 Scriptura:
3044 3651 3447 3724 PrOpltetarum.
3474 3655 3627 3709 Tunc
3657 3657 3762 3710 dis-

2163 3739 2532 3808 cipuliomnes,
2556 3743 2734 3797 relicto
2755 3760 2834 3811 eo,
2857 3746 3095 3816 fugerunt
3111 3743 3293 3816 (Matt.
3311 3762 3470 3814 xxvs,
3489 3747 3556 3803 31
3576 3750 3759 3820 seqq.).

2162 3831 2275 3889 Nec
2303 3835 2600 3902 putandum
2628 3848 2711 3890 est
2742 3836 2810 3892 de
2850 3838 3025 3893 altero
3075 3838 3197 3897 loco
3227 3851 3568 3909 assumptum
3618 3843 3763 3896 testi-

2163 3929 2425 3997 monium,
2460 3934 2585 4003 quia
2611 3933 2664 3987 in
2690 3933 2983 4005 Evangelio
3007 3934 3150 3990 Deus
3180 3951 3210 3990 a
3235 3951 3298 3992 se
3324 3936 3459 3992 dicit
3486 3948 3757 4007 pastorem

2161 4038 2286 4079 esse
2314 4040 2628 4093 percussum
2653 4069 2667 4088 .
2714 4035 2771 4083 et
2798 4026 2851 4082 in
2886 4032 3143 4097 praesenti
3174 4030 3300 4085 loco
3322 4070 3337 4094 ,
3382 4031 3575 4100 gladio
3604 4045 3758 4102 atque

2162 4117 2404 4170 mucroni
2440 4117 2670 4185 legimus
2698 4117 3025 4189 imperatum
3054 4140 3066 4176 :
3101 4120 3327 4178 Pet-cute
3353 4131 3619 4195 pastorem
3641 4168 3655 4192 ,
3712 4136 3758 4181 et

2162 4207 2521 4280 dispergentur
2573 4228 2707 4266 oves.
2761 4213 2861 4268 Hic
2896 4212 3109 4281 gladius
3137 4223 3193 4270 et
3220 4214 3339 4271 hinc
3364 4217 3646 4289 romphaea
3677 4226 3755 4275 est

2162 4310 2216 4356 et
2246 4300 2468 4368 ltatnea,
2514 4302 2583 4358 de
2610 4318 2711 4374 qua
2739 4314 2793 4361 et
2822 4303 2875 4359 in
2909 4306 3167 4362 vicesimo
3200 4310 3379 4377 primo
3409 4310 3624 4380 psalmo
3652 4312 3754 4366 Do-

2162 4392 2339 4447 minus
2370 4393 2613 4463 loquitur
2643 4394 2710 4451 ad
2741 4395 2991 4452 Patrem:
3037 4396 3176 4453 Erue
3213 4417 3245 4453 a
3291 4402 3495 4470 framea
3532 4406 3758 4459 animant

2164 4500 2346 4549 meam,
2381 4494 2430 4539 et
2461 4484 2527 4539 de
2557 4502 2714 4541 manu
2729 4489 2871 4542 canis
2899 4490 3103 4543 unicam
3132 4506 3299 4545 meam
3322 4490 3625 4563 (Psal.xxt,
3644 4497 3752 4566 ιε).

449 4569 811 4635 dzentoniaco,
844 4581 980 4637 quos
1000 4573 1342 4643 τριχιῶντας,
1377 4563 1428 4617 id
1453 4572 1557 4628 est,
1591 4563 1804 4635 pilosas,
1837 4564 1889 4619 in
1919 4564 2056 4620 Isaia

2170 4574 2238 4631 De
2267 4575 2365 4632 hac
2392 4577 2670 4647 romphzea
2702 4591 2753 4635 et
2783 4581 2834 4635 in
2859 4579 3025 4636 Amos
3060 4582 3327 4653 propheta
3351 4585 3620 4657 scriptum
3643 4563 3753 4646 est:

449 4664 708 4735 legimus.
764 4675 834 4715 ne
861 4674 959 4730 per
992 4660 1131 4713 hanc
1164 4658 1506 4714 occasionem
1540 4657 1785 4711 ementiti
1816 4655 2056 4723 habitus,

448 4760 544 4816 Dei
572 4757 813 4830 910m
843 4770 906 4809 se
943 4755 1157 4824 eloquia
1191 4753 1560 4817 mentiantur,
1617 4752 1735 4808 sive
1767 4752 2055 4809 Dominum

447 4863 652 4922 negent
693 4870 705 4906 :
755 4865 959 4907 CBAESU
991 4846 1205 4920 (πει-ιδ)
1245 4848 1414 4915 enim,
1466 4856 1522 4904 et
1552 4848 1869 4903 mentiantur
1890 4859 1941 4905 et
1967 4866 2057 4904 ne-

446 4958 587 5021 gent,
620 4944 969 5015 interpretari
1014 4951 1245 5012 protest.

519 5043 539 5114 (
565 5041 729 5097 Vcrs.
760 5041 790 5094 7
817 5055 968 5109 seqq.
996 5036 1014 5109 )
1061 5036 1304 5101 Fronteu,
1333 5039 1583 5094 suscitare
1612 5056 1765 5111 super
1793 5049 2050 5112 pastorem

444 5151 636 5191 meum.
666 5144 712 5187 et
734 5147 887 5198 super
914 5133 1078 5185 virum
1102 5134 1437 5186 coltcerentem
1466 5132 1613 5197 mihi,
1638 5134 1763 5188 dicit
1793 5134 2047 5189 Dominus

443 5227 786 5284 exercituum.
831 5223 1049 5278 Percute
1080 5233 1381 5295 pastorem,
1436 5236 1481 5280 et
1515 5226 1875 5300 dispergetttur
1907 5245 2043 5295 oves,

442 5333 495 5377 et
537 5330 837 5376 convertam
867 5333 1073 5370 manum
1106 5334 1270 5370 meum
1301 5319 1369 5371 ad
1411 5321 1672 5387 parvulos.
1716 5318 1785 5373 Et
1815 5335 1961 5376 erunt
1993 5324 2045 5376 in

438 5414 579 5468 omni
627 5421 786 5475 terra,
827 5409 950 5462 dicit
984 5407 1283 5462 Dominus:
1347 5423 1524 5482 partes
1557 5413 1673 5466 duo:
1703 5413 1755 5465 in
1792 5431 1851 5467 ca
1894 5413 1919 5452 ι’
1966 5415 2048 5468 di-

438 5514 767 5580 spargantur,
822 5511 864 5555 et
898 5500 1183 5571 deﬁcient;
1224 5510 1271 5554 et
1302 5503 1454 5556 tertia
1502 5520 1620 5572 pars
1652 5505 1968 5576 relinquetur
1996 5508 2047 5561 in

436 5618 518 5655 ca.
565 5598 630 5653 Et
657 5597 844 5652 ducam
869 5592 1073 5648 tertiam
1105 5602 1309 5663 partem
1339 5611 1430 5658 per
1463 5596 1633 5665 ignem
1658 5637 1673 5661 ,
1708 5608 1754 5650 et
1781 5615 1928 5652 uram
1961 5615 2047 5653 eos

514 5724 539 5749 ει
571 5712 767 5782 Regin.
802 5726 932 5773 ms.,
962 5726 1057 5782 suo
1088 5710 1298 5781 punitus
1326 5720 1396 5763 est
1420 5711 1647 5782 judicio.

514 5784 543 5823 δ
578 5780 912 5850 Είνιιιειιιθ
960 5780 1199 5835 editione
1244 5780 1494 5837 rescribit
1524 5782 1817 5853 Victorius,
1847 5788 2049 5858 disper-

2161 4665 2229 4721 ln
2256 4669 2435 4739 gladio
2464 4672 2749 4726 morientur
2779 4690 2955 4729 omnes
2985 4685 3274 4746 peccatores
3303 4685 3458 4733 terrm
3476 4679 3660 4751 (Amos
3683 4698 3752 4750 ιι,

2159 4760 2270 4834 10).
2313 4765 2463 4831 Quod
2488 4765 2643 4836 jutta
2677 4767 2916 4823 litteram
2952 4770 3165 4838 penitus
3196 4783 3345 4827 stare
3393 4790 3501 4829 non
3547 4787 3751 4845 potest:

2155 4857 2313 4911 multi
2328 4858 2474 4913 enim
2497 4871 2813 4926 peccatores
2828 4862 3115 4934 naufragio
3132 4877 3358 4933 pereunt
3374 4885 3387 4920 :
3404 4867 3497 4922 alii
3512 4885 3749 4927 veneno:

2160 4947 2212 5002 hi
2248 4949 2399 5019 aquis
2427 4948 2788 5017 suifocantur,
2817 4952 2940 5008 illos
2965 4955 3237 5011 consumit
3267 4955 3613 5016 incendium.
3644 4962 3753 5018 Hoc

2158 5050 2336 5097 autem
2367 5042 2550 5113 gladio
2576 5053 2631 5099 et
2657 5044 2758 5101 hac
2787 5046 3062 5115 romplnra
3092 5062 3289 5105 omnes
3328 5050 3613 5108 intereunt
3643 5053 3745 5127 [ΑΙ.

2152 5134 2473 5209 puniuntur]
2508 5136 2846 5207 peccatores,
2880 5148 2936 5195 et
2965 5140 3088 5196 tetri
3119 5143 3325 5198 coloris
3342 5141 3661 5214 IEthiopes,
3683 5146 3748 5203 de

2143 5231 2340 5298 quibus
2367 5230 2677 5301 Sophonias
2700 5248 2859 5287 sacro
2887 5249 2985 5290 ore
3014 5244 3263 5305 testatur,
3292 5236 3515 5293 dicens:
3550 5238 3661 5295 Sed
3702 5249 3746 5295 et

2144 5341 2230 5379 vos
2254 5366 2267 5389 ,
2304 5324 2581 5397 ίΕιΙιὶορεε
2608 5368 2621 5390 ,
2674 5328 2933 5400 interfecti
2957 5327 3134 5401 gladio
3164 5347 3274 5386 meo
3305 5333 3452 5387 eritis
3483 5332 3742 5403 (Sophon.

2148 5433 2203 5485 ι,
2260 5416 2368 5487 12).
2416 5417 2706 5489 Postquam
2739 5429 2928 5489 pastor
2969 5423 3143 5477 bonus
3183 5424 3275 5493 qui
3325 5424 3564 5482 animam
3595 5443 3742 5483 suam

2150 5510 2329 5578 posuit
2357 5526 2452 5579 pro
2482 5510 2673 5568 ovibus
2705 5514 2819 5567 suis
2853 5511 3036 5585 (Joan.
3066 5531 3120 5581 ι,
3154 5514 3243 5585 15)
3270 5556 3285 5582 ,
3313 5517 3403 5588 qui
3438 5519 3653 5576 locutos
3678 5521 3741 5575 ad

2153 5601 2367 5657 Patrem
2397 5614 2509 5659 est;
2547 5604 2711 5671 Quem
2736 5614 2790 5659 tu
2820 5609 3123 5675 percussisti
3148 5649 3163 5674 ,
3192 5609 3296 5678 ipsi
3321 5615 3576 5681 persecuti
3603 5623 3736 5681 sunt,

2162 5720 2370 5802 dentur,
2406 5738 2587 5792 quam,
2639 5722 2835 5794 inquit,
2892 5727 3331 5802 emendationem
3385 5732 3649 5802 approbat
3689 5745 3738 5789 et

2159 5790 2557 5852 Hebraica'vox
2576 5790 2767 5867 ima",
2799 5790 2855 5856 et
2882 5797 3075 5856 Graeca
3107 5790 3605 5879 ἐξολοτρσυθήσῖεται.
