4056 6342
315 347 445 414 i521

993 360 1645 449 COMMENTARIORUM
1680 362 1747 418 IN
1790 362 2195 421 ZACIIABIAM
2237 364 2365 422 LIB.
2409 365 2496 421 Ill.
2541 363 2699 421 CAP.
2743 363 2883 419 XIV.

3465 364 3609 420 1522

311 485 358 531 et
403 493 558 549 super
601 478 834 533 dolorem
860 482 1128 535 vulnerum
1157 498 1387 537 meorum
1414 481 1725 553 adiiciebant
1754 481 1774 551 (
1801 478 1895 535 Ps.
1924 480 1979 542 Α
2006 482 2075 537 ad
2090 481 2411 547 bellandum,
2441 490 2486 534 et
2514 482 2747 550 capietur
2760 480 2963 545 civitas,
2995 490 3041 533 et
3063 479 3375 549 diripientur
3400 480 3612 549 domus,

307 584 498 636 vam,
530 571 648 643 27),
675 572 852 628 Patris
876 575 1164 630 voluntate
1183 568 1475 641 percussus
1498 584 1605 639 est,
1637 584 1690 629 et
1712 573 1796 629 vir
1814 588 1905 629 co-

306 662 525 717 htcrens
556 663 667 720 Deo
696 665 786 736 qui
834 667 943 720 ait:
979 665 1092 741 Ego
1120 669 1175 721 in
1204 667 1363 723 Patre
1394 714 1407 737 ,
1459 677 1507 722 et
1535 666 1693 722 Pater
1721 668 1777 721 in
1824 683 1903 721 me

305 754 623 828 (Joan.xm,
652 758 762 827 lO),
796 761 1054 829 pependit
1085 761 1138 815 in
1164 762 1432 831 patibulo,
1458 761 1688 816 etdixit:
1721 759 1905 827 Pater,

301 852 355 907 in
374 868 558 907 manus
572 862 687 907 tuas
705 855 1005 908 commendo
1022 856 1263 923 spiritum
1279 854 1751 927 meum(Luc.xxut
1764 852 1902 925 .46):

300 947 487 1001 statim
518 946 780 1017 dispersae
804 954 931 1003 sunt
957 962 1088 1003 oves
1108 991 1123 1017 ,
1174 948 1356 1005 omnis
1389 951 1441 1002 in
1465 946 1685 1003 Christo
1717 948 1902 1002 multi-

305 1039 437 1095 tudo
491 1040 855 1097 credentium.
915 1043 1311 1113 Convertitque
1354 1043 1619 1098 Dominus
1682 1057 1902 1097 manum

306 1149 485 1200 suam,
534 1145 593 1190 ut
629 1137 681 1191 in
713 1136 857 1193 LXX
888 1137 1135 1209 legimus,
1168 1138 1233 1193 ad
1269 1146 1538 1206 pastores,
1570 1153 1711 1206 quos
1752 1136 1902 1191 multi

306 1230 447 1285 male
473 1228 784 1285 Iudaeorum
819 1231 1093 1302 principes
1120 1232 1572 1301 interpretantur.
1610 1229 1679 1286 Ut
1722 1236 1901 1284 autem

304 1323 358 1379 in
395 1324 624 1380 Hebraeo
647 1324 911 1395 scriptum
935 1335 1040 1389 est,
1085 1327 1153 1379 ad
1185 1326 1447 1395 parvulos,
1494 1326 1688 1396 quibus
1720 1324 1904 1380 Domi-

303 1431 405 1472 nus
435 1417 648 1493 dixerat
692 1420 745 1472 in
776 1418 1105 1491 Evangelio:
1152 1418 1235 1473 Ne
1277 1420 1492 1483 timeas,
1530 1434 1657 1489 gres:
1695 1418 1906 1489 parvula

303 1508 495 1578 (lbid.,
525 1511 649 1581 xu).
682 1510 747 1566 Et
778 1512 830 1565 in
858 1512 1030 1567 Isaia:
1075 1508 1208 1566 Ecce
1235 1528 1327 1583 ego
1346 1519 1395 1565 et
1420 1512 1592 1582 pueri,
1626 1510 1743 1564 sive
1778 1526 1902 1579 par-

301 1604 408 1658 vuli
431 1642 448 1672 ,
498 1621 627 1677 quos
672 1605 799 1659 mihi
826 1606 971 1661 dedit
995 1604 1133 1660 Deus
1164 1607 1181 1677 (
1210 1604 1338 1660 Isai.
1372 1620 1485 1674 vtu,
1521 1602 1635 1675 18).
1672 1603 1737 1658 Et
1781 1603 1905 1658 duae

302 1707 488 1768 partes
519 1698 674 1756 taetre
724 1711 853 1755 sunt
899 1700 951 1754 in
1001 1699 1149 1755 omni
1200 1711 1345 1755 terra
1377 1698 1695 1754 .ludaaorum
1740 1707 1905 1767 atque

298 1790 584 1862 gentilium
610 1833 625 1857 ,
670 1794 759 1863 qui
792 1792 998 1863 pariter
1030 1793 1313 1863 perierunt
1346 1802 1398 1848 et
1428 1792 1787 1847 deiecerunt:
1850 1789 1900 1842 in

2011 588 2059 632 et
2088 577 2323 632 mulieres
2351 576 2669 646 polluentur,
2696 585 2742 627 et
2768 574 3054 644 egredietur
3079 574 3249 628 medio
3274 590 3395 645 pars
3424 573 3608 627 civita-

2010 670 2075 724 tis
2133 671 2188 723 in
2227 671 2569 738 captivitatem
2602 684 2619 721 :
2650 668 2834 738 reliqui
2880 676 3051 722 autem
3097 666 3278 737 populi
3309 666 3337 705 δ
3380 668 3478 720 mei
3509 681 3612 720 non

2009 761 2244 831 peribunt
2288 762 2349 814 de
2402 762 2624 814 civitate.
2682 759 2806 813 Dies
2857 775 2990 827 quos
3038 770 3300 815 venturos
3353 759 3616 814 Dominus

2009 855 2402 920 comminatur,
2419 867 2471 907 ut
2493 852 2808 907 dividantur
2830 852 3004 922 spolia
3028 852 3334 907 Jerusalem
3364 853 3416 905 in
3433 851 3615 907 medio

2010 944 2149 1014 ejus,
2183 954 2236 999 et
2273 955 2468 999 caetera
2513 960 2632 1012 qua:
2664 943 3003 1014 prophetalis
3042 959 3224 1001 sermo
3251 942 3614 1013 comprehen-

2007 1036 2108 1101 dit,
2138 1038 2302 1110 913
2334 1038 2385 1092 hi
2427 1047 2553 1092 sunt
2592 1037 2662 1092 de
2705 1037 2902 1106 quibus
2943 1047 2999 1092 et
3051 1037 3103 1092 in
3163 1039 3296 1092 Isaia
3344 1037 3611 1107 legimus:

2008 1129 2133 1185 Dies
2158 1130 2373 1185 Domini
2393 1131 2700 1186 insanabilis
2733 1132 2894 1208 veniet
2936 1131 3130 1201 furoris
3172 1142 3219 1185 et
3258 1133 3371 1195 irae,
3425 1146 3616 1199 ponere

2008 1235 2168 1281 totum
2201 1228 2373 1282 orbem
2397 1229 2453 1282 in
2488 1227 2849 1290 solitudinem,
2877 1234 2925 1279 et
2969 1234 3260 1296 peccatores
3303 1226 3510 1295 auferre
3552 1224 3617 1279 de
3709 1282 3720 1293 ,

2007 1337 2065 1376 eo
2117 1321 2271 1393 (lsai.
2324 1338 2451 1384 xm,
2511 1319 2589 1393 9).
2648 1320 2863 1389 Quanta
2894 1332 3072 1375 autem
3124 1322 3422 1375 necessitas
3463 1322 3613 1386 erit,

2008 1424 2067 1470 ut
2099 1415 2269 1484 spolia
2295 1416 2414 1483 ejus
2444 1414 2760 1469 dividantur
2790 1414 2841 1467 in
2873 1413 3056 1467 medio
3087 1412 3267 1468 illius?
3315 1413 3467 1469 Solet
3510 1413 3616 1470 hoc

2009 1506 2328 1578 frequenter
2357 1508 2627 1569 accidere,
2652 1515 2709 1560 ut
2730 1522 2851 1576 qua:
2881 1506 3060 1561 subito
3093 1506 3298 1576 impetu
3323 1505 3616 1563 incivitate

2012 1600 2232 1670 direpta
2261 1610 2409 1670 sunt,
2450 1601 2581 1655 foris
2617 1602 2667 1654 in
2698 1616 2831 1671 agro
2850 1610 2943 1654 aut
2970 1601 3023 1655 in
3053 1602 3345 1656 solitudine
3366 1601 3615 1659 dividan-

2010 1706 2117 1760 tur,
2154 1711 2223 1750 ne
2252 1694 2390 1750 forte
2414 1694 2599 1751 hostes
2622 1697 3029 1765 superveniant.
3067 1695 3163 1750 llic
3189 1706 3365 1751 autem
3402 1706 3611 1752 tantum

2011 1790 2276 1844 malorum
2309 1788 2519 1859 pondus
2553 1788 2851 1854 incumbet,
2887 1800 2945 1844 ut
2971 1804 3095 1860 quae
3129 1790 3337 1859 direpta
3360 1800 3509 1855 sunt,
3558 1791 3611 1846 in

302 1886 556 1955 passione
585 1886 731 1941 enim
773 1887 914 1957 ejus,
957 1903 1060 1942 vox
1085 1887 1389 1942 Psalmistu:
1417 1886 1690 1953 completa
1714 1894 1795 1939 est
1822 1883 1905 1939 di-
1934 1881 1983 1941 B
2009 1882 2248 1939 civitatis
2294 1883 2474 1938 medio
2503 1883 2820 1939 dividantur
2874 1899 2975 1953 pro
3016 1887 3306 1941 securitate
3348 1886 3610 1942 victoriae.

303 1980 506 2035 centis:
539 1980 756 2036 Salvum
776 1998 855 2036 me
882 1982 987 2053 fac,
1016 1981 1256 2047 Domine,
1283 1981 1526 2051 quoniam
1552 1979 1741 2051 defecit
1756 1995 1910 2032 sanc-

309 2080 392 2126 tus
416 2071 590 2144 (Psal.
611 2088 690 2141 ιιι,
716 2072 791 2145 l).
828 2073 928 2129 Et:
959 2073 1570 2139 Omnesdeclinaverunt,
1599 2072 1754 2127 simul
1782 2072 1906 2125 inu-

103 2220 107 2228 _
196 2238 213 2249 .
305 2168 418 2224 tiles
450 2169 576 2238 facti
604 2176 757 2236 sunt;
787 2185 890 2223 non
908 2178 982 2223 est
1010 2170 1099 2239 qui
1122 2170 1284 2240 faciat
1305 2169 1514 2234 bonum,
1534 2185 1636 2221 non
1658 2177 1906 2235 estusque

304 2262 374 2316 ad
395 2279 550 2318 unum
574 2262 692 2335 (Ps.
725 2279 845 2329 xm,
877 2264 960 2332 5).
1012 2263 1378 2319 Pereuntibus
1416 2262 1583 2335 912
1608 2261 1907 2331 gentilibus

304 2367 362 2413 et
391 2356 617 2422 Jutlazis,
651 2359 808 2412 tertia
838 2358 891 2411 in
918 2357 1053 2412 orbe
1083 2373 1228 2427 pars,
1262 2356 1365 2410 hoc
1397 2368 1501 2419 est,
1538 2352 1907 2410 tertiusCln-i-

307 2451 610 2507 stianorum
650 2451 885 2522 populus
912 2492 926 2517 ,
986 2461 1214 2520 repente
1239 2449 1529 2506 sucerevit.
1572 2447 1642 2503 Et
1681 2446 1912 2517 pulchre

308 2547 413 2602 ait:
454 2545 631 2602 Tertia
660 2564 780 2617 pars
801 2547 1117 2618 relinquetur
1146 2548 1200 2600 in
1229 2562 1310 2609 ea,
1360 2544 1465 2601 hoc
1490 2554 1597 2608 est,
1633 2544 1687 2597 in
1722 2552 1867 2597 terra
1892 2559 1905 2597 :

311 2639 437 2710 quia
482 2639 550 2695 de
578 2638 782 2694 Judmis
834 2646 995 2709 atque
1051 2637 1355 2709 gentilibus
1400 2636 1453 2690 bi
1501 2636 1590 2706 qui
1622 2635 1909 2689 Dominum

312 2731 543 2787 confessi
560 2740 703 2797 sunt,
737 2731 838 2786 soli
866 2730 995 2785 vitae
1019 2741 1070 2786 et
1100 2730 1427 2785 habitationi
1460 2738 1621 2783 terrae
1645 2725 1913 2782 reservati

314 2834 459 2881 sunt.
512 2824 627 2896 Ipsa
660 2839 875 2896 quoque
904 2824 1069 2880 tertia
1109 2838 1237 2895 pars
1263 2838 1333 2878 ne
1360 2822 1599 2878 delicata
1625 2829 1771 2877 esset
1797 2864 1810 2890 ,
1859 2828 1913 2875 et

315 2927 554 2973 securaa
582 2917 948 2985 confessione,
977 2919 1135 2987 quasi
1169 2923 1451 2987 argentum
1485 2924 1540 2970 et
1589 2928 1780 2969 aurum
1816 2927 1914 2982 per

315 3008 498 3081 ignem
530 3009 747 3066 ducitur
767 3018 821 3064 et
848 3010 1126 3080 probatur,
1149 3023 1312 3079 quem
1341 3016 1397 3063 et
1416 3007 1681 3061 Dominus
1712 3005 1765 3060 in
1793 3020 1913 3060 cre-

317 3100 570 3159 dentibus
599 3102 796 3159 ardere
818 3103 965 3171 cupit
989 3100 1160 3173 (Luc.
1194 3116 1267 3155 xu
1289 3099 1328 3171 ),
1390 3108 1444 3154 et
1470 3100 1666 3154 Paulus
1699 3099 1915 3154 fervere

317 3196 594 3253 desiderat
624 3196 803 3268 (Rom.
838 3194 958 3266 xu).
1003 3193 1163 3251 Unde
1202 3203 1257 3249 et
1288 3191 1525 3262 apostoli
1553 3192 1607 3247 in
1638 3191 1835 3260 Spiritu
1859 3201 1915 3245 et

2013 1978 2081 2033 Et
2112 1994 2219 2033 non
2247 1978 2422 2033 solum
2451 1979 2697 2048 capietur
2734 1980 3062 2047 Jerusalem,
3110 1984 3321 2035 cunctis
3364 1981 3616 2051 gentibus

2012 2073 2299 2127 adversum
2332 2088 2452 2128 eam
2498 2074 2549 2128 in
2580 2074 2772 2143 prtelio
2811 2074 3135 2139 concitatis;
3188 2076 3282 2131 sed
3331 2084 3387 2132 et
3431 2084 3614 2132 vasta-

2011 2166 2217 2222 buntur
2245 2168 2441 2221 domus
2483 2168 2843 2223 habitantium
2880 2168 3206 2236 Jerusalem,
3255 2177 3309 2224 et
3359 2171 3618 2227 mulieres

2011 2259 2359 2314 violabuntur
2387 2260 2437 2314 itt
2471 2260 2716 2315 dolorem
2770 2259 3113 2315 dominorum
3168 2270 3223 2316 et
3269 2262 3613 2330 maritorum,

2012 2353 2099 2422 qui
2142 2368 2244 2408 nec
2268 2352 2674 2423 populationem
2704 2354 3011 2420 domorum,
3062 2370 3161 2411 nec
3210 2372 3438 2412 uxorum
3492 2340 3615 2413 istu-

2010 2461 2169 2515 prum
2212 2446 2279 2502 ab
2324 2446 2569 2503 |t0stibus
2623 2448 2914 2518 prohibere
2962 2458 3239 2519 poterunt,
3282 2451 3436 2521 juxta
3483 2452 3617 2508 illud

2012 2538 2156 2609 quod
2188 2539 2313 2594 alibi
2343 2540 2608 2610 legimus:
2644 2540 2747 2607 Qui
2775 2544 3076 2613 congregati
3102 2553 3219 2597 sunt
3248 2544 3300 2597 in
3330 2545 3500 2599 medio
3518 2551 3613 2614 tui,

2012 2631 2191 2704 gladio
2219 2635 2405 2688 cadent
2434 2646 2485 2689 et
2514 2637 2652 2701 ﬁlios
2673 2650 2868 2692 vestros
2896 2638 2950 2692 in
2979 2652 3255 2709 conspectu
3283 2650 3451 2695 vestro
3489 2642 3613 2696 alli-

2014 2724 2160 2792 dent,
2192 2736 2237 2779 et
2286 2729 2467 2781 domus
2497 2738 2689 2783 vestras
2718 2729 3179 2800 depraedabantur,
3228 2742 3273 2786 et
3303 2750 3491 2787 uxores
3535 2749 3617 2788 ve-

2013 2828 2148 2874 stras
2182 2819 2442 2876 habebunt
2471 2821 2628 2894 (Isai.
2658 2822 2806 2895 xm),
2836 2839 2944 2895 quo
2977 2824 3111 2878 nihil
3143 2826 3421 2881 crudelius
3451 2826 3616 2881 nihil-

2014 2926 2119 2983 que
2147 2904 2402 2968 miserius
2432 2914 2665 2970 inveniri
2698 2926 2901 2986 potest,
2933 2927 2990 2972 ut
3020 2920 3215 2973 timore
3252 2920 3444 2975 mortis
3492 2936 3620 2990 pro-

2016 3007 2171 3075 prire,
2203 3023 2305 3062 nec
2335 3007 2564 3063 salutem
2599 3009 2857 3076 ﬁliorum,
2892 3026 2993 3066 nec
3017 3027 3243 3067 uxorum
3299 3013 3615 3083 pudicitiam

2015 3097 2312 3154 defendere
2342 3099 2601 3155 audeant.
2635 3102 2750 3157 Hoc
2781 3104 2955 3173 ipsum
2981 3112 3036 3159 et
3067 3108 3231 3159 Amos
3261 3104 3524 3176 propheta
3546 3104 3613 3160 ad

2017 3192 2291 3247 Amasiam
2319 3192 2547 3263 impium
2577 3196 2920 3253 sacerdotem
2951 3198 3296 3253 comminans
3328 3199 3571 3269 loquitur
3604 3216 3616 3252 :

318 3288 441 3359 igne
470 3265 679 3344 Domini
706 3265 969 3358 baptizati
998 3286 1135 3353 (Act.
1172 3292 1236 3352 ιι)
1268 3285 1564 3356 loquuntur
1589 3285 1642 3339 in
1669 3284 1911 3353 psalmo:
1942 3265 1987 3327 C
2025 3283 2168 3339 Uxor
2198 3296 2285 3339 tua
2311 3287 2364 3340 in
2387 3288 2591 3342 civitate
2615 3290 2974 3359 fornicabitur,
3010 3300 3055 3345 et
3084 3292 3183 3362 ﬁlii
3211 3293 3286 3346 tui
3311 3303 3358 3346 et
3390 3265 3517 3362 filia:
3563 3294 3619 3347 in

322 3379 580 3448 Quoniam
604 3380 831 3454 probasti
856 3397 971 3444 nos,
997 3378 1159 3445 Deus,
1184 3380 1303 3449 igne
1332 3393 1427 3433 nos
1447 3376 1757 3432 examinasti
1779 3377 1913 3429 sicut

317 3474 640 3528 examinatur
666 3483 933 3545 argentum
984 3473 1002 3543 (
1029 3470 1178 3526 Psal.
1214 3486 1339 3539 va,
1396 3469 1480 3532 10,
1510 3471 1567 3524 Η
1599 3469 1638 3539 ).
1694 3469 1761 3523 Et
1792 3476 1913 3539 post

319 3565 598 3637 paululum
616 3583 629 3619 :
647 3564 1001 3620 Transivimus
1028 3582 1119 3633 per
1136 3565 1308 3635 ignem
1324 3571 1371 3617 et
1394 3579 1606 3633 aquam,
1626 3572 1675 3616 et
1689 3562 1915 3615 eduxisti

316 3677 410 3717 nos
440 3662 492 3716 in
521 3660 849 3733 refrigerium
874 3675 889 3713 :
939 3659 1006 3716 Et
1031 3659 1083 3714 in
1108 3660 1221 3713 alio
1244 3659 1368 3713 loco
1382 3656 1660 3711 diciturad
1686 3656 1915 3711 creden-

319 3762 429 3810 tem
456 3772 469 3808 :
515 3753 577 3810 Si
605 3753 871 3808 transieris
904 3768 998 3821 per
1025 3752 1238 3823 ignem,
1284 3755 1499 3821 flamma
1530 3765 1631 3802 non
1656 3747 1916 3802 eomburet

320 3858 404 3903 te:
433 3850 553 3919 quia
582 3857 744 3902 tecum
765 3844 1043 3917 sum(lsai.
1078 3860 1227 3911 thu,
1252 3844 1332 3915 Ξ).
1368 3843 1578 3898 Idcirco
1600 3855 1780 3897 autem
1809 3856 1913 3896 non

319 3942 593 3997 consumit
626 3941 937 3995 incendium
959 3982 971 4003 ,
1020 3948 1076 3995 et
1104 3940 1323 3994 ﬂamma
1353 3954 1458 3993 non
1486 3938 1752 3999 devorat,
1793 3936 1917 4009 quia

320 4050 423 4089 vva:
446 4032 651 4087 Domini
670 4034 1023 4088 intercidentis
1046 4036 1313 4104 ﬂammam
1326 4033 1462 4103 ignis
1484 4031 1602 4104 (Ps.
1636 4046 1818 4097 xxvut,
1837 4028 1914 4102 7).

2016 3379 2192 3449 gladio
2206 3380 2411 3447 cadent,
2428 3390 2475 3436 et
2493 3382 2681 3437 humus
2703 3393 2791 3438 tua
2816 3386 3049 3456 funiculo
3070 3387 3309 3441 metietur
3328 3388 3507 3458 (Amos
3518 3403 3616 3457 vn,

2018 3470 2133 3541 17).
2170 3472 2234 3526 Ει
2268 3472 2382 3528 haec
2411 3476 2612 3545 populo
2636 3475 2944 3533 Jutlteorum
2980 3480 3230 3535 universa
3259 3482 3573 3552 contingent
3604 3500 3618 3534 :

2020 3564 2155 3629 Quia
2182 3565 2500 3636 fremuerunt
2524 3578 2722 3639 gentes,
2746 3581 2792 3624 et
2815 3571 2995 3643 populi
3019 3573 3250 3628 meditati
3271 3584 3391 3629 sunt
3413 3575 3614 3629 inania.

2017 3656 2306 3712 Astiterunt
2320 3676 2464 3731 reges
2478 3670 2649 3727 terrte,
2676 3674 2720 3716 et
2744 3663 3006 3733 principes
3026 3676 3370 3719 convenerunt
3388 3668 3441 3719 in
3456 3682 3621 3720 unum

2016 3751 2289 3805 adversum
2302 3751 2585 3807 Dominum
2602 3765 2648 3808 et
2666 3755 2938 3810 adversum
2951 3757 3212 3813 Christum
3228 3763 3344 3831 ejus
3365 3758 3537 3831 (Psal.
3559 3775 3618 3830 ιι,

2020 3844 2073 3911 1,
2099 3843 2178 3912 2).
2203 3846 2305 3913 Qui
2335 3848 2503 3901 irrisit
2533 3858 2587 3902 et
2617 3849 2975 3906 subsanuavit
3002 3867 3117 3921 eos,
3142 3862 3195 3907 et
3222 3853 3276 3907 in
3308 3852 3494 3908 furore
3523 3866 3624 3908 suo

2018 3939 2525 4009 conturbavitillos,
2547 3943 2817 3997 intantum
2850 3954 2907 3997 ut
2938 3946 3227 4016 Apostolus
3252 3960 3468 4017 quoque
3496 3959 3624 4001 cer-

2020 4046 2157 4085 nens
2183 4046 2279 4085 eos
2301 4045 2481 4086 annos
2502 4034 2592 4102 qtti
2614 4033 2679 4087 ad
2706 4035 3087 4102 paenitentiam
3108 4036 3219 4090 dati
3244 4036 3484 4103 fuerant,
3507 4037 3620 4107 jam

319 4125 457 4183 Cum
504 4126 583 4181 sic
610 4127 824 4198 probati
856 4126 1053 4182 iuerint
1088 4125 1300 4195 parvuli
1331 4166 1343 4189 ,
1380 4141 1542 4195 super
1569 4140 1705 4195 quos
1736 4124 1920 4180 Domi-
2018 4139 2143 4180 esse
2171 4126 2504 4195 completos,
2548 4134 2602 4180 et
2650 4127 3004 4183 nihilominus
3059 4131 3179 4184 illos
3236 4131 3286 4185 in
3333 4130 3624 4201 negatione

322 4235 425 4276 nus
445 4221 712 4277 convertit
733 4235 952 4275 manum
970 4234 1148 4281 suam,
1171 4232 1226 4275 et
1249 4236 1343 4290 per
1368 4220 1706 4274 vocationem
1726 4233 1915 4275 eorum

326 4313 505 4370 omnis
545 4314 824 4369 nationum
872 4314 1024 4369 turba
1054 4314 1384 4380 crediderit,
1420 4323 1548 4368 tunc
1577 4313 1917 4368 credentium

323 4410 559 4479 papulus
575 4409 790 4463 vocabit
807 4409 1085 4464 Christum
1108 4409 1325 4462 nomine
1338 4423 1460 4473 suo,
1487 4417 1537 4461 et
1557 4408 1914 4463 illodicente:

322 4498 400 4554 Tn
429 4517 479 4554 es
511 4499 738 4573 populus
772 4516 937 4566 meus,
972 4501 1199 4570 populus
1230 4499 1621 4564 respondebit:
1666 4498 1918 4552 Dominus

324 4591 465 4647 Deus
497 4610 639 4647 mens
668 4610 719 4647 es
752 4603 822 4647 tu.
863 4592 1032 4648 .Induzi
1084 4592 1199 4647 hu‘c
1225 4592 1291 4646 ad
1324 4593 1602 4647 Christum
1635 4592 1912 4646 referunt:

323 4694 377 4738 et
406 4683 460 4738 in
506 4684 697 4739 ultimo
744 4694 991 4754 tempore
1020 4682 1199 4737 futura
1226 4683 1604 4749 contendunt;
1668 4683 1764 4738 sed
1811 4682 1917 4736 hoc

326 4776 469 4832 inter
497 4791 598 4832 nos
630 4786 684 4832 et
715 4777 838 4832 illos
865 4786 968 4845 est,
1000 4776 1142 4847 quod
1164 4790 1263 4830 nos
1290 4776 1504 4846 expleta
1529 4775 1639 4845 jam
1662 4775 1917 4841 dicimus,

326 4868 409 4924 illi
436 4869 700 4939 explenda
728 4878 1181 4923 commemorant.

398 4961 551 5032 (Cap.
577 4961 803 5017 XIV.—
823 4961 981 5017 Vers.
1016 4962 1067 5027 l,
1097 4961 1178 5032 Ξ.)
1212 4958 1343 5015 Ecce
1373 4962 1481 5015 dies
1502 4963 1711 5016 veniunt
1733 4959 1915 5034 (Vulg.

324 5055 546 5128 venient]
571 5054 802 5133 Domini,
835 5065 881 5110 et
909 5056 1205 5110 dividentur
1218 5056 1383 5129 spolia
1413 5066 1501 5110 tua
1534 5057 1589 5109 in
1620 5057 1788 5109 medio
1820 5058 1916 5109 tui.

326 5148 396 5202 Et
421 5149 739 5222 congregabo
766 5166 943 5204 omnes
974 5161 1147 5221 gentes
1168 5152 1237 5204 ad
1263 5150 1553 5206 Jerusalem
1580 5152 1632 5205 in
1654 5151 1916 5223 pra'lium,

327 5251 373 5295 et
397 5243 630 5310 capietur
660 5243 861 5309 civitas,
908 5252 955 5297 et
986 5243 1321 5297 vastabantur
1348 5246 1534 5298 domus
1558 5286 1571 5309 ,
1602 5252 1649 5298 et
1682 5244 1921 5298 mulieres

325 5335 676 5404 violabuntur,
701 5346 749 5391 et
775 5337 1066 5408 egredietur
1087 5337 1258 5390 media
1287 5354 1408 5405 pars
1431 5337 1650 5391 civitatis
1670 5338 1725 5389 in
1757 5338 1923 5408 capti-

325 5426 574 5492 vitatem,
632 5439 680 5482 et
726 5430 979 5498 reliquum
1010 5430 1186 5498 populi
1214 5445 1315 5483 non
1361 5430 1624 5499 auferetur
1672 5445 1734 5483 ea:
1782 5430 1921 5484 urbe.

328 5518 472 5577 LXX
503 5538 516 5574 :
556 5519 687 5576 Ecce
712 5523 821 5576 dies
850 5521 1059 5576 Domini
1085 5521 1315 5584 veniunt,
1351 5529 1398 5576 et
1431 5520 1726 5575 dividentur
1756 5520 1928 5590 spolia

331 5625 419 5670 tua
446 5616 497 5669 in
527 5623 597 5683 te,
616 5624 665 5670 et
691 5616 1006 5689 congregabo
1034 5632 1207 5672 omnes
1235 5625 1409 5688 gentes
1435 5631 1590 5697 super
1613 5614 1926 5685 Jerusalem,

406 5762 431 5825 ξι
461 5751 657 5825 Regio.
680 5767 809 5820 ms.,
837 5762 883 5807 et
903 5768 1086 5809 secura
1115 5753 1394 5825 confessio.

405 5822 746 5896 ltAdditutn,
787 5825 901 5890 mei,
954 5828 1075 5895 post
1115 5822 1415 5882 Victorium
1464 5840 1530 5881 ex
1582 5824 1776 5896 Regio.
1823 5840 1930 5883 ms.

334 5895 681 5965 sullecimns,
713 5894 904 5954 Grteco
927 5894 1047 5968 ipso
1069 5906 1296 5968 cogente
1329 5903 1605 5964 textu,roa
1634 5894 1760 5955 λὰοῦ
1787 5920 1907 5973 μου.

1944 4651 1997 4711 D

2019 4218 2320 4290 persistere
2342 4219 2436 4289 qui
2460 4219 2782 4276 occiderunt
2806 4221 3122 4293 Dominum,
3158 4232 3213 4277 et
3245 4224 3535 4294 pr0phetas
3567 4233 3621 4279 et

2020 4313 2301 4382 apostolos
2328 4314 2605 4384 persecuti
2638 4326 2788 4379 sunt,
2820 4316 3021 4372 dixerit
3049 4335 3061 4370 :
3098 4316 3339 4371 Pervenit
3360 4334 3513 4386 super
3538 4333 3623 4371 eos

2022 4406 2131 4478 [AL
2159 4404 2275 4477 nos]
2308 4407 2387 4460 ira
2415 4409 2466 4461 in
2499 4408 2656 4475 ﬁnem
2687 4408 2730 4479 (l
2762 4407 2941 4473 Thess.
2974 4424 3033 4473 ιι,
3089 4408 3204 4478 16).
3267 4410 3391 4463 Haec
3437 4407 3620 4463 omnia

2019 4498 2346 4569 plenissime
2382 4498 2673 4567 Iosephus,
2705 4500 2791 4564 qui
2840 4499 3122 4553 Judaicam
3180 4500 3401 4570 scripsit
3451 4499 3623 4555 hisw-

2021 4592 2181 4653 riam,
2210 4597 2266 4643 et
2291 4590 2460 4643 multo
2493 4590 2695 4659 majora
2724 4606 2883 4660 quum
2938 4591 3170 4661 legimus
3216 4594 3267 4647 in
3322 4594 3621 4665 prophetis,

2024 4700 2118 4738 eos
2142 4683 2469 4738 sustinuisse
2499 4695 2918 4739 commemorat.
2954 4685 3244 4742 Cornelius
3275 4704 3494 4759 quoque
3520 4687 3626 4743 Ta-

2022 4777 2184 4844 citus,
2202 4778 2291 4846 qui
2311 4787 2435 4846 post
2458 4777 2761 4847 Augustum
2786 4794 2957 4847 usque
2979 4778 3044 4832 ad
3072 4786 3303 4835 mortem
3326 4780 3623 4836 Domitiani

2022 4872 2178 4929 Vitas
2203 4873 2481 4928 Caesarum
2502 4871 2669 4945 914
2699 4873 2923 4943 triginta
2950 4875 3321 4929 voluminibus
3354 4877 3625 4929 exaravit.

2023 4966 2309 5036 Quomodo
2337 4976 2516 5021 autem
2549 4968 2723 5022 media
2752 4983 2877 5037 pars
2902 4978 3062 5037 capta
3096 4970 3169 5025 sit
3189 4970 3449 5036 civitatis,
3472 4979 3529 5025 et
3549 4985 3631 5025 re-

2026 5061 2202 5130 liquus
2234 5060 2465 5129 pepulus
2498 5059 2553 5115 in
2585 5061 2717 5115 urbe
2745 5064 3143 5133 permanserit,
3177 5074 3229 5117 et
3254 5064 3346 5118 illo
3382 5072 3629 5131 tempore

2021 5159 2079 5208 et
2109 5150 2229 5205 aliis
2256 5153 2613 5219 approbatur,
2642 5153 3127 5223 septentrionalem
3152 5155 3298 5209 urbis
3325 5164 3381 5210 et
3409 5154 3633 5212 inferio-

2022 5259 2137 5299 rem
2163 5254 2369 5314 partem
2395 5259 2517 5299 esse
2544 5255 2783 5315 captam,
2814 5256 3063 5303 montem
3094 5257 3271 5302 autem
3316 5249 3529 5319 templi,
3576 5256 3634 5304 et

2025 5335 2181 5404 Sion,
2216 5338 2268 5391 in
2306 5352 2413 5403 quo
2463 5353 2558 5392 arx
2602 5347 2740 5403 erat,
2803 5339 3012 5410 integra
3060 5342 3410 5396 remansisse.
3454 5340 3632 5397 Judaei

2026 5430 2144 5485 hzec
2174 5430 2275 5486 sub
2296 5428 2412 5502 Gog
2446 5430 2639 5485 dicunt
2660 5446 2785 5487 esse
2810 5432 3136 5503 complenda
3176 5452 3190 5487 :
3229 5433 3321 5488 alii
3369 5432 3634 5503 tempori-

2031 5522 2134 5578 bus
2158 5521 2514 5579 Macedonum
2542 5533 2597 5578 et
2620 5521 3030 5595 Egyptiorum,
3050 5524 3495 5596 diversarumque
3510 5540 3633 5596 gen-

2032 5616 2169 5673 tium
2198 5632 2263 5673 ex
2299 5627 2455 5688 parte
2486 5628 2781 5674 transacta.
2813 5617 2926 5676 Nos
2965 5620 3227 5692 temporis
3277 5631 3300 5659 α
3349 5621 3632 5677 veritatem

2074 5765 2139 5840 ςο
2168 5754 2472 5840 Victorius,
2505 5759 2750 5840 temporis
2775 5760 3077 5817 varietatem
3103 5778 3124 5827 ;
3155 5771 3266 5818 tum
3316 5761 3423 5819 duo
3471 5778 3632 5834 mss.,

2042 5827 2253 5884 Domini
2279 5829 2494 5885 scientia
2522 5827 2887 5900 relinquentes.
