4026 6346
434 325 571 383 1527
1677 328 1737 386 S.
1782 327 2060 388 EUSEBII
2094 327 2355 389 HIERON
2368 333 2483 394 YMI
3594 333 3747 393 1598

428 439 494 496 ad
521 437 854 498 Jerusalem:
887 442 1223 510 llluminare,
1256 443 1574 512 illuminare,
1602 443 2034 503 Jerusalem:ve—
2059 444 2114 509 Α
2137 456 2193 504 et
2222 447 2517 508 Occidente
2548 453 2773 509 veniant
2798 452 2892 524 qui
2938 454 3263 511 accumbent
3288 469 3411 511 eum
3441 452 3753 524 Abraham;

430 537 505 590 nit
533 538 671 591 enim
707 536 799 593 tux
846 545 936 592 tua
966 554 1119 609 super
1150 547 1217 609 te,
1251 547 1298 594 et
1332 539 1503 611 gloria
1544 538 1643 595 Dei
1681 540 1758 595 tui
1787 557 1943 611 super
1983 550 2033 597 te
2135 540 2285 598 Isaac
2327 552 2384 600 et
2414 544 2605 602 Jacob.
2640 546 2740 603 Vel
2787 556 2939 603 certe
2967 546 3244 605 Orientale
3297 564 3447 605 mare
3490 558 3549 605 et
3593 563 3756 607 mare

429 638 545 684 orta
573 639 667 687 est.
702 630 837 688 Ecce
868 633 1003 688 enim
1032 632 1255 688 tenebrae
1294 643 1340 687 et
1375 634 1544 706 caligo
1570 635 1799 705 operient
1845 642 2034 690 terram
2136 633 2524 706 Novissimuur,
2555 638 2924 710 intelligamus
2948 649 3108 697 vetus
3126 640 3557 697 luStrumentum
3576 643 3758 697 etno-

427 738 583 793 super
625 734 797 796 gentes
820 743 839 781 .'
881 743 1034 800 super
1082 735 1131 780 te
1165 735 1335 783 autem
1366 727 1635 799 apparebit
1678 728 1955 798 Dominus,
1988 740 2035 784 et

429 816 601 890 gloria
630 828 654 856 ﬂ
682 823 792 893 ejus
820 820 876 875 in
909 828 959 876 te
996 821 1271 877 videbitur.
1319 820 1387 876 Et
1411 822 1555 877 ibunt
1580 839 1723 895 reges
1761 824 1817 879 in
1845 823 2037 880 lumine

434 919 543 979 tuo,
587 922 632 966 et
659 923 832 985 gentes
876 916 933 968 in
979 914 1257 985 splendore
1289 923 1377 970 tuo
1405 916 1585 985 (Vers.
1620 917 1646 971 1
1671 926 1718 971 et
1757 916 1946 990 seqq.).
1977 916 2037 974 Si

433 1006 609 1077 caligo
635 1015 689 1061 et
712 1009 953 1064 tenebrae
979 1009 1232 1078 operient
1255 1017 1456 1066 terram
1485 1024 1649 1081 super
1670 1020 1879 1082 gentes,
1903 1025 2039 1083 quo-

436 1099 599 1156 modo
624 1117 840 1157 rursum
871 1110 1063 1173 gentes
1088 1102 1444 1159 ambulabunt
1471 1104 1522 1158 in
1542 1103 1834 1174 splendore
1857 1104 2041 1160 Domi-

437 1194 539 1249 ni?
576 1192 685 1250 Sed
725 1195 832 1250 illa:
877 1207 1066 1267 gentes
1110 1206 1271 1253 erunt
1315 1197 1366 1252 in
1417 1198 1660 1253 tenebris
1689 1213 1825 1271 quas
1871 1198 2042 1269 frigus

436 1287 668 1358 geluque
699 1288 1040 1345 contraxerit
1064 1306 1078 1343 :
1099 1298 1154 1345 et
1181 1289 1294 1344 illa:
1315 1289 1672 1345 ambulabunt
1700 1289 1905 1346 lumine
1935 1289 2043 1345 Do-

437 1378 599 1445 mini,
646 1395 767 1449 qu:e
799 1389 1010 1437 secuta;
1055 1381 1253 1439 fuerint
1296 1397 1473 1453 reges,
1509 1384 1788 1452 apostolos
1818 1392 1874 1440 et
1917 1398 2044 1454 pro-

438 1472 651 1542 phetas,
692 1472 760 1528 de
804 1474 1000 1544 quibus
1029 1474 1293 1545 scriptum
1320 1484 1444 1530 est:
1489 1472 1591 1530 Cor
1620 1476 1757 1545 regis
1792 1476 1847 1530 in
1889 1492 2045 1531 manu

439 1560 653 1620 Domini
682 1565 878 1637 (Prov.
910 1584 1022 1631 χιι,
1054 1568 1077 1623 1
1105 1567 1148 1639 ).
1184 1566 1424 1638 Denique
1454 1568 1507 1623 in
1535 1576 1778 1639 tempore
1804 1570 2043 1641 vesperi,

441 1660 544 1715 hoc
566 1670 671 1726 est,
692 1662 1040 1720 tenebrarum
1064 1674 1118 1720 et
1148 1663 1380 1721 tristitia:
1401 1665 1645 1721 omnium
1668 1675 2041 1737 peccatorum,

442 1756 648 1811 sanctis
679 1758 768 1812 lux
803 1757 925 1826 erit,
957 1768 1012 1815 et
1043 1774 1151 1815 una
1187 1769 1242 1815 et
1271 1769 1477 1815 aeterna
1506 1759 1645 1827 dies,
1681 1776 1804 1832 quae
1837 1760 1883 1816 si
1922 1768 2050 1816 nota

2139 743 2263 783 vum
2286 770 2301 794 ,
2327 731 2469 801 quod
2502 730 2604 787 nisi
2636 732 2859 788 ﬂumine
2892 732 3195 790 Salvatoris
3221 745 3277 790 et
3309 735 3578 805 spirituali
3623 734 3755 806 ejus

2140 819 2499 889 intelligentia
2548 824 2714 881 luerit
2752 824 3123 891 dulcoratnm,
3172 828 3579 883 amarissimum
3626 836 3752 895 est;

2139 915 2425 973 occidente
2450 918 2652 988 littera,
2681 929 2738 976 et
2767 921 2962 989 spiritu
2989 921 3298 978 viviﬁcante
3324 921 3559 996 (Matth.
3586 938 3684 979 vnt
3710 922 3759 994 ).

2139 1007 2403 1080 Quodque
2444 1012 2730 1083 sequitur:
2763 1010 2829 1067 In
2870 1024 3045 1069 testate
3074 1016 3193 1070 etin
3222 1015 3389 1071 hieme
3417 1026 3587 1085 erunt,
3621 1014 3763 1071 sub-

2142 1102 2359 1160 auditur
2398 1119 2552 1176 aqua:
2594 1104 2734 1161 vivae
2781 1122 2901 1177 qua:
2946 1108 3302 1179 egrediuntur
3329 1107 3397 1165 de
3422 1110 3762 1179 Jerusalem,

2143 1206 2205 1253 ut
2242 1207 2296 1255 et
2343 1198 2396 1254 in
2445 1214 2576 1269 pace
2604 1212 2661 1257 et
2708 1202 2760 1257 in
2817 1203 3287 1274 persecutionibus
3336 1205 3454 1260 ista:
3505 1204 3768 1262 viventes

2144 1308 2297 1366 aqua:
2326 1309 2549 1352 manare
2572 1310 2677 1352 non
2704 1307 2941 1354 cessent.
2970 1296 3097 1355 Sive
3126 1298 3250 1370 quia
3290 1296 3435 1354 LXX
3458 1296 3767 1355 transtule-

2145 1397 2295 1456 runt,
2329 1387 2397 1443 In
2428 1398 2608 1445 aestate
2636 1400 2683 1445 et
2706 1390 2762 1445 in
2786 1406 2902 1445 uere
2922 1392 2999 1444 ita
3030 1392 3149 1461 erit,
3184 1391 3285 1445 hoc
3306 1390 3587 1457 dicamus,
3615 1390 3769 1461 quod

2147 1484 2242 1541 illo
2292 1493 2538 1557 tempore
2590 1502 2698 1542 non
2757 1487 2827 1542 sit
2884 1486 3098 1551 hiems,
3152 1485 3248 1542 sed
3297 1502 3435 1555 ver,
3485 1493 3772 1557 astasan

2150 1586 2433 1649 perpetua,
2490 1578 2707 1650 quando
2753 1592 2858 1634 vox
2920 1579 3150 1634 turturis
3201 1577 3457 1635 audietur
3507 1580 3561 1634 in
3615 1588 3771 1635 terra

2151 1680 2377 1738 nostra,
2433 1679 2489 1726 et
2545 1670 2681 1727 licus
2748 1669 2981 1728 aﬂ‘erent
3038 1686 3263 1742 grossos
3333 1685 3504 1738 suos,
3569 1680 3629 1726 et
3681 1670 3771 1727 vi-

2150 1764 2313 1837 921
2346 1779 2461 1819 nea:
2487 1762 2767 1821 ﬂorebunt
2792 1808 2805 1832 ,
2837 1772 2893 1819 et
2939 1763 3119 1819 hiems
3147 1762 3524 1836 pertransibit,
3559 1772 3618 1819 et
3645 1762 3773 1834 plu.

448 1851 544 1905 erit
598 1851 831 1908 Domino
886 1856 1108 1925 (neque
1152 1852 1295 1910 enim
1346 1854 1596 1925 ignorare
1641 1854 1846 1925 poterit
1885 1869 2047 1925 quam
2078 1848 2127 1910 B
2154 1860 2243 1914 via
2261 1858 2506 1927 recedet,
2526 1868 2583 1915 et
2604 1859 2899 1915 abibitsibi
2939 1857 3116 1930 (Cant.
3162 1861 3250 1929 ιι).
3289 1859 3347 1915 In
3375 1872 3485 1931 quo
3523 1856 3768 1932 [ALillo]

443 1944 691 2020 creavit),
710 1947 1166 2005 considerandum
1200 1958 1283 2005 est
1313 1949 1594 2021 quomodo
1623 1949 1769 2007 dicat
1794 1950 1847 2006 in
1872 1948 2051 2005 Evan-

442 2036 604 2107 gelia,
634 2039 777 2109 quod
810 2039 953 2095 diem
992 2041 1143 2097 illam
1174 2058 1279 2098 nec
1308 2042 1508 2114 angeli,
1541 2058 1640 2099 nec
1678 2041 1853 2099 Filius
1881 2058 2048 2100 nove-

445 2129 533 2195 rit,
569 2130 673 2186 nisi
699 2132 854 2188 solus
885 2134 1044 2189 Pater
1076 2132 1311 2204 (Matth.
1347 2134 1539 2207 utv).

511 2224 531 2295 (
557 2224 718 2282 Vers.
750 2226 830 2298 8.)
856 2227 925 2283 Et
948 2228 1043 2284 erit
1072 2229 1125 2284 in
1160 2230 1246 2286 die
1275 2229 1393 2297 illa,
1416 2230 1629 2286 exibunt
1649 2247 1797 2304 aqua:
1834 2231 1959 2287 viva:
1983 2231 2047 2287 de

440 2315 754 2392 Jerusalem,
786 2322 1013 2378 medium
1044 2340 1221 2379 earum
1254 2324 1324 2379 ad
1355 2341 1497 2381 mare
1526 2326 1816 2396 Orientale,
1863 2336 1912 2381 et
1943 2343 2049 2383 me-

441 2414 584 2469 dium
613 2433 793 2472 earum
817 2420 886 2473 ad
900 2436 1044 2476 mare
1074 2419 1428 2476 Nouissimam
1453 2422 1543 2477 :in
1573 2429 1749 2477 testate
1777 2430 1825 2476 et
1850 2422 1906 2477 in
1937 2423 2049 2476 hie-

441 2525 522 2564 me
552 2520 722 2565 erunt.
759 2511 828 2566 Et
854 2514 954 2567 erit
999 2512 1257 2569 Dominus
1284 2530 1380 2570 rex
1410 2532 1567 2587 super
1596 2532 1798 2571 omnem
1829 2525 2041 2573 terram.

440 2600 581 2658 LXX
617 2622 629 2657 :
658 2602 725 2659 In
767 2605 850 2660 die
877 2607 971 2661 illa
1001 2608 1294 2680 egredietur
1319 2624 1453 2679 aqua
1494 2609 1606 2662 viva
1637 2610 1700 2663 de
1725 2606 2043 2675 Jerusalem,

442 2698 614 2753 media
645 2700 759 2769 ejus
788 2718 909 2770 pars
950 2701 1019 2755 ad
1063 2718 1205 2757 mare
1232 2704 1474 2776 primum,
1524 2711 1571 2757 et
1606 2703 1776 2758 media
1816 2720 1936 2776 pars
1977 2704 2046 2758 ad

444 2808 587 2848 mare
616 2794 954 2850 novissimum
978 2809 998 2851 :
1023 2796 1081 2851 in
1104 2805 1283 2852 testate
1307 2804 1357 2851 et
1387 2797 1439 2850 in
1465 2812 1581 2851 vere
1604 2796 1701 2852 erit
1743 2798 1850 2851 sic:
1878 2804 1925 2852 et
1952 2797 2048 2853 erit

441 2884 699 2943 Dominus
740 2890 793 2943 in
823 2906 993 2961 regem
1020 2906 1177 2959 super
1201 2906 1403 2945 omnem
1431 2899 1642 2945 terram.
1677 2888 1735 2945 In
1768 2889 1863 2945 illo
1914 2896 2047 2945 tem-

441 2992 573 3044 pore
601 2979 749 3054 (hoc
776 2980 919 3035 enim
953 2980 1223 3052 signiﬁcat
1248 2980 1369 3037 dies
1393 2996 1512 3052 qua:
1544 2980 1645 3036 soli
1669 2990 1800 3037 nota
1831 2990 1916 3037 est
1935 2982 2047 3037 Do-

442 3075 609 3140 mino,
644 3075 695 3128 in
727 3090 833 3145 qua
861 3076 967 3132 sibi
996 3092 1101 3131 non
1133 3075 1427 3132 succedent
1450 3076 1541 3130 lux
1563 3084 1620 3132 et
1645 3077 1917 3140 tenebrae;
1948 3075 2045 3133 sed

443 3170 548 3223 erit
572 3170 740 3243 920
768 3171 945 3225 lumen
979 3178 1326 3242 perpetuum,
1352 3168 1650 3240 juxtaillud
1668 3168 1811 3240 quod
1834 3168 2047 3238 inApo-

2152 1964 2406 2028 tempore
2436 1954 2564 2011 ideo
2590 1970 2686 2011 ver
2714 1954 3087 2011 necessarium
3121 1955 3228 2010 erit
3253 1996 3270 2021 ,
3303 1954 3428 2024 quia
3466 1954 3637 2009 ﬂores
3665 1966 3772 2023 ap-

2153 2046 2422 2119 parebunt
2450 2047 2504 2103 in
2539 2055 2689 2103 terra
2721 2056 2909 2102 nostra
2961 2058 3019 2103 ut
3064 2046 3409 2104 celebremus
3450 2045 3666 2101 Pascha
3710 2054 3773 2102 et

2150 2140 2517 2197 Pentecosten
2546 2182 2561 2208 ,
2596 2141 2649 2196 in
2671 2140 2873 2212 quibus
2902 2139 2973 2196 de
3022 2140 3256 2197 terrenis
3299 2149 3648 2195 transeamus
3694 2137 3769 2193 ad

2148 2234 2397 2291 coelestia
2425 2279 2440 2304 ,
2471 2242 2528 2289 et
2552 2247 2746 2289 omnes
2775 2232 2990 2289 fructus
3038 2243 3257 2290 nostros
3284 2232 3588 2289 offeramus
3625 2231 3766 2287 Deo.

2148 2325 2207 2384 lu
2241 2326 2416 2383 Phase
2445 2325 2589 2381 enim
2635 2327 2834 2382 hiemis
2870 2326 2994 2382 linis
3019 2367 3036 2393 ,
3085 2327 3232 2383 veris
3276 2325 3566 2382 exordium
3620 2334 3707 2379 est
3742 2339 3759 2389 ;

2150 2421 2203 2476 in
2230 2420 2563 2477 Pentecoste
2607 2420 2814 2477 aestatis
2864 2420 3236 2492 principium,
3269 2418 3489 2490 quando
3537 2418 3766 2475 labores

2149 2529 2407 2570 manuum
2436 2524 2751 2570 nostrarum
2794 2522 2850 2569 et
2880 2513 3152 2569 fructuum
3183 2512 3467 2570 oli’erimus
3496 2512 3634 2566 Deo.
3682 2510 3764 2566 De

2149 2606 2251 2663 hac
2280 2616 2469 2663 aestate
2498 2615 2558 2663 et
2583 2621 2714 2663 vere
2743 2615 3014 2678 perpetuo
3046 2606 3229 2675 justus
3271 2606 3513 2676 loquitur
3542 2603 3614 2660 ad
3650 2603 3763 2659 Do-

2150 2702 2358 2758 minum
2376 2720 2390 2759 :
2407 2701 2484 2757 Tu
2506 2702 2792 2775 fabricatus
2814 2718 2867 2758 es
2896 2717 3143 2755 auroram
3169 2711 3214 2755 et
3244 2699 3425 2765 solent,
3444 2709 3683 2756 aetatem
3706 2709 3761 2755 et

2148 2810 2233 2851 ver
2254 2804 2308 2849 tu
2332 2794 2603 2869 plasmasti
2625 2793 2746 2864 (Ps.
2774 2809 2961 2860 usui,
2990 2794 3076 2859 16,
3104 2793 3217 2867 17).
3242 2793 3399 2850 Tunc
3425 2793 3533 2849 erit
3565 2792 3760 2849 Domi-

2151 2902 2255 2944 nus
2286 2903 2380 2944 rex
2413 2904 2581 2961 super
2623 2903 2842 2945 omnem
2894 2896 3095 2944 terram
3128 2932 3143 2956 ,
3196 2886 3413 2960 quando
3452 2886 3752 2941 dicemus:

2151 2980 2408 3038 Dominus
2454 2985 2723 3055 regnavit,
2773 2983 2989 3039 exsultet
3019 2992 3160 3037 terra
3199 2980 3318 3055 (Ps.
3352 2996 3510 3048 καί,
3552 2978 3636 3051 1).
3683 2978 3757 3036 Et

2150 3076 2350 3133 iterum
2384 3093 2397 3132 :
2429 3076 2600 3133 Dicite
2626 3079 2680 3131 in
2723 3076 2961 3151 gentibus
2988 3119 3002 3143 ,
3048 3076 3169 3147 quia
3203 3074 3456 3130 Dominus
3486 3078 3750 3146 regnauit.

2151 3170 2359 3226 Etenim
2404 3172 2625 3227 correxit
2656 3171 2828 3227 orbem
2860 3181 3010 3227 terra:
3034 3215 3048 3239 ,
3079 3171 3168 3243 qui
3207 3186 3311 3224 non
3347 3167 3755 3223 commovebitur

438 3262 645 3333 calypsi
681 3262 954 3332 legimus:
1008 3263 1075 3316 Et
1104 3264 1285 3319 civitas
1327 3279 1430 3318 non
1471 3262 1677 3317 habebit
1702 3264 2044 3317 necessariam
2070 3246 2116 3310 C
2153 3264 2272 3338 (Ps.
2303 3280 2430 3336 xcv,
2466 3264 2576 3337 10).
2626 3264 2835 3337 Aquam
2869 3274 3051 3321 autem
3086 3264 3266 3319 vivam
3303 3271 3453 3319 recte
3500 3276 3533 3316 a
3588 3260 3756 3316 nobis

441 3357 609 3411 lucem
632 3358 778 3427 solis,
808 3359 1055 3430 quoniam
1087 3356 1341 3412 Dominus
1366 3357 1503 3412 Deus
1530 3358 1851 3429 omnip0tens
1873 3356 2047 3411 lumen

441 3454 556 3521 eius
580 3451 677 3505 erit
717 3449 903 3523 [Αροε.
928 3466 1040 3516 xxi,
1072 3449 1209 3522 15]),
1242 3449 1590 3520 egredieutur
1610 3464 1764 3521 aqua:
1796 3450 2046 3506 viventes

441 3541 511 3597 de
541 3542 865 3610 Jerusalem,
895 3542 962 3600 de
988 3544 1181 3614 quibus
1209 3558 1375 3615 supra
1406 3542 1577 3616 (Cap.
1612 3542 1750 3615 χιιι)
1783 3551 2045 3614 ponentes

441 3633 744 3692 Ezechielis
778 3638 1171 3705 testimonium,
1201 3637 1613 3708 diSputavimus,
1661 3652 1888 3708 quarum
1931 3652 2044 3693 me-

442 3728 531 3784 dia
563 3744 689 3799 pars
718 3730 815 3784 ibit
847 3729 915 3785 ad
946 3745 1097 3785 mare
1122 3730 1437 3795 Orientale;
1468 3729 1611 3802 quod
1640 3728 1953 3786 Graecorum
1977 3729 2043 3783 li-

440 3821 525 3877 bri
561 3823 731 3896 λίμνην
760 3820 1084 3897 Ἀσφαλτῖτιν
1127 3822 1147 3898 [
1174 3824 1302 3879 Mss.
1333 3821 1697 3899 ’Δσφαλτίτην]
1729 3832 1946 3890 vocant,
1991 3832 2046 3879 et

438 3920 600 3989 vulgo
629 3936 769 3973 mare
795 3919 1107 3990 appellatur
1136 3918 1427 3989 .llortuum,
1461 3935 1526 3973 ex
1556 3933 1621 3973 eo
1649 3916 1794 3988 quod
1825 3916 1956 3972 nihil
1988 3918 2040 3972 in

439 4012 598 4082 aquis
625 4011 742 4079 ejus
769 4012 1161 4081 possitvivere.
1196 4012 1262 4067 Et
1292 4012 1470 4068 media
1500 4026 1628 4082 pars
1657 4010 1724 4065 ad
1758 4024 1908 4065 mare
1939 4023 2041 4065 no-

436 4104 741 4167 vissimum,
790 4104 932 4174 quod
975 4104 1126 4160 ducit
1166 4104 1234 4160 ad
1276 4102 1590 4176 Egyptum,
1620 4112 1673 4159 et
1704 4102 1833 4158 facit
1859 4103 2039 4157 littora

438 4197 767 4253 Palaasunaz.
798 4196 857 4252 In
903 4208 1121 4266 aestate,
1153 4199 1351 4268 inquit,
1385 4198 1521 4253 etin
1568 4195 1748 4251 hieme
1797 4196 1868 4250 ita
1913 4194 2038 4262 erit,

437 4302 499 4349 ut
539 4308 697 4365 aqua:
735 4294 856 4349 ista:
885 4308 1008 4365 quas
1056 4292 1285 4349 exibunt
1312 4292 1377 4348 de
1417 4291 1740 4356 Jerusalem,
1787 4305 1889 4347 nec
1915 4290 2038 4362 gelu

442 4386 883 4456 constringantur
930 4385 1167 4452 hiemis,
1220 4400 1321 4440 nec
1358 4385 1563 4439 :estatis
1615 4382 1781 4438 nimio
1824 4382 2040 4439 fervore

442 4483 767 4538 siccentur:
819 4496 1149 4553 quamquam
1202 4494 1299 4550 pro
1350 4478 1528 4533 hieme
1581 4492 1791 4531 uernum
1840 4485 2039 4547 tempus

440 4573 793 4645 Septuaginta
840 4573 1264 4638 transtulerint,
1314 4570 1462 4643 quod
1512 4571 1583 4626 ad
1630 4569 2035 4625 distinctionem

2155 3360 2456 3416 doctrinam
2488 3359 2791 3416 Salvatoris
2840 3358 3143 3431 expositam
3167 3400 3181 3424 ,
3230 3358 3368 3427 sciet
3400 3356 3491 3411 ille
3515 3354 3611 3425 qui
3663 3354 3755 3409 bi-

2152 3454 2297 3511 berit
2324 3496 2337 3521 ,
2389 3462 2444 3509 et
2487 3454 2578 3526 qui
2628 3453 2969 3509 Salvatorem
3018 3450 3257 3507 audierit
3302 3450 3701 3522 pra-dicantem
3738 3466 3753 3504 :

2152 3548 2215 3606 Si
2243 3550 2357 3620 quis
2402 3549 2581 3604 biberit
2624 3566 2687 3605 ex
2710 3565 2846 3619 aqua
2872 3565 3027 3620 quam
3060 3564 3151 3618 ego
3181 3546 3313 3600 dabo
3349 3547 3399 3601 ei
3421 3587 3435 3610 ,
3473 3544 3561 3615 ﬁet
3593 3544 3653 3597 in
3692 3560 3755 3600 eo

2150 3642 2266 3713 fons
2314 3657 2466 3711 aqua:
2511 3642 2727 3697 viventis
2754 3683 2767 3708 ,
2818 3650 2866 3695 et
2914 3640 3145 3697 salientis
3198 3640 3251 3693 in
3292 3638 3451 3693 vitam
3497 3647 3749 3692 retentam

2149 3730 2329 3807 (Joan.
2357 3748 2431 3801 tv,
2467 3734 2578 3803 M).
2614 3732 2682 3788 Et
2710 3747 2927 3788 rursum
2961 3750 2975 3789 :
3014 3731 3116 3800 Qui
3146 3731 3303 3785 credit
3352 3732 3406 3784 in
3450 3746 3531 3783 me
3579 3728 3748 3801 (sicut

2149 3826 2278 3881 dixit
2308 3825 2619 3897 Scriptura)
2645 3828 2711 3881 de
2758 3835 2933 3881 ventre
2981 3826 3093 3897 ejus
3137 3825 3468 3896 egredieutur
3510 3822 3740 3894 ﬂumina

2147 3934 2297 3990 aqua:
2323 3920 2531 3974 viventis
2560 3916 2740 3990 (Joan.
2769 3934 2863 3987 vn,
2896 3917 3009 3990 58).
3045 3917 3195 3974 Sicut
3228 3920 3374 3971 enlm
3405 3915 3497 3986 qui
3530 3914 3738 3969 biberit

2147 4012 2215 4068 de
2241 4012 2488 4068 doctrina
2520 4011 2636 4082 ejus
2659 4052 2676 4079 ,
2708 4009 2930 4068 habebit
2958 4010 3012 4065 in
3058 4024 3118 4064 se
3149 4009 3353 4063 fontem
3397 4009 3681 4062 viventem
3713 4021 3730 4059 :

2146 4105 2225 4162 sic
2254 4107 2344 4176 qui
2375 4103 2666 4160 crediderit
2693 4103 2747 4159 in
2776 4117 2863 4169 eo,
2890 4102 3044 4173 juxta
3070 4101 3123 4157 id
3143 4100 3287 4172 quod
3318 4099 3728 4170 Scripturarum

2149 4198 2374 4253 vocibus
2422 4197 2755 4261 continetur,
2804 4196 3025 4251 ﬂumina
3090 4209 3246 4267 aqua:
3293 4193 3523 4249 viventis
3569 4206 3735 4263 egre-

2146 4294 2369 4349 dientur
2398 4290 2466 4346 de
2497 4299 2689 4347 ventre
2732 4290 2897 4346 illius.
2948 4291 3131 4362 Aquas
3171 4291 3419 4345 viventes
3462 4286 3617 4343 multi
3664 4287 3733 4342 ad

2145 4385 2483 4457 baptismum
2514 4382 2778 4453 referunt,
2805 4398 2929 4455 quae
2958 4384 3010 4438 in
3039 4397 3168 4438 vere
3193 4391 3250 4437 et
3292 4382 3349 4438 in
3379 4389 3567 4437 testate
3586 4422 3600 4444 ,
3634 4380 3739 4435 hoc

2145 4487 2250 4548 est,
2277 4479 2330 4534 in
2363 4477 2570 4534 Pascha
2598 4487 2655 4532 et
2698 4478 3022 4534 Pentecoste
3048 4520 3062 4544 ,
3093 4476 3403 4532 sitientibus
3436 4473 3737 4545 largienda:

2146 4580 2308 4641 sunt,
2337 4570 2557 4642 quando
2592 4570 2912 4641 implebitur
2942 4569 3089 4641 quod
3121 4569 3385 4641 scriptum
3419 4579 3501 4624 est
3533 4566 3746 4623 :Larao

440 4665 646 4721 uastatis
677 4681 786 4721 non
817 4668 1093 4723 convenit.
1123 4665 1373 4737 Cumque
1404 4664 1594 4720 vitales
1630 4676 1786 4733 aqua:
1829 4672 2040 4719 utrnm-
2069 4649 2119 4711 Ῑ)
2146 4666 2296 4733 mini,
2328 4663 2508 4718 mundi
2540 4672 2696 4719 estote
2717 4663 2876 4736 (lsai.
2909 4678 2949 4726 ι.
2984 4661 3094 4733 16).

436 4776 545 4833 que
590 4776 739 4817 mare
770 4762 975 4818 fuerint
1007 4763 1287 4834 ingressae,
1328 4768 1383 4815 et
1427 4773 1641 4815 amaras
1682 4772 1851 4829 aquas
1895 4756 2037 4812 dulci

430 4853 658 4910 ﬂumine
678 4854 981 4926 mitigarint
1007 4874 1017 4908 :
1053 4864 1179 4910 tunc
1206 4854 1309 4910 erit
1334 4853 1592 4909 Dominus
1614 4867 1713 4907 rex
1739 4866 1902 4922 super
1923 4865 2039 4905 om-

438 4962 561 5003 nem
595 4957 816 5003 terram.
852 4950 1000 5019 Aqua
1030 4963 1151 5019 quae
1177 4946 1459 5018 egreditur
1487 4946 1556 5003 de
1584 4946 1908 5010 Jerusalem,
1939 4945 2040 5000 hoc

436 5048 541 5103 est,
574 5039 640 5095 dc
686 5040 952 5109 Ecclesia,
986 5039 1290 5095 doctrinam
1337 5039 1540 5095 indicat
1576 5038 1911 5095 Salvatoris:
1960 5036 2039 5095 De

435 5131 567 5187 Sion
595 5134 731 5188 enim
754 5135 1015 5208 egreditur
1045 5135 1147 5205 lex,
1180 5145 1231 5189 et
1259 5136 1460 5189 verbum
1500 5133 1711 5189 Domini
1736 5133 1798 5188 de
1824 5132 2040 5187 Jerusa-

434 5224 535 5280 lem
584 5226 755 5297 (lsai.
801 5242 862 5295 ιι,
911 5229 1011 5299 3);
1058 5228 1213 5299 juxta
1246 5228 1375 5283 illud
1417 5227 1557 5296 quod
1599 5226 1726 5282 alibi
1772 5229 2033 5298 scriptum

428 5328 550 5373 est:
582 5319 803 5391 Repleta
841 5331 961 5375 sunt
994 5322 1166 5375 omnia
1212 5322 1429 5375 scientia
1462 5319 1693 5389 Domini,
1736 5322 1870 5376 sicut
1900 5337 2038 5390 aqua

430 5412 596 5465 multa
627 5414 861 5482 operiens
899 5429 1040 5468 mare
1073 5412 1273 5483 (Ibid,
1308 5430 1383 5481 ιι,
1411 5413 1507 5485 9).
1540 5414 1739 5468 Harant
1772 5429 2035 5485 aquarum

430 5506 607 5560 media
640 5521 763 5577 pars
791 5506 891 5562 ibit
912 5509 979 5562 ad
998 5523 1148 5563 mare
1173 5508 1470 5571 Orientale,
1508 5508 1765 5577 populum
1792 5506 2036 5564 Circum-

430 5596 673 5659 cisionis.
704 5599 795 5669 qui
815 5598 870 5655 in
898 5600 1167 5672 apostolis
1184 5611 1239 5657 et
1267 5615 1364 5671 per
1378 5600 1656 5673 apostolos
1678 5610 1763 5656 est
1791 5601 2032 5667 electus;

422 5699 480 5745 et
505 5691 743 5746 medium
760 5707 947 5748 earum
971 5692 1036 5748 ad
1059 5708 1206 5749 mare
1232 5693 1618 5761 Novissimnm,
1645 5703 1701 5750 ut
1727 5694 1795 5751 de
1815 5693 2039 5751 Oriente

502 5814 526 5842 ι
568 5806 642 5860 lta
676 5808 1059 5881 rescripsnmus
1089 5811 1155 5866 ad
1180 5810 1331 5881 Regii
1361 5813 1488 5868 cod.
1523 5812 1708 5879 ﬁdem,
1733 5813 1922 5868 Grmco
1952 5824 2032 5867 ιο-

427 5878 593 5935 tidem
621 5879 806 5939 verbis
854 5878 1199 5949 concinente,
1234 5878 1317 5939 at
1346 5887 1375 5942 ἡ
1407 5882 1529 5950 δόξα
1556 5878 1708 5944 αὐτοῦ
1744 5886 1828 5943 ἐπὶ
1854 5889 1913 5943 σὲ
1945 5887 2031 5960 ὀφ-

2220 4759 2407 4833 (Vers.
2439 4758 2473 4812 9
2504 4760 2708 4829 seqq.).
2742 4754 2807 4811 In
2840 4758 2922 4812 die
2950 4757 3043 4811 illa
3073 4758 3171 4812 erit
3196 4756 3453 4811 Dominus
3480 4771 3619 4810 unus
3648 4801 3664 4823 ,
3698 4763 3751 4810 et

2146 4854 2241 4907 erit
2270 4867 2456 4906 nomen
2482 4853 2598 4923 ejus
2622 4865 2782 4904 unum
2806 4866 2821 4904 :
2848 4858 2895 4903 et
2922 4858 3204 4905 revertetur
3230 4851 3396 4903 omnis
3421 4857 3560 4903 terra
3583 4863 3746 4917 usque

2144 4946 2211 5000 ad
2234 4944 2491 4999 desertum
2513 4943 2577 4997 de
2604 4942 2735 4997 colle
2766 4943 3015 4997 Remmou
3040 4941 3109 4996 ad
3131 4941 3377 4997 Austrum
3402 4940 3741 4995 Jerusalem:

2144 5047 2190 5093 et
2217 5036 2552 5101 exaltabitur,
2576 5046 2624 5090 et
2656 5034 2974 5090 habitabitur
2999 5036 3053 5090 in
3081 5038 3195 5090 loco
3227 5051 3342 5102 suo,
3370 5052 3401 5088 a
3424 5042 3575 5105 porta
3603 5032 3745 5088 Ben-

2131 5132 2305 5207 jamin
2336 5147 2496 5201 usque
2525 5129 2593 5184 ad
2623 5130 2791 5184 locum
2822 5139 2985 5202 porta:
3010 5130 3220 5198 prioris,
3250 5145 3411 5200 usque
3439 5130 3508 5182 ad
3538 5138 3741 5198 portam

2142 5225 2450 5299 angulorum
2480 5241 2496 5276 :
2526 5232 2571 5278 et
2600 5240 2633 5277 a
2660 5234 2805 5278 turre
2852 5223 3083 5278 Ananeel
3131 5240 3294 5295 usque
3340 5222 3410 5276 ad
3455 5222 3743 5276 toreularia

2142 5320 2276 5386 regis
2304 5360 2316 5381 ,
2352 5327 2399 5372 et
2428 5316 2729 5371 habitabant
2760 5322 2812 5370 in
2839 5333 2898 5370 ea
2924 5358 2939 5384 ,
2970 5327 3016 5371 et
3042 5317 3319 5370 anathema
3353 5333 3457 5370 non
3487 5316 3586 5371 erit
3627 5333 3745 5369 am-

2142 5413 2300 5484 plius,
2336 5410 2424 5465 sed
2453 5410 2648 5463 sedebit
2676 5406 2967 5463 Jerusalem
2996 5425 3197 5464 secura.
3227 5406 3371 5464 LXX
3396 5426 3408 5462 :
3438 5407 3502 5463 In
3535 5409 3619 5464 die
3647 5409 3745 5463 illa

2140 5507 2238 5561 erit
2272 5503 2522 5558 Dominus
2555 5519 2692 5557 unus
2717 5546 2731 5568 ,
2778 5513 2831 5558 et
2872 5519 3059 5557 nomen
3098 5505 3207 5574 ejus
3256 5520 3417 5556 unum
3449 5503 3744 5558 :circuicns

2140 5615 2341 5656 omnem
2374 5608 2565 5652 terram
2592 5644 2605 5667 ,
2647 5608 2693 5650 et
2722 5597 2982 5652 desertum
3007 5610 3045 5650 ιτ
3066 5595 3246 5652 Gabaa
3292 5614 3451 5669 usque
3488 5596 3741 5653 Remmort

2140 5695 2209 5750 ad
2234 5696 2477 5749 Austrum
2500 5692 2796 5747 Jerusalem
2829 5709 2846 5748 :
2879 5692 3086 5747 Rhama
3126 5710 3245 5749 vero
3284 5695 3336 5747 iu
3379 5695 3491 5749 loco
3528 5711 3736 5766 perma-

2137 5816 2364 5873 θήσεται.
2414 5813 2755 5885 Anteaerat,
2787 5821 2835 5868 et
2860 5812 3029 5885 gloria
3082 5811 3180 5868 Dei
3223 5813 3297 5868 tui
3336 5829 3493 5883 super
3525 5824 3574 5870 te
3620 5824 3732 5871 orta

2138 5894 2212 5942 est
2244 5902 2260 5937 :
2294 5898 2392 5955 pro
2415 5897 2524 5953 quo
2558 5882 2831 5939 Victorius
2860 5882 3197 5953 reatituerat,
3228 5882 3441 5941 orietur.
