4056 6342
296 336 317 391 l
328 327 430 388 529

993 324 1650 388 COMMENTARIORUM
1686 327 1754 388 ΙΝ
1792 324 2201 389 ZACHARIAM
2241 332 2369 390 LIB.
2413 334 2503 395 ΙΙΙ.
2547 333 2705 393 CAP.
2745 334 2884 395 XIV.

3445 338 3587 398 1550

297 450 469 515 nebit,
496 461 528 500 a
553 455 706 517 porta
729 444 1005 518 Benjamin
1030 488 1046 514 ,
1079 464 1241 517 usque
1270 448 1339 502 ad
1367 458 1569 517 portam
1589 449 1754 522 922
1784 449 1893 516 pri-
1916 447 1977 511 Α
2000 447 2264 505 Dominus
2290 451 2449 507 Jesus
2480 467 2577 508 res
2611 452 2773 508 luerit
2802 466 2964 524 super
2992 467 3211 510 omnem
3241 461 3442 510 terram
3473 494 3488 521 ,
3518 451 3588 513 de

295 558 451 609 mam,
478 556 637 611 usque
657 541 726 595 ad
750 552 956 611 portam
983 542 1323 613 angulorum,
1346 552 1394 597 et
1419 558 1579 609 usque
1596 541 1664 595 ad
1692 552 1888 596 turrem

296 644 322 673 ει
339 633 607 697 Anantael,
644 650 808 705 usque
836 634 903 687 ad
933 633 1217 689 toreularia
1244 636 1377 708 regis
1403 634 1704 689 habitabant
1727 637 1778 689 in
1802 651 1884 701 ea,

295 738 341 785 et
369 726 641 781 anathema
672 726 814 781 ultra
844 744 945 781 non
967 729 1083 793 erit,
1109 738 1154 781 et
1177 727 1431 781 habitabit
1451 726 1747 783 Jerusalem
1766 744 1889 783 con-

297 828 482 899 lidens.
515 826 963 884 Exstructiunem
998 827 1148 883 urbis
1177 827 1477 884 Jerusalem
1504 869 1519 892 ,
1550 837 1603 882 et
1626 842 1887 899 aquarum

296 936 574 995 egressum
601 922 670 977 de
705 921 886 979 medio
914 922 1059 992 ejus,
1083 938 1205 994 quae
1236 922 1303 977 ad
1333 932 1622 991 utrumque
1649 921 1889 977 deﬂuant

297 1031 446 1073 mare
472 1058 487 1082 ,
518 1015 694 1071 Judaei
723 1026 778 1072 et
809 1016 1103 1073 Christiani
1144 1018 1486 1089 judaizantes
1510 1060 1524 1084 ,
1556 1016 1745 1073 ultimo
1785 1017 1887 1072 sibi

296 1120 541 1181 tempore
594 1111 1021 1181 repromittunt,
1063 1113 1282 1184 quando
1323 1129 1535 1169 rursum
1582 1112 1886 1170 exercenda

294 1204 639 1259 circumcisio
669 1206 740 1262 sit
764 1247 779 1269 .
811 1217 866 1262 et
894 1204 1241 1261 immolandae
1270 1207 1500 1262 victima:
1522 1252 1535 1274 ,
1602 1216 1658 1263 et
1705 1207 1887 1262 omnia

293 1297 455 1368 Legis
484 1310 757 1370 prateepta
788 1299 1055 1355 servanda
1077 1341 1091 1364 ,
1126 1310 1183 1354 ut
1213 1315 1318 1355 non
1350 1300 1521 1357 Judaei
1549 1299 1887 1369 Christiani,

292 1390 386 1448 sed
429 1391 728 1449 Christiani
769 1393 941 1449 Judaei
993 1396 1146 1450 ﬁant.
1197 1395 1254 1449 In
1288 1395 1414 1461 die,
1464 1394 1737 1466 inquiunt,
1772 1394 1885 1462 illa,

291 1485 515 1557 quando
541 1484 789 1544 Christus
823 1489 874 1543 in
898 1488 1202 1545 Jerusalem
1233 1504 1397 1544 aurea
1426 1498 1587 1559 atque
1617 1496 1885 1559 gemmata

290 1579 500 1637 sederit
538 1592 895 1653 regnaturus,
938 1598 1046 1639 non
1078 1592 1241 1639 erunt
1280 1583 1423 1639 idola
1465 1598 1565 1639 nec
1591 1582 1888 1639 divinitatis

289 1674 499 1730 cultura
527 1674 764 1744 diversa,
800 1675 895 1731 sed
924 1676 1030 1732 erit
1064 1676 1327 1732 Dominus
1355 1691 1496 1732 unus
1518 1718 1532 1740 ,
1564 1686 1621 1731 et
1648 1683 1889 1731 reverte-

290 1778 378 1824 tur
418 1770 599 1825 omnis
644 1778 792 1826 terra
829 1787 1003 1842 usque
1052 1772 1119 1827 ad
1165 1771 1517 1828 solitudinem
1544 1813 1558 1838 ,
1594 1771 1647 1826 id
1676 1778 1759 1826 est
1784 1812 1801 1838 ,
1833 1769 1883 1824 in

1992 557 2102 612 quo
2144 542 2210 597 ad
2254 543 2468 601 Patrem
2516 546 2750 615 Spiritus
2791 555 3006 602 sanctus
3034 547 3273 618 loquitur
3316 563 3412 619 per
3450 547 3588 604 Pro-

1995 634 2217 704 phetam
2250 653 2265 690 :
2301 635 2462 703 Deus,
2489 637 2753 711 judicium
2781 648 2926 694 tuum
2954 642 3061 712 regi
3089 640 3159 694 da
3184 686 3199 712 ,
3245 649 3289 695 et
3321 642 3585 714 justitiam

1992 735 2136 781 tuam
2166 729 2278 798 ﬁlio
2304 731 2440 801 regis
2473 730 2645 802 (Psal.
2679 749 2819 796 LXXI,
2858 735 2912 800 ‘1)
2948 752 2962 788 :
2996 741 3126 790 tunc
3154 750 3291 790 unus
3321 734 3586 791 Dominus

1992 820 2118 887 erit,
2152 821 2220 877 de
2247 838 2355 893 quo
2386 824 2649 894 scriptum
2676 836 2760 880 est
2786 845 2800 883 :
2834 826 3032 883 Scitote
3058 828 3301 899 quoniam
3328 826 3584 883 Dominus

1990 913 2103 983 ipse
2131 924 2205 969 est
2232 914 2373 971 Deus
2406 916 2586 987 (Deut.
2620 934 2699 987 1v,
2732 918 2825 991 55)
2859 939 2871 974 :
2911 921 2978 976 Et
3005 936 3169 977 unum
3198 938 3398 979 nomen
3426 923 3546 991 ejus
3567 968 3582 993 ,

1992 1009 2141 1064 omni
2173 1026 2334 1079 prava
2364 1011 2635 1083 religiOnc
2660 1013 2868 1069 calcata
2897 1056 2909 1075 .
2934 1015 3083 1085 juxta
3114 1015 3248 1071 illud
3278 1016 3420 1086 quod
3450 1016 3586 1073 Pro—

1993 1102 2156 1175 pheta
2186 1106 2439 1160 decantat
2473 1123 2487 1159 :
2520 1106 2768 1173 Domine,
2811 1106 3062 1163 Dominus
3089 1121 3281 1176 noster,
3307 1127 3462 1181 quant
3491 1111 3587 1164 od-

1990 1199 2226 1253 mirobile
2248 1208 2322 1253 est
2344 1216 2526 1254 nomen
2550 1210 2695 1255 tuum
2718 1202 2769 1255 in
2792 1203 3029 1256 universa
3048 1211 3190 1258 terra
3215 1201 3329 1275 (Ps.
3352 1219 3471 1274 vin,
3497 1202 3550 1273 1)
3569 1205 3584 1260 ι

1993 1291 2059 1346 Et
2089 1306 2305 1347 rursum
2334 1312 2346 1347 :
2372 1293 2725 1365 Magniﬁcasti
2745 1312 2901 1368 super
2932 1312 3106 1351 ontues
3137 1314 3323 1352 nomen
3348 1307 3585 1353 sanctum

1993 1395 2136 1440 tuum
2168 1385 2285 1455 (Ps.
2319 1403 2558 1457 cxxxvu,
2591 1389 2667 1461 ὅ).
2704 1390 2765 1443 Et
2791 1390 2919 1443 alibi
2957 1407 2970 1445 :
3002 1390 3153 1445 Sicut
3183 1408 3367 1446 nomen
3405 1403 3581 1461 tuum,

1993 1478 2155 1549 Deus,
2183 1480 2260 1533 ita
2281 1488 2329 1533 et
2354 1481 2474 1536 laus
2496 1490 2583 1535 tua
2610 1482 2663 1536 in
2691 1483 2926 1536 universa
2952 1490 3093 1538 terra
3118 1482 3238 1555 (Ps.
3263 1498 3426 1545 XLVII.
3452 1485 3542 1554 11)
3569 1501 3583 1540 :

1990 1574 2059 1630 de
2090 1590 2199 1646 quo
2230 1583 2287 1630 et
2326 1576 2544 1632 Abacue
2593 1577 2832 1646 loquitur
2863 1594 2876 1630 :
2909 1577 3104 1632 Laudis
3150 1582 3265 1650 ejus
3317 1579 3467 1647 plena
3510 1589 3586 1634 est

1993 1675 2131 1721 terra
2157 1668 2344 1738 (Abac.
2390 1684 2485 1732 ιιι,
2528 1670 2606 1740 5).
2645 1668 2723 1725 De
2761 1670 2916 1740 cujus
2961 1671 3132 1741 gloria
3181 1671 3421 1727 nominis
3469 1673 3585 1743 ipse

1994 1762 2136 1818 Deus
2162 1763 2401 1833 loquitur
2432 1781 2445 1817 :
2479 1763 2679 1834 Absque
2708 1780 2786 1819 me
2813 1780 2914 1819 non
2937 1765 3065 1819 scies
3092 1762 3282 1831 Deum,
3317 1773 3365 1820 et
3395 1773 3583 1836 printer

286 1864 570 1933 antiquum
602 1873 830 1921 statum.
862 1866 1130 1935 Ponitque
1155 1866 1399 1922 locorum
1424 1866 1684 1922 vocabula
1715 1880 1744 1920 a
1773 1881 1879 1935 quo
1909 1854 1958 1915 B
1982 1874 2165 1913 nomen
2210 1875 2383 1914 meum
2409 1900 2422 1920 ,
2454 1858 2594 1931 quod
2641 1859 3030 1931 magniﬁcatum
3081 1870 3153 1914 est
3202 1875 3358 1929 super
3407 1876 3583 1916 omnes

285 1956 405 2011 loco
444 1972 620 2029 usque
661 1958 728 2013 ad
758 1974 918 2031 quem
969 1960 1145 2017 locum
1194 1958 1510 2015 aediﬁcanda
1553 1959 1625 2014 sit
1661 1957 1881 2013 Jerusa-

285 2051 387 2107 lem
416 2071 429 2106 :
459 2053 529 2109 de
555 2054 698 2109 colle
724 2054 990 2111 Remmou
1026 2054 1159 2122 (hoc
1187 2056 1330 2111 enim
1364 2054 1549 2111 Gabaa
1579 2062 1760 2118 sonat,
1790 2054 1881 2108 ubi

282 2144 446 2202 arbor
490 2147 835 2219 maligranati
869 2148 977 2220 est)
1005 2164 1178 2219 usque
1222 2148 1289 2203 ad
1330 2146 1624 2203 australem
1669 2146 1877 2217 plagam

282 2238 610 2296 JeruSaIetn.
640 2241 908 2313 Quodque
937 2244 1187 2313 sequitur
1220 2261 1235 2300 :
1272 2241 1477 2297 Rhama
1501 2253 1676 2297 autem
1696 2241 1747 2295 in
1768 2241 1880 2295 loco

281 2345 374 2385 suo
402 2334 762 2404 permanebit,
798 2335 997 2391 melius
1038 2336 1435 2407 interpretatus
1473 2344 1554 2391 est
1595 2334 1783 2404 Aquila
1826 2342 1880 2389 et

282 2426 471 2480 cmteri
492 2467 505 2490 ,
546 2427 635 2497 qui
681 2438 1017 2497 posuerunt,
1050 2430 1371 2484 multabitur
1398 2445 1415 2482 :
1445 2428 1653 2483 Rhama
1681 2430 1878 2499 quippe

279 2519 531 2574 exaltatio
554 2520 778 2590 dicitur,
814 2523 970 2593 justa
1015 2523 1148 2578 illud
1196 2522 1514 2593 proltbetale
1544 2533 1598 2578 et
1631 2522 1879 2593 Evange-

282 2608 448 2667 licum
476 2628 489 2669 :
523 2612 641 2669 Vox
661 2616 715 2670 in
743 2614 951 2670 Rhama
977 2616 1159 2670 audita
1188 2624 1284 2683 est,
1314 2615 1419 2671 huc
1448 2623 1553 2682 cst,
1578 2615 1630 2668 in
1664 2613 1879 2669 excelsis

279 2706 452 2760 sonuit
483 2705 707 2775 (Matth.
731 2725 793 2775 ιι,
826 2710 939 2781 l8).
968 2710 1309 2765 Exaltabitur
1336 2711 1518 2779 itaque
1548 2709 1875 2776 Jerusalem,

279 2808 333 2854 ει
356 2800 723 2859 :edillcabitur
749 2804 803 2860 in
833 2805 953 2860 loco
980 2805 1237 2875 pristino,
1280 2823 1309 2859 a
1352 2814 1505 2875 porta
1548 2804 1831 2873 Benjamin
1859 2846 1874 2871 ,

282 2908 452 2966 usque
482 2896 549 2952 ad
583 2908 799 2967 portam
831 2915 951 2969 ιιιιίε
979 2899 1183 2954 dicitur
1212 2899 1559 2970 angulorum,
1587 2908 1641 2953 et
1668 2913 1696 2953 a
1728 2906 1876 2954 turre

278 2988 524 3047 Ananeel
555 2993 691 3061 (non
724 3004 781 3048 ut
812 2993 987 3050 Graeci
1020 3006 1073 3050 et
1116 2996 1291 3051 Latini
1340 2996 1481 3051 male
1519 2995 1706 3066 legunt
1732 2996 1877 3051 Ana-

278 3084 468 3156 mael)
517 3101 691 3157 usque
736 3085 802 3141 ad
848 3087 1143 3143 toreularia
1187 3089 1331 3159 regis
1374 3108 1384 3142 :
1426 3089 1569 3159 quod
1612 3089 1876 3145 llebraiee

277 3180 545 3249 scriptum
565 3191 647 3236 est
674 3198 964 3238 anastron
978 3167 1186 3268 (15m)
1214 3183 1321 3257 [ΑΙ.
1352 3184 1659 3256 Amalech].
1684 3185 1750 3241 Et
1782 3186 1875 3240 ba-

1987 1951 2145 2023 (lsai.
2172 1968 2319 2019 xuv,
2345 1954 2423 2024 8).
2451 1953 2605 2010 Tune
2632 1964 2946 2010 revertetur
2978 1955 3158 2010 omnis
3193 1965 3360 2022 terra,
3394 1956 3445 2011 in
3474 1970 3580 2028 qua

1986 2044 2302 2102 habitavere
2330 2046 2502 2103 Judaai
2537 2064 2709 2120 usque
2737 2048 2803 2103 ad
2836 2048 3141 2115 desertum,
3173 2048 3227 2103 id
3260 2060 3373 2113 est,
3412 2063 3581 2121 usque

1984 2141 2051 2197 ad
2079 2143 2339 2213 populum
2387 2144 2629 2215 gentium
2657 2185 2672 2211 ,
2719 2144 2810 2212 qui
2849 2144 2998 2213 prius
3038 2144 3293 2201 desertus
3333 2152 3451 2200 erat
3479 2186 3494 2210 ,
3525 2153 3581 2200 et

1983 2235 2141 2309 Legis
2166 2237 2414 2292 notitiam
2440 2252 2547 2293 non
2571 2237 2810 2293 habebat
2838 2257 2848 2292 :
2873 2252 2904 2294 a
2929 2238 3109 2295 Gabaa
3133 2253 3303 2308 usque
3325 2239 3391 2294 ad
3414 2238 3580 2295 Rem-

1983 2346 2111 2386 mon
2134 2370 2150 2396 ,
2184 2331 2287 2387 hoc
2318 2340 2403 2386 est
2427 2372 2440 2395 ,
2472 2345 2499 2383 a
2540 2330 2684 2386 colle
2715 2344 2886 2401 usque
2912 2331 2979 2386 ad
3008 2332 3285 2387 excelsum
3312 2376 3328 2402 ,
3356 2332 3482 2403 quia
3507 2331 3577 2388 de

1982 2430 2127 2478 terra
2156 2432 2212 2478 et
2241 2422 2311 2479 de
2334 2422 2555 2479 deserto
2582 2423 2648 2478 ad
2676 2425 2870 2494 colles,
2897 2434 2951 2480 et
2978 2424 3047 2479 de
3077 2424 3307 2480 collibus
3332 2423 3398 2480 ad
3423 2439 3577 2480 mon-

1984 2525 2105 2572 tana
2135 2518 2533 2588 consurgimus.
2575 2516 2729 2574 Unde
2762 2528 2817 2573 et
2842 2532 3081 2588 sponsus
3110 2518 3165 2574 in
3197 2518 3423 2573 Cantico
3450 2532 3577 2573 can-

1982 2612 2215 2668 ticorum
2268 2612 2505 2667 transilit
2534 2613 2707 2669 colles
2736 2613 2829 2681 qui
2864 2613 3105 2668 minores
3146 2620 3308 2679 sunt,
3352 2619 3407 2667 et
3452 2610 3579 2667 salit

1979 2721 2147 2777 super
2190 2716 2406 2763 montes
2449 2708 2701 2764 excelsos
2731 2705 2909 2779 (Cant.
2943 2707 3007 2776 l),
3046 2706 3113 2762 de
3153 2707 3356 2776 quibus
3402 2706 3579 2776 scrip-

1981 2811 2094 2858 tum
2126 2812 2247 2860 est:
2277 2801 2480 2859 Montes
2508 2804 2696 2858 excelsi
2728 2804 2888 2858 cerris
2931 2801 3050 2874 (Ps.
3083 2801 3223 2873 cut).
3266 2801 3360 2858 Sin
3392 2812 3573 2857 autem

1979 2898 2231 2952 Remmon
2256 2944 2269 2967 ,
2304 2898 2737 2969 malogran‘atum
2770 2898 3019 2968 accipere
3046 2895 3296 2952 volumus
3341 2898 3574 2964 (utrum-

1979 3007 2084 3063 que
2106 2992 2248 3047 enim
2273 2992 2412 3061 apud
2439 2990 2701 3047 Hebraeos
2733 2991 3166 3062 interpretatur),
3188 2992 3289 3046 hoc
3303 2990 3571 3057 dicamus,

1979 3085 2121 3157 quod
2161 3086 2295 3141 ﬁnes
2327 3085 2591 3141 Ecclesia:
2618 3086 2686 3141 de
2715 3086 2945 3141 collibus
2972 3084 3273 3157 incipiant,
3308 3096 3364 3139 ut
3396 3085 3575 3140 omnis

1981 3178 2116 3234 ordo
2144 3178 2568 3234 Eeclesiasticus
2612 3186 2983 3242 construatur,
3012 3178 3079 3233 de
3105 3193 3212 3247 quo
3243 3192 3402 3248 supra
3435 3177 3574 3232 dixi-

278 3269 564 3343 hitahunt,
599 3276 814 3344 inquit,
847 3277 902 3333 in
933 3293 994 3334 ea
1015 3251 1039 3345 ,’
1064 3282 1168 3334 hoc
1208 3287 1326 3345 est,
1356 3282 1407 3335 in
1438 3280 1741 3337 Jerusalem
1776 3299 1788 3335 :
1819 3292 1873 3337 ct

1982 3287 2124 3338 mus,
2147 3271 2369 3342 quando
2396 3272 2745 3343 interpretati
2772 3286 2961 3327 sumus
2989 3272 3258 3340 planetum
3285 3272 3567 3343 unigeniti.

276 3370 572 3424 anathema
603 3372 835 3443 amplius
875 3389 983 3427 non
1012 3374 1117 3427 erit
1142 3393 1156 3430 :
1186 3375 1367 3429 nullus
1396 3373 1648 3431 videlicet
1693 3385 1871 3431 metus

275 3456 493 3514 hostilis
526 3465 784 3533 impetus,
816 3465 964 3519 nulla
995 3465 1269 3533 formido;
1304 3466 1398 3522 sed
1424 3466 1635 3523 sedebit
1661 3468 1742 3523 vel
1778 3468 1872 3522 ha-

275 3550 543 3608 bitabitur
583 3554 886 3614 Jerusalem
937 3568 1143 3615 aeterna
1174 3575 1304 3629 pace
1336 3562 1711 3631 requiescens.
1744 3562 1870 3619 lltec

274 3644 449 3703 Judaei
477 3649 635 3718 juxta
670 3652 907 3709 litteram
942 3656 1254 3724 somniant,
1285 3665 1339 3711 et
1360 3656 1544 3711 nostri
1576 3658 1867 3731 χιλιασταὶ,

275 3743 365 3810 qui
400 3758 615 3798 rursum
648 3744 840 3802 audire
878 3746 1231 3804 desiderant:
1262 3749 1484 3804 Crescite
1524 3760 1572 3805 et
1612 3752 1868 3821 multipli-

274 3834 468 3887 camini
489 3876 501 3898 ,
533 3845 577 3888 et
608 3837 801 3907 replete
844 3847 1038 3892 terram
1072 3838 1229 3912 (Gen.
1258 3857 1295 3902 ι,
1328 3840 1424 3913 98)
1450 3884 1465 3906 ,
1499 3851 1553 3896 et
1584 3858 1680 3913 pro
1713 3844 1870 3915 hujus

272 3926 401 3981 vitae
435 3929 769 3985 eoutinentia
798 3931 1058 4003 brevique
1104 3933 1351 4004 jejunio,
1401 3935 1593 3989 bulbos
1632 3936 1771 4005 sibi,
1815 3946 1872 3992 et

273 4020 490 4085 vulvas,
509 4028 564 4077 et
590 4022 763 4079 avesb
786 4024 1061 4093 Phasidis,
1091 4034 1147 4081 et
1169 4037 1499 4096 attagenam,
1528 4044 1869 4102 nequaquam

277 4111 601 4181 cIonicum,
644 4115 740 4171 sed
768 4115 1056 4172 Judaicum
1105 4120 1511 4193 repromittunt,
1560 4121 1627 4177 de
1670 4123 1870 4193 quibus

272 4220 405 4261 vere
447 4215 629 4278 potest
672 4207 938 4264 Dominus
975 4209 1159 4265 dicere
1199 4226 1213 4265 :
1252 4211 1368 4265 Non
1414 4213 1733 4281 permanebit
1763 4215 1869 4286 spi-

272 4298 411 4353 ritus
468 4315 613 4354 meus
666 4301 720 4354 in
776 4299 1077 4357 hominibus
1124 4304 1281 4370 istis,
1336 4306 1461 4374 quin
1518 4322 1697 4361 carnes
1751 4318 1869 4361 sunt

277 4390 432 4464 (Cen.
459 4409 532 4455 νι,
558 4393 633 4464 5).
663 4393 797 4448 Caro
820 4396 954 4449 enim
985 4407 1176 4467 pugnat
1206 4406 1388 4449 contra
1415 4399 1679 4468 spiritum,
1706 4399 1869 4471 923

274 4495 323 4540 et
368 4488 586 4559 spiritus
634 4498 816 4541 contra
856 4505 1064 4542 carnem
1092 4488 1293 4559 (Colat.
1326 4506 1380 4553 v,
1418 4491 1530 4559 Π).
1560 4492 1669 4547 Νεε
1701 4509 1870 4564 oppo-

274 4587 407 4633 nant
437 4580 598 4634 nobis
635 4577 865 4634 Joannis
891 4580 1273 4652 Apocalypsim
1307 4581 1459 4654 (Cap.
1494 4581 1615 4654 xx),
1657 4585 1780 4651 quia
1813 4595 1869 4640 et

1975 3378 2031 3426 et
2060 3368 2341 3439 planctum
2370 3367 2508 3423 sicut
2537 3368 2965 3424 Adadremmon.
2996 3365 3105 3423 Nec
3135 3366 3239 3422 hoc
3266 3376 3351 3422 est
3382 3366 3572 3422 Eccle-

1975 3462 2055 3516 sia
2085 3462 2192 3516 line
2222 3471 2481 3516 contenta
2512 3477 2526 3526 ;
2557 3459 2650 3516 sed
2683 3463 2968 3531 perveniet
3002 3475 3172 3530 usque
3207 3459 3272 3515 ad
3307 3461 3567 3515 Austrum

1976 3555 2029 3610 in
2058 3555 2181 3611 luce
2208 3554 2524 3625 plenissima
2548 3597 2562 3621 ,
2608 3569 2775 3625 super
2802 3570 2909 3625 quo
2940 3553 3141 3609 dudum
3187 3554 3566 3624 exposuimus.

1975 3661 2029 3705 et
2058 3665 2205 3705 nunc
2233 3648 2440 3705 idcirco
2467 3648 2800 3715 relicemus,
2834 3664 2901 3704 ne
2931 3646 3119 3704 eadem
3164 3649 3361 3719 smpius
3397 3648 3569 3703 incul-

1973 3752 2181 3807 cantes,
2216 3742 2408 3797 lectori
2439 3742 2615 3797 simus
2644 3739 2885 3796 fastidio.
2927 3741 2992 3795 Et
3023 3740 3353 3795 exaltabitur
3381 3738 3568 3796 Eccle-

1973 3838 2051 3893 sia
2081 3853 2203 3907 quae
2231 3837 2399 3907 coepit
2429 3852 2455 3890 a
2490 3835 2744 3901 collibus,
2780 3845 2831 3889 et
2867 3834 3113 3905 pervenit
3140 3834 3206 3889 ad
3240 3833 3520 3889 meridiem
3550 3850 3564 3899 ;

1973 3939 2029 3987 et
2055 3931 2323 3987 habitabit
2355 3932 2407 3986 in
2440 3930 2562 3985 loco
2601 3942 2700 3983 suo
2725 3970 2739 3992 ,
2776 3928 2842 3983 de
2873 3944 2981 3997 quo
3024 3928 3285 3998 scriptum
3326 3938 3409 3983 est
3449 3944 3463 3981 :
3498 3926 3564 3981 In

1973 4025 2086 4079 loco
2116 4022 2280 4097 92E.
2304 4038 2512 4096 puscute
2542 4022 2613 4076 ibi
2648 4038 2727 4075 me
2757 4020 3031 4076 collocavit
3077 4020 3197 4093 (Ps.
3232 4036 3339 4074 xxu
3368 4063 3381 4086 ,
3415 4018 3491 4092 l).
3520 4019 3561 4075 A

1975 4130 2130 4189 porta
2161 4118 2463 4184 Beniamin,
2492 4116 2589 4187 qui
2621 4116 3020 4187 interpretatur
3051 4113 3196 4185 ﬁlius
3225 4115 3447 4169 dextera:
3468 4156 3482 4180 ,
3516 4123 3570 4169 et

1975 4229 2084 4268 non
2128 4213 2265 4281 ﬁlius
2306 4212 2549 4278 dierum,
2603 4221 2660 4264 ut
2707 4212 2850 4266 male
2898 4211 3118 4281 quidam
3170 4211 3565 4280 suspicantur:

1972 4304 2115 4361 aliud
2146 4313 2231 4359 est
2263 4305 2405 4358 enim
2449 4305 2494 4358 si
2544 4305 2596 4358 in
2632 4320 2735 4359 non
2766 4304 3003 4358 litteram
3032 4348 3045 4369 ,
3081 4302 3222 4357 aliud
3266 4303 3308 4357 si
3357 4303 3412 4357 in
3454 4318 3566 4357 una

1975 4398 2214 4451 ﬁniatur.
2252 4396 2319 4450 Et
2350 4395 2632 4464 perveniet
2662 4411 2835 4465 usque
2865 4394 2931 4448 ad
2964 4395 3142 4448 locum
3178 4403 3352 4463 porta:
3386 4396 3569 4449 orien-

1975 4490 2102 4544 talis
2130 4497 2184 4544 et
2209 4488 2439 4557 prioris,
2471 4503 2640 4555 usque
2672 4488 2737 4540 ad
2773 4498 2980 4557 portam
3022 4488 3365 4557 angulorum.
3396 4486 3442 4542 A
3463 4489 3572 4543 vir-

1976 4592 2088 4637 tute
2135 4581 2425 4649 incipimus
2463 4596 2473 4634 :
2506 4580 2607 4633 hoc
2640 4580 2841 4650 quippe
2872 4578 3100 4634 dextera
3148 4578 3465 4651 significat;
3514 4590 3567 4634 et

275 4673 393 4744 ipsa
415 4673 772 4739 spiritualiter
786 4674 1101 4730 disserenda
1125 4685 1228 4729 est.
1254 4674 1365 4729 Nos
1385 4685 1565 4731 autem
1585 4677 1865 4733 caelestem
1894 4650 1947 4709 Ῑ)
1973 4675 2325 4746 pervenimus
2353 4687 2527 4743 usque
2558 4673 2623 4726 ad
2658 4683 2867 4742 portam
2902 4671 3141 4743 priorem
3170 4715 3183 4737 ,
3222 4685 3275 4727 ut
3309 4688 3409 4744 per
3450 4688 3567 4727 eam

273 4764 578 4821 Jerusalem
604 4767 1032 4836 interpretemur
1060 4765 1367 4822 Ecclesium
1388 4808 1401 4832 ,
1432 4783 1581 4839 quae,
1615 4770 1665 4823 in
1702 4786 1866 4826 carne

274 4861 565 4915 ambulans
585 4903 598 4924 ,
637 4877 743 4916 non
773 4861 906 4916 vivit
935 4863 1235 4917 secundum
1265 4878 1487 4917 carnem
1507 4909 1520 4932 ,
1561 4863 1715 4935 cujus
1751 4881 1867 4919 mu-

274 4956 548 5026 nieipatus
580 4954 635 5010 in
663 4957 808 5012 cmlo
832 4965 917 5011 est
947 4953 1209 5030 (Philipp.
1243 4954 1345 5029 ιιι).
1379 4955 1677 5027 Postquam
1722 4960 1869 5015 enim

348 5108 372 5135 ιι
402 5098 517 5152 Duo
545 5112 679 5154 mss.
707 5097 943 5153 Ananeel
961 5138 977 5161 ,
1010 5097 1102 5154 hic
1130 5111 1348 5167 quoque
1395 5112 1561 5165 penes
1591 5098 1733 5154 LXX
1759 5116 1773 5165 ;
1811 5101 1865 5156 in

274 5170 393 5223 aliis
429 5169 582 5226 libris
610 5168 879 5223 Anameel.

345 5240 372 5279 ι)
409 5241 534 5295 Mss.
564 5241 784 5297 codices
809 5240 989 5311 legunt
1016 5236 1260 5309 phasides
1286 5239 1420 5301 :sed
1450 5241 1734 5296 retinenda
1758 5241 1870 5298 lec-

273 5313 351 5367 tio
380 5311 642 5368 librorum
675 5313 946 5366 editorum
984 5326 1102 5363 aves
1143 5311 1383 5380 phasidis
1409 5352 1423 5372 ,
1465 5313 1588 5379 quia
1633 5314 1870 5381 phasidis

272 5395 357 5439 est
387 5400 583 5439 notnen
612 5384 1011 5439 substantivum
1041 5397 1204 5437 casus
1230 5382 1475 5450 genitivi,
1501 5399 1608 5438 non
1637 5400 1864 5440 arcusa-

275 5455 416 5510 tivus
451 5456 675 5524 pluralis
708 5456 915 5509 numeri
944 5463 998 5509 et
1022 5453 1350 5521 adjectivum
1386 5470 1601 5508 nomen.
1634 5455 1740 5510 Sed
1774 5456 1867 5510 ad-

274 5526 467 5580 damus
494 5529 544 5579 in
579 5526 860 5581 codicibus
901 5540 1032 5580 mss.
1065 5526 1263 5593 smpius
1305 5526 1565 5593 scriptum
1596 5542 1718 5581 esse
1754 5528 1870 5583 ele-

276 5606 515 5652 mentum
547 5597 566 5651 l
597 5612 697 5665 pro
733 5599 792 5662 E,
827 5605 884 5653 et
910 5596 1148 5651 vicissim
1182 5597 1220 5649 Ε
1255 5610 1350 5665 pro
1380 5595 1420 5662 l,
1454 5605 1513 5649 ut
1535 5596 1642 5665 jam
1675 5598 1867 5667 saepis-

277 5671 415 5724 sime
442 5670 696 5723 docuisse
719 5684 807 5724 me
828 5668 1048 5722 memini
1077 5679 1367 5738 antequam
1398 5669 1869 5736 ttzettizeQuzestio-

274 5754 401 5811 num
431 5740 974 5811 Hieronymianarum
1012 5740 1237 5794 Joannis
1265 5739 1464 5795 Clerici
1499 5741 1779 5809 prodirent
1812 5743 1867 5798 in

274 5809 474 5867 lucem.
505 5809 650 5867 Sunt
670 5826 1012 5884 _porro_aves
1045 5811 1278 5884 phasidis
1304 5854 1319 5878 ,
1363 5812 1535 5884 nostri
1582 5814 1823 5881 phasiani
1851 5858 1864 5881 ,

272 5898 402 5941 aves
433 5892 575 5939 noue
608 5897 637 5936 a
667 5882 827 5938 Phasi
859 5881 1023 5937 lluvio
1047 5881 1127 5938 'ad
1159 5898 1260 5940 nos
1292 5883 1554 5940 traducta:
1587 5884 1656 5940 ab
1688 5884 1867 5955 Argn-

1976 4766 2346 4838 ingrediamur
2374 4765 2438 4820 ad
2482 4774 2713 4821 caeteras
2744 4785 2757 4819 :
2786 4767 3083 4835 statimque
3126 4766 3285 4821 nobis
3332 4767 3571 4823 occurrit

1978 4871 2139 4935 porta
2171 4860 2491 4931 angulorum
2522 4904 2537 4929 ,
2568 4859 2659 4914 ubi
2694 4859 2973 4927 angularis
3008 4861 3147 4930 lapis
3178 4869 3283 4925 est,
3312 4876 3461 4931 quem
3493 4877 3574 4913 re-

1979 4958 2325 5031 probaverunt
2346 4956 2667 5025 wdiﬁcantes
2694 4997 2708 5021 ,
2734 4964 2782 5010 et
2815 4956 2985 5023 factus
3014 4965 3085 5010 est
3120 4957 3172 5009 in
3203 4963 3356 5027 caput
3393 4956 3574 5026 anguli

1973 5098 2156 5154 nautis
2187 5115 2201 5151 :
2228 5111 2296 5153 ex
2325 5110 2389 5151 ea
2421 5111 2654 5164 namque
2694 5098 2914 5167 regione
2964 5098 3016 5152 in
3066 5097 3336 5153 Grtrciam
3387 5107 3568 5153 trans-

1974 5180 2218 5241 portatus
2241 5169 2451 5223 dicunt.
2480 5168 2615 5241 Vide
2638 5168 2868 5241 Martial.
2906 5168 3003 5223 lib.
3029 5185 3146 5241 χιιι.
3178 5170 3267 5225 72.
3297 5169 3473 5224 Macr.
3497 5200 3569 5211 ~—

1976 5239 2183 5313 L/Eque_
2203 5240 2341 5313 bene
2368 5282 2381 5301 ,
2415 5239 2679 5310 quidquid
2714 5240 3025 5295 Martiauteo
3068 5239 3337 5309 videatur,
3383 5241 3572 5312 legunt

1976 5310 2110 5369 mss.
2146 5310 2423 5365 Phasides.

2048 5395 2070 5423 α
2105 5384 2345 5439 Ionicum
2374 5383 2555 5448 dixit,
2608 5381 2738 5454 quia
2784 5385 3014 5454 Attageu
3066 5384 3279 5440 Ionicus
3333 5386 3574 5442 maxime

1972 5456 2284 5510 celebratur
2320 5473 2331 5508 :
2362 5455 2591 5509 consule
2636 5452 2871 5509 Plinium
2917 5452 3011 5509 lib.
3056 5472 3123 5521 Χ,
3173 5472 3294 5525 cap.
3325 5456 3419 5513 48.
3468 5457 3569 5513 Est

1976 5543 2111 5582 vero
2144 5527 2377 5595 Attagen
2416 5530 2531 5579 avis
2572 5526 2838 5586 Asiatica,
2879 5543 3039 5595 quam
3075 5542 3175 5582 nos
3206 5528 3568 5586 l'ranculinum

1974 5599 2213 5653 dicimus
2241 5640 2253 5659 ,
2288 5614 2359 5669 un
2388 5597 2688 5669 francolin;
2736 5599 2951 5663 species
2980 5600 3226 5669 qumdam
3279 5600 3525 5669 phasiaui
3562 5652 3571 5660 ,

1973 5685 2095 5742 qua:
2119 5676 2230 5735 jam
2258 5670 2309 5721 in
2335 5668 2518 5742 Gallia;
2536 5678 2591 5723 et
2615 5668 2872 5736 llispania
2903 5668 3118 5739 capitur
3140 5681 3195 5725 et
3218 5668 3450 5727 maxime
3474 5689 3573 5742 per

1974 5741 2419 5811 Alpes.Attageu
2447 5740 2579 5795 olim
2620 5742 2965 5795 existimatus
3022 5742 3168 5797 inter
3194 5758 3349 5799 raras
3388 5740 3517 5799 aves
3543 5789 3555 5811 ,

1978 5821 2035 5868 ut
2065 5827 2132 5869 ex
2163 5810 2267 5868 hoc
2297 5814 2420 5867 loco
2448 5813 2745 5884 colligitur.
2773 5813 2956 5870 Mser.
