4056 6342
232 357 387 411 ίΐίῖἲδ

945 350 1597 411 COMMENTARIORUM
1639 351 1703 407 ΙΝ
1742 348 2150 407 ZACHARIAM
2190 345 2322 408 LIB.
2366 344 2453 409 111.
2501 345 2650 406 CAP.
2700 341 2838 405 XIV.

3417 342 3555 398 lii-il

230 484 456 534 scatur.
506 489 630 545 qme
661 472 925 542 gloriticet
954 472 1123 528 Deum
1144 512 1160 538 ,
1200 479 1253 525 et
1281 470 1452 541 possit
1481 468 1663 524 dicere
1687 484 1701 521 :
1740 467 1863 520 Lin-
1890 469 1938 527 Α
1964 468 2249 525 confessus
2267 476 2355 522 est
2384 480 2608 530 nomen,
2642 476 2699 521 et
2728 465 2778 519 in
2810 462 3280 535 persecutionibus
3308 468 3552 527 coactus,

230 581 346 635 gua
398 583 527 622 mea
556 567 890 620 meditabitur
908 566 1169 637 justitiam
1200 573 1373 627 tuam,
1408 570 1513 615 tota
1541 560 1625 614 die
1654 560 1865 614 laudent

231 670 399 713 tuam
432 661 563 731 (Ps.
598 678 704 716 Lxx
729 704 742 724 ,
784 660 893 729 15).
944 658 1100 715 Unde
1138 667 1194 713 et
1223 657 1442 713 Simeon
1475 656 1777 724 suscipiens
1807 654 1863 708 in

232 752 392 807 ulnis
425 754 720 819 Infantem,
754 762 808 809 et
832 752 1013 807 futura
1045 751 1437 819 prtennntiaus,
1470 748 1576 804 ait:
1619 748 1748 801 Ecce
1778 746 1863 799 hic

234 846 455 913 positus
479 857 555 901 est
584 850 636 900 in
654 847 860 900 ruinam
882 856 929 898 et
949 845 1377 899 resurrectionem
1402 844 1684 897 multorum
1704 841 1857 911 (Luc.

233 953 298 1000 ιι,
337 938 466 1005 54),
507 948 567 993 ut
597 940 733 994 mala
756 938 975 999 cadant.
1007 947 1059 991 et
1090 939 1289 1007 optima
1320 936 1672 991 suscitentur.
1707 933 1863 991 Unde

230 1039 293 1084 et
326 1030 646 1086 Dominus:
701 1032 763 1085 In
792 1032 1085 1103 judicium,
1126 1031 1332 1102 inquit,
1381 1046 1473 1099 ego
1502 1031 1619 1085 reni
1644 1031 1697 1083 in
1726 1029 1864 1083 hunc

232 1122 512 1177 mundum
536 1168 549 1189 ,
598 1132 653 1176 ut
687 1124 775 1190 qui
806 1140 907 1176 non
935 1124 1110 1177 rident
1137 1166 1151 1188 ,
1197 1124 1441 1184 rideant;
1480 1131 1530 1176 et
1552 1124 1640 1192 qui
1668 1122 1857 1189 vident,

231 1216 369 1267 circi
401 1217 542 1284 [iant
573 1214 754 1285 (Joau.
788 1232 835 1269 Ix
857 1261 871 1283 ,
902 1215 1014 1285 39).
1046 1216 1162 1270 Non
1196 1215 1413 1268 vidx-bat
1442 1216 1729 1284 gentilium
1765 1231 1860 1283 p0-

234 1309 411 1377 pulus
438 1353 454 1377 ,
504 1320 557 1365 ct
600 1319 723 1379 past
767 1309 926 1364 tidem
956 1307 1156 1363 Christi
1197 1309 1362 1378 impit
1392 1309 1646 1361 veritatis
1678 1309 1859 1361 lumen

230 1402 529 1472 aspicere,
559 1417 679 1472 quae
706 1403 950 1473 loquitur
973 1416 1071 1471 per
1099 1403 1455 1472 prophetam:
1491 1401 1722 1469 Spiritus
1757 1400 1860 1451 Do-

232 1497 374 1549 mini
416 1513 581 1569 super
620 1514 725 1561 me,
775 1506 985 1568 prapter
1012 1498 1149 1565 quod
1173 1497 1324 1549 unxit
1353 1512 1432 1549 me
1460 1538 1473 1561 ,
1508 1496 1861 1565 evang/elisam

230 1590 576 1661 pauperibus
606 1591 740 1645 misit
768 1607 844 1643 me
864 1632 878 1654 ,
920 1588 1208 1662 prcedicare
1243 1590 1457 1658 captivis
1484 1591 1855 1651 remissionem,

232 1688 285 1731 et
316 1681 484 1734 caecis
514 1688 568 1735 ut
614 1682 855 1745 rideant,
906 1679 1068 1751 927
1104 1689 1151 1733 et
1198 1679 1557 1737 itluminentur
1596 1680 1858 1746 sapientia

232 1773 408 1843 (Isai.
444 1789 566 1837 LXI,
604 1773 657 1834 1,
683 1772 765 1845 “2),
797 1774 864 1827 de
894 1790 996 1842 qua
1028 1774 1289 1843 scriptum
1314 1784 1430 1827 est:
1466 1774 1739 1839 Sapientia
1766 1774 1856 1826 Ito-

1970 560 2171 617 Christi
2202 562 2457 632 populum
2489 570 2807 630 persecutus
2831 565 2947 624 est,
2980 567 3036 615 et
3064 558 3182 628 ipse
3211 565 3460 615 uertatur
3486 556 3554 611 ad

1970 656 2231 711 lanitium.
2274 654 2371 710 Vel
2401 667 2552 709 certe
2572 654 2759 720 ludas,
2792 654 2970 709 omnis
2995 652 3259 708 conﬁtens
3280 659 3335 706 et
3357 650 3554 716 ﬁdelis,

1969 766 2072 805 non
2105 751 2390 806 adversum
2422 750 2719 805 Jerusalem
2744 758 2967 819 pugnet.
3002 749 3097 804 sed
3122 754 3391 817 przeparet
3415 761 3475 801 se
3500 747 3553 800 ia

1966 844 2267 898 .lrrnsalem
2292 883 2308 907 ,
2354 851 2411 896 ut
2456 851 2643 897 contra
2674 841 3022 896 adversarios
3051 840 3293 893 dimicet.
3329 830 3397 893 Et
3426 854 3557 893 con-

1965 938 2207 1008 gregabit
2240 938 2355 1007 ipse
2382 936 2549 991 Judas
2582 934 2797 989 divitias
2828 934 3068 987 omnium
3098 932 3342 1003 gentium
3370 931 3423 984 in
3448 931 3557 985 cir-

1966 1032 2133 1096 cuitn,
2164 1045 2378 1094 aurum,
2410 1038 2466 1083 et
2492 1039 2773 1098 argentum
2796 1069 2808 1091 ,
2837 1036 2894 1080 et
2935 1035 3115 1081 vestes
3146 1026 3340 1079 multas
3369 1024 3552 1078 nimis.

1966 1126 2169 1179 Aurum
2216 1133 2271 1177 et
2314 1133 2596 1193 argentum
2642 1123 2698 1174 in
2748 1133 2911 1174 sensu
2959 1128 3013 1173 et
3038 1132 3295 1174 sermone
3324 1116 3553 1187 intelligi

1964 1232 2110 1287 saepe
2137 1216 2381 1271 diximus
2410 1233 2422 1268 :
2478 1214 2621 1268 unde
2651 1220 2709 1269 et
2738 1220 2919 1267 vestes
2946 1210 2972 1253 ι)
2993 1226 3145 1279 atque
3174 1210 3438 1267 debemus
3467 1223 3558 1264 aes

1963 1314 2148 1381 cipere
2170 1354 2184 1379 ,
2233 1310 2430 1381 quibus
2465 1309 2673 1364 Christi
2713 1307 3005 1361 decoratur
3038 1306 3277 1359 Ecclesia
3305 1346 3319 1371 ,
3351 1302 3419 1359 de
3450 1317 3554 1374 qua

1964 1406 2224 1475 scriptum
2277 1414 2392 1459 est:
2451 1402 2626 1456 Astitit
2674 1401 2854 1471 regina
2892 1416 2921 1452 α
2951 1398 3146 1452 dextris
3174 1398 3275 1453 tuis
3302 1398 3355 1450 in
3375 1397 3557 1449 vestitu

1963 1504 2231 1561 deaurato,
2265 1498 2587 1551 circumdata
2606 1496 2856 1549 uarietate
2883 1492 3005 1564 (Ps.
3033 1507 3176 1555 xuv,
3204 1491 3317 1559 10).
3349 1490 3557 1557 Quibus

1963 1594 2204 1647 vestibus
2235 1591 2477 1645 indutam
2508 1604 2567 1643 se
2597 1588 2935 1643 credentium
2967 1588 3125 1639 turba
3155 1584 3370 1637 limatur
3397 1592 3447 1637 et
3473 1582 3557 1636 di-

1960 1686 2062 1743 cit:
2100 1685 2387 1739 Ercsultabo
2412 1684 2467 1736 in
2497 1681 2739 1746 Domino,
2767 1679 2889 1749 quia
2928 1679 3095 1732 induit
3135 1693 3214 1729 me
3245 1676 3556 1730 vestimentis

1959 1778 2163 1838 salutis,
2192 1786 2240 1830 et
2269 1777 2441 1830 tunica
2466 1774 2658 1829 ltetitite
2685 1770 2820 1840 (Isa.
2846 1787 2964 1836 tat,
2989 1772 3147 1841 juxta
3170 1768 3356 1839 LXX).
3392 1767 3554 1821 Dixe'

231 1866 402 1917 minis
436 1865 705 1921 illuminat
729 1867 913 1938 [aciem
934 1869 1046 1939 ejus
1080 1864 1250 1937 (Eccl.
1285 1880 1397 1931 vm,
1433 1868 1504 1933 l).
1545 1868 1607 1918 lit
1631 1868 1682 1918 in
1709 1866 1851 1919 Psal-

1960 1885 2041 1928 rat
2072 1873 2214 1927 enim
2250 1873 2297 1926 ei
2330 1872 2623 1925 Dominus:
2665 1866 2854 1921 Vestiri
2894 1875 2942 1920 te
2965 1868 3282 1942 τριχάπτοις
3311 1872 3358 1915 et
3392 1852 3555 1931 byssi-

235 1961 346 2014 mis
397 1962 671 2031 legimus:
712 1960 965 2016 Dominus
988 1960 1253 2015 illuminat
1284 1978 1442 2014 t‘tt’t‘os
1462 2002 1474 2023 ,
1508 1962 1624 2014 sive
1650 1960 1857 2026 sapien-

230 2062 315 2106 tes
351 2055 487 2123 facit
514 2052 631 2120 (Ps.
664 2054 856 2122 θην).
881 2052 993 2117 Hoc
1012 2054 1155 2106 enim
1188 2053 1355 2122 magis
1388 2052 1656 2120 signiticet
1688 2058 1852 2124 σοφοῖ.

240 2145 532 2199 Videbunt
560 2145 731 2200 Judaei
755 2161 768 2210 ;
797 2154 855 2200 et
884 2147 1007 2215 quia
1043 2146 1228 2199 lumen
1264 2146 1511 2214 recipere
1537 2144 1852 2212 uoluerunt,

232 2247 467 2291 :eterna
496 2238 742 2292 cartilato.
768 2238 1012 2306 coeperti
1037 2246 1182 2291 sunt.

315 2329 514 2400 (Vera.
552 2330 639 2396 15,
679 2331 788 2400 14.)
842 2330 910 2384 lu
945 2331 1030 2383 die
1071 2329 1164 2383 illa
1214 2333 1311 2383 erit
1361 2330 1611 2383 tumultus
1642 2329 1856 2383 Domini

232 2438 480 2492 magnus
509 2423 560 2475 in
586 2423 761 2476 eis:et
784 2421 1134 2493 appreltentlet
1162 2423 1236 2476 vir
1261 2438 1471 2475 manum
1493 2422 1718 2489 proximi
1747 2422 1849 2487 sui,

238 2526 291 2568 et
350 2518 657 2585 conferetur
698 2533 885 2570 manus
931 2519 1043 2585 ejus
1082 2532 1235 2578 super
1264 2532 1473 2569 manum
1497 2516 1722 2585 proximi
1748 2516 1850 2567 sui.

237 2610 354 2663 Sed
388 2618 441 2662 et
459 2607 632 2665 ludas
660 2612 906 2680 pugnabit
933 2610 1205 2662 adversum
1230 2610 1256 2659 .1
1267 2609 1543 2675 erusalsm,
1576 2618 1622 2662 et
1643 2625 1856 2677 congre-

235 2702 517 2771 gabantur
545 2704 737 2757 divitia:
767 2705 993 2767 omnium
1024 2705 1252 2774 gentium
1277 2704 1330 2755 in
1356 2704 1611 2756 circuitu:
1642 2718 1850 2769 aurum,

243 2808 294 2848 et
340 2807 625 2866 argentum
648 2842 661 2863 ,
706 2806 754 2850 et
792 2806 949 2850 restes
976 2796 1152 2851 multa:
1178 2797 1323 2850 satis.
1374 2795 1550 2850 LXX:
1578 2794 1645 2865 Et
1675 2797 1767 2848 erit
1800 2796 1854 2849 in

238 2888 329 2939 die
352 2887 455 2939 illa
479 2898 661 2953 stupor
684 2886 895 2939 Domini
922 2903 1137 2957 magnus
1160 2903 1313 2954 super
1334 2903 1415 2939 eos
1445 2902 1461 2938 :
1488 2897 1531 2940 et
1561 2887 1851 2956 apprehen-

238 2988 326 3031 ttet
362 2980 719 3050 unusquisque
748 2995 956 3035 manum
990 2980 1213 3046 proximi
1236 2980 1336 3038 sui,
1368 2989 1413 3031 ct
1435 2978 1715 3033 adttwt'ebit
1742 2995 1855 3031 ma-

238 3088 342 3125 nus
372 3072 491 3141 ejus
522 3072 575 3124 in
601 3087 763 3125 manu
797 3071 1018 3141 proximi
1043 3071 1122 3122 sui
1146 3087 1164 3123 :
1204 3079 1249 3124 et
1272 3069 1443 3127 ludas
1474 3071 1855 3139 pru’parabitur

238 3165 293 3218 in
321 3163 648 3228 Jerusalem,
683 3175 729 3219 et
752 3164 1078 3237 cangregubit
1100 3164 1257 3219 robur
1280 3164 1507 3217 omnium
1538 3164 1851 3234 populorum

240 3274 337 3324 per
365 3259 649 3313 circuitum
674 3274 690 3311 :
737 3274 942 3321 aurum,
973 3268 1018 3309 et
1048 3267 1353 3325 argentum,
1393 3266 1439 3310 et
1474 3267 1630 3310 restes
1661 3258 1851 3311 multus
1880 3250 1926 3311 ί]

240 3351 426 3405 nimis.
479 3350 614 3405 Cum
662 3352 779 3407 haec
818 3350 1020 3406 iuerint
1048 3353 1263 3417 expleta
1297 3349 1587 3417 miracula,
1640 3366 1696 3409 ιιι
1725 3366 1854 3411 eam

242 3447 494 3501 hostium
523 3447 762 3515 deﬂuat,
810 3450 1087 3503 tabescunt
1127 3448 1269 3501 oculi
1303 3489 1317 3511 ,
1370 3458 1421 3501 et
1458 3448 1638 3516 lingua
1672 3448 1721 3501 in
1756 3466 1853 3505 ore

242 3539 747 3608 hlaSpbeinantium
792 3549 1197 3609 compotrescat
1236 3558 1249 3593 :
1286 3549 1413 3595 tunc
1468 3541 1576 3595 erit
1628 3536 1852 3609 inagnits

244 3634 562 3698 tumultus,
615 3634 730 3688 sive
777 3642 974 3701 stupor
1018 3633 1070 3686 in
1110 3633 1230 3696 eis;
1278 3632 1380 3685 hoc
1408 3634 1550 3685 enim
1584 3634 1852 3703 signiticet

241 3726 499 3789 ἔκστασις
524 3742 690 3796 quam
726 3724 868 3780 LXX
902 3726 1295 3783 transtulerunt
1323 3741 1337 3779 :
1380 3724 1448 3778 Et
1479 3726 1853 3793 apprehendet

242 3820 629 3888 unusquisque
660 3833 876 3874 manum
912 3817 1147 3886 proximi
1176 3816 1278 3880 sui,
1310 3828 1367 3871 et
1397 3819 1710 3883 conteretur
1739 3835 1851 3871 ma-

243 3929 351 3968 nns
386 3923 411 3951 η
441 3928 561 3968 cum
604 3912 832 3967 alterius
874 3926 1035 3967 manu
1063 3951 1077 3975 ,
1120 3925 1229 3979 prae
1252 3910 1568 3977 formidine,
1602 3921 1657 3965 et
1679 3913 1849 3966 malo-

243 4023 370 4061 rum
416 4005 683 4075 pondere,
724 4021 846 4076 quae
876 4007 1281 4074 supervenient.
1313 4006 1482 4060 Judas
1507 4022 1725 4076 quoque
1758 4024 1852 4073 pu-

240 4100 439 4170 gnabit
458 4106 648 4159 contra
672 4099 1040 4167 metropolim,
1072 4098 1140 4153 de
1169 4113 1276 4167 quo
1304 4110 1355 4153 et
1382 4115 1542 4170 supra
1576 4100 1728 4172 (Cap.
1752 4100 1849 4171 xu)

248 4195 525 4255 diximus,
572 4204 626 4249 et
652 4209 683 4247 a
708 4193 939 4248 Domino
967 4206 1225 4247 concessa
1258 4192 1519 4248 victoria:
1551 4208 1851 4263 congrega-

242 4288 453 4344 buntur
496 4288 698 4349 divitiae
748 4289 991 4342 omnium
1041 4290 1281 4356 gentium
1324 4302 1445 4356 qua:
1478 4288 1853 4345 militaverunt

243 4392 439 4439 contra
469 4382 810 4449 Ierusalem,
856 4396 1047 4436 aurum
1088 4391 1143 4435 et
1170 4390 1487 4450 argentum,
1527 4390 1584 4435 et
1616 4383 1845 4437 vestium

246 4476 546 4531 multitudo
571 4519 585 4541 ,
638 4491 760 4545 qua:
804 4475 857 4528 in
889 4475 1052 4529 rebus
1082 4475 1477 4543 pretiosissima
1507 4484 1651 4529 sunt.
1719 4477 1844 4530 llaec

244 4570 349 4623 sibi
384 4567 573 4625 infelix
599 4567 735 4623 .lnda
765 4566 1052 4635 promittit,
1082 4581 1276 4624 aurum
1311 4568 1561 4637 aecipere
1586 4584 1837 4633 sperans,

1962 1968 2043 2020 uis
2088 1963 2308 2037 (Eucti.
2344 1968 2481 2031 xw).
2541 1962 2594 2015 In
2624 1961 2944 2036 τριχάπτοις
2978 1967 3157 2013 vestes
3187 1967 3381 2011 tenues
3407 1956 3551 2011 acci-

1960 2060 2171 2128 piatum
2198 2100 2211 2120 ,
2247 2072 2367 2127 qua:
2418 2066 2528 2111 tam
2574 2053 2818 2124 pulchra
2867 2060 2994 2107 sunt
3018 2060 3181 2120 atque
3211 2051 3461 2115 subtiles,
3496 2060 3555 2105 ut

1960 2148 2279 2215 capillorum
2301 2146 2511 2213 similes
2533 2159 2658 2200 esse
2682 2143 2987 2199 videantur.
3032 2140 3139 2195 Has
3161 2152 3341 2195 vestes
3366 2140 3555 2194 Eccle-

1960 2245 2038 2296 sia
2095 2251 2429 2312 congregat,
2481 2251 2538 2295 ut
2592 2239 2789 2294 habeat
2838 2238 3038 2309 quibus
3081 2236 3265 2290 induat
3290 2236 3550 2304 populum

1960 2351 2116 2390 suum
2136 2377 2149 2399 ,
2184 2334 2273 2389 cui
2304 2352 2331 2385 ιι
2374 2349 2505 2388 vero
2554 2333 2943 2386 concinnatore
2974 2340 3300 2400 praeceptum
3333 2338 3449 2382 est:
3485 2327 3549 2382 In

1961 2429 2096 2481 omni
2119 2438 2344 2497 tempore
2366 2428 2468 2480 sint
2489 2426 2786 2479 uestimenta
2813 2433 2902 2476 tua
2926 2423 3150 2478 candida
3174 2423 3344 2495 (Eccl.
3371 2438 3446 2488 ιχ,
3472 2422 3550 2492 8).

2032 2522 2215 2589 (Vers.
2244 2520 2361 2590 15.)
2392 2518 2459 2573 Et
2482 2521 2558 2572 sic
2583 2521 2678 2573 erit
2709 2519 2863 2572 ruina
2888 2519 3025 2588 equi,
3069 2527 3116 2571 et
3147 2517 3278 2570 muli
3305 2558 3318 2580 ,
3369 2526 3414 2569 et
3461 2532 3552 2569 ca-

1958 2612 2079 2665 meli
2104 2658 2115 2678 ,
2149 2622 2196 2665 et
2221 2612 2353 2665 asini
2379 2653 2392 2675 ,
2427 2621 2474 2665 et
2501 2612 2731 2663 omnium
2749 2610 3107 2677 jumentorum
3134 2624 3250 2679 quita
3278 2609 3469 2678 fuerint
3499 2611 3553 2667 in

1958 2706 2139 2760 castris
2168 2705 2295 2767 illis,
2329 2706 2459 2758 sicut
2484 2705 2640 2758 ruina
2665 2705 2795 2757 lucc.
2825 2702 2967 2758 LXX
2992 2722 3003 2757 :
3040 2701 3104 2763 Et
3131 2703 3241 2758 lucc
3264 2703 3362 2757 erit
3403 2707 3554 2756 ruina

1957 2815 2202 2869 equorum
2233 2808 2277 2851 et
2305 2797 2583 2859 mulorum,
2630 2797 2943 2850 camelorum
2968 2805 3016 2849 et
3047 2797 3336 2864 asinorum,
3367 2807 3415 2850 et
3445 2811 3550 2849 om-

1958 2895 2099 2945 nium
2119 2893 2477 2961 jumentorum
2505 2932 2518 2951 ,
2556 2906 2670 2957 qua:
2700 2890 2890 2959 fuerint
2918 2891 2971 2942 in
2996 2891 3179 2943 castris
3207 2888 3314 2942 illis
3333 2930 3346 2953 ,
3394 2890 3555 2959 jumta

1956 2988 2159 3037 ruinam
2188 2984 2344 3037 hanc.
2397 2983 2464 3038 Et
2502 2983 2616 3037 haec
2644 2982 2817 3049 Judaei
2861 2983 2962 3035 sub
2990 2983 3272 3053 ἠλειμμένῳ
3300 2996 3397 3034 suo
3425 2996 3553 3035 car-

1957 3079 2154 3132 nalitcr
2180 3077 2446 3145 explenda
2470 3076 2825 3131 contendunt.
2860 3076 3101 3131 Grandis
3130 3089 3315 3128 revera
3341 3072 3552 3127 Domini

1958 3172 2220 3243 ful‘llllltlo
2248 3211 2262 3236 ,
2317 3183 2370 3225 ut
2417 3183 2673 3225 corruant
2706 3172 2757 3226 in
2787 3172 2979 3228 castris
3010 3171 3247 3229 hostium
3291 3170 3411 3238 equi
3436 3214 3448 3236 ,
3500 3177 3554 3223 et

1961 3266 2110 3331 undi,
2138 3266 2353 3327 cameli,
2385 3274 2443 3320 et
2461 3268 2626 3331 asini,
2660 3277 2713 3317 ct
2737 3265 2916 3318 omnia
2934 3264 3176 3333 iumenta
3200 3278 3389 3316 eorum
3414 3264 3555 3315 sicut

1959 3374 2002 3409 t'l
2032 3359 2280 3413 homines
2298 3366 2623 3421 corruerant
2650 3356 2761 3428 {AL
2785 3356 3087 3429 corruerit].
3115 3357 3337 3426 Magnus
3365 3358 3553 3411 trium-

1960 3456 2119 3522 phus,
2149 3455 2385 3521 gloriosa
2415 3450 2661 3517 victoria,
2693 3452 2850 3506 bruta
2869 3451 3120 3504 animalia
3151 3452 3258 3503 beo
3281 3460 3553 3519 pugnante

1957 3546 2223 3616 superari.
2274 3544 2529 3601 Dicamus
2556 3560 2688 3614 ergo
2713 3545 2864 3614 juxta
2892 3554 3125 3613 emptam
3157 3543 3547 3613 trepologiatn:

1957 3639 2097 3708 quod
2130 3638 2336 3693 idcirco
2378 3636 2558 3701 omnia
2590 3637 2729 3693 mala
2757 3646 3047 3701 corruant,
3093 3652 3213 3706 qua:
3247 3638 3393 3704 prius
3423 3650 3550 3688 con-

1958 3744 2035 3786 tra
2073 3733 2369 3789 Ecclesium
2400 3733 2826 3795 dimicaverunt,
2858 3739 2913 3782 ut
2948 3741 2967 3768 ο
3000 3731 3139 3783 bona
3172 3737 3395 3799 repente
3422 3744 3567 3782 cont

1957 3838 2198 3893 surgant.
2238 3827 2484 3894 Denique
2512 3825 2601 3895 qui
2632 3826 2778 3893 prius
2807 3840 2977 3892 equus
3004 3824 3454 3877 luerathinniens
3484 3822 3549 3875 ad

1956 3934 2182 3991 uxorem
2216 3918 2452 3986 proximi
2483 3919 2565 3971 sui
2626 3915 2842 3988 (larem.
2873 3918 2964 3987 ν),
2999 3929 3049 3969 et
3079 3917 3368 3985 impatiens
3395 3915 3460 3967 ad
3488 3914 3555 3969 li-

1959 4012 2197 4065 bidinem
2230 4011 2532 4077 ferebatur,
2587 4019 2642 4063 et
2683 4009 2899 4077 iacebat
2944 4011 2996 4063 in
3029 4009 3369 4079 turpitudine
3401 4010 3553 4063 voln-

1957 4114 2196 4174 ptatum;
2245 4119 2367 4161 cum
2422 4102 2574 4171 sequi
2612 4103 2839 4168 eruperit
2870 4102 3173 4157 castitatem
3194 4144 3207 4164 ,
3236 4102 3452 4159 dicetur
3481 4100 3548 4155 ad

1954 4215 2076 4254 eum
2108 4198 2316 4274 :929
2344 4199 2536 4267 Surge,
2570 4213 2744 4253 eamus
2773 4198 2892 4250 hinc
2917 4195 3097 4261 (Joan.
3130 4212 3218 4250 xtv
3247 4239 3259 4257 ,
3288 4196 3403 4266 51).
3441 4199 3499 4249 lit
3535 4212 3550 4250 :

1957 4293 2155 4363 Surge,
2205 4292 2337 4358 ueni,
2395 4291 2633 4361 proxima
2680 4308 2793 4345 mea
2827 4290 3029 4359 (Cant.
3088 4306 3146 4355 tt,
3200 4290 3327 4358 10).
3375 4289 3442 4343 Ει
3497 4289 3551 4344 in

1955 4385 2216 4452 Apostolo
2254 4402 2264 4436 ε
2297 4382 2468 4453 Surge
2494 4385 2584 4454 qui
2612 4383 2833 4448 dormis,
2860 4392 2905 4437 et
2933 4399 3152 4453 exsurge
3174 4400 3206 4436 a
3234 4383 3470 4447 mortuis,
3507 4392 3554 4436 et

1953 4478 2269 4549 illuminabit
2295 4486 2343 4531 te
2370 4476 2611 4537 Christus
2641 4475 2859 4547 (Ep/tes.
2894 4491 2927 4528 v
2950 4514 2965 4538 ,
3002 4476 3112 4545 14).
3144 4473 3391 4544 Cumque
3435 4490 3554 4528 sur-

1958 4572 2197 4627 rexerint
2237 4571 2328 4643 qui
2366 4583 2493 4627 ante
2527 4572 2845 4625 ceciderant
2882 4570 3037 4638 equi,
3077 4579 3133 4624 et
3172 4569 3356 4624 mollia
3405 4579 3553 4638 terga

244 4676 368 4730 qna:
390 4661 608 4729 triginta
632 4659 904 4728 argenteis
928 4658 1215 4723 Dominum
1238 4659 1581 4727 appretiarit.
1617 4660 1727 4714 Nos
1752 4674 1847 4714 au-
1879 4641 1928 4703 Β
1950 4656 2187 4719 Domino
2214 4641 2548 4732 praebuerint
2576 4663 2640 4718 ad
2668 4662 2994 4731 sedendum,
3027 4662 3213 4718 dicent
3234 4662 3301 4717 ad
3328 4662 3495 4717 Deum
3535 4679 3549 4717 :

247 4763 354 4808 tem
387 4764 625 4823 coeptum
653 4763 945 4823 sequentes
972 4751 1254 4815 ordinem,
1289 4752 1469 4809 omnia
1502 4751 1602 4805 ista
1635 4752 1844 4811 retera-

246 4862 368 4901 mus
419 4846 485 4901 ad
535 4847 789 4903 Ecclesiae
844 4845 1271 4909 beatitudinem,
1320 4844 1461 4913 quod
1496 4848 1697 4899 cuncti
1749 4851 1844 4916 qui

247 4940 301 4995 in
360 4956 423 4997 ea
474 4940 671 4995 iuerint
734 4940 1073 4997 admirentur
1131 4940 1523 5006 subjecuouem
1575 4942 1841 5010 hostium,

246 5042 303 5087 et
355 5050 507 5090 suam
554 5034 898 5096 felii-itatem,
946 5041 1001 5087 et
1054 5035 1425 5101 unusquisque
1470 5034 1847 5102 apprehendat

248 5143 468 5182 manum
520 5128 747 5197 proximi
800 5123 921 5191 sui,
980 5137 1037 5180 ut
1090 5135 1384 5183 conserant
1436 5127 1686 5182 dexteras
1717 5171 1731 5191 ,
1789 5139 1843 5184 et

251 5230 431 5276 mutua
501 5221 608 5276 ﬁde
672 5238 735 5276 ac
801 5220 1201 5278 necessitudine
1254 5220 1595 5288 copulentur.
1678 5222 1834 5288 Quod

247 5322 430 5369 autem
468 5314 522 5367 in
569 5314 835 5370 llebraico
872 5314 1134 5383 legimus:
1188 5313 1252 5366 Et
1280 5312 1449 5367 ludas
1476 5315 1723 5383 pugnabit
1748 5314 1845 5369 atl-

247 5424 446 5463 versum
493 5409 824 5474 Jerusalem;
896 5425 991 5477 pro
1049 5423 1156 5478 quo
1206 5407 1346 5461 LXX
1403 5406 1838 5463 transmletnut:

255 5502 319 5556 Et
344 5502 512 5558 Judas
544 5504 927 5573 prtcparabitur
963 5504 1017 5557 in
1059 5501 1349 5559 Jerusalem
1376 5543 1389 5563 ,
1425 5512 1651 5572 utropte
1680 5504 1843 5557 modo

249 5596 578 5664 accipiamus
597 5637 610 5661 ,
638 5594 805 5667 928
830 5595 974 5666 quod
1006 5594 1173 5649 .lndas
1198 5595 1289 5663 qui
1318 5594 1594 5663 quondam
1630 5595 1840 5649 Domini

322 5742 346 5767 ³
384 5734 578 5796 Verba,
611 5749 725 5787 cum
756 5732 967 5785 alterius
994 5748 1172 5798 manu,
1214 5744 1387 5799 penes
1418 5729 1715 5789 Viatorium
1747 5731 1841 5785 de-

256 5801 585 5860 siderantur.

328 5873 354 5913 ι)
386 5875 576 5932 Fertne
609 5874 812 5931 rectius
842 5875 892 5928 in
922 5874 1112 5942 chin.
1148 5888 1277 5941 tns.,
1308 5884 1355 5935 et
1385 5884 1546 5929 uestes
1578 5889 1665 5927 eus
1697 5874 1847 5928 debe-

1955 4755 2188 4817 Ascende
2240 4771 2393 4826 super
2445 4771 2602 4823 equos
2663 4765 2819 4821 tuus,
2876 4765 2923 4809 et
2972 4757 3221 4826 equitatio
3272 4765 3362 4810 tua
3407 4758 3551 4811 salus

1958 4848 2137 4918 (Abac.
2163 4864 2243 4914 Ill,
2260 4847 2339 4917 8).
2366 4846 2528 4903 Juxta
2560 4847 2703 4902 hunc
2729 4862 2948 4901 sensum
2984 4850 3161 4904 mulos
3191 4850 3548 4917 accipiamus,

1954 4943 2048 5012 qui
2078 4941 2293 5003 steriles
2316 4949 2464 5005 sunt,
2495 4951 2552 4994 et
2584 4953 2693 4997 non
2725 4950 3015 5007 procreant
3038 4940 3209 5004 ﬁlios;
3237 4941 3329 4995 sed
3358 4941 3550 5009 volup-

1956 5044 2064 5091 tate
2091 5036 2374 5091 lasciviunt
2406 5052 2419 5087 :
2448 5034 2516 5091 de
2544 5033 2744 5104 quibus
2778 5034 3069 5090 Psalmista
3108 5046 3500 5091 commemorat
3533 5054 3545 5088 :

1958 5128 2135 5183 Nolite
2166 5128 2279 5197 ﬁeri
2305 5128 2436 5183 sicut
2465 5143 2624 5199 equus
2650 5139 2695 5181 et
2724 5128 2898 5182 mulus
2919 5168 2934 5191 ,
2960 5128 3146 5197 quibus
3168 5144 3270 5182 non
3295 5140 3369 5182 est
3390 5129 3549 5182 intel-

1950 5220 2109 5274 lectus
2141 5218 2272 5287 (Ps.
2300 5234 2426 5279 χχχι
2452 5263 2469 5283 ,
2502 5219 2581 5289 9).
2615 5219 2766 5275 Sicut
2811 5236 2940 5289 ergo
2981 5220 3074 5289 qui
3118 5222 3272 5288 proni
3316 5231 3442 5275 sunt
3479 5222 3546 5278 ad

1952 5312 2228 5366 libidinem
2254 5354 2268 5375 ,
2301 5315 2423 5383 equi
2456 5313 2802 5382 appellantur
2837 5330 2850 5366 :
2887 5312 2967 5367 sic
3006 5314 3184 5368 mulos
3206 5314 3354 5385 jnste
3376 5330 3546 5371 voca-

1951 5407 2155 5470 bimus,
2192 5409 2278 5473 qui
2316 5406 2551 5475 virgines
2583 5414 2707 5459 sunt
2740 5421 2905 5461 carne
2943 5416 2998 5461 et
3032 5422 3135 5460 non
3180 5410 3373 5477 spiritu
3410 5428 3421 5463 :
3455 5410 3546 5478 qni

1947 5500 2378 5561 cunucltizantur
2433 5515 2538 5573 non
2601 5509 2822 5568 proptvr
2872 5516 3033 5575 regna
3090 5502 3389 5571 caelorum,
3451 5502 3545 5556 sed

1947 5604 2169 5662 prouter
2197 5595 2476 5651 hominum
2508 5592 2838 5663 voluptatem
2864 5593 2973 5663 [ΑΙ.
3001 5594 3384 5664 voluntatem].
3407 5594 3546 5651 llum

1944 5748 2058 5784 mus
2083 5732 2334 5802 accipere.

2019 5814 2040 5841 α
2074 5801 2222 5865 Idem
2250 5818 2384 5870 ms.,
2418 5809 2470 5855 ut
2494 5801 2552 5863 in
2593 5818 2743 5873 mena
2782 5808 3011 5872 repente,
3059 5809 3165 5859 etc.
