4056 6342
475 317 503 380 ‘l
517 321 620 380 335

1726 324 1786 382 S.
1827 321 2099 383 EUSEBII
2144 322 2530 385 HIERONYMI

3631 329 3775 389 1536

473 440 640 514 igitur
670 438 756 497 isti
782 439 939 509 muli,
968 448 1024 498 et
1054 440 1144 498 isti
1166 442 1422 507 eunuchi.
1454 441 1599 499 versi
1629 441 1832 499 fuerint
1861 443 1915 498 in
1950 457 2076 513 pro-
2102 440 2157 504 Α
2178 442 2337 513 quit,
2376 443 2469 514 qui
2503 444 2677 501 relicti
2708 444 2916 501 fuerint
2955 444 3026 502 de
3064 444 3320 517 gentibus
3356 459 3480 518 quae
3525 447 3779 504 venerint

474 532 714 605 geniem,
745 542 803 590 et
827 534 1139 605 spirituales
1170 535 1315 591 ﬁlios
1337 537 1701 606 procrearint,
1731 535 1952 593 audient
1979 552 2076 606 per

474 623 671 680 Isaiam
705 642 721 686 :
760 624 828 679 Et
857 642 918 681 ne
947 627 1087 681 dicat
1118 628 1417 695 eunuchus,
1460 629 1709 700 quoniam
1733 646 1848 684 sum
1877 630 2076 700 lignum

476 717 706 772 aridum.
742 715 869 774 Ηωο
897 719 1036 773 enim
1056 720 1183 774 dicit
1212 718 1471 776 Dominus
1497 722 1770 783 eunuchis,
1792 724 1883 794 qui
1904 732 2077 778 custo-

477 808 668 864 dierint
696 810 914 865 sabbata
941 828 1055 867 mea
1079 854 1094 877 ,
1128 821 1175 867 et
1198 814 1444 885 elegerint
1473 830 1589 886 qua:
1618 814 1789 882 volui,
1817 825 1863 871 et
1904 825 2077 872 tenue-

482 902 590 957 rint
618 902 786 975 {tedas
814 920 983 959 meum
1004 948 1021 971 ,
1054 905 1187 960 dabo
1219 907 1289 962 eis
1332 908 1387 962 in
1432 909 1585 963 domo
1615 924 1728 963 mea
1771 918 1817 965 et
1847 910 1901 965 in
1927 927 2077 975 muro

480 1014 595 1056 meo
626 998 799 1054 locum
828 1001 1150 1056 nominatum
1169 1047 1183 1071 ,
1211 1012 1259 1057 et
1289 1020 1475 1060 nomen
1504 1004 1689 1071 melius
1712 1022 1745 1059 a
1771 1006 1897 1073 [iliis
1936 1017 1984 1062 et
2012 1008 2079 1077 ﬁ-

477 1091 652 1149 liabus
676 1109 695 1148 :
727 1110 912 1149 nomen
950 1096 1326 1166 sempiternum
1362 1096 1496 1152 dabo
1522 1098 1595 1152 eis
1638 1098 1780 1169 quod
1814 1115 1917 1154 non
1948 1100 2077 1168 deﬁ-

477 1186 575 1241 ciet
599 1184 734 1259 (lsa.
757 1189 915 1256 LVt,3
938 1189 1129 1262 seqq.).
1148 1188 1308 1247 Tales
1332 1192 1513 1247 mulos
1532 1200 1588 1247 et
1610 1192 1785 1248 mulas
1805 1192 2079 1252 habebant

474 1294 635 1351 reges
664 1280 856 1348 Israel,
880 1292 937 1339 et
951 1284 1195 1340 maxime
1225 1286 1417 1352 David,
1436 1287 1526 1357 qui
1560 1286 1804 1344 refertur
1833 1289 1900 1344 ad
1922 1289 2081 1346 Chri-

482 1382 626 1428 stum
648 1374 715 1445 (ΙΙ
734 1374 864 1446 Reg.
887 1391 1007 1438 stu.
1026 1388 1073 1431 et
1089 1376 1155 1433 lli
1173 1377 1301 1451 Reg.
1320 1379 1384 1449 t).
1406 1380 1463 1435 Si
1483 1380 1856 1439 intelleximus
1868 1384 1960 1454 qui
1971 1384 2083 1440 sint

478 1469 603 1539 equi
633 1476 689 1522 et
720 1470 851 1524 muli
881 1477 1100 1525 ruentes
1127 1480 1177 1525 et
1206 1480 1621 1543 consurgentes,
1649 1484 1984 1531 transeamus
2012 1475 2080 1531 ad

481 1558 752 1627 camelos,
775 1560 974 1616 animal
1006 1563 1318 1633 ruminans,
1342 1565 1710 1637 ungulamque
1736 1583 1843 1623 non
1871 1567 2082 1625 ﬁndens

481 1650 672 1724 (Leuit.
710 1652 790 1725 st)
824 1671 837 1708 :
868 1663 922 1710 et
942 1652 1209 1724 dicamus,
1229 1657 1496 1713 camelum
1522 1672 1645 1715 esse
1674 1675 1866 1718 omnes
1888 1676 2079 1733 pecca-

485 1751 632 1801 tores
661 1755 847 1814 teme,
870 1746 959 1818 qui
986 1748 1140 1819 gravi
1171 1761 1514 1822 peccatorum
1535 1755 1746 1809 sarcina
1769 1754 2082 1826 deprimun-

2177 547 2367 594 contra
2395 538 2729 609 Jerusalem,
2763 536 3065 596 ascenderit
3094 554 3188 611 per
3222 540 3468 611 singulos
3486 556 3684 609 annos,
3722 553 3779 599 ut

2176 632 2408 688 adorent
2438 648 2625 705 regem
2670 634 2959 690 Dominum
2989 636 3329 691 exercituum
3351 676 3366 702 ,
3403 644 3458 689 et
3500 635 3781 691 celebrent

2178 724 2533 782 festivitatem
2565 727 3095 784 Taberuacnlorum.
3154 728 3286 784 Huic
3333 742 3554 798 quoque
3602 727 3780 785 Judaei

2177 832 2328 873 cassa
2348 834 2446 889 spe
2476 818 2531 874 in
2557 819 2706 876 mille
2726 835 2999 876 annorum
3025 835 3200 892 regno
3223 820 3405 875 futura
3432 820 3779 890 promittunt,

2178 910 2333 980 cujus
2377 911 2746 969 solemuitatis
2802 912 2945 968 istud
2989 913 3278 970 exordium
3322 922 3411 969 est
3457 932 3469 969 :
3512 913 3783 985 Egressus

2180 1005 2415 1076 populus
2445 1004 2611 1061 Israel
2640 1006 2710 1062 de
2745 1006 2984 1079 )Egypto
3017 1022 3114 1077 per
3139 1016 3349 1063 vastam
3392 1014 3449 1063 et
3477 1007 3780 1064 terribilem

2180 1112 2243 1153 ac
2264 1099 2428 1153 latant
2462 1098 2834 1162 solitudinem.
2872 1100 2927 1156 in
2960 1115 3064 1172 qua
3096 1115 3205 1156 non
3230 1108 3349 1156 erat
3377 1099 3599 1160 domus.
3624 1098 3781 1165 villa,

2180 1189 2469 1259 oppidum.
2520 1205 2747 1260 specus,
2788 1191 3021 1248 faciebat
3069 1192 3173 1247 sibi
3209 1190 3564 1248 tabernacula
3618 1199 3784 1260 atque

2183 1282 2414 1338 tentoria
2446 1282 2610 1355 (quae
2640 1300 2783 1341 nunc
2811 1300 2841 1339 a
2870 1286 3229 1342 similitudine
3252 1286 3492 1356 parvula:
3523 1286 3641 1341 avis
3689 1302 3786 1356 pa-

2183 1376 2418 1446 piliones
2441 1376 2744 1449 vocantur)
2769 1379 2821 1433 in
2859 1378 3060 1446 quibus
3087 1394 3213 1435 eum
3242 1379 3569 1451 conjugibus
3597 1393 3786 1434 mora-

2184 1478 2375 1522 rentur
2395 1482 2459 1523 ac
2487 1468 2697 1535 liberis,
2726 1479 2780 1525 et
2811 1470 2995 1526 cibum
3017 1480 3299 1541 caperent,
3328 1481 3383 1526 et
3413 1486 3510 1541 per
3526 1470 3679 1527 diem
3701 1484 3789 1526 so-

2185 1558 2253 1615 lis
2277 1559 2526 1627 ardores,
2552 1578 2648 1631 per
2671 1573 2885 1619 noctem
2918 1563 3230 1631 humorem,
3255 1573 3312 1619 et
3339 1562 3534 1635 frigus,
3562 1574 3621 1619 et
3645 1560 3792 1618 roris

2186 1651 2445 1724 injuriam
2477 1655 2789 1712 devitarent
2818 1676 2832 1712 :
2852 1656 3178 1729 iussumque
3206 1667 3291 1712 est
3319 1667 3373 1712 ut
3398 1657 3450 1712 in
3483 1670 3677 1712 mense
3705 1670 3793 1710 se-

2185 1746 2360 1817 ptimo
2384 1745 2572 1818 quinta
2602 1747 2815 1804 decima
2837 1747 2928 1804 die
2970 1749 3175 1805 mensis
3212 1749 3369 1805 ﬁeret
3400 1746 3793 1803 tabernaculo-

485 1844 604 1905 tur,
634 1847 689 1893 et
718 1837 971 1895 videntur
994 1839 1101 1896 sibi
1124 1851 1340 1898 sanctas
1369 1845 1678 1916 Scripturas
1727 1847 1936 1918 legere,
1988 1847 2084 1904 sed
2116 1836 2163 1896 Β
2189 1854 2311 1894 Tum
2353 1840 2672 1897 solemnitas
2707 1858 2721 1898 :
2766 1841 2834 1897 Et
2864 1860 2983 1898 cum
3028 1853 3112 1911 te,
3144 1844 3347 1914 inquit,
3397 1840 3795 1917 interrogaverit

480 1930 737 1999 ungulam
769 1945 875 1986 non
903 1931 1144 2000 ﬁndunt,
1176 1934 1515 1992 ruminantes
1545 1937 1762 2009 eloquia
1787 1938 1968 1995 divina
1988 1986 2002 2008 ,
2032 1950 2088 1997 et

489 2034 552 2075 ea
593 2038 715 2092 quae
743 2022 943 2095 scripta
977 2035 1106 2081 sunt
1150 2026 1501 2099 negligentes.
1534 2030 1757 2089 Rectius
1787 2043 1965 2090 autem
1994 2050 2088 2090 ca-

491 2113 666 2169 melus
690 2115 796 2172 dici
830 2129 1005 2188 potest
1026 2122 1257 2191 papulas
1281 2122 1613 2194 Judaeorum,
1638 2127 1733 2199 qui
1760 2137 1815 2184 et
1844 2128 1960 2199 ipse
1990 2129 2091 2186 Le-

492 2222 613 2278 gem
642 2208 741 2265 Dei
770 2211 1082 2280 meditatur,
1114 2223 1169 2270 et
1212 2230 1331 2272 eam
1365 2219 1601 2275 ruminat
1629 2231 1686 2277 et
1712 2220 1876 2278 volvit
1907 2223 1960 2278 in
1999 2237 2092 2294 pe-

487 2310 665 2367 ctore,
697 2304 794 2359 sed
819 2319 927 2361 non
953 2307 1143 2363 dividit
1168 2311 1447 2382 ungulam,
1473 2324 1531 2369 ut
1559 2314 1747 2371 credat
1768 2318 1821 2372 in
1852 2317 2091 2386 Patrem,

491 2402 547 2451 et
577 2396 628 2450 in
661 2395 856 2454 Filium
890 2418 903 2455 :
934 2409 990 2456 et
1017 2401 1070 2457 in
1119 2417 1188 2459 eo
1217 2403 1527 2463 immundus
1550 2418 1670 2476 est,
1702 2412 1846 2483 quod
1891 2427 2096 2483 nequa-

494 2506 656 2562 quam
684 2504 901 2564 separat
934 2496 1164 2554 litteram
1198 2514 1230 2555 a
1256 2500 1471 2570 spiritu,
1498 2504 1742 2561 umbram
1765 2521 1794 2560 a
1826 2508 2052 2563 veritate
2074 2550 2089 2576 ,

496 2594 549 2642 et
573 2595 749 2655 portat
782 2585 940 2659 Legis
968 2605 1161 2661 onera,
1197 2605 1250 2649 et
1277 2594 1425 2650 audit
1458 2611 1556 2665 per
1577 2598 1896 2668 prophetam
1927 2616 1940 2653 :
1980 2599 2089 2667 γω,

494 2693 618 2748 gens
650 2683 930 2748 peccatrix,
965 2686 1189 2756 populus
1212 2687 1395 2758 plenus
1415 2690 1615 2746 delictis
1645 2690 1802 2765 (Isai.
1835 2709 1871 2762 t,
1902 2694 1982 2766 4).
2019 2695 2093 2751 De

498 2767 806 2828 istiusmodi
830 2776 1040 2832 camelo
1068 2778 1156 2846 qui
1188 2781 1444 2846 ruminat,
1472 2784 1834 2855 ungulamque
1862 2801 1969 2843 non
1995 2787 2094 2842 ﬁn-

498 2863 601 2932 dit,
645 2876 698 2920 et
730 2867 782 2922 in
814 2866 1124 2927 Proverbiis
1146 2875 1298 2944 quasi
1321 2878 1387 2930 ad
1419 2876 1585 2931 ﬁliunt
1614 2878 1847 2934 dicitur:
1882 2879 1985 2946 Qui
2013 2898 2095 2935 re-

498 2955 687 3025 linquit
717 2964 981 3018 custodire
1017 2966 1354 3033 disciplinam
1380 2970 1578 3040 patris,
1617 2972 1947 3028 meditabitur
1983 2974 2093 3029 elo-

497 3053 624 3124 quia
662 3056 801 3111 mala
831 3057 851 3131 (
882 3057 1041 3114 Prov.
1088 3076 1180 3115 χχι
1204 3060 1246 3133 ).
1282 3063 1413 3119 Post
1454 3066 1720 3122 camelunt
1755 3078 2094 3125 transeamus

2190 1930 2333 2001 ﬁlius
2364 1941 2481 1988 tuus
2507 1950 2646 2002 cras,
2675 1934 2852 1990 dicens
2882 1952 2901 1990 :
2932 1935 3069 2003 Quid
3088 1936 3188 1990 sibi
3210 1936 3387 1990 volunt
3410 1934 3523 1990 licet:
3551 1935 3799 1991 taberna-

2190 2027 2349 2081 cula?
2380 2029 2711 2101 respondebis
2730 2031 2809 2085 ei:
2835 2028 3007 2086 Multo
3028 2039 3259 2103 tempore
3278 2030 3593 2102 peregrinati
3611 2044 3800 2084 sumus

2191 2118 2245 2176 in
2276 2119 2613 2193 ngypto,de
2635 2139 2736 2194 qua
2749 2124 2927 2178 eduxit
2954 2139 3049 2178 nos
3073 2121 3330 2178 Dominus
3348 2123 3402 2176 in
3430 2122 3800 2188 solitudinem,

2193 2226 2240 2270 et
2266 2215 2463 2271 idcirco
2492 2216 2829 2272 tabernacula
2856 2218 3194 2285 suscitemus,
3225 2226 3280 2270 ut
3309 2216 3683 2286 beneficiorum
3701 2213 3804 2269 Dei

2195 2314 2334 2367 omni
2365 2322 2595 2385 tenipore
2623 2313 2986 2381 recordentur,
3014 2329 3132 2367 cum
3160 2313 3462 2385 coeperimus
3489 2309 3655 2382 931
3703 2308 3802 2362 ha-

2195 2406 2361 2461 bitare
2386 2408 2439 2460 in
2464 2407 2674 2461 urbibus
2704 2405 2882 2476 (Deut.
2915 2422 2989 2473 v1,
3008 2405 3101 2474 20,
3124 2405 3220 2471 21,
3250 2414 3299 2460 et
3321 2403 3443 2458 Leu.
3480 2418 3616 2458 ut"
3636 2444 3653 2468 ,
3682 2401 3799 2473 45).

2193 2497 2459 2569 Praecepit
2502 2513 2724 2570 quoque
2758 2509 2817 2554 ut
2855 2498 3099 2555 facerent
3140 2496 3487 2554 tabernacula
3525 2494 3596 2550 de
3648 2493 3805 2565 ligno

2195 2592 2581 2663 pulcherrimo,
2607 2593 2747 2665 quod
2778 2592 2953 2650 Judaei
2982 2602 3007 2630 ιι
3036 2594 3233 2650 citrum
3254 2599 3472 2659 vocant,
3499 2598 3558 2647 et
3582 2588 3658 2645 de
3687 2588 3804 2660 pal-

2193 2702 2404 2743 marum
2446 2690 2611 2743 ramis
2648 2702 2714 2743 ac
2742 2686 3024 2743 frondibus
3050 2687 3180 2758 ligni
3209 2683 3548 2749 densissimi,
3581 2692 3637 2740 et
3672 2680 3804 2738 sali-

2193 2784 2303 2848 cis,
2338 2793 2395 2839 et
2422 2784 2623 2855 populi.
2652 2783 2904 2839 Historia:
2938 2782 3170 2852 iecimus
3205 2780 3550 2837 fundamenta
3574 2818 3590 2844 ,
3629 2787 3698 2833 ut
3733 2791 3801 2834 ex

2196 2875 2281 2931 his
2314 2876 2383 2931 ad
2419 2876 2717 2946 spiritualia
2757 2884 3119 2931 transeamus.
3153 2872 3421 2943 Quamdiu
3450 2872 3504 2926 in
3545 2870 3801 2943 profectu

2193 2985 2381 3026 sumus
2405 2980 2460 3026 et
2491 2972 2543 3025 in
2576 2985 2737 3025 cursu
2767 2981 2930 3041 atque
2956 2967 3276 3041 certamine.
3300 2966 3607 3023 habitamus
3634 2965 3694 3020 in
3722 2976 3803 3021 ta-

2192 3062 2520 3132 bernaculis,
2549 3063 2651 3118 hoc
2681 3063 2828 3118 omni
2867 3071 3046 3117 mente
3068 3061 3323 3127 nitentes,
3356 3067 3416 3114 ut
3441 3058 3512 3114 de
3539 3057 3800 3113 taberna-

499 3146 566 3201 ad
599 3148 835 3217 asinum,
858 3151 949 3221 qui
972 3154 1244 3224 quondam
1273 3156 1544 3212 ferebatur
1571 3156 1819 3224 infrenis,
1848 3168 1903 3216 et
1926 3161 2092 3234 930
2125 3221 2162 3234 Α
2195 3158 2330 3213 culis
2349 3158 2417 3214 ad
2443 3158 2656 3213 ﬁrmam
2681 3166 2739 3213 et
2752 3157 3001 3213 stabilem
3019 3154 3205 3211 sedem
3231 3163 3591 3219 transeamus,
3606 3150 3663 3207 id
3691 3159 3799 3217 est,

500 3241 816 3299 iunnnndus
843 3256 959 3301 erat
977 3221 1003 3311 ξ
1021 3256 1077 3302 et
1101 3249 1303 3305 multos
1332 3250 1559 3307 habebat
1594 3221 1845 3309 dominos
1867 3296 1881 3321 ,
1910 3221 1975 3310 et
2118 3221 2163 3285 Ο
2196 3252 2417 3309 domum
2442 3253 2559 3309 Dei.
2590 3252 2746 3309 Unde
2766 3260 2822 3307 et
2835 3248 3099 3307 sanctusb
3120 3248 3290 3304 David
3312 3248 3443 3304 dicit
3468 3248 3520 3302 in
3545 3244 3804 3302 Psalmo:

497 3337 802 3408 praecipitia
834 3339 1145 3407 labebatur,
1181 3351 1240 3397 ut
1265 3359 1526 3401 corruens
1548 3358 1770 3419 repente
1797 3363 2092 3420 consurge-

496 3436 602 3496 tet,
636 3439 691 3484 et
718 3441 955 3500 portaret
986 3433 1272 3492 Dominum
1303 3435 1665 3505 Salvatorem,
1699 3448 1754 3495 et
1786 3440 2091 3512 ingredere-

499 3532 588 3579 tur
612 3526 665 3580 in
692 3538 937 3583 sanctam
960 3527 1290 3596 Jerusalem,
1325 3541 1384 3588 et
1412 3548 1533 3589 eum
1561 3535 1907 3605 parvulorum
1938 3535 2091 3592 tttrba

499 3617 837 3675 credentium
881 3623 1186 3694 susciperet
1218 3626 1645 3696 triumphantem
1691 3627 1886 3702 (Matt.
1927 3645 2017 3685 ut
2044 3640 2091 3685 et

495 3709 657 3767 Joan.
688 3729 767 3769 stt
794 3713 836 3785 ).
875 3716 1029 3772 ilunc
1058 3723 1274 3774 aslnum
1305 3718 1372 3774 ad
1397 3720 1557 3777 vitem
1580 3732 1636 3778 et
1666 3726 1876 3779 vincant
1905 3723 2094 3780 Salva-

498 3813 583 3859 tor
609 3805 813 3862 dicitnr
838 3808 1101 3878 alligasse
1129 3809 1287 3882 (Gen.
1317 3827 1466 3875 χιιι,
1498 3814 1609 3885 li),
1633 3813 1701 3870 de
1720 3830 1823 3885 qua
1853 3816 1905 3870 in
1936 3816 2089 3871 Psal-

495 3897 601 3953 mis
632 3900 901 3971 scriptunt
929 3912 1015 3957 est
1040 3920 1057 3957 :
1097 3902 1309 3959 Vineam
1337 3906 1647 3962 transtulisti
1674 3924 1737 3963 ea:
1758 3907 2021 3983 Egypto,
2044 3920 2091 3963 et

496 3991 691 4062 ejecisti
719 4004 915 4065 gentes,
949 4005 997 4048 et
1040 3998 1295 4067 plantasti
1338 4015 1451 4053 eam
1496 3999 1614 4070 (Ps.
1661 4017 1846 4065 Lxxlx,
1876 4002 1972 4071 9).
2006 4002 2089 4058 Ad

494 4102 655 4158 quam
686 4090 803 4160 ipse
834 4091 1036 4147 vinitor
1066 4092 1312 4164 loquitur
1340 4112 1353 4150 :
1385 4095 1495 4168 Ego
1536 4096 1771 4169 plantavi
1815 4106 1864 4152 te
1891 4099 2089 4153 vineam

492 4179 803 4252 frugiferam
836 4193 997 4238 totam
1018 4201 1185 4240 verum
1216 4185 1361 4259 (ler.
1395 4203 1456 4253 ll,
1488 4190 1554 4243 2|
1577 4189 1616 4257 ).
1649 4188 1841 4246 Omnia
1873 4204 2091 4261 quoque

486 4272 734 4347 iumenta
775 4287 831 4334 et
883 4280 1199 4344 animantia,
1230 4296 1352 4352 qua:
1400 4297 1512 4338 uno
1553 4284 1775 4339 nomine
1824 4284 2088 4355 propheta

489 4369 931 4439 comprehendit,
958 4386 1056 4441 pro
1078 4372 1420 4438 singulorum
1443 4375 1654 4430 naturis
1682 4374 2087 4446 interpretanda

493 4473 642 4528 sunt,
672 4474 725 4519 et
757 4464 863 4520 hoc
893 4452 1063 4536 magis
1091 4465 1185 4522 Dei
1219 4466 1358 4523 Filio
1377 4468 1658 4536 convenit,
1687 4483 1848 4539 quam
1880 4484 1943 4525 ea
1969 4484 2090 4540 quae

496 4556 659 4611 stulta
712 4559 947 4629 populus
986 4559 1299 4616 Judreorum
1341 4561 1731 4619 vaticinatione
1780 4565 2085 4634 praesumit.

561 4650 962 4724 (Vers.16.)Et
984 4670 1162 4710 omnes
1190 4656 1277 4723 qui
1302 4655 1492 4727 reliqui
1520 4657 1714 4729 fuerint
1744 4657 1809 4711 de
1834 4658 2092 4714 universis

490 4745 754 4816 gentibus,
782 4763 900 4812 quia
920 4749 1148 4803 venerint
1173 4759 1351 4803 contra
1372 4748 1667 4806 Jerusalem
1683 4792 1698 4817 ,
1725 4753 2002 4808 ascendent
2027 4753 2090 4807 ab

491 4854 630 4891 anno
670 4840 724 4892 in
750 4855 979 4903 annum,
1025 4850 1079 4894 ut
1117 4842 1332 4896 adorent
1375 4858 1542 4915 regem
1584 4840 1869 4898 Dominum
1897 4848 2093 4900 exerci-

491 4944 662 4998 tuum,
687 4942 735 4987 et
756 4932 1016 4988 celebrent
1035 4935 1364 5005 festivitatem
1386 4934 1887 4991 Tabernaculorum.
1912 4935 2091 4992 LXX:

495 5024 562 5081 Et
585 5027 704 5092 erit,
727 5028 1037 5099 quicumque
1056 5027 1295 5083 derelicti
1309 5030 1505 5100 fuerint
1530 5030 1594 5084 de
1614 5031 1812 5084 cunctis
1833 5030 2090 5100 gentibus,

492 5136 610 5190 qua:
636 5120 868 5174 venerint
898 5130 1076 5174 contra
1118 5118 1414 5175 Jerusalem
1439 5164 1452 5185 ,
1482 5122 1759 5177 ascenderit
1792 5141 1883 5193 per
1932 5141 2096 5178 annos

492 5213 726 5286 singulos
755 5255 767 5278 ,
810 5223 865 5267 ut
894 5212 1110 5268 adorent
1137 5230 1308 5284 regem
1337 5213 1622 5269 Dominum
1646 5217 2049 5289 omnipotentem
2078 5260 2091 5282 ,

495 5317 542 5362 et
572 5306 826 5363 celebrent
859 5308 1184 5380 festivitatem
1220 5309 1715 5365 Tabernaculorutn.
1739 5314 1967 5377 Omnes,
2005 5314 2091 5368 in-

571 5521 597 5552 η
640 5512 1007 5570 Emendamus
1032 5514 1097 5569 ad
1124 5513 1283 5570 ﬁdem
1310 5513 1464 5584 Regii
1495 5528 1599 5569 ms.
1632 5514 1835 5577 citrum,
1868 5528 1965 5582 pro
1985 5529 2094 5585 quo

494 5586 698 5644 lectum
729 5587 992 5643 hactenus
1028 5594 1113 5641 est
1151 5584 1318 5649 falso,
1362 5585 1595 5640 cedrum.
1646 5585 1773 5639 Erat
1819 5584 2096 5642 enimvero

497 5661 686 5714 citrum
727 5674 892 5713 unum
934 5673 967 5713 e
1005 5668 1237 5727 quatuor
1275 5658 1460 5725 lignis.
1495 5673 1614 5727 qure
1653 5656 1721 5711 ad
1762 5657 2095 5713 conﬁcienda

501 5732 847 5788 tabernacula
896 5731 1315 5801 requirebantur
1355 5730 1512 5800 jure.
1559 5728 1703 5797 quod
1754 5730 2096 5799 luculenter,

502 5804 608 5881 qui
633 5800 987 5881 Hebraeorum
1015 5800 1359 5881 διντσρώςιις
1371 5803 1652 5881 prosecuti
1683 5812 1831 5869 sunt,
1853 5801 2094 5881 tradunt.

506 5873 645 5930 Vide
670 5872 954 5929 Menacoth
986 5887 1105 5944 cap.
1140 5872 1221 5939 tit,
1244 5873 1309 5936 6;
1341 5873 1721 5929 Maimonidem
1748 5888 1868 5945 cap.
1902 5889 1975 5930 vn
1996 5916 2009 5939 ,
2039 5875 2091 5931 5.

2198 3346 2321 3402 Heu
2363 3347 2511 3412 mihi,
2556 3349 2681 3419 quia
2710 3344 2969 3401 incolatus
3000 3359 3144 3399 meus
3175 3341 3514 3416 prolongatus
3550 3348 3626 3394 est
3655 3340 3675 3408 (
3703 3337 3800 3392 Ps.

2198 3455 2345 3507 crux,
2377 3439 2468 3511 5)!
2501 3438 2570 3494 Et
2601 3456 2613 3492 :
2646 3439 2857 3493 Advena
2896 3452 2991 3506 ego
3032 3453 3181 3500 sum,
3214 3444 3262 3489 et
3310 3433 3614 3508 peregrinus
3666 3432 3804 3487 sicut

2197 3549 2374 3589 omnes
2401 3540 2573 3601 patres
2593 3531 2695 3586 mei
2716 3529 2837 3603 (Ps.
2871 3543 3086 3585 xxxvnt
3103 3570 3121 3596 ,
3147 3526 3262 3599 3i).
3288 3528 3402 3583 Hoc
3423 3526 3664 3597 loquitur
3710 3525 3804 3596 qui

2196 3625 2251 3682 in
2280 3624 2518 3694 [Egypto
2540 3634 2659 3689 est,
2686 3633 2742 3678 et
2769 3621 2944 3678 adhuc
2976 3623 3027 3676 in
3059 3620 3266 3676 saeculo
3291 3620 3646 3676 constitutus.
3698 3617 3803 3687 Qui

2195 3731 2376 3777 autem
2418 3720 2696 3789 egreditur
2731 3719 2800 3775 de
2841 3718 3110 3790 IEgypto,
3147 3731 3269 3784 quae
3305 3716 3569 3771 Hebraice
3598 3714 3806 3770 dicitur

2196 3830 2429 3871 ussnstu
2462 3815 2710 3881 (ων-πω)
2738 3854 2752 3879 ,
2783 3822 2838 3867 et
2877 3812 3271 3881 interpretatur
3300 3807 3605 3873 tribulatio;
3628 3818 3688 3864 et
3714 3809 3802 3864 in-

2194 3906 2438 3978 greditur
2456 3905 2712 3961 vitiorum
2744 3904 3097 3960 solitudinem
3120 3944 3134 3967 ,
3171 3903 3349 3971 carpit
3386 3903 3492 3957 iter
3515 3915 3676 3956 suum
3699 3945 3714 3969 ,
3747 3910 3805 3956 et

2195 3999 2326 4056 dtcit
2374 4001 2427 4054 in
2475 3999 2684 4068 psalmo
2717 4014 2730 4051 :
2769 3996 3103 4051 Pertransibo
3152 3996 3206 4049 in
3253 3994 3423 4049 locum
3477 3993 3802 4048 tabernaculi

2194 4095 2520 4150 admirabilis
2548 4111 2708 4166 usque
2738 4094 2806 4148 ad
2834 4093 3050 4146 domum
3076 4090 3175 4145 Dei
3199 4088 3318 4161 (Ps.
3346 4104 3434 4143 xu
3456 4131 3471 4154 ,
3496 4088 3576 4157 5).
3610 4086 3805 4143 Admi-

2194 4188 2367 4244 rabile
2396 4196 2481 4243 est
2519 4186 2661 4242 enim
2704 4186 2849 4242 nolle
2893 4185 3142 4240 habitare
3186 4198 3309 4237 cum
3349 4180 3653 4252 Egyptiis;
3700 4177 3798 4234 sed

2194 4281 2481 4336 submerso
2510 4279 2831 4345 Pharaone,
2861 4287 3063 4333 terram
3111 4290 3312 4346 cupere
3354 4273 3802 4346 repromissionis

2194 4372 2401 4429 intrare
2430 4372 2646 4445 (Exod.
2676 4370 2825 4443 xlv).
2854 4370 3010 4427 Unde
3048 4377 3106 4425 et
3135 4368 3264 4424 alibi
3307 4368 3549 4437 loquitur
3581 4384 3597 4423 :
3627 4365 3804 4433 Quam

2198 4476 2221 4506 α
2265 4466 2453 4520 dilecta
2499 4465 2834 4520 tabernacula
2879 4473 2990 4528 tua,
3029 4461 3251 4517 Domine
3293 4460 3573 4515 virtutum!
3603 4475 3807 4514 concita

2194 4564 2345 4639 piscit
2367 4573 2414 4616 et
2432 4563 2606 4627 deficit
2632 4562 2807 4618 animo
2827 4576 2941 4615 mea
2964 4561 3016 4614 in
3038 4562 3176 4614 atria
3196 4558 3409 4613 Domini
3422 4558 3539 4629 (Ps.
3569 4574 3801 4626 until,

2201 4658 2278 4729 1).
2314 4658 2381 4712 Et
2420 4665 2543 4726 post
2581 4656 2857 4725 paululum
2891 4669 2907 4712 :
2940 4652 3092 4708 Beati
3133 4669 3307 4709 omnes
3341 4654 3431 4723 qui
3473 4652 3708 4707 habitant
3744 4654 3803 4707 in

2197 4750 2354 4805 domo
2375 4758 2485 4812 tua,
2508 4750 2561 4803 in
2588 4746 2780 4802 swcula
2804 4745 3119 4801 sleculorum
3137 4744 3423 4799 laudabunt
3449 4742 3703 4810 te(lbid.,
3717 4743 3800 4814 5).

2205 4845 2324 4900 Vox
2348 4846 2484 4899 enim
2508 4843 2870 4899 exsultationis
2890 4850 2937 4894 et
2958 4841 3145 4895 salutis
3171 4841 3228 4894 in
3257 4838 3603 4894 tabernaculis
3622 4839 3804 4903 iusto-

2198 4955 2314 4993 rum
2343 4938 2464 5009 (Ps.
2497 4951 2665 5001 cxvtt,
2702 4933 2812 5005 15).
2840 4934 2906 4989 Et
2933 4934 2986 4988 itt
3020 4931 3332 4987 Proverbiis
3359 4932 3623 5001 scriptum
3646 4942 3806 4999 repe-

2199 5034 2370 5091 rimus
2406 5051 2420 5088 :
2452 5029 2646 5083 Domus
2685 5031 2953 5100 justorum
2990 5033 3328 5095 permanent,
3371 5033 3419 5077 et
3468 5022 3808 5077 tabernacula

2202 5142 2400 5190 eorum,
2427 5124 2515 5195 qui
2537 5131 2673 5176 recte
2693 5128 2877 5193 agunt,
2905 5118 3114 5173 stabunt
3136 5116 3320 5190 (Prov.
3357 5132 3418 5180 tt,
3443 5115 3559 5187 21).
3584 5114 3664 5169 De
3701 5114 3806 5170 do-

2202 5219 2414 5281 mibus,
2445 5214 2587 5287 quod
2633 5220 2995 5284 permaneant
3040 5230 3053 5269 :
3096 5211 3166 5265 de
3203 5208 3603 5273 tabernaculis,
3653 5206 3803 5275 quod

2201 5321 2409 5370 statura
2438 5310 2578 5373 sint,
2604 5306 2913 5376 pollicetur.
2950 5301 3094 5358 Dicit
3120 5311 3177 5358 et
3204 5301 3259 5356 in
3288 5301 3396 5357 alio
3436 5300 3557 5356 loco
3578 5304 3803 5354 sanctus

2200 5514 2465 5572 Hebraice
2492 5509 2667 5569 Levit.
2698 5524 2835 5567 xxnt
2862 5508 3059 5565 dicitur
3083 5517 3271 5571 manu.

2274 5586 2301 5626 δ
2340 5586 2572 5649 Nomen,
2604 5583 2802 5649 David,
2846 5582 3043 5637 rectius
3076 5580 3204 5634 Itinc
3246 5592 3533 5648 amoveas,
3575 5579 3720 5650 quod
3746 5588 3803 5635 et

2202 5662 2373 5715 nostri
2407 5670 2538 5712 mss.
2574 5656 2852 5725 ignorant.
3099 5723 3109 5725 μ
3424 5681 3440 5697 .

2279 5741 2301 5769 ο
2344 5722 2738 5801 Impressorum
2766 5726 3059 5801 lapsu_tum
3097 5723 3267 5801 hocce
3297 5725 3665 5801 testimonium
3700 5722 3804 5801 mi-

2204 5817 2327 5860 sere
2358 5796 2597 5858 luiatum
2617 5843 2632 5867 ,
2662 5813 2787 5854 cum
2819 5796 2979 5867 paulo
3020 5797 3300 5866 superius,
3333 5796 3556 5863 delicta,
3588 5812 3685 5863 pro
3713 5796 3801 5851 di-

2208 5876 2338 5931 lecta
2359 5917 2373 5943 ,
2407 5874 2618 5943 aliaque
2647 5870 2701 5926 id
2733 5883 2904 5943 genus
2933 5867 3131 5927 menda
3165 5882 3311 5941 saepe
3338 5867 3691 5940 castigantur.
