  <div class='ocr_page' id='page_1' title='image "/cluster/home/n/w/nwhite01/storage/ocr_20150623/25/hvd.32044015471394/776.png"; bbox 0 0 4056 6342; ppageno 0'>
   <div class='ocr_carea' id='block_1_1' title="bbox 261 272 401 328">
    <p class='ocr_par' dir='ltr' id='par_1_1' title="bbox 261 272 401 328">
     <span class='ocr_line' id='line_1_1' title="bbox 261 272 401 328; baseline 0 -1"><span class='ocrx_word' id='word_1_1' title='bbox 261 272 401 328; x_wconf 77' lang='grc'><strong>1557</strong></span> 
     </span>
    </p>
   </div>
   <div class='ocr_carea' id='block_1_2' title="bbox 961 259 2871 328">
    <p class='ocr_par' dir='ltr' id='par_1_2' title="bbox 961 259 2871 328">
     <span class='ocr_line' id='line_1_2' title="bbox 961 259 2871 328; baseline -0.003 0"><span class='ocrx_word' id='word_1_2' title='bbox 961 265 1619 328; x_wconf 74' lang='lat' dir='ltr'><strong>COMMENTARIORUM</strong></span> <span class='ocrx_word' id='word_1_3' title='bbox 1661 266 1728 324; x_wconf 83' lang='lat' dir='ltr'><strong>IN</strong></span> <span class='ocrx_word' id='word_1_4' title='bbox 1770 262 2188 324; x_wconf 71' lang='lat' dir='ltr'><strong>ZACHARIAM</strong></span> <span class='ocrx_word' id='word_1_5' title='bbox 2227 263 2358 321; x_wconf 85' lang='lat' dir='ltr'><strong>LIB.</strong></span> <span class='ocrx_word' id='word_1_6' title='bbox 2401 262 2491 321; x_wconf 88' lang='lat' dir='ltr'><strong>lll.</strong></span> <span class='ocrx_word' id='word_1_7' title='bbox 2531 259 2684 322; x_wconf 81' lang='lat' dir='ltr'><strong>CAP.</strong></span> <span class='ocrx_word' id='word_1_8' title='bbox 2727 260 2871 322; x_wconf 78' lang='lat' dir='ltr'><strong>XIV.</strong></span> 
     </span>
    </p>
   </div>
   <div class='ocr_carea' id='block_1_3' title="bbox 3438 255 3573 320">
    <p class='ocr_par' dir='ltr' id='par_1_3' title="bbox 3438 255 3573 320">
     <span class='ocr_line' id='line_1_3' title="bbox 3438 255 3573 320; baseline 0.007 -2"><span class='ocrx_word' id='word_1_9' title='bbox 3438 255 3573 320; x_wconf 69' lang='grc'><strong>1558</strong></span> 
     </span>
    </p>
   </div>
   <div class='ocr_carea' id='block_1_4' title="bbox 259 376 3577 462">
    <p class='ocr_par' dir='ltr' id='par_1_4' title="bbox 259 376 3577 462">
     <span class='ocr_line' id='line_1_4' title="bbox 259 376 3577 462; baseline -0.003 -20"><span class='ocrx_word' id='word_1_10' title='bbox 259 391 344 443; x_wconf 80' lang='lat' dir='ltr'><strong>vir</strong></span> <span class='ocrx_word' id='word_1_11' title='bbox 377 408 388 444; x_wconf 92' lang='lat'>:</span> <span class='ocrx_word' id='word_1_12' title='bbox 422 388 602 444; x_wconf 84' lang='lat' dir='ltr'><strong>Unum</strong></span> <span class='ocrx_word' id='word_1_13' title='bbox 631 390 783 462; x_wconf 85' lang='lat' dir='ltr'><strong>petivi</strong></span> <span class='ocrx_word' id='word_1_14' title='bbox 802 405 834 442; x_wconf 90' lang='lat' dir='ltr'><strong>a</strong></span> <span class='ocrx_word' id='word_1_15' title='bbox 861 387 1104 454; x_wconf 90' lang='lat' dir='ltr'><strong>Domino,</strong></span> <span class='ocrx_word' id='word_1_16' title='bbox 1130 388 1228 442; x_wconf 80' lang='lat' dir='ltr'><strong>hoc</strong></span> <span class='ocrx_word' id='word_1_17' title='bbox 1248 386 1531 457; x_wconf 78' lang='lat' dir='ltr'><strong>requiram,</strong></span> <span class='ocrx_word' id='word_1_18' title='bbox 1565 393 1622 439; x_wconf 86' lang='lat' dir='ltr'><strong>ut</strong></span> <span class='ocrx_word' id='word_1_19' title='bbox 1667 382 1873 438; x_wconf 84' lang='lat' dir='ltr'><strong>inhabi-</strong></span> <span class='ocrx_word' id='word_1_20' title='bbox 1899 383 1955 444; x_wconf 80' lang='grc' dir='ltr'><strong>Α</strong></span> <span class='ocrx_word' id='word_1_21' title='bbox 1977 394 2042 436; x_wconf 90' lang='lat' dir='ltr'><strong>ac</strong></span> <span class='ocrx_word' id='word_1_22' title='bbox 2073 380 2322 436; x_wconf 88' lang='lat' dir='ltr'><strong>tribubus</strong></span> <span class='ocrx_word' id='word_1_23' title='bbox 2360 387 2520 434; x_wconf 75' lang='lat' dir='ltr'><strong>terrae</strong></span> <span class='ocrx_word' id='word_1_24' title='bbox 2549 388 2673 447; x_wconf 90' lang='lat' dir='ltr'><strong>est,</strong></span> <span class='ocrx_word' id='word_1_25' title='bbox 2708 386 2763 435; x_wconf 91' lang='lat' dir='ltr'><strong>et</strong></span> <span class='ocrx_word' id='word_1_26' title='bbox 2792 377 2997 434; x_wconf 88' lang='lat' dir='ltr'><strong>idcirco</strong></span> <span class='ocrx_word' id='word_1_27' title='bbox 3022 376 3311 433; x_wconf 88' lang='lat' dir='ltr'><strong>Dominum</strong></span> <span class='ocrx_word' id='word_1_28' title='bbox 3344 391 3450 431; x_wconf 89' lang='lat' dir='ltr'><strong>non</strong></span> <span class='ocrx_word' id='word_1_29' title='bbox 3481 392 3577 447; x_wconf 89' lang='lat' dir='ltr'><strong>po-</strong></span> 
     </span>
    </p>
   </div>
   <div class='ocr_carea' id='block_1_5' title="bbox 258 476 1874 544">
    <p class='ocr_par' dir='ltr' id='par_1_5' title="bbox 258 476 1874 544">
     <span class='ocr_line' id='line_1_5' title="bbox 258 476 1874 544; baseline -0.006 -5"><span class='ocrx_word' id='word_1_30' title='bbox 258 494 360 540; x_wconf 88' lang='lat' dir='ltr'><strong>tem</strong></span> <span class='ocrx_word' id='word_1_31' title='bbox 388 485 443 538; x_wconf 90' lang='lat' dir='ltr'><strong>in</strong></span> <span class='ocrx_word' id='word_1_32' title='bbox 478 485 637 539; x_wconf 85' lang='lat' dir='ltr'><strong>domo</strong></span> <span class='ocrx_word' id='word_1_33' title='bbox 664 481 880 539; x_wconf 89' lang='lat' dir='ltr'><strong>Domini</strong></span> <span class='ocrx_word' id='word_1_34' title='bbox 914 483 1152 537; x_wconf 87' lang='lat' dir='ltr'><strong>omnibus</strong></span> <span class='ocrx_word' id='word_1_35' title='bbox 1181 481 1360 537; x_wconf 88' lang='lat' dir='ltr'><strong>diebus</strong></span> <span class='ocrx_word' id='word_1_36' title='bbox 1390 480 1509 535; x_wconf 74' lang='lat' dir='ltr'><strong>vita:</strong></span> <span class='ocrx_word' id='word_1_37' title='bbox 1548 493 1674 533; x_wconf 75' lang='lat' dir='ltr'><strong>mea:</strong></span> <span class='ocrx_word' id='word_1_38' title='bbox 1695 519 1710 544; x_wconf 91' lang='lat'><strong>,</strong></span> <span class='ocrx_word' id='word_1_39' title='bbox 1733 484 1779 531; x_wconf 91' lang='lat' dir='ltr'><strong>et</strong></span> <span class='ocrx_word' id='word_1_40' title='bbox 1800 476 1874 531; x_wconf 77' lang='lat' dir='ltr'><strong>vi-</strong></span> 
     </span>
    </p>
   </div>
   <div class='ocr_carea' id='block_1_6' title="bbox 257 569 1874 641">
    <p class='ocr_par' dir='ltr' id='par_1_6' title="bbox 257 569 1874 641">
     <span class='ocr_line' id='line_1_6' title="bbox 257 569 1874 641; baseline -0.007 -8"><span class='ocrx_word' id='word_1_41' title='bbox 257 578 415 633; x_wconf 89' lang='lat' dir='ltr'><strong>deam</strong></span> <span class='ocrx_word' id='word_1_42' title='bbox 454 576 856 632; x_wconf 72' lang='lat' dir='ltr'><strong>delectationem</strong></span> <span class='ocrx_word' id='word_1_43' title='bbox 885 573 1130 640; x_wconf 78' lang='lat' dir='ltr'><strong>Domini,</strong></span> <span class='ocrx_word' id='word_1_44' title='bbox 1162 582 1210 629; x_wconf 89' lang='lat' dir='ltr'><strong>et</strong></span> <span class='ocrx_word' id='word_1_45' title='bbox 1254 572 1453 626; x_wconf 82' lang='lat' dir='ltr'><strong>visitem</strong></span> <span class='ocrx_word' id='word_1_46' title='bbox 1488 570 1735 641; x_wconf 89' lang='lat' dir='ltr'><strong>templum</strong></span> <span class='ocrx_word' id='word_1_47' title='bbox 1761 569 1874 637; x_wconf 83' lang='lat' dir='ltr'><strong>eius</strong></span> 
     </span>
    </p>
   </div>
   <div class='ocr_carea' id='block_1_7' title="bbox 258 656 1870 741">
    <p class='ocr_par' dir='ltr' id='par_1_7' title="bbox 258 656 1870 741">
     <span class='ocr_line' id='line_1_7' title="bbox 258 656 1870 741; baseline -0.005 -17"><span class='ocrx_word' id='word_1_48' title='bbox 258 669 383 741; x_wconf 85' lang='lat' dir='ltr'><strong>(Ps.</strong></span> <span class='ocrx_word' id='word_1_49' title='bbox 416 685 576 738; x_wconf 79' lang='lat' dir='ltr'><strong>xxvt,</strong></span> <span class='ocrx_word' id='word_1_50' title='bbox 599 668 679 740; x_wconf 76' lang='grc'><strong>4).</strong></span> <span class='ocrx_word' id='word_1_51' title='bbox 707 668 808 736; x_wconf 86' lang='lat' dir='ltr'><strong>Qui</strong></span> <span class='ocrx_word' id='word_1_52' title='bbox 841 669 894 724; x_wconf 89' lang='lat' dir='ltr'><strong>itt</strong></span> <span class='ocrx_word' id='word_1_53' title='bbox 921 665 1228 723; x_wconf 77' lang='lat' dir='ltr'><strong>istiusmodi</strong></span> <span class='ocrx_word' id='word_1_54' title='bbox 1250 656 1457 721; x_wconf 86' lang='lat' dir='ltr'><strong>habitat</strong></span> <span class='ocrx_word' id='word_1_55' title='bbox 1482 661 1870 730; x_wconf 84' lang='lat' dir='ltr'><strong>tabernaculis,</strong></span> 
     </span>
    </p>
   </div>
   <div class='ocr_carea' id='block_1_8' title="bbox 258 756 1869 826">
    <p class='ocr_par' dir='ltr' id='par_1_8' title="bbox 258 756 1869 826">
     <span class='ocr_line' id='line_1_8' title="bbox 258 756 1869 826; baseline -0.006 -7"><span class='ocrx_word' id='word_1_56' title='bbox 258 773 317 819; x_wconf 91' lang='lat' dir='ltr'><strong>et</strong></span> <span class='ocrx_word' id='word_1_57' title='bbox 348 762 417 819; x_wconf 90' lang='lat' dir='ltr'><strong>de</strong></span> <span class='ocrx_word' id='word_1_58' title='bbox 448 761 822 819; x_wconf 83' lang='lat' dir='ltr'><strong>tabernaculis</strong></span> <span class='ocrx_word' id='word_1_59' title='bbox 846 761 916 817; x_wconf 90' lang='lat' dir='ltr'><strong>ad</strong></span> <span class='ocrx_word' id='word_1_60' title='bbox 945 760 1117 826; x_wconf 87' lang='lat' dir='ltr'><strong>atria,</strong></span> <span class='ocrx_word' id='word_1_61' title='bbox 1158 768 1215 815; x_wconf 88' lang='lat' dir='ltr'><strong>et</strong></span> <span class='ocrx_word' id='word_1_62' title='bbox 1240 759 1310 814; x_wconf 91' lang='lat' dir='ltr'><strong>de</strong></span> <span class='ocrx_word' id='word_1_63' title='bbox 1335 758 1491 814; x_wconf 89' lang='lat' dir='ltr'><strong>atriis</strong></span> <span class='ocrx_word' id='word_1_64' title='bbox 1520 756 1587 812; x_wconf 90' lang='lat' dir='ltr'><strong>ad</strong></span> <span class='ocrx_word' id='word_1_65' title='bbox 1617 756 1869 824; x_wconf 91' lang='lat' dir='ltr'><strong>domum,</strong></span> 
     </span>
    </p>
   </div>
   <div class='ocr_carea' id='block_1_9' title="bbox 259 847 1873 925">
    <p class='ocr_par' dir='ltr' id='par_1_9' title="bbox 259 847 1873 925">
     <span class='ocr_line' id='line_1_9' title="bbox 259 847 1873 925; baseline -0.006 -14"><span class='ocrx_word' id='word_1_66' title='bbox 259 864 315 911; x_wconf 87' lang='lat' dir='ltr'><strong>et</strong></span> <span class='ocrx_word' id='word_1_67' title='bbox 342 855 415 911; x_wconf 88' lang='lat' dir='ltr'><strong>de</strong></span> <span class='ocrx_word' id='word_1_68' title='bbox 445 856 613 911; x_wconf 85' lang='lat' dir='ltr'><strong>domo</strong></span> <span class='ocrx_word' id='word_1_69' title='bbox 639 854 707 911; x_wconf 88' lang='lat' dir='ltr'><strong>ad</strong></span> <span class='ocrx_word' id='word_1_70' title='bbox 752 854 1016 925; x_wconf 87' lang='lat' dir='ltr'><strong>templum</strong></span> <span class='ocrx_word' id='word_1_71' title='bbox 1052 852 1266 907; x_wconf 90' lang='lat' dir='ltr'><strong>Domini</strong></span> <span class='ocrx_word' id='word_1_72' title='bbox 1300 851 1381 907; x_wconf 89' lang='lat' dir='ltr'><strong>ire</strong></span> <span class='ocrx_word' id='word_1_73' title='bbox 1410 851 1662 913; x_wconf 79' lang='lat' dir='ltr'><strong>feStinat,</strong></span> <span class='ocrx_word' id='word_1_74' title='bbox 1710 847 1873 904; x_wconf 84' lang='lat' dir='ltr'><strong>debet</strong></span> 
     </span>
    </p>
   </div>
   <div class='ocr_carea' id='block_1_10' title="bbox 256 940 1871 1014">
    <p class='ocr_par' dir='ltr' id='par_1_10' title="bbox 256 940 1871 1014">
     <span class='ocr_line' id='line_1_10' title="bbox 256 940 1871 1014; baseline -0.005 -10"><span class='ocrx_word' id='word_1_75' title='bbox 256 948 548 1005; x_wconf 85' lang='lat' dir='ltr'><strong>celebrare</strong></span> <span class='ocrx_word' id='word_1_76' title='bbox 562 948 827 1005; x_wconf 80' lang='lat' dir='ltr'><strong>solemnia</strong></span> <span class='ocrx_word' id='word_1_77' title='bbox 849 946 1323 1003; x_wconf 81' lang='lat' dir='ltr'><strong>tabernaculorum</strong></span> <span class='ocrx_word' id='word_1_78' title='bbox 1346 944 1398 999; x_wconf 91' lang='lat' dir='ltr'><strong>in</strong></span> <span class='ocrx_word' id='word_1_79' title='bbox 1420 944 1565 1014; x_wconf 80' lang='lat' dir='ltr'><strong>ligno</strong></span> <span class='ocrx_word' id='word_1_80' title='bbox 1590 940 1871 1011; x_wconf 63' lang='lat' dir='ltr'><strong>sapientia:</strong></span> 
     </span>
    </p>
   </div>
   <div class='ocr_carea' id='block_1_11' title="bbox 259 1036 1868 1116">
    <p class='ocr_par' dir='ltr' id='par_1_11' title="bbox 259 1036 1868 1116">
     <span class='ocr_line' id='line_1_11' title="bbox 259 1036 1868 1116; baseline -0.004 -16"><span class='ocrx_word' id='word_1_81' title='bbox 259 1042 674 1116; x_wconf 89' lang='lat' dir='ltr'><strong>pulcherrimo,</strong></span> <span class='ocrx_word' id='word_1_82' title='bbox 706 1044 870 1116; x_wconf 74' lang='lat'><strong>932</strong></span> <span class='ocrx_word' id='word_1_83' title='bbox 918 1041 987 1098; x_wconf 92' lang='lat' dir='ltr'><strong>de</strong></span> <span class='ocrx_word' id='word_1_84' title='bbox 1027 1056 1137 1112; x_wconf 90' lang='lat' dir='ltr'><strong>quo</strong></span> <span class='ocrx_word' id='word_1_85' title='bbox 1188 1041 1243 1095; x_wconf 93' lang='lat' dir='ltr'><strong>in</strong></span> <span class='ocrx_word' id='word_1_86' title='bbox 1284 1037 1592 1094; x_wconf 83' lang='lat' dir='ltr'><strong>Proverbiis</strong></span> <span class='ocrx_word' id='word_1_87' title='bbox 1620 1036 1868 1093; x_wconf 85' lang='lat' dir='ltr'><strong>dicitur:</strong></span> 
     </span>
    </p>
   </div>
   <div class='ocr_carea' id='block_1_12' title="bbox 258 1126 1871 1212">
    <p class='ocr_par' dir='ltr' id='par_1_12' title="bbox 258 1126 1871 1212">
     <span class='ocr_line' id='line_1_12' title="bbox 258 1126 1871 1212; baseline -0.007 -20"><span class='ocrx_word' id='word_1_88' title='bbox 258 1138 498 1212; x_wconf 88' lang='lat' dir='ltr'><strong>Lignum</strong></span> <span class='ocrx_word' id='word_1_89' title='bbox 522 1138 644 1193; x_wconf 73' lang='lat' dir='ltr'><strong>vitta</strong></span> <span class='ocrx_word' id='word_1_90' title='bbox 670 1146 746 1191; x_wconf 89' lang='lat' dir='ltr'><strong>est</strong></span> <span class='ocrx_word' id='word_1_91' title='bbox 776 1135 1012 1191; x_wconf 89' lang='lat' dir='ltr'><strong>omnibus</strong></span> <span class='ocrx_word' id='word_1_92' title='bbox 1040 1134 1131 1205; x_wconf 97' lang='lat' dir='ltr'><strong>qui</strong></span> <span class='ocrx_word' id='word_1_93' title='bbox 1158 1133 1584 1203; x_wconf 85' lang='lat' dir='ltr'><strong>appropinquant</strong></span> <span class='ocrx_word' id='word_1_94' title='bbox 1612 1130 1679 1197; x_wconf 91' lang='lat' dir='ltr'><strong>ei,</strong></span> <span class='ocrx_word' id='word_1_95' title='bbox 1714 1136 1760 1182; x_wconf 91' lang='lat' dir='ltr'><strong>et</strong></span> <span class='ocrx_word' id='word_1_96' title='bbox 1780 1126 1871 1196; x_wconf 91' lang='lat' dir='ltr'><strong>qui</strong></span> 
     </span>
    </p>
   </div>
   <div class='ocr_carea' id='block_1_13' title="bbox 257 1220 1870 1300">
    <p class='ocr_par' dir='ltr' id='par_1_13' title="bbox 257 1220 1870 1300">
     <span class='ocr_line' id='line_1_13' title="bbox 257 1220 1870 1300; baseline -0.007 -14"><span class='ocrx_word' id='word_1_97' title='bbox 257 1231 589 1286; x_wconf 88' lang='lat' dir='ltr'><strong>reclinantur</strong></span> <span class='ocrx_word' id='word_1_98' title='bbox 608 1247 765 1300; x_wconf 81' lang='lat' dir='ltr'><strong>super</strong></span> <span class='ocrx_word' id='word_1_99' title='bbox 790 1238 817 1267; x_wconf 71' lang='grc' dir='ltr'>ι</span> <span class='ocrx_word' id='word_1_100' title='bbox 841 1245 979 1293; x_wconf 88' lang='lat' dir='ltr'><strong>eum,</strong></span> <span class='ocrx_word' id='word_1_101' title='bbox 1014 1227 1166 1299; x_wconf 87' lang='lat' dir='ltr'><strong>quasi</strong></span> <span class='ocrx_word' id='word_1_102' title='bbox 1192 1242 1345 1298; x_wconf 83' lang='lat' dir='ltr'><strong>super</strong></span> <span class='ocrx_word' id='word_1_103' title='bbox 1366 1227 1575 1279; x_wconf 89' lang='lat' dir='ltr'><strong>domum</strong></span> <span class='ocrx_word' id='word_1_104' title='bbox 1606 1220 1870 1293; x_wconf 80' lang='lat' dir='ltr'><strong>ﬁrmitatis</strong></span> 
     </span>
    </p>
   </div>
   <div class='ocr_carea' id='block_1_14' title="bbox 257 1314 1869 1396">
    <p class='ocr_par' dir='ltr' id='par_1_14' title="bbox 257 1314 1869 1396">
     <span class='ocr_line' id='line_1_14' title="bbox 257 1314 1869 1396; baseline -0.006 -17"><span class='ocrx_word' id='word_1_105' title='bbox 257 1323 453 1396; x_wconf 89' lang='lat' dir='ltr'><strong>(Prov.</strong></span> <span class='ocrx_word' id='word_1_106' title='bbox 484 1339 566 1390; x_wconf 90' lang='lat' dir='ltr'><strong>ttt,</strong></span> <span class='ocrx_word' id='word_1_107' title='bbox 592 1321 707 1393; x_wconf 81' lang='lat' dir='ltr'><strong>l8).</strong></span> <span class='ocrx_word' id='word_1_108' title='bbox 739 1321 880 1377; x_wconf 85' lang='lat' dir='ltr'><strong>Etin</strong></span> <span class='ocrx_word' id='word_1_109' title='bbox 905 1318 1072 1376; x_wconf 89' lang='lat' dir='ltr'><strong>ramis</strong></span> <span class='ocrx_word' id='word_1_110' title='bbox 1096 1319 1431 1390; x_wconf 88' lang='lat' dir='ltr'><strong>palmarum,</strong></span> <span class='ocrx_word' id='word_1_111' title='bbox 1460 1318 1515 1373; x_wconf 91' lang='lat' dir='ltr'><strong>in</strong></span> <span class='ocrx_word' id='word_1_112' title='bbox 1555 1317 1751 1387; x_wconf 87' lang='lat' dir='ltr'><strong>quibus</strong></span> <span class='ocrx_word' id='word_1_113' title='bbox 1790 1314 1869 1370; x_wconf 87' lang='lat' dir='ltr'><strong>si-</strong></span> 
     </span>
    </p>
   </div>
   <div class='ocr_carea' id='block_1_15' title="bbox 254 1409 1866 1491">
    <p class='ocr_par' dir='ltr' id='par_1_15' title="bbox 254 1409 1866 1491">
     <span class='ocr_line' id='line_1_15' title="bbox 254 1409 1866 1491; baseline -0.006 -18"><span class='ocrx_word' id='word_1_114' title='bbox 254 1433 428 1491; x_wconf 79' lang='lat' dir='ltr'><strong>gnum</strong></span> <span class='ocrx_word' id='word_1_115' title='bbox 452 1416 723 1480; x_wconf 56' lang='lat' dir='ltr'><strong>victoria.</strong></span> <span class='ocrx_word' id='word_1_116' title='bbox 752 1426 805 1471; x_wconf 89' lang='lat' dir='ltr'><strong>et</strong></span> <span class='ocrx_word' id='word_1_117' title='bbox 824 1413 1039 1469; x_wconf 87' lang='lat' dir='ltr'><strong>virtutis</strong></span> <span class='ocrx_word' id='word_1_118' title='bbox 1061 1414 1341 1485; x_wconf 84' lang='lat' dir='ltr'><strong>praemium</strong></span> <span class='ocrx_word' id='word_1_119' title='bbox 1372 1413 1710 1478; x_wconf 80' lang='lat' dir='ltr'><strong>continetur,</strong></span> <span class='ocrx_word' id='word_1_120' title='bbox 1736 1419 1792 1465; x_wconf 84' lang='lat' dir='ltr'><strong>et</strong></span> <span class='ocrx_word' id='word_1_121' title='bbox 1812 1409 1866 1464; x_wconf 92' lang='lat' dir='ltr'><strong>in</strong></span> 
     </span>
    </p>
   </div>
   <div class='ocr_carea' id='block_1_16' title="bbox 254 1502 1865 1577">
    <p class='ocr_par' dir='ltr' id='par_1_16' title="bbox 254 1502 1865 1577">
     <span class='ocr_line' id='line_1_16' title="bbox 254 1502 1865 1577; baseline -0.006 -11"><span class='ocrx_word' id='word_1_122' title='bbox 254 1509 551 1566; x_wconf 83' lang='lat' dir='ltr'><strong>frondibus</strong></span> <span class='ocrx_word' id='word_1_123' title='bbox 591 1508 930 1566; x_wconf 61' lang='lat' dir='ltr'><strong>densissimas</strong></span> <span class='ocrx_word' id='word_1_124' title='bbox 964 1506 1179 1562; x_wconf 85' lang='lat' dir='ltr'><strong>arboris</strong></span> <span class='ocrx_word' id='word_1_125' title='bbox 1231 1520 1391 1577; x_wconf 90' lang='lat' dir='ltr'><strong>quam</strong></span> <span class='ocrx_word' id='word_1_126' title='bbox 1422 1516 1659 1576; x_wconf 87' lang='lat' dir='ltr'><strong>myrtum</strong></span> <span class='ocrx_word' id='word_1_127' title='bbox 1691 1502 1865 1558; x_wconf 71' lang='lat' dir='ltr'><strong>Judaei</strong></span> 
     </span>
    </p>
   </div>
   <div class='ocr_carea' id='block_1_17' title="bbox 252 1594 1865 1675">
    <p class='ocr_par' dir='ltr' id='par_1_17' title="bbox 252 1594 1865 1675">
     <span class='ocr_line' id='line_1_17' title="bbox 252 1594 1865 1675; baseline -0.006 -16"><span class='ocrx_word' id='word_1_128' title='bbox 252 1603 597 1675; x_wconf 75' lang='lat' dir='ltr'><strong>intelligunt,</strong></span> <span class='ocrx_word' id='word_1_129' title='bbox 627 1613 850 1672; x_wconf 83' lang='lat' dir='ltr'><strong>pI‘Opler</strong></span> <span class='ocrx_word' id='word_1_130' title='bbox 873 1599 1347 1655; x_wconf 80' lang='lat' dir='ltr'><strong>mortiﬁcationem</strong></span> <span class='ocrx_word' id='word_1_131' title='bbox 1371 1595 1397 1635; x_wconf 76' lang='grc' dir='ltr'><strong>ι)</strong></span> <span class='ocrx_word' id='word_1_132' title='bbox 1428 1595 1609 1652; x_wconf 87' lang='lat' dir='ltr'><strong>carnis</strong></span> <span class='ocrx_word' id='word_1_133' title='bbox 1636 1610 1701 1651; x_wconf 92' lang='lat' dir='ltr'><strong>ac</strong></span> <span class='ocrx_word' id='word_1_134' title='bbox 1746 1594 1865 1650; x_wconf 86' lang='lat' dir='ltr'><strong>libi-</strong></span> 
     </span>
    </p>
   </div>
   <div class='ocr_carea' id='block_1_18' title="bbox 252 1686 1860 1760">
    <p class='ocr_par' dir='ltr' id='par_1_18' title="bbox 252 1686 1860 1760">
     <span class='ocr_line' id='line_1_18' title="bbox 252 1686 1860 1760; baseline -0.007 -8"><span class='ocrx_word' id='word_1_135' title='bbox 252 1696 475 1752; x_wconf 88' lang='lat' dir='ltr'><strong>dinum.</strong></span> <span class='ocrx_word' id='word_1_136' title='bbox 509 1694 667 1753; x_wconf 84' lang='lat' dir='ltr'><strong>Unde</strong></span> <span class='ocrx_word' id='word_1_137' title='bbox 699 1704 751 1749; x_wconf 89' lang='lat' dir='ltr'><strong>et</strong></span> <span class='ocrx_word' id='word_1_138' title='bbox 795 1693 1024 1749; x_wconf 89' lang='lat' dir='ltr'><strong>Domino</strong></span> <span class='ocrx_word' id='word_1_139' title='bbox 1069 1690 1342 1748; x_wconf 86' lang='lat' dir='ltr'><strong>Salvatori</strong></span> <span class='ocrx_word' id='word_1_140' title='bbox 1373 1705 1403 1744; x_wconf 88' lang='lat' dir='ltr'><strong>a</strong></span> <span class='ocrx_word' id='word_1_141' title='bbox 1441 1689 1614 1760; x_wconf 76' lang='lat' dir='ltr'><strong>magis</strong></span> <span class='ocrx_word' id='word_1_142' title='bbox 1642 1686 1860 1759; x_wconf 80' lang='lat' dir='ltr'><strong>myrrha</strong></span> 
     </span>
    </p>
   </div>
   <div class='ocr_carea' id='block_1_19' title="bbox 1980 471 3583 543">
    <p class='ocr_par' dir='ltr' id='par_1_19' title="bbox 1980 471 3583 543">
     <span class='ocr_line' id='line_1_19' title="bbox 1980 471 3583 543; baseline -0.002 -13"><span class='ocrx_word' id='word_1_143' title='bbox 1980 482 2087 531; x_wconf 88' lang='lat' dir='ltr'><strong>test</strong></span> <span class='ocrx_word' id='word_1_144' title='bbox 2126 474 2389 541; x_wconf 87' lang='lat' dir='ltr'><strong>adorare,</strong></span> <span class='ocrx_word' id='word_1_145' title='bbox 2425 488 2532 529; x_wconf 89' lang='lat' dir='ltr'><strong>non</strong></span> <span class='ocrx_word' id='word_1_146' title='bbox 2561 475 2669 529; x_wconf 88' lang='lat' dir='ltr'><strong>erit</strong></span> <span class='ocrx_word' id='word_1_147' title='bbox 2705 488 2872 543; x_wconf 88' lang='lat' dir='ltr'><strong>super</strong></span> <span class='ocrx_word' id='word_1_148' title='bbox 2922 487 3044 528; x_wconf 90' lang='lat' dir='ltr'><strong>eum</strong></span> <span class='ocrx_word' id='word_1_149' title='bbox 3091 471 3267 527; x_wconf 84' lang='lat' dir='ltr'><strong>imber</strong></span> <span class='ocrx_word' id='word_1_150' title='bbox 3308 477 3583 542; x_wconf 88' lang='lat' dir='ltr'><strong>tempora-</strong></span> 
     </span>
    </p>
   </div>
   <div class='ocr_carea' id='block_1_20' title="bbox 1977 561 3584 634">
    <p class='ocr_par' dir='ltr' id='par_1_20' title="bbox 1977 561 3584 634">
     <span class='ocr_line' id='line_1_20' title="bbox 1977 561 3584 634; baseline -0.004 -11"><span class='ocrx_word' id='word_1_151' title='bbox 1977 581 2134 634; x_wconf 90' lang='lat' dir='ltr'><strong>neus,</strong></span> <span class='ocrx_word' id='word_1_152' title='bbox 2162 574 2219 622; x_wconf 89' lang='lat' dir='ltr'><strong>et</strong></span> <span class='ocrx_word' id='word_1_153' title='bbox 2248 566 2549 630; x_wconf 86' lang='lat' dir='ltr'><strong>serotinus,</strong></span> <span class='ocrx_word' id='word_1_154' title='bbox 2580 580 2681 621; x_wconf 89' lang='lat' dir='ltr'><strong>nec</strong></span> <span class='ocrx_word' id='word_1_155' title='bbox 2711 573 2855 620; x_wconf 89' lang='lat' dir='ltr'><strong>terra</strong></span> <span class='ocrx_word' id='word_1_156' title='bbox 2883 561 3030 619; x_wconf 90' lang='lat' dir='ltr'><strong>illius</strong></span> <span class='ocrx_word' id='word_1_157' title='bbox 3060 562 3256 634; x_wconf 77' lang='lat' dir='ltr'><strong>pluviis</strong></span> <span class='ocrx_word' id='word_1_158' title='bbox 3285 563 3407 619; x_wconf 74' lang='lat' dir='ltr'><strong>coeli</strong></span> <span class='ocrx_word' id='word_1_159' title='bbox 3439 562 3584 634; x_wconf 77' lang='lat' dir='ltr'><strong>riga-</strong></span> 
     </span>
    </p>
   </div>
   <div class='ocr_carea' id='block_1_21' title="bbox 1974 656 3585 728">
    <p class='ocr_par' dir='ltr' id='par_1_21' title="bbox 1974 656 3585 728">
     <span class='ocr_line' id='line_1_21' title="bbox 1974 656 3585 728; baseline -0.005 -11"><span class='ocrx_word' id='word_1_160' title='bbox 1974 660 2141 717; x_wconf 87' lang='lat' dir='ltr'><strong>bitur.</strong></span> <span class='ocrx_word' id='word_1_161' title='bbox 2175 659 2329 725; x_wconf 88' lang='lat' dir='ltr'><strong>Sive,</strong></span> <span class='ocrx_word' id='word_1_162' title='bbox 2362 667 2419 714; x_wconf 91' lang='lat' dir='ltr'><strong>ttt</strong></span> <span class='ocrx_word' id='word_1_163' title='bbox 2449 667 2733 714; x_wconf 88' lang='lat' dir='ltr'><strong>verterunt</strong></span> <span class='ocrx_word' id='word_1_164' title='bbox 2760 656 3136 726; x_wconf 76' lang='lat' dir='ltr'><strong>Septuaginta,</strong></span> <span class='ocrx_word' id='word_1_165' title='bbox 3158 656 3243 728; x_wconf 89' lang='lat' dir='ltr'><strong>qui</strong></span> <span class='ocrx_word' id='word_1_166' title='bbox 3276 670 3377 710; x_wconf 90' lang='lat' dir='ltr'><strong>non</strong></span> <span class='ocrx_word' id='word_1_167' title='bbox 3401 672 3585 710; x_wconf 87' lang='lat' dir='ltr'><strong>ascen-</strong></span> 
     </span>
    </p>
   </div>
   <div class='ocr_carea' id='block_1_22' title="bbox 1976 747 3583 822">
    <p class='ocr_par' dir='ltr' id='par_1_22' title="bbox 1976 747 3583 822">
     <span class='ocr_line' id='line_1_22' title="bbox 1976 747 3583 822; baseline -0.001 -18"><span class='ocrx_word' id='word_1_168' title='bbox 1976 751 2142 806; x_wconf 83' lang='lat' dir='ltr'><strong>derint</strong></span> <span class='ocrx_word' id='word_1_169' title='bbox 2171 752 2233 806; x_wconf 88' lang='lat' dir='ltr'><strong>de</strong></span> <span class='ocrx_word' id='word_1_170' title='bbox 2256 751 2469 822; x_wconf 76' lang='lat' dir='ltr'><strong>familiis</strong></span> <span class='ocrx_word' id='word_1_171' title='bbox 2498 758 2648 805; x_wconf 79' lang='lat' dir='ltr'><strong>teme</strong></span> <span class='ocrx_word' id='word_1_172' title='bbox 2674 751 2743 804; x_wconf 88' lang='lat' dir='ltr'><strong>ad</strong></span> <span class='ocrx_word' id='word_1_173' title='bbox 2762 747 3074 815; x_wconf 76' lang='lat' dir='ltr'><strong>Jerusalem,</strong></span> <span class='ocrx_word' id='word_1_174' title='bbox 3100 758 3153 801; x_wconf 92' lang='lat' dir='ltr'><strong>ut</strong></span> <span class='ocrx_word' id='word_1_175' title='bbox 3174 747 3390 804; x_wconf 84' lang='lat' dir='ltr'><strong>adorent</strong></span> <span class='ocrx_word' id='word_1_176' title='bbox 3411 764 3583 822; x_wconf 83' lang='lat' dir='ltr'><strong>regem</strong></span> 
     </span>
    </p>
   </div>
   <div class='ocr_carea' id='block_1_23' title="bbox 1977 842 3584 915">
    <p class='ocr_par' dir='ltr' id='par_1_23' title="bbox 1977 842 3584 915">
     <span class='ocr_line' id='line_1_23' title="bbox 1977 842 3584 915; baseline -0.001 -17"><span class='ocrx_word' id='word_1_177' title='bbox 1977 842 2263 899; x_wconf 89' lang='lat' dir='ltr'><strong>Dominum</strong></span> <span class='ocrx_word' id='word_1_178' title='bbox 2318 845 2757 915; x_wconf 86' lang='lat' dir='ltr'><strong>omnipotentem,</strong></span> <span class='ocrx_word' id='word_1_179' title='bbox 2813 859 2935 899; x_wconf 91' lang='lat' dir='ltr'><strong>cum</strong></span> <span class='ocrx_word' id='word_1_180' title='bbox 2988 843 3101 899; x_wconf 91' lang='lat' dir='ltr'><strong>illis</strong></span> <span class='ocrx_word' id='word_1_181' title='bbox 3156 842 3584 914; x_wconf 82' lang='lat' dir='ltr'><strong>reputabuntur,</strong></span> 
     </span>
    </p>
   </div>
   <div class='ocr_carea' id='block_1_24' title="bbox 1973 936 3575 1008">
    <p class='ocr_par' dir='ltr' id='par_1_24' title="bbox 1973 936 3575 1008">
     <span class='ocr_line' id='line_1_24' title="bbox 1973 936 3575 1008; baseline 0.001 -17"><span class='ocrx_word' id='word_1_182' title='bbox 1973 936 2063 1006; x_wconf 90' lang='lat' dir='ltr'><strong>qui</strong></span> <span class='ocrx_word' id='word_1_183' title='bbox 2114 946 2491 1008; x_wconf 78' lang='lat' dir='ltr'><strong>pugnaverunt</strong></span> <span class='ocrx_word' id='word_1_184' title='bbox 2537 936 2824 992; x_wconf 81' lang='lat' dir='ltr'><strong>adversum</strong></span> <span class='ocrx_word' id='word_1_185' title='bbox 2874 936 3212 1005; x_wconf 80' lang='lat' dir='ltr'><strong>Jerusalem,</strong></span> <span class='ocrx_word' id='word_1_186' title='bbox 3246 945 3301 993; x_wconf 90' lang='lat' dir='ltr'><strong>et</strong></span> <span class='ocrx_word' id='word_1_187' title='bbox 3343 951 3575 1007; x_wconf 90' lang='lat' dir='ltr'><strong>quorum</strong></span> 
     </span>
    </p>
   </div>
   <div class='ocr_carea' id='block_1_25' title="bbox 1975 1031 3578 1104">
    <p class='ocr_par' dir='ltr' id='par_1_25' title="bbox 1975 1031 3578 1104">
     <span class='ocr_line' id='line_1_25' title="bbox 1975 1031 3578 1104; baseline 0.002 -18"><span class='ocrx_word' id='word_1_188' title='bbox 1975 1031 2217 1087; x_wconf 87' lang='lat' dir='ltr'><strong>tabescet</strong></span> <span class='ocrx_word' id='word_1_189' title='bbox 2245 1045 2401 1098; x_wconf 88' lang='lat' dir='ltr'><strong>caro,</strong></span> <span class='ocrx_word' id='word_1_190' title='bbox 2433 1040 2488 1086; x_wconf 91' lang='lat' dir='ltr'><strong>et</strong></span> <span class='ocrx_word' id='word_1_191' title='bbox 2512 1031 2658 1087; x_wconf 89' lang='lat' dir='ltr'><strong>oculi</strong></span> <span class='ocrx_word' id='word_1_192' title='bbox 2688 1031 2958 1098; x_wconf 78' lang='lat' dir='ltr'><strong>detinent,</strong></span> <span class='ocrx_word' id='word_1_193' title='bbox 2983 1042 3039 1087; x_wconf 88' lang='lat' dir='ltr'><strong>et</strong></span> <span class='ocrx_word' id='word_1_194' title='bbox 3064 1032 3247 1104; x_wconf 80' lang='lat' dir='ltr'><strong>lingua</strong></span> <span class='ocrx_word' id='word_1_195' title='bbox 3281 1041 3578 1101; x_wconf 76' lang='lat' dir='ltr'><strong>putrescat.</strong></span> 
     </span>
    </p>
   </div>
   <div class='ocr_carea' id='block_1_26' title="bbox 2055 1123 3582 1201">
    <p class='ocr_par' dir='ltr' id='par_1_26' title="bbox 2055 1123 3582 1201">
     <span class='ocr_line' id='line_1_26' title="bbox 2055 1123 3582 1201; baseline 0.001 -22"><span class='ocrx_word' id='word_1_196' title='bbox 2055 1123 2236 1197; x_wconf 84' lang='lat' dir='ltr'><strong>(Vers.</strong></span> <span class='ocrx_word' id='word_1_197' title='bbox 2289 1125 2377 1193; x_wconf 75' lang='grc'><strong>18,</strong></span> <span class='ocrx_word' id='word_1_198' title='bbox 2430 1123 2544 1194; x_wconf 82' lang='grc'><strong>19.)</strong></span> <span class='ocrx_word' id='word_1_199' title='bbox 2594 1124 2748 1192; x_wconf 82' lang='lat' dir='ltr'><strong>Quod</strong></span> <span class='ocrx_word' id='word_1_200' title='bbox 2788 1134 2837 1178; x_wconf 91' lang='lat' dir='ltr'><strong>et</strong></span> <span class='ocrx_word' id='word_1_201' title='bbox 2882 1126 2927 1179; x_wconf 87' lang='lat' dir='ltr'><strong>si</strong></span> <span class='ocrx_word' id='word_1_202' title='bbox 2965 1126 3168 1196; x_wconf 80' lang='lat' dir='ltr'><strong>familia</strong></span> <span class='ocrx_word' id='word_1_203' title='bbox 3208 1125 3434 1201; x_wconf 38' lang='lat' dir='ltr'><strong>.‘Egypti</strong></span> <span class='ocrx_word' id='word_1_204' title='bbox 3477 1144 3582 1182; x_wconf 86' lang='lat' dir='ltr'><strong>non</strong></span> 
     </span>
    </p>
   </div>
   <div class='ocr_carea' id='block_1_27' title="bbox 1972 1213 3584 1285">
    <p class='ocr_par' dir='ltr' id='par_1_27' title="bbox 1972 1213 3584 1285">
     <span class='ocr_line' id='line_1_27' title="bbox 1972 1213 3584 1285; baseline 0.002 -16"><span class='ocrx_word' id='word_1_205' title='bbox 1972 1213 2285 1281; x_wconf 82' lang='lat' dir='ltr'><strong>ascenderit,</strong></span> <span class='ocrx_word' id='word_1_206' title='bbox 2321 1224 2370 1271; x_wconf 87' lang='lat' dir='ltr'><strong>et</strong></span> <span class='ocrx_word' id='word_1_207' title='bbox 2402 1232 2505 1269; x_wconf 89' lang='lat' dir='ltr'><strong>non</strong></span> <span class='ocrx_word' id='word_1_208' title='bbox 2536 1216 2729 1269; x_wconf 80' lang='lat' dir='ltr'><strong>venerit</strong></span> <span class='ocrx_word' id='word_1_209' title='bbox 2761 1230 2781 1270; x_wconf 89' lang='lat'><strong><em>:</em></strong></span> <span class='ocrx_word' id='word_1_210' title='bbox 2814 1232 2905 1270; x_wconf 89' lang='lat' dir='ltr'><strong>nec</strong></span> <span class='ocrx_word' id='word_1_211' title='bbox 2932 1232 3089 1283; x_wconf 88' lang='lat' dir='ltr'><strong>super</strong></span> <span class='ocrx_word' id='word_1_212' title='bbox 3117 1234 3203 1271; x_wconf 87' lang='lat' dir='ltr'><strong>eos</strong></span> <span class='ocrx_word' id='word_1_213' title='bbox 3226 1219 3345 1285; x_wconf 87' lang='lat' dir='ltr'><strong>erit,</strong></span> <span class='ocrx_word' id='word_1_214' title='bbox 3369 1218 3461 1272; x_wconf 87' lang='lat' dir='ltr'><strong>sed</strong></span> <span class='ocrx_word' id='word_1_215' title='bbox 3487 1220 3584 1273; x_wconf 84' lang='lat' dir='ltr'><strong>erit</strong></span> 
     </span>
    </p>
   </div>
   <div class='ocr_carea' id='block_1_28' title="bbox 1971 1306 3573 1382">
    <p class='ocr_par' dir='ltr' id='par_1_28' title="bbox 1971 1306 3573 1382">
     <span class='ocr_line' id='line_1_28' title="bbox 1971 1306 3573 1382; baseline 0.002 -22"><span class='ocrx_word' id='word_1_216' title='bbox 1971 1308 2124 1362; x_wconf 89' lang='lat' dir='ltr'><strong>ruina</strong></span> <span class='ocrx_word' id='word_1_217' title='bbox 2165 1324 2267 1378; x_wconf 89' lang='lat' dir='ltr'><strong>qua</strong></span> <span class='ocrx_word' id='word_1_218' title='bbox 2310 1307 2563 1379; x_wconf 85' lang='lat' dir='ltr'><strong>percutiet</strong></span> <span class='ocrx_word' id='word_1_219' title='bbox 2596 1306 2850 1362; x_wconf 86' lang='lat' dir='ltr'><strong>Dominus</strong></span> <span class='ocrx_word' id='word_1_220' title='bbox 2889 1323 3066 1364; x_wconf 84' lang='lat' dir='ltr'><strong>omnes</strong></span> <span class='ocrx_word' id='word_1_221' title='bbox 3094 1318 3293 1382; x_wconf 88' lang='lat' dir='ltr'><strong>gentes,</strong></span> <span class='ocrx_word' id='word_1_222' title='bbox 3326 1327 3440 1381; x_wconf 70' lang='lat' dir='ltr'><strong>qua:</strong></span> <span class='ocrx_word' id='word_1_223' title='bbox 3469 1328 3573 1366; x_wconf 90' lang='lat' dir='ltr'><strong>non</strong></span> 
     </span>
    </p>
   </div>
   <div class='ocr_carea' id='block_1_29' title="bbox 1971 1399 3573 1467">
    <p class='ocr_par' dir='ltr' id='par_1_29' title="bbox 1971 1399 3573 1467">
     <span class='ocr_line' id='line_1_29' title="bbox 1971 1399 3573 1467; baseline 0.003 -15"><span class='ocrx_word' id='word_1_224' title='bbox 1971 1399 2293 1454; x_wconf 85' lang='lat' dir='ltr'><strong>ascenderint</strong></span> <span class='ocrx_word' id='word_1_225' title='bbox 2328 1400 2397 1453; x_wconf 90' lang='lat' dir='ltr'><strong>ad</strong></span> <span class='ocrx_word' id='word_1_226' title='bbox 2427 1400 2786 1455; x_wconf 83' lang='lat' dir='ltr'><strong>celebrandam</strong></span> <span class='ocrx_word' id='word_1_227' title='bbox 2817 1402 3147 1467; x_wconf 75' lang='lat' dir='ltr'><strong>festivitatem</strong></span> <span class='ocrx_word' id='word_1_228' title='bbox 3188 1400 3573 1458; x_wconf 85' lang='lat' dir='ltr'><strong>Tabernacula-</strong></span> 
     </span>
    </p>
   </div>
   <div class='ocr_carea' id='block_1_30' title="bbox 1969 1491 3575 1565">
    <p class='ocr_par' dir='ltr' id='par_1_30' title="bbox 1969 1491 3575 1565">
     <span class='ocr_line' id='line_1_30' title="bbox 1969 1491 3575 1565; baseline 0.006 -22"><span class='ocrx_word' id='word_1_229' title='bbox 1969 1507 2106 1544; x_wconf 89' lang='lat' dir='ltr'><strong>rum.</strong></span> <span class='ocrx_word' id='word_1_230' title='bbox 2139 1491 2258 1546; x_wconf 85' lang='lat' dir='ltr'><strong>Hoc</strong></span> <span class='ocrx_word' id='word_1_231' title='bbox 2283 1493 2381 1547; x_wconf 84' lang='lat' dir='ltr'><strong>erit</strong></span> <span class='ocrx_word' id='word_1_232' title='bbox 2408 1502 2677 1564; x_wconf 87' lang='lat' dir='ltr'><strong>peccatum</strong></span> <span class='ocrx_word' id='word_1_233' title='bbox 2706 1493 2951 1565; x_wconf 79' lang='lat' dir='ltr'><strong>/Egypti,</strong></span> <span class='ocrx_word' id='word_1_234' title='bbox 2976 1493 3146 1548; x_wconf 86' lang='lat' dir='ltr'><strong>ethoc</strong></span> <span class='ocrx_word' id='word_1_235' title='bbox 3172 1505 3442 1563; x_wconf 85' lang='lat' dir='ltr'><strong>peccatum</strong></span> <span class='ocrx_word' id='word_1_236' title='bbox 3465 1513 3575 1552; x_wconf 88' lang='lat' dir='ltr'><strong>om-</strong></span> 
     </span>
    </p>
   </div>
   <div class='ocr_carea' id='block_1_31' title="bbox 1970 1585 3573 1659">
    <p class='ocr_par' dir='ltr' id='par_1_31' title="bbox 1970 1585 3573 1659">
     <span class='ocr_line' id='line_1_31' title="bbox 1970 1585 3573 1659; baseline 0.004 -20"><span class='ocrx_word' id='word_1_237' title='bbox 1970 1586 2113 1639; x_wconf 90' lang='lat' dir='ltr'><strong>nium</strong></span> <span class='ocrx_word' id='word_1_238' title='bbox 2155 1585 2402 1657; x_wconf 86' lang='lat' dir='ltr'><strong>gentium,</strong></span> <span class='ocrx_word' id='word_1_239' title='bbox 2445 1601 2563 1657; x_wconf 70' lang='lat' dir='ltr'><strong>quae</strong></span> <span class='ocrx_word' id='word_1_240' title='bbox 2603 1602 2705 1640; x_wconf 90' lang='lat' dir='ltr'><strong>non</strong></span> <span class='ocrx_word' id='word_1_241' title='bbox 2745 1587 3073 1659; x_wconf 85' lang='lat' dir='ltr'><strong>ascenderint</strong></span> <span class='ocrx_word' id='word_1_242' title='bbox 3099 1587 3169 1643; x_wconf 86' lang='lat' dir='ltr'><strong>ad</strong></span> <span class='ocrx_word' id='word_1_243' title='bbox 3208 1588 3573 1645; x_wconf 83' lang='lat' dir='ltr'><strong>celebrandam</strong></span> 
     </span>
    </p>
   </div>
   <div class='ocr_carea' id='block_1_32' title="bbox 1968 1678 3571 1759">
    <p class='ocr_par' dir='ltr' id='par_1_32' title="bbox 1968 1678 3571 1759">
     <span class='ocr_line' id='line_1_32' title="bbox 1968 1678 3571 1759; baseline 0.002 -26"><span class='ocrx_word' id='word_1_244' title='bbox 1968 1678 2293 1749; x_wconf 80' lang='lat' dir='ltr'><strong>festivitatem</strong></span> <span class='ocrx_word' id='word_1_245' title='bbox 2317 1678 2811 1736; x_wconf 87' lang='lat' dir='ltr'><strong>Tabernaculorum.</strong></span> <span class='ocrx_word' id='word_1_246' title='bbox 2844 1681 2989 1738; x_wconf 91' lang='lat' dir='ltr'><strong>LXX</strong></span> <span class='ocrx_word' id='word_1_247' title='bbox 3021 1701 3032 1736; x_wconf 91' lang='lat'><strong><em>:</em></strong></span> <span class='ocrx_word' id='word_1_248' title='bbox 3069 1683 3167 1739; x_wconf 89' lang='lat' dir='ltr'><strong>Sin</strong></span> <span class='ocrx_word' id='word_1_249' title='bbox 3196 1694 3368 1739; x_wconf 88' lang='lat' dir='ltr'><strong>autent</strong></span> <span class='ocrx_word' id='word_1_250' title='bbox 3399 1685 3571 1759; x_wconf 50' lang='lat' dir='ltr'><strong>[Egy-</strong></span> 
     </span>
    </p>
   </div>
   <div class='ocr_carea' id='block_1_33' title="bbox 251 1770 3567 1859">
    <p class='ocr_par' dir='ltr' id='par_1_33' title="bbox 251 1770 3567 1859">
     <span class='ocr_line' id='line_1_33' title="bbox 251 1770 3567 1859; baseline 0.003 -34"><span class='ocrx_word' id='word_1_251' title='bbox 251 1788 491 1845; x_wconf 66' lang='grc' dir='ltr'><strong>οσρηω.</strong></span> <span class='ocrx_word' id='word_1_252' title='bbox 528 1787 583 1843; x_wconf 74' lang='lat' dir='ltr'><strong>in</strong></span> <span class='ocrx_word' id='word_1_253' title='bbox 615 1802 842 1843; x_wconf 64' lang='lat' dir='ltr'><strong>munere</strong></span> <span class='ocrx_word' id='word_1_254' title='bbox 869 1784 1052 1859; x_wconf 71' lang='grc' dir='ltr'><em>(Μαει,</em></span> <span class='ocrx_word' id='word_1_255' title='bbox 1087 1801 1125 1840; x_wconf 74' lang='grc' dir='ltr'>ιι</span> <span class='ocrx_word' id='word_1_256' title='bbox 1148 1784 1192 1856; x_wconf 70' lang='grc'><strong>),</strong></span> <span class='ocrx_word' id='word_1_257' title='bbox 1220 1784 1289 1839; x_wconf 79' lang='grc' dir='ltr'>Ει</span> <span class='ocrx_word' id='word_1_258' title='bbox 1330 1785 1381 1838; x_wconf 68' lang='lat' dir='ltr'><strong>in</strong></span> <span class='ocrx_word' id='word_1_259' title='bbox 1408 1783 1574 1838; x_wconf 67' lang='lat' dir='ltr'><strong>ramis</strong></span> <span class='ocrx_word' id='word_1_260' title='bbox 1594 1822 1610 1849; x_wconf 62' lang='lat'><strong>,</strong></span> <span class='ocrx_word' id='word_1_261' title='bbox 1647 1780 1824 1851; x_wconf 55' lang='lat' dir='ltr'><strong>inquit</strong></span> <span class='ocrx_word' id='word_1_262' title='bbox 1844 1821 1858 1847; x_wconf 71' lang='grc'><em>,</em></span> <span class='ocrx_word' id='word_1_263' title='bbox 1889 1779 1938 1839; x_wconf 81' lang='grc' dir='ltr'><strong><em>Β</em></strong></span> <span class='ocrx_word' id='word_1_264' title='bbox 1966 1771 2041 1841; x_wconf 88' lang='lat' dir='ltr'><strong>pti</strong></span> <span class='ocrx_word' id='word_1_265' title='bbox 2082 1770 2241 1827; x_wconf 89' lang='lat' dir='ltr'><strong>tribus</strong></span> <span class='ocrx_word' id='word_1_266' title='bbox 2281 1788 2385 1825; x_wconf 91' lang='lat' dir='ltr'><strong>non</strong></span> <span class='ocrx_word' id='word_1_267' title='bbox 2428 1772 2738 1838; x_wconf 84' lang='lat' dir='ltr'><strong>ascenderit,</strong></span> <span class='ocrx_word' id='word_1_268' title='bbox 2772 1790 2865 1827; x_wconf 91' lang='lat' dir='ltr'><strong>nec</strong></span> <span class='ocrx_word' id='word_1_269' title='bbox 2896 1776 3087 1829; x_wconf 77' lang='lat' dir='ltr'><strong>venerit</strong></span> <span class='ocrx_word' id='word_1_270' title='bbox 3118 1774 3249 1831; x_wconf 90' lang='lat' dir='ltr'><strong>illnc</strong></span> <span class='ocrx_word' id='word_1_271' title='bbox 3280 1792 3298 1830; x_wconf 89' lang='lat'><strong><em>:</em></strong></span> <span class='ocrx_word' id='word_1_272' title='bbox 3331 1788 3379 1833; x_wconf 88' lang='lat' dir='ltr'><strong>et</strong></span> <span class='ocrx_word' id='word_1_273' title='bbox 3409 1795 3567 1848; x_wconf 86' lang='lat' dir='ltr'><strong>super</strong></span> 
     </span>
    </p>
   </div>
   <div class='ocr_carea' id='block_1_34' title="bbox 250 1876 1861 1952">
    <p class='ocr_par' dir='ltr' id='par_1_34' title="bbox 250 1876 1861 1952">
     <span class='ocr_line' id='line_1_34' title="bbox 250 1876 1861 1952; baseline -0.006 -15"><span class='ocrx_word' id='word_1_274' title='bbox 250 1881 445 1937; x_wconf 90' lang='lat' dir='ltr'><strong>salicis</strong></span> <span class='ocrx_word' id='word_1_275' title='bbox 478 1891 534 1938; x_wconf 91' lang='lat' dir='ltr'><strong>et</strong></span> <span class='ocrx_word' id='word_1_276' title='bbox 581 1882 797 1952; x_wconf 85' lang='lat' dir='ltr'><strong>populi,</strong></span> <span class='ocrx_word' id='word_1_277' title='bbox 845 1894 1006 1950; x_wconf 90' lang='lat' dir='ltr'><strong>quam</strong></span> <span class='ocrx_word' id='word_1_278' title='bbox 1038 1877 1263 1949; x_wconf 90' lang='lat' dir='ltr'><strong>quidam</strong></span> <span class='ocrx_word' id='word_1_279' title='bbox 1292 1892 1454 1932; x_wconf 89' lang='lat' dir='ltr'><strong>unam</strong></span> <span class='ocrx_word' id='word_1_280' title='bbox 1487 1876 1737 1933; x_wconf 87' lang='lat' dir='ltr'><strong>arborem</strong></span> <span class='ocrx_word' id='word_1_281' title='bbox 1762 1890 1861 1929; x_wconf 89' lang='lat' dir='ltr'><strong>vo-</strong></span> 
     </span>
    </p>
   </div>
   <div class='ocr_carea' id='block_1_35' title="bbox 249 1968 1863 2047">
    <p class='ocr_par' dir='ltr' id='par_1_35' title="bbox 249 1968 1863 2047">
     <span class='ocr_line' id='line_1_35' title="bbox 249 1968 1863 2047; baseline -0.005 -17"><span class='ocrx_word' id='word_1_282' title='bbox 249 1986 381 2031; x_wconf 86' lang='lat' dir='ltr'><strong>cant</strong></span> <span class='ocrx_word' id='word_1_283' title='bbox 417 1991 433 2037; x_wconf 86' lang='lat'><strong>;</strong></span> <span class='ocrx_word' id='word_1_284' title='bbox 470 1978 756 2047; x_wconf 88' lang='lat' dir='ltr'><strong>ipsumque</strong></span> <span class='ocrx_word' id='word_1_285' title='bbox 804 1974 931 2043; x_wconf 79' lang='lat' dir='ltr'><strong>ligni</strong></span> <span class='ocrx_word' id='word_1_286' title='bbox 976 1987 1176 2027; x_wconf 90' lang='lat' dir='ltr'><strong>nomen</strong></span> <span class='ocrx_word' id='word_1_287' title='bbox 1223 1970 1367 2041; x_wconf 89' lang='lat' dir='ltr'><strong>quod</strong></span> <span class='ocrx_word' id='word_1_288' title='bbox 1412 1968 1608 2026; x_wconf 66' lang='lat' dir='ltr'><strong>Graece</strong></span> <span class='ocrx_word' id='word_1_289' title='bbox 1660 1968 1863 2024; x_wconf 89' lang='lat' dir='ltr'><strong>dicitur</strong></span> 
     </span>
    </p>
   </div>
   <div class='ocr_carea' id='block_1_36' title="bbox 248 2062 1861 2145">
    <p class='ocr_par' dir='ltr' id='par_1_36' title="bbox 248 2062 1861 2145">
     <span class='ocr_line' id='line_1_36' title="bbox 248 2062 1861 2145; baseline -0.004 -19"><span class='ocrx_word' id='word_1_290' title='bbox 248 2068 430 2145; x_wconf 72' lang='grc' dir='ltr'><strong>ἁγνὸς.</strong></span> <span class='ocrx_word' id='word_1_291' title='bbox 467 2069 675 2125; x_wconf 86' lang='lat' dir='ltr'><strong>indicat</strong></span> <span class='ocrx_word' id='word_1_292' title='bbox 701 2069 1028 2123; x_wconf 87' lang='lat' dir='ltr'><strong>castitatem.</strong></span> <span class='ocrx_word' id='word_1_293' title='bbox 1060 2066 1229 2121; x_wconf 86' lang='lat' dir='ltr'><strong>Aiunt</strong></span> <span class='ocrx_word' id='word_1_294' title='bbox 1254 2064 1473 2131; x_wconf 89' lang='lat' dir='ltr'><strong>medici,</strong></span> <span class='ocrx_word' id='word_1_295' title='bbox 1505 2073 1560 2119; x_wconf 91' lang='lat' dir='ltr'><strong>et</strong></span> <span class='ocrx_word' id='word_1_296' title='bbox 1590 2064 1642 2119; x_wconf 88' lang='lat' dir='ltr'><strong>hi</strong></span> <span class='ocrx_word' id='word_1_297' title='bbox 1672 2065 1761 2135; x_wconf 92' lang='lat' dir='ltr'><strong>qui</strong></span> <span class='ocrx_word' id='word_1_298' title='bbox 1794 2062 1861 2119; x_wconf 90' lang='lat' dir='ltr'><strong>de</strong></span> 
     </span>
    </p>
   </div>
   <div class='ocr_carea' id='block_1_37' title="bbox 248 2158 1862 2231">
    <p class='ocr_par' dir='ltr' id='par_1_37' title="bbox 248 2158 1862 2231">
     <span class='ocr_line' id='line_1_37' title="bbox 248 2158 1862 2231; baseline -0.004 -12"><span class='ocrx_word' id='word_1_299' title='bbox 248 2164 517 2219; x_wconf 87' lang='lat' dir='ltr'><strong>arborum</strong></span> <span class='ocrx_word' id='word_1_300' title='bbox 548 2171 603 2219; x_wconf 91' lang='lat' dir='ltr'><strong>et</strong></span> <span class='ocrx_word' id='word_1_301' title='bbox 627 2163 922 2220; x_wconf 81' lang='lat' dir='ltr'><strong>herbarum</strong></span> <span class='ocrx_word' id='word_1_302' title='bbox 944 2162 1220 2231; x_wconf 89' lang='lat' dir='ltr'><strong>scripsere</strong></span> <span class='ocrx_word' id='word_1_303' title='bbox 1241 2159 1473 2223; x_wconf 87' lang='lat' dir='ltr'><strong>naturis,</strong></span> <span class='ocrx_word' id='word_1_304' title='bbox 1500 2159 1644 2231; x_wconf 90' lang='lat' dir='ltr'><strong>quod</strong></span> <span class='ocrx_word' id='word_1_305' title='bbox 1668 2162 1713 2213; x_wconf 88' lang='lat' dir='ltr'><strong>si</strong></span> <span class='ocrx_word' id='word_1_306' title='bbox 1740 2158 1862 2229; x_wconf 89' lang='lat' dir='ltr'><strong>quis</strong></span> 
     </span>
    </p>
   </div>
   <div class='ocr_carea' id='block_1_38' title="bbox 246 2252 1860 2328">
    <p class='ocr_par' dir='ltr' id='par_1_38' title="bbox 246 2252 1860 2328">
     <span class='ocr_line' id='line_1_38' title="bbox 246 2252 1860 2328; baseline -0.003 -16"><span class='ocrx_word' id='word_1_307' title='bbox 246 2256 447 2312; x_wconf 78' lang='lat' dir='ltr'><strong>florem</strong></span> <span class='ocrx_word' id='word_1_308' title='bbox 478 2257 681 2324; x_wconf 86' lang='lat' dir='ltr'><strong>salicis,</strong></span> <span class='ocrx_word' id='word_1_309' title='bbox 708 2257 823 2313; x_wconf 87' lang='lat' dir='ltr'><strong>sive</strong></span> <span class='ocrx_word' id='word_1_310' title='bbox 851 2256 964 2328; x_wconf 80' lang='grc' dir='ltr'><strong>[Αι.</strong></span> <span class='ocrx_word' id='word_1_311' title='bbox 1005 2254 1083 2327; x_wconf 90' lang='lat' dir='ltr'><strong>et]</strong></span> <span class='ocrx_word' id='word_1_312' title='bbox 1118 2254 1303 2325; x_wconf 88' lang='lat' dir='ltr'><strong>populi</strong></span> <span class='ocrx_word' id='word_1_313' title='bbox 1328 2253 1553 2309; x_wconf 81' lang='lat' dir='ltr'><strong>mixtum</strong></span> <span class='ocrx_word' id='word_1_314' title='bbox 1585 2267 1722 2323; x_wconf 88' lang='lat' dir='ltr'><strong>aqua</strong></span> <span class='ocrx_word' id='word_1_315' title='bbox 1750 2252 1860 2323; x_wconf 75' lang='lat' dir='ltr'><strong>[AL</strong></span> 
     </span>
    </p>
   </div>
   <div class='ocr_carea' id='block_1_39' title="bbox 246 2344 1862 2423">
    <p class='ocr_par' dir='ltr' id='par_1_39' title="bbox 246 2344 1862 2423">
     <span class='ocr_line' id='line_1_39' title="bbox 246 2344 1862 2423; baseline -0.004 -19"><span class='ocrx_word' id='word_1_316' title='bbox 246 2348 437 2423; x_wconf 84' lang='lat' dir='ltr'><strong>aquae]</strong></span> <span class='ocrx_word' id='word_1_317' title='bbox 466 2349 681 2417; x_wconf 87' lang='lat' dir='ltr'><strong>biberit,</strong></span> <span class='ocrx_word' id='word_1_318' title='bbox 704 2349 882 2405; x_wconf 89' lang='lat' dir='ltr'><strong>omnis</strong></span> <span class='ocrx_word' id='word_1_319' title='bbox 911 2349 967 2404; x_wconf 88' lang='lat' dir='ltr'><strong>in</strong></span> <span class='ocrx_word' id='word_1_320' title='bbox 988 2363 1054 2405; x_wconf 89' lang='lat' dir='ltr'><strong>eo</strong></span> <span class='ocrx_word' id='word_1_321' title='bbox 1075 2346 1331 2419; x_wconf 83' lang='lat' dir='ltr'><strong>frigescat</strong></span> <span class='ocrx_word' id='word_1_322' title='bbox 1351 2346 1521 2412; x_wconf 90' lang='lat' dir='ltr'><strong>calor,</strong></span> <span class='ocrx_word' id='word_1_323' title='bbox 1546 2356 1601 2402; x_wconf 92' lang='lat' dir='ltr'><strong>et</strong></span> <span class='ocrx_word' id='word_1_324' title='bbox 1624 2344 1862 2402; x_wconf 89' lang='lat' dir='ltr'><strong>libidinis</strong></span> 
     </span>
    </p>
   </div>
   <div class='ocr_carea' id='block_1_40' title="bbox 248 2437 1859 2512">
    <p class='ocr_par' dir='ltr' id='par_1_40' title="bbox 248 2437 1859 2512">
     <span class='ocr_line' id='line_1_40' title="bbox 248 2437 1859 2512; baseline -0.004 -14"><span class='ocrx_word' id='word_1_325' title='bbox 248 2457 394 2498; x_wconf 86' lang='lat' dir='ltr'><strong>vena</strong></span> <span class='ocrx_word' id='word_1_326' title='bbox 442 2443 714 2511; x_wconf 86' lang='lat' dir='ltr'><strong>siccetur,</strong></span> <span class='ocrx_word' id='word_1_327' title='bbox 748 2442 999 2512; x_wconf 89' lang='lat' dir='ltr'><strong>ultraque</strong></span> <span class='ocrx_word' id='word_1_328' title='bbox 1029 2440 1167 2496; x_wconf 85' lang='lat' dir='ltr'><strong>ﬁlios</strong></span> <span class='ocrx_word' id='word_1_329' title='bbox 1215 2453 1477 2510; x_wconf 81' lang='lat' dir='ltr'><strong>generare</strong></span> <span class='ocrx_word' id='word_1_330' title='bbox 1524 2452 1632 2494; x_wconf 93' lang='lat' dir='ltr'><strong>non</strong></span> <span class='ocrx_word' id='word_1_331' title='bbox 1672 2437 1859 2508; x_wconf 85' lang='lat' dir='ltr'><strong>possit.</strong></span> 
     </span>
    </p>
   </div>
   <div class='ocr_carea' id='block_1_41' title="bbox 247 2531 1864 2606">
    <p class='ocr_par' dir='ltr' id='par_1_41' title="bbox 247 2531 1864 2606">
     <span class='ocr_line' id='line_1_41' title="bbox 247 2531 1864 2606; baseline -0.004 -14"><span class='ocrx_word' id='word_1_332' title='bbox 247 2536 353 2606; x_wconf 87' lang='lat' dir='ltr'><strong>Qui</strong></span> <span class='ocrx_word' id='word_1_333' title='bbox 382 2537 569 2592; x_wconf 89' lang='lat' dir='ltr'><strong>talium</strong></span> <span class='ocrx_word' id='word_1_334' title='bbox 598 2536 855 2592; x_wconf 87' lang='lat' dir='ltr'><strong>arborum</strong></span> <span class='ocrx_word' id='word_1_335' title='bbox 887 2535 1053 2589; x_wconf 88' lang='lat' dir='ltr'><strong>ramis</strong></span> <span class='ocrx_word' id='word_1_336' title='bbox 1083 2540 1358 2605; x_wconf 87' lang='lat' dir='ltr'><strong>protectus</strong></span> <span class='ocrx_word' id='word_1_337' title='bbox 1378 2531 1579 2599; x_wconf 82' lang='lat' dir='ltr'><strong>fuerit,</strong></span> <span class='ocrx_word' id='word_1_338' title='bbox 1611 2540 1864 2586; x_wconf 85' lang='lat' dir='ltr'><strong>exerceat</strong></span> 
     </span>
    </p>
   </div>
   <div class='ocr_carea' id='block_1_42' title="bbox 247 2627 1864 2691">
    <p class='ocr_par' dir='ltr' id='par_1_42' title="bbox 247 2627 1864 2691">
     <span class='ocr_line' id='line_1_42' title="bbox 247 2627 1864 2691; baseline -0.006 -5"><span class='ocrx_word' id='word_1_339' title='bbox 247 2627 610 2686; x_wconf 75' lang='lat' dir='ltr'><strong>festivitatem</strong></span> <span class='ocrx_word' id='word_1_340' title='bbox 631 2627 1122 2691; x_wconf 85' lang='lat' dir='ltr'><strong>tabernaculorum,</strong></span> <span class='ocrx_word' id='word_1_341' title='bbox 1156 2635 1368 2683; x_wconf 83' lang='lat' dir='ltr'><strong>sextum</strong></span> <span class='ocrx_word' id='word_1_342' title='bbox 1400 2637 1642 2680; x_wconf 87' lang='lat' dir='ltr'><strong>mensem</strong></span> <span class='ocrx_word' id='word_1_343' title='bbox 1686 2632 1864 2677; x_wconf 89' lang='lat' dir='ltr'><strong>trans-</strong></span> 
     </span>
    </p>
   </div>
   <div class='ocr_carea' id='block_1_43' title="bbox 250 2714 1865 2793">
    <p class='ocr_par' dir='ltr' id='par_1_43' title="bbox 250 2714 1865 2793">
     <span class='ocr_line' id='line_1_43' title="bbox 250 2714 1865 2793; baseline -0.006 -15"><span class='ocrx_word' id='word_1_344' title='bbox 250 2722 396 2791; x_wconf 88' lang='lat' dir='ltr'><strong>iens,</strong></span> <span class='ocrx_word' id='word_1_345' title='bbox 431 2722 526 2793; x_wconf 90' lang='lat' dir='ltr'><strong>qui</strong></span> <span class='ocrx_word' id='word_1_346' title='bbox 554 2720 787 2778; x_wconf 82' lang='lat' dir='ltr'><strong>refertur</strong></span> <span class='ocrx_word' id='word_1_347' title='bbox 817 2720 883 2776; x_wconf 89' lang='lat' dir='ltr'><strong>ad</strong></span> <span class='ocrx_word' id='word_1_348' title='bbox 905 2717 1186 2788; x_wconf 90' lang='lat' dir='ltr'><strong>mundum,</strong></span> <span class='ocrx_word' id='word_1_349' title='bbox 1210 2728 1266 2773; x_wconf 90' lang='lat' dir='ltr'><strong>et</strong></span> <span class='ocrx_word' id='word_1_350' title='bbox 1293 2716 1525 2787; x_wconf 87' lang='lat' dir='ltr'><strong>septimo</strong></span> <span class='ocrx_word' id='word_1_351' title='bbox 1545 2730 1710 2786; x_wconf 80' lang='lat' dir='ltr'><strong>agens</strong></span> <span class='ocrx_word' id='word_1_352' title='bbox 1739 2714 1865 2768; x_wconf 87' lang='lat' dir='ltr'><strong>sab-</strong></span> 
     </span>
    </p>
   </div>
   <div class='ocr_carea' id='block_1_44' title="bbox 251 2808 1864 2885">
    <p class='ocr_par' dir='ltr' id='par_1_44' title="bbox 251 2808 1864 2885">
     <span class='ocr_line' id='line_1_44' title="bbox 251 2808 1864 2885; baseline -0.005 -14"><span class='ocrx_word' id='word_1_353' title='bbox 251 2814 443 2872; x_wconf 85' lang='lat' dir='ltr'><strong>batum</strong></span> <span class='ocrx_word' id='word_1_354' title='bbox 480 2814 792 2885; x_wconf 88' lang='lat' dir='ltr'><strong>spirituale,</strong></span> <span class='ocrx_word' id='word_1_355' title='bbox 826 2814 881 2869; x_wconf 90' lang='lat' dir='ltr'><strong>in</strong></span> <span class='ocrx_word' id='word_1_356' title='bbox 909 2811 1095 2883; x_wconf 89' lang='lat' dir='ltr'><strong>quinta</strong></span> <span class='ocrx_word' id='word_1_357' title='bbox 1123 2812 1333 2867; x_wconf 90' lang='lat' dir='ltr'><strong>decima</strong></span> <span class='ocrx_word' id='word_1_358' title='bbox 1365 2810 1455 2865; x_wconf 89' lang='lat' dir='ltr'><strong>die</strong></span> <span class='ocrx_word' id='word_1_359' title='bbox 1487 2810 1692 2865; x_wconf 89' lang='lat' dir='ltr'><strong>mensis</strong></span> <span class='ocrx_word' id='word_1_360' title='bbox 1720 2808 1864 2879; x_wconf 88' lang='lat' dir='ltr'><strong>ejus-</strong></span> 
     </span>
    </p>
   </div>
   <div class='ocr_carea' id='block_1_45' title="bbox 251 2904 1862 2976">
    <p class='ocr_par' dir='ltr' id='par_1_45' title="bbox 251 2904 1862 2976">
     <span class='ocr_line' id='line_1_45' title="bbox 251 2904 1862 2976; baseline -0.004 -12"><span class='ocrx_word' id='word_1_361' title='bbox 251 2908 377 2964; x_wconf 90' lang='lat' dir='ltr'><strong>dem</strong></span> <span class='ocrx_word' id='word_1_362' title='bbox 400 2950 416 2975; x_wconf 93' lang='lat'><strong>,</strong></span> <span class='ocrx_word' id='word_1_363' title='bbox 462 2906 679 2973; x_wconf 86' lang='lat' dir='ltr'><strong>quando</strong></span> <span class='ocrx_word' id='word_1_364' title='bbox 709 2906 882 2963; x_wconf 89' lang='lat' dir='ltr'><strong>noctis</strong></span> <span class='ocrx_word' id='word_1_365' title='bbox 916 2906 1044 2961; x_wconf 91' lang='lat' dir='ltr'><strong>luna</strong></span> <span class='ocrx_word' id='word_1_366' title='bbox 1073 2904 1385 2976; x_wconf 85' lang='lat' dir='ltr'><strong>plenissima</strong></span> <span class='ocrx_word' id='word_1_367' title='bbox 1428 2912 1541 2971; x_wconf 77' lang='lat' dir='ltr'><strong>est,</strong></span> <span class='ocrx_word' id='word_1_368' title='bbox 1590 2912 1645 2958; x_wconf 86' lang='lat' dir='ltr'><strong>et</strong></span> <span class='ocrx_word' id='word_1_369' title='bbox 1673 2918 1862 2958; x_wconf 91' lang='lat' dir='ltr'><strong>omnes</strong></span> 
     </span>
    </p>
   </div>
   <div class='ocr_carea' id='block_1_46' title="bbox 252 2993 1863 3071">
    <p class='ocr_par' dir='ltr' id='par_1_46' title="bbox 252 2993 1863 3071">
     <span class='ocr_line' id='line_1_46' title="bbox 252 2993 1863 3071; baseline -0.004 -15"><span class='ocrx_word' id='word_1_370' title='bbox 252 3000 374 3071; x_wconf 90' lang='lat' dir='ltr'><strong>ejus</strong></span> <span class='ocrx_word' id='word_1_371' title='bbox 403 2999 645 3056; x_wconf 67' lang='lat' dir='ltr'><strong>tenebrae</strong></span> <span class='ocrx_word' id='word_1_372' title='bbox 666 2998 814 3054; x_wconf 88' lang='lat' dir='ltr'><strong>claro</strong></span> <span class='ocrx_word' id='word_1_373' title='bbox 838 2998 1046 3054; x_wconf 91' lang='lat' dir='ltr'><strong>lumine</strong></span> <span class='ocrx_word' id='word_1_374' title='bbox 1067 2995 1440 3053; x_wconf 78' lang='lat' dir='ltr'><strong>resolvuntur.</strong></span> <span class='ocrx_word' id='word_1_375' title='bbox 1471 2995 1597 3050; x_wconf 63' lang='lat' dir='ltr'><strong>llaec</strong></span> <span class='ocrx_word' id='word_1_376' title='bbox 1627 2993 1863 3050; x_wconf 87' lang='lat' dir='ltr'><strong>breviter</strong></span> 
     </span>
    </p>
   </div>
   <div class='ocr_carea' id='block_1_47' title="bbox 252 3087 1862 3163">
    <p class='ocr_par' dir='ltr' id='par_1_47' title="bbox 252 3087 1862 3163">
     <span class='ocr_line' id='line_1_47' title="bbox 252 3087 1862 3163; baseline -0.006 -13"><span class='ocrx_word' id='word_1_377' title='bbox 252 3093 522 3163; x_wconf 80' lang='lat' dir='ltr'><strong>diximus,</strong></span> <span class='ocrx_word' id='word_1_378' title='bbox 547 3094 676 3150; x_wconf 89' lang='lat' dir='ltr'><strong>olim</strong></span> <span class='ocrx_word' id='word_1_379' title='bbox 700 3092 883 3147; x_wconf 90' lang='lat' dir='ltr'><strong>animo</strong></span> <span class='ocrx_word' id='word_1_380' title='bbox 906 3090 1340 3161; x_wconf 86' lang='lat' dir='ltr'><strong>contemplantes</strong></span> <span class='ocrx_word' id='word_1_381' title='bbox 1367 3089 1628 3144; x_wconf 90' lang='lat' dir='ltr'><strong>librorum</strong></span> <span class='ocrx_word' id='word_1_382' title='bbox 1655 3087 1862 3158; x_wconf 81' lang='lat' dir='ltr'><strong>magni-</strong></span> 
     </span>
    </p>
   </div>
   <div class='ocr_carea' id='block_1_48' title="bbox 256 3185 1360 3256">
    <p class='ocr_par' dir='ltr' id='par_1_48' title="bbox 256 3185 1360 3256">
     <span class='ocr_line' id='line_1_48' title="bbox 256 3185 1360 3256; baseline -0.005 -13"><span class='ocrx_word' id='word_1_383' title='bbox 256 3187 505 3244; x_wconf 89' lang='lat' dir='ltr'><strong>tudinem</strong></span> <span class='ocrx_word' id='word_1_384' title='bbox 527 3229 543 3255; x_wconf 93' lang='lat'><strong>,</strong></span> <span class='ocrx_word' id='word_1_385' title='bbox 576 3194 636 3242; x_wconf 90' lang='lat' dir='ltr'><strong>ut</strong></span> <span class='ocrx_word' id='word_1_386' title='bbox 658 3185 727 3242; x_wconf 86' lang='lat' dir='ltr'><strong>ad</strong></span> <span class='ocrx_word' id='word_1_387' title='bbox 756 3185 961 3256; x_wconf 87' lang='lat' dir='ltr'><strong>reliqua</strong></span> <span class='ocrx_word' id='word_1_388' title='bbox 1000 3194 1360 3240; x_wconf 87' lang='lat' dir='ltr'><strong>transeamus.</strong></span> 
     </span>
    </p>
   </div>
   <div class='ocr_carea' id='block_1_49' title="bbox 330 3275 1865 3353">
    <p class='ocr_par' dir='ltr' id='par_1_49' title="bbox 330 3275 1865 3353">
     <span class='ocr_line' id='line_1_49' title="bbox 330 3275 1865 3353; baseline -0.002 -20"><span class='ocrx_word' id='word_1_389' title='bbox 330 3280 521 3353; x_wconf 79' lang='lat' dir='ltr'><strong>(Vers.</strong></span> <span class='ocrx_word' id='word_1_390' title='bbox 558 3278 670 3350; x_wconf 80' lang='grc'><strong>17.)</strong></span> <span class='ocrx_word' id='word_1_391' title='bbox 700 3276 767 3333; x_wconf 85' lang='lat' dir='ltr'><strong>Et</strong></span> <span class='ocrx_word' id='word_1_392' title='bbox 789 3278 922 3347; x_wconf 86' lang='lat' dir='ltr'><strong>erit,</strong></span> <span class='ocrx_word' id='word_1_393' title='bbox 955 3278 1047 3350; x_wconf 90' lang='lat' dir='ltr'><strong>qui</strong></span> <span class='ocrx_word' id='word_1_394' title='bbox 1072 3294 1175 3332; x_wconf 87' lang='lat' dir='ltr'><strong>non</strong></span> <span class='ocrx_word' id='word_1_395' title='bbox 1203 3275 1531 3332; x_wconf 88' lang='lat' dir='ltr'><strong>ascenderint</strong></span> <span class='ocrx_word' id='word_1_396' title='bbox 1560 3276 1625 3330; x_wconf 87' lang='lat' dir='ltr'><strong>de</strong></span> <span class='ocrx_word' id='word_1_397' title='bbox 1644 3275 1865 3347; x_wconf 79' lang='lat' dir='ltr'><strong>familiis</strong></span> 
     </span>
    </p>
   </div>
   <div class='ocr_carea' id='block_1_50' title="bbox 255 3366 1866 3440">
    <p class='ocr_par' dir='ltr' id='par_1_50' title="bbox 255 3366 1866 3440">
     <span class='ocr_line' id='line_1_50' title="bbox 255 3366 1866 3440; baseline -0.002 -15"><span class='ocrx_word' id='word_1_398' title='bbox 255 3380 411 3429; x_wconf 76' lang='lat' dir='ltr'><strong>terra:</strong></span> <span class='ocrx_word' id='word_1_399' title='bbox 440 3370 510 3424; x_wconf 89' lang='lat' dir='ltr'><strong>ad</strong></span> <span class='ocrx_word' id='word_1_400' title='bbox 532 3369 849 3439; x_wconf 82' lang='lat' dir='ltr'><strong>Jerusalem,</strong></span> <span class='ocrx_word' id='word_1_401' title='bbox 874 3380 932 3424; x_wconf 91' lang='lat' dir='ltr'><strong>ut</strong></span> <span class='ocrx_word' id='word_1_402' title='bbox 958 3374 1175 3424; x_wconf 87' lang='lat' dir='ltr'><strong>adorent</strong></span> <span class='ocrx_word' id='word_1_403' title='bbox 1201 3385 1376 3440; x_wconf 84' lang='lat' dir='ltr'><strong>regem</strong></span> <span class='ocrx_word' id='word_1_404' title='bbox 1414 3366 1695 3423; x_wconf 88' lang='lat' dir='ltr'><strong>Dominum</strong></span> <span class='ocrx_word' id='word_1_405' title='bbox 1721 3384 1866 3423; x_wconf 79' lang='lat' dir='ltr'><strong>exer—</strong></span> 
     </span>
    </p>
   </div>
   <div class='ocr_carea' id='block_1_51' title="bbox 258 3461 1865 3533">
    <p class='ocr_par' dir='ltr' id='par_1_51' title="bbox 258 3461 1865 3533">
     <span class='ocr_line' id='line_1_51' title="bbox 258 3461 1865 3533; baseline -0.002 -13"><span class='ocrx_word' id='word_1_406' title='bbox 258 3466 494 3533; x_wconf 84' lang='lat' dir='ltr'><strong>cituum,</strong></span> <span class='ocrx_word' id='word_1_407' title='bbox 526 3481 629 3520; x_wconf 88' lang='lat' dir='ltr'><strong>non</strong></span> <span class='ocrx_word' id='word_1_408' title='bbox 657 3465 755 3520; x_wconf 89' lang='lat' dir='ltr'><strong>erit</strong></span> <span class='ocrx_word' id='word_1_409' title='bbox 780 3479 939 3533; x_wconf 85' lang='lat' dir='ltr'><strong>super</strong></span> <span class='ocrx_word' id='word_1_410' title='bbox 969 3479 1055 3518; x_wconf 84' lang='lat' dir='ltr'><strong>eos</strong></span> <span class='ocrx_word' id='word_1_411' title='bbox 1084 3463 1262 3517; x_wconf 84' lang='lat' dir='ltr'><strong>imber.</strong></span> <span class='ocrx_word' id='word_1_412' title='bbox 1301 3461 1445 3518; x_wconf 88' lang='lat' dir='ltr'><strong>LXX</strong></span> <span class='ocrx_word' id='word_1_413' title='bbox 1477 3480 1491 3517; x_wconf 87' lang='lat'><strong>:</strong></span> <span class='ocrx_word' id='word_1_414' title='bbox 1530 3461 1593 3515; x_wconf 81' lang='lat' dir='ltr'><strong>Et</strong></span> <span class='ocrx_word' id='word_1_415' title='bbox 1620 3461 1744 3526; x_wconf 91' lang='lat' dir='ltr'><strong>erit,</strong></span> <span class='ocrx_word' id='word_1_416' title='bbox 1777 3462 1865 3532; x_wconf 88' lang='lat' dir='ltr'><strong>qui</strong></span> 
     </span>
    </p>
   </div>
   <div class='ocr_carea' id='block_1_52' title="bbox 257 3553 1867 3628">
    <p class='ocr_par' dir='ltr' id='par_1_52' title="bbox 257 3553 1867 3628">
     <span class='ocr_line' id='line_1_52' title="bbox 257 3553 1867 3628; baseline -0.002 -15"><span class='ocrx_word' id='word_1_417' title='bbox 257 3573 363 3613; x_wconf 90' lang='lat' dir='ltr'><strong>non</strong></span> <span class='ocrx_word' id='word_1_418' title='bbox 403 3558 735 3612; x_wconf 86' lang='lat' dir='ltr'><strong>ascenderint</strong></span> <span class='ocrx_word' id='word_1_419' title='bbox 778 3556 843 3610; x_wconf 90' lang='lat' dir='ltr'><strong>de</strong></span> <span class='ocrx_word' id='word_1_420' title='bbox 874 3556 1091 3628; x_wconf 81' lang='lat' dir='ltr'><strong>familiis</strong></span> <span class='ocrx_word' id='word_1_421' title='bbox 1133 3565 1283 3610; x_wconf 79' lang='lat' dir='ltr'><strong>terrte</strong></span> <span class='ocrx_word' id='word_1_422' title='bbox 1327 3555 1397 3608; x_wconf 89' lang='lat' dir='ltr'><strong>ad</strong></span> <span class='ocrx_word' id='word_1_423' title='bbox 1439 3553 1776 3623; x_wconf 84' lang='lat' dir='ltr'><strong>Jerusalem,</strong></span> <span class='ocrx_word' id='word_1_424' title='bbox 1812 3566 1867 3610; x_wconf 88' lang='lat' dir='ltr'><strong>ut</strong></span> 
     </span>
    </p>
   </div>
   <div class='ocr_carea' id='block_1_53' title="bbox 259 3646 1867 3725">
    <p class='ocr_par' dir='ltr' id='par_1_53' title="bbox 259 3646 1867 3725">
     <span class='ocr_line' id='line_1_53' title="bbox 259 3646 1867 3725; baseline 0 -23"><span class='ocrx_word' id='word_1_425' title='bbox 259 3649 487 3703; x_wconf 85' lang='lat' dir='ltr'><strong>adorent</strong></span> <span class='ocrx_word' id='word_1_426' title='bbox 527 3664 697 3719; x_wconf 86' lang='lat' dir='ltr'><strong>regem</strong></span> <span class='ocrx_word' id='word_1_427' title='bbox 728 3646 1015 3703; x_wconf 87' lang='lat' dir='ltr'><strong>Dominum</strong></span> <span class='ocrx_word' id='word_1_428' title='bbox 1059 3649 1491 3725; x_wconf 70' lang='lat' dir='ltr'><strong>omnipotentem,</strong></span> <span class='ocrx_word' id='word_1_429' title='bbox 1538 3658 1587 3703; x_wconf 90' lang='lat' dir='ltr'><strong>et</strong></span> <span class='ocrx_word' id='word_1_430' title='bbox 1628 3648 1717 3702; x_wconf 86' lang='lat' dir='ltr'><strong>isti</strong></span> <span class='ocrx_word' id='word_1_431' title='bbox 1757 3647 1867 3702; x_wconf 84' lang='lat' dir='ltr'><strong>illis</strong></span> 
     </span>
    </p>
   </div>
   <div class='ocr_carea' id='block_1_54' title="bbox 259 3739 1863 3814">
    <p class='ocr_par' dir='ltr' id='par_1_54' title="bbox 259 3739 1863 3814">
     <span class='ocr_line' id='line_1_54' title="bbox 259 3739 1863 3814; baseline -0.001 -19"><span class='ocrx_word' id='word_1_432' title='bbox 259 3751 618 3814; x_wconf 83' lang='lat' dir='ltr'><strong>apponetttur.</strong></span> <span class='ocrx_word' id='word_1_433' title='bbox 649 3741 755 3796; x_wconf 86' lang='lat' dir='ltr'><strong>Pro</strong></span> <span class='ocrx_word' id='word_1_434' title='bbox 786 3756 852 3796; x_wconf 89' lang='lat' dir='ltr'><strong>eo</strong></span> <span class='ocrx_word' id='word_1_435' title='bbox 878 3739 1021 3811; x_wconf 90' lang='lat' dir='ltr'><strong>quod</strong></span> <span class='ocrx_word' id='word_1_436' title='bbox 1051 3740 1405 3812; x_wconf 82' lang='lat' dir='ltr'><strong>Septuaginta</strong></span> <span class='ocrx_word' id='word_1_437' title='bbox 1437 3741 1863 3809; x_wconf 90' lang='lat' dir='ltr'><strong>transtulerunt,</strong></span> 
     </span>
    </p>
   </div>
   <div class='ocr_carea' id='block_1_55' title="bbox 261 3831 1868 3905">
    <p class='ocr_par' dir='ltr' id='par_1_55' title="bbox 261 3831 1868 3905">
     <span class='ocr_line' id='line_1_55' title="bbox 261 3831 1868 3905; baseline 0.001 -17"><span class='ocrx_word' id='word_1_438' title='bbox 261 3845 311 3888; x_wconf 87' lang='lat' dir='ltr'><strong>et</strong></span> <span class='ocrx_word' id='word_1_439' title='bbox 331 3836 417 3889; x_wconf 85' lang='lat' dir='ltr'><strong>isti</strong></span> <span class='ocrx_word' id='word_1_440' title='bbox 446 3832 555 3889; x_wconf 86' lang='lat' dir='ltr'><strong>illis</strong></span> <span class='ocrx_word' id='word_1_441' title='bbox 577 3842 902 3905; x_wconf 83' lang='lat' dir='ltr'><strong>opponentur</strong></span> <span class='ocrx_word' id='word_1_442' title='bbox 924 3876 939 3901; x_wconf 92' lang='lat'><strong>,</strong></span> <span class='ocrx_word' id='word_1_443' title='bbox 967 3832 1021 3887; x_wconf 90' lang='lat' dir='ltr'><strong>in</strong></span> <span class='ocrx_word' id='word_1_444' title='bbox 1049 3832 1318 3888; x_wconf 82' lang='lat' dir='ltr'><strong>Hebraico</strong></span> <span class='ocrx_word' id='word_1_445' title='bbox 1339 3831 1601 3903; x_wconf 87' lang='lat' dir='ltr'><strong>scriptum</strong></span> <span class='ocrx_word' id='word_1_446' title='bbox 1633 3842 1735 3897; x_wconf 86' lang='lat' dir='ltr'><strong>est,</strong></span> <span class='ocrx_word' id='word_1_447' title='bbox 1767 3848 1868 3892; x_wconf 77' lang='grc' dir='ltr'><strong>ι]ιο</strong></span> 
     </span>
    </p>
   </div>
   <div class='ocr_carea' id='block_1_56' title="bbox 261 3923 1870 3996">
    <p class='ocr_par' dir='ltr' id='par_1_56' title="bbox 261 3923 1870 3996">
     <span class='ocr_line' id='line_1_56' title="bbox 261 3923 1870 3996; baseline -0.003 -12"><span class='ocrx_word' id='word_1_448' title='bbox 261 3942 488 3985; x_wconf 64' lang='lat' dir='ltr'><strong>unum</strong></span> <span class='ocrx_word' id='word_1_449' title='bbox 531 3938 552 3965; x_wconf 82' lang='grc' dir='ltr'><strong>ο</strong></span> <span class='ocrx_word' id='word_1_450' title='bbox 583 3941 675 3981; x_wconf 79' lang='lat' dir='ltr'><strong>EJE</strong></span> <span class='ocrx_word' id='word_1_451' title='bbox 705 3940 911 3993; x_wconf 74' lang='lat' dir='ltr'><strong>GESEI,</strong></span> <span class='ocrx_word' id='word_1_452' title='bbox 943 3923 1085 3995; x_wconf 89' lang='lat' dir='ltr'><strong>quod</strong></span> <span class='ocrx_word' id='word_1_453' title='bbox 1110 3924 1298 3995; x_wconf 85' lang='lat' dir='ltr'><strong>Aquila</strong></span> <span class='ocrx_word' id='word_1_454' title='bbox 1332 3933 1387 3980; x_wconf 90' lang='lat' dir='ltr'><strong>et</strong></span> <span class='ocrx_word' id='word_1_455' title='bbox 1413 3923 1769 3996; x_wconf 85' lang='lat' dir='ltr'><strong>Symmachus</strong></span> <span class='ocrx_word' id='word_1_456' title='bbox 1815 3932 1870 3980; x_wconf 87' lang='lat' dir='ltr'><strong>et</strong></span> 
     </span>
    </p>
   </div>
   <div class='ocr_carea' id='block_1_57' title="bbox 263 4018 1869 4090">
    <p class='ocr_par' dir='ltr' id='par_1_57' title="bbox 263 4018 1869 4090">
     <span class='ocr_line' id='line_1_57' title="bbox 263 4018 1869 4090; baseline -0.003 -13"><span class='ocrx_word' id='word_1_457' title='bbox 263 4020 575 4078; x_wconf 86' lang='lat' dir='ltr'><strong>Theodotio</strong></span> <span class='ocrx_word' id='word_1_458' title='bbox 604 4020 857 4075; x_wconf 87' lang='lat' dir='ltr'><strong>similiter</strong></span> <span class='ocrx_word' id='word_1_459' title='bbox 889 4018 1234 4090; x_wconf 88' lang='lat' dir='ltr'><strong>interpretati</strong></span> <span class='ocrx_word' id='word_1_460' title='bbox 1265 4028 1423 4088; x_wconf 90' lang='lat' dir='ltr'><strong>sunt,</strong></span> <span class='ocrx_word' id='word_1_461' title='bbox 1451 4030 1498 4074; x_wconf 88' lang='lat' dir='ltr'><strong>et</strong></span> <span class='ocrx_word' id='word_1_462' title='bbox 1528 4036 1631 4074; x_wconf 90' lang='lat' dir='ltr'><strong>non</strong></span> <span class='ocrx_word' id='word_1_463' title='bbox 1660 4020 1755 4073; x_wconf 85' lang='lat' dir='ltr'><strong>erit</strong></span> <span class='ocrx_word' id='word_1_464' title='bbox 1780 4035 1869 4073; x_wconf 90' lang='lat' dir='ltr'><strong>su-</strong></span> 
     </span>
    </p>
   </div>
   <div class='ocr_carea' id='block_1_58' title="bbox 261 4114 1868 4191">
    <p class='ocr_par' dir='ltr' id='par_1_58' title="bbox 261 4114 1868 4191">
     <span class='ocr_line' id='line_1_58' title="bbox 261 4114 1868 4191; baseline -0.001 -18"><span class='ocrx_word' id='word_1_465' title='bbox 261 4133 357 4191; x_wconf 85' lang='lat' dir='ltr'><strong>per</strong></span> <span class='ocrx_word' id='word_1_466' title='bbox 384 4133 473 4171; x_wconf 87' lang='lat' dir='ltr'><strong>eos</strong></span> <span class='ocrx_word' id='word_1_467' title='bbox 497 4116 678 4170; x_wconf 84' lang='lat' dir='ltr'><strong>imber.</strong></span> <span class='ocrx_word' id='word_1_468' title='bbox 724 4114 1217 4171; x_wconf 85' lang='lat' dir='ltr'><strong>Ecclesia-Domini</strong></span> <span class='ocrx_word' id='word_1_469' title='bbox 1245 4114 1373 4171; x_wconf 88' lang='lat' dir='ltr'><strong>Jesu</strong></span> <span class='ocrx_word' id='word_1_470' title='bbox 1417 4115 1723 4186; x_wconf 88' lang='lat' dir='ltr'><strong>appellatur</strong></span> <span class='ocrx_word' id='word_1_471' title='bbox 1750 4129 1868 4171; x_wconf 79' lang='lat' dir='ltr'><strong>coe-</strong></span> 
     </span>
    </p>
   </div>
   <div class='ocr_carea' id='block_1_59' title="bbox 264 4209 1871 4283">
    <p class='ocr_par' dir='ltr' id='par_1_59' title="bbox 264 4209 1871 4283">
     <span class='ocr_line' id='line_1_59' title="bbox 264 4209 1871 4283; baseline -0.004 -13"><span class='ocrx_word' id='word_1_472' title='bbox 264 4214 425 4273; x_wconf 90' lang='lat' dir='ltr'><strong>lestis</strong></span> <span class='ocrx_word' id='word_1_473' title='bbox 451 4212 776 4275; x_wconf 82' lang='lat' dir='ltr'><strong>Jerusalem,</strong></span> <span class='ocrx_word' id='word_1_474' title='bbox 806 4211 874 4267; x_wconf 89' lang='lat' dir='ltr'><strong>de</strong></span> <span class='ocrx_word' id='word_1_475' title='bbox 904 4226 1009 4283; x_wconf 88' lang='lat' dir='ltr'><strong>qua</strong></span> <span class='ocrx_word' id='word_1_476' title='bbox 1036 4210 1329 4281; x_wconf 81' lang='lat' dir='ltr'><strong>Apostolus</strong></span> <span class='ocrx_word' id='word_1_477' title='bbox 1354 4209 1543 4266; x_wconf 88' lang='lat' dir='ltr'><strong>scribit</strong></span> <span class='ocrx_word' id='word_1_478' title='bbox 1577 4226 1589 4263; x_wconf 90' lang='lat'><strong>:</strong></span> <span class='ocrx_word' id='word_1_479' title='bbox 1621 4211 1750 4277; x_wconf 64' lang='lat' dir='ltr'><strong>Quae</strong></span> <span class='ocrx_word' id='word_1_480' title='bbox 1774 4226 1871 4263; x_wconf 92' lang='lat' dir='ltr'><strong>au-</strong></span> 
     </span>
    </p>
   </div>
   <div class='ocr_carea' id='block_1_60' title="bbox 267 4302 1871 4376">
    <p class='ocr_par' dir='ltr' id='par_1_60' title="bbox 267 4302 1871 4376">
     <span class='ocr_line' id='line_1_60' title="bbox 267 4302 1871 4376; baseline -0.006 -12"><span class='ocrx_word' id='word_1_481' title='bbox 267 4316 370 4364; x_wconf 83' lang='lat' dir='ltr'><strong>tem</strong></span> <span class='ocrx_word' id='word_1_482' title='bbox 415 4322 621 4361; x_wconf 85' lang='lat' dir='ltr'><strong>sursum</strong></span> <span class='ocrx_word' id='word_1_483' title='bbox 660 4314 735 4360; x_wconf 89' lang='lat' dir='ltr'><strong>est</strong></span> <span class='ocrx_word' id='word_1_484' title='bbox 757 4302 1083 4372; x_wconf 82' lang='lat' dir='ltr'><strong>Jerusalem,</strong></span> <span class='ocrx_word' id='word_1_485' title='bbox 1115 4303 1278 4359; x_wconf 88' lang='lat' dir='ltr'><strong>libera</strong></span> <span class='ocrx_word' id='word_1_486' title='bbox 1319 4314 1424 4371; x_wconf 86' lang='lat' dir='ltr'><strong>est,</strong></span> <span class='ocrx_word' id='word_1_487' title='bbox 1450 4320 1566 4376; x_wconf 69' lang='lat' dir='ltr'><strong>qua:</strong></span> <span class='ocrx_word' id='word_1_488' title='bbox 1592 4312 1667 4358; x_wconf 85' lang='lat' dir='ltr'><strong>est</strong></span> <span class='ocrx_word' id='word_1_489' title='bbox 1709 4312 1871 4357; x_wconf 91' lang='lat' dir='ltr'><strong>mater</strong></span> 
     </span>
    </p>
   </div>
   <div class='ocr_carea' id='block_1_61' title="bbox 266 4396 1870 4469">
    <p class='ocr_par' dir='ltr' id='par_1_61' title="bbox 266 4396 1870 4469">
     <span class='ocr_line' id='line_1_61' title="bbox 266 4396 1870 4469; baseline -0.004 -13"><span class='ocrx_word' id='word_1_490' title='bbox 266 4401 501 4456; x_wconf 88' lang='lat' dir='ltr'><strong>omnium</strong></span> <span class='ocrx_word' id='word_1_491' title='bbox 546 4408 779 4453; x_wconf 89' lang='lat' dir='ltr'><strong>nostrum</strong></span> <span class='ocrx_word' id='word_1_492' title='bbox 825 4396 1027 4467; x_wconf 86' lang='lat' dir='ltr'><strong>(Galat.</strong></span> <span class='ocrx_word' id='word_1_493' title='bbox 1063 4414 1135 4463; x_wconf 88' lang='lat' dir='ltr'><strong>tv,</strong></span> <span class='ocrx_word' id='word_1_494' title='bbox 1164 4396 1292 4469; x_wconf 71' lang='lat'><strong>26);</strong></span> <span class='ocrx_word' id='word_1_495' title='bbox 1325 4406 1381 4453; x_wconf 89' lang='lat' dir='ltr'><strong>et</strong></span> <span class='ocrx_word' id='word_1_496' title='bbox 1413 4414 1425 4450; x_wconf 89' lang='lat'>:</span> <span class='ocrx_word' id='word_1_497' title='bbox 1456 4397 1757 4452; x_wconf 84' lang='lat' dir='ltr'><strong>Accessistis</strong></span> <span class='ocrx_word' id='word_1_498' title='bbox 1800 4398 1870 4450; x_wconf 89' lang='lat' dir='ltr'><strong>ad</strong></span> 
     </span>
    </p>
   </div>
   <div class='ocr_carea' id='block_1_62' title="bbox 268 4488 1866 4561">
    <p class='ocr_par' dir='ltr' id='par_1_62' title="bbox 268 4488 1866 4561">
     <span class='ocr_line' id='line_1_62' title="bbox 268 4488 1866 4561; baseline -0.004 -12"><span class='ocrx_word' id='word_1_499' title='bbox 268 4491 400 4549; x_wconf 86' lang='lat' dir='ltr'><strong>Sion</strong></span> <span class='ocrx_word' id='word_1_500' title='bbox 432 4501 688 4558; x_wconf 89' lang='lat' dir='ltr'><strong>montem,</strong></span> <span class='ocrx_word' id='word_1_501' title='bbox 711 4498 759 4544; x_wconf 90' lang='lat' dir='ltr'><strong>et</strong></span> <span class='ocrx_word' id='word_1_502' title='bbox 785 4489 949 4561; x_wconf 77' lang='lat'><strong>933</strong></span> <span class='ocrx_word' id='word_1_503' title='bbox 973 4490 1225 4544; x_wconf 79' lang='lat' dir='ltr'><strong>civitatem</strong></span> <span class='ocrx_word' id='word_1_504' title='bbox 1255 4489 1353 4544; x_wconf 86' lang='lat' dir='ltr'><strong>Dei</strong></span> <span class='ocrx_word' id='word_1_505' title='bbox 1378 4491 1619 4557; x_wconf 79' lang='lat' dir='ltr'><strong>viventis,</strong></span> <span class='ocrx_word' id='word_1_506' title='bbox 1650 4488 1866 4544; x_wconf 83' lang='lat' dir='ltr'><strong>Jerusa-</strong></span> 
     </span>
    </p>
   </div>
   <div class='ocr_carea' id='block_1_63' title="bbox 1968 1865 3566 1943">
    <p class='ocr_par' dir='ltr' id='par_1_63' title="bbox 1968 1865 3566 1943">
     <span class='ocr_line' id='line_1_63' title="bbox 1968 1865 3566 1943; baseline 0.006 -26"><span class='ocrx_word' id='word_1_507' title='bbox 1968 1879 2051 1917; x_wconf 89' lang='lat' dir='ltr'><strong>eos</strong></span> <span class='ocrx_word' id='word_1_508' title='bbox 2092 1865 2187 1919; x_wconf 84' lang='lat' dir='ltr'><strong>erit</strong></span> <span class='ocrx_word' id='word_1_509' title='bbox 2231 1865 2405 1932; x_wconf 89' lang='lat' dir='ltr'><strong>ruina,</strong></span> <span class='ocrx_word' id='word_1_510' title='bbox 2450 1882 2551 1937; x_wconf 87' lang='lat' dir='ltr'><strong>qua</strong></span> <span class='ocrx_word' id='word_1_511' title='bbox 2592 1867 2837 1938; x_wconf 86' lang='lat' dir='ltr'><strong>percutiet</strong></span> <span class='ocrx_word' id='word_1_512' title='bbox 2883 1866 3135 1924; x_wconf 86' lang='lat' dir='ltr'><strong>Dominus</strong></span> <span class='ocrx_word' id='word_1_513' title='bbox 3172 1886 3345 1925; x_wconf 88' lang='lat' dir='ltr'><strong>omnes</strong></span> <span class='ocrx_word' id='word_1_514' title='bbox 3370 1882 3566 1943; x_wconf 87' lang='lat' dir='ltr'><strong>gentes,</strong></span> 
     </span>
    </p>
   </div>
   <div class='ocr_carea' id='block_1_64' title="bbox 1963 1959 3568 2038">
    <p class='ocr_par' dir='ltr' id='par_1_64' title="bbox 1963 1959 3568 2038">
     <span class='ocr_line' id='line_1_64' title="bbox 1963 1959 3568 2038; baseline 0.007 -27"><span class='ocrx_word' id='word_1_515' title='bbox 1963 1972 2081 2028; x_wconf 78' lang='lat' dir='ltr'><strong>qua:</strong></span> <span class='ocrx_word' id='word_1_516' title='bbox 2099 1974 2205 2012; x_wconf 89' lang='lat' dir='ltr'><strong>non</strong></span> <span class='ocrx_word' id='word_1_517' title='bbox 2233 1959 2572 2014; x_wconf 86' lang='lat' dir='ltr'><strong>ascenderunt</strong></span> <span class='ocrx_word' id='word_1_518' title='bbox 2600 1968 2653 2013; x_wconf 89' lang='lat' dir='ltr'><strong>ut</strong></span> <span class='ocrx_word' id='word_1_519' title='bbox 2682 1972 2891 2032; x_wconf 88' lang='lat' dir='ltr'><strong>agerent</strong></span> <span class='ocrx_word' id='word_1_520' title='bbox 2913 1961 3295 2020; x_wconf 83' lang='lat' dir='ltr'><strong>solemnitatem</strong></span> <span class='ocrx_word' id='word_1_521' title='bbox 3321 1982 3568 2038; x_wconf 85' lang='lat' dir='ltr'><strong>scenope-</strong></span> 
     </span>
    </p>
   </div>
   <div class='ocr_carea' id='block_1_65' title="bbox 1964 2049 3565 2127">
    <p class='ocr_par' dir='ltr' id='par_1_65' title="bbox 1964 2049 3565 2127">
     <span class='ocr_line' id='line_1_65' title="bbox 1964 2049 3565 2127; baseline 0.007 -24"><span class='ocrx_word' id='word_1_522' title='bbox 1964 2051 2081 2122; x_wconf 79' lang='lat' dir='ltr'><strong>gite.</strong></span> <span class='ocrx_word' id='word_1_523' title='bbox 2110 2049 2230 2105; x_wconf 87' lang='lat' dir='ltr'><strong>Hoc</strong></span> <span class='ocrx_word' id='word_1_524' title='bbox 2257 2052 2356 2106; x_wconf 88' lang='lat' dir='ltr'><strong>erit</strong></span> <span class='ocrx_word' id='word_1_525' title='bbox 2394 2061 2663 2120; x_wconf 85' lang='lat' dir='ltr'><strong>peccatum</strong></span> <span class='ocrx_word' id='word_1_526' title='bbox 2694 2052 2933 2125; x_wconf 79' lang='lat' dir='ltr'><strong>/Eggpti,</strong></span> <span class='ocrx_word' id='word_1_527' title='bbox 2966 2066 3015 2109; x_wconf 91' lang='lat' dir='ltr'><strong>et</strong></span> <span class='ocrx_word' id='word_1_528' title='bbox 3046 2068 3309 2127; x_wconf 83' lang='lat' dir='ltr'><strong>peccatum</strong></span> <span class='ocrx_word' id='word_1_529' title='bbox 3335 2061 3565 2115; x_wconf 91' lang='lat' dir='ltr'><strong>omnium</strong></span> 
     </span>
    </p>
   </div>
   <div class='ocr_carea' id='block_1_66' title="bbox 1964 2143 3566 2221">
    <p class='ocr_par' dir='ltr' id='par_1_66' title="bbox 1964 2143 3566 2221">
     <span class='ocr_line' id='line_1_66' title="bbox 1964 2143 3566 2221; baseline 0.007 -24"><span class='ocrx_word' id='word_1_530' title='bbox 1964 2143 2187 2212; x_wconf 85' lang='lat' dir='ltr'><strong>gentium</strong></span> <span class='ocrx_word' id='word_1_531' title='bbox 2221 2159 2339 2214; x_wconf 68' lang='lat' dir='ltr'><strong>qua:</strong></span> <span class='ocrx_word' id='word_1_532' title='bbox 2362 2161 2467 2197; x_wconf 89' lang='lat' dir='ltr'><strong>non</strong></span> <span class='ocrx_word' id='word_1_533' title='bbox 2507 2144 2834 2201; x_wconf 88' lang='lat' dir='ltr'><strong>ascenderint</strong></span> <span class='ocrx_word' id='word_1_534' title='bbox 2866 2156 2923 2201; x_wconf 86' lang='lat' dir='ltr'><strong>ut</strong></span> <span class='ocrx_word' id='word_1_535' title='bbox 2952 2147 3210 2204; x_wconf 81' lang='lat' dir='ltr'><strong>celebrent</strong></span> <span class='ocrx_word' id='word_1_536' title='bbox 3242 2152 3566 2221; x_wconf 84' lang='lat' dir='ltr'><strong>festivitatem</strong></span> 
     </span>
    </p>
   </div>
   <div class='ocr_carea' id='block_1_67' title="bbox 1963 2236 3569 2314">
    <p class='ocr_par' dir='ltr' id='par_1_67' title="bbox 1963 2236 3569 2314">
     <span class='ocr_line' id='line_1_67' title="bbox 1963 2236 3569 2314; baseline 0.006 -23"><span class='ocrx_word' id='word_1_537' title='bbox 1963 2238 2302 2311; x_wconf 74' lang='lat' dir='ltr'><strong>scenopegiw.</strong></span> <span class='ocrx_word' id='word_1_538' title='bbox 2343 2237 2446 2307; x_wconf 91' lang='lat' dir='ltr'><strong>Qui</strong></span> <span class='ocrx_word' id='word_1_539' title='bbox 2486 2236 2772 2311; x_wconf 66' lang='lat' dir='ltr'><strong>Egyptius</strong></span> <span class='ocrx_word' id='word_1_540' title='bbox 2811 2250 2925 2308; x_wconf 92' lang='lat' dir='ltr'><strong>est,</strong></span> <span class='ocrx_word' id='word_1_541' title='bbox 2970 2250 3023 2297; x_wconf 88' lang='lat' dir='ltr'><strong>et</strong></span> <span class='ocrx_word' id='word_1_542' title='bbox 3062 2243 3301 2314; x_wconf 78' lang='lat' dir='ltr'><strong>gentium</strong></span> <span class='ocrx_word' id='word_1_543' title='bbox 3341 2256 3569 2303; x_wconf 65' lang='lat' dir='ltr'><strong>caetera-</strong></span> 
     </span>
    </p>
   </div>
   <div class='ocr_carea' id='block_1_68' title="bbox 1966 2331 3567 2409">
    <p class='ocr_par' dir='ltr' id='par_1_68' title="bbox 1966 2331 3567 2409">
     <span class='ocr_line' id='line_1_68' title="bbox 1966 2331 3567 2409; baseline 0.009 -24"><span class='ocrx_word' id='word_1_544' title='bbox 1966 2346 2105 2397; x_wconf 91' lang='lat' dir='ltr'><strong>rum,</strong></span> <span class='ocrx_word' id='word_1_545' title='bbox 2148 2332 2410 2402; x_wconf 88' lang='lat' dir='ltr'><strong>quamdiu</strong></span> <span class='ocrx_word' id='word_1_546' title='bbox 2438 2331 2727 2405; x_wconf 67' lang='lat' dir='ltr'><strong>Egyptius</strong></span> <span class='ocrx_word' id='word_1_547' title='bbox 2754 2341 2813 2391; x_wconf 90' lang='lat' dir='ltr'><strong>et</strong></span> <span class='ocrx_word' id='word_1_548' title='bbox 2838 2334 3087 2394; x_wconf 88' lang='lat' dir='ltr'><strong>ethnicus</strong></span> <span class='ocrx_word' id='word_1_549' title='bbox 3119 2351 3425 2409; x_wconf 84' lang='lat' dir='ltr'><strong>permanet,</strong></span> <span class='ocrx_word' id='word_1_550' title='bbox 3457 2358 3567 2400; x_wconf 91' lang='lat' dir='ltr'><strong>non</strong></span> 
     </span>
    </p>
   </div>
   <div class='ocr_carea' id='block_1_69' title="bbox 1964 2421 3573 2505">
    <p class='ocr_par' dir='ltr' id='par_1_69' title="bbox 1964 2421 3573 2505">
     <span class='ocr_line' id='line_1_69' title="bbox 1964 2421 3573 2505; baseline 0.01 -29"><span class='ocrx_word' id='word_1_551' title='bbox 1964 2421 2225 2480; x_wconf 82' lang='lat' dir='ltr'><strong>ascendet</strong></span> <span class='ocrx_word' id='word_1_552' title='bbox 2268 2422 2323 2478; x_wconf 90' lang='lat' dir='ltr'><strong>in</strong></span> <span class='ocrx_word' id='word_1_553' title='bbox 2363 2425 2674 2481; x_wconf 86' lang='lat' dir='ltr'><strong>Jerusalem</strong></span> <span class='ocrx_word' id='word_1_554' title='bbox 2704 2443 2720 2484; x_wconf 92' lang='lat'><strong>:</strong></span> <span class='ocrx_word' id='word_1_555' title='bbox 2754 2434 2813 2482; x_wconf 92' lang='lat' dir='ltr'><strong>et</strong></span> <span class='ocrx_word' id='word_1_556' title='bbox 2852 2426 2979 2499; x_wconf 89' lang='lat' dir='ltr'><strong>quia</strong></span> <span class='ocrx_word' id='word_1_557' title='bbox 3008 2432 3306 2489; x_wconf 88' lang='lat' dir='ltr'><strong>ascendere</strong></span> <span class='ocrx_word' id='word_1_558' title='bbox 3333 2448 3441 2490; x_wconf 91' lang='lat' dir='ltr'><strong>non</strong></span> <span class='ocrx_word' id='word_1_559' title='bbox 3476 2451 3573 2505; x_wconf 91' lang='lat' dir='ltr'><strong>po-</strong></span> 
     </span>
    </p>
   </div>
   <div class='ocr_carea' id='block_1_70' title="bbox 1966 2515 3569 2592">
    <p class='ocr_par' dir='ltr' id='par_1_70' title="bbox 1966 2515 3569 2592">
     <span class='ocr_line' id='line_1_70' title="bbox 1966 2515 3569 2592; baseline 0.01 -25"><span class='ocrx_word' id='word_1_560' title='bbox 1966 2520 2093 2580; x_wconf 89' lang='lat' dir='ltr'><strong>test,</strong></span> <span class='ocrx_word' id='word_1_561' title='bbox 2124 2529 2225 2570; x_wconf 89' lang='lat' dir='ltr'><strong>nec</strong></span> <span class='ocrx_word' id='word_1_562' title='bbox 2251 2516 2481 2586; x_wconf 77' lang='lat' dir='ltr'><strong>gradum</strong></span> <span class='ocrx_word' id='word_1_563' title='bbox 2507 2515 2575 2572; x_wconf 88' lang='lat' dir='ltr'><strong>ad</strong></span> <span class='ocrx_word' id='word_1_564' title='bbox 2606 2516 2822 2574; x_wconf 81' lang='lat' dir='ltr'><strong>excelsa</strong></span> <span class='ocrx_word' id='word_1_565' title='bbox 2847 2519 3150 2592; x_wconf 76' lang='lat' dir='ltr'><strong>subrigere,</strong></span> <span class='ocrx_word' id='word_1_566' title='bbox 3180 2522 3306 2579; x_wconf 91' lang='lat' dir='ltr'><strong>ideo</strong></span> <span class='ocrx_word' id='word_1_567' title='bbox 3328 2540 3435 2582; x_wconf 93' lang='lat' dir='ltr'><strong>non</strong></span> <span class='ocrx_word' id='word_1_568' title='bbox 3463 2526 3569 2583; x_wconf 89' lang='lat' dir='ltr'><strong>erit</strong></span> 
     </span>
    </p>
   </div>
   <div class='ocr_carea' id='block_1_71' title="bbox 1965 2607 3571 2675">
    <p class='ocr_par' dir='ltr' id='par_1_71' title="bbox 1965 2607 3571 2675">
     <span class='ocr_line' id='line_1_71' title="bbox 1965 2607 3571 2675; baseline 0.009 -15"><span class='ocrx_word' id='word_1_569' title='bbox 1965 2619 2133 2675; x_wconf 88' lang='lat' dir='ltr'><strong>super</strong></span> <span class='ocrx_word' id='word_1_570' title='bbox 2174 2620 2299 2662; x_wconf 92' lang='lat' dir='ltr'><strong>eum</strong></span> <span class='ocrx_word' id='word_1_571' title='bbox 2343 2607 2520 2663; x_wconf 89' lang='lat' dir='ltr'><strong>imber</strong></span> <span class='ocrx_word' id='word_1_572' title='bbox 2558 2608 2855 2666; x_wconf 72' lang='lat' dir='ltr'><strong>Dominicze</strong></span> <span class='ocrx_word' id='word_1_573' title='bbox 2893 2611 3311 2673; x_wconf 89' lang='lat' dir='ltr'><strong>benedictionis.</strong></span> <span class='ocrx_word' id='word_1_574' title='bbox 3356 2616 3423 2672; x_wconf 87' lang='lat' dir='ltr'><strong>Et</strong></span> <span class='ocrx_word' id='word_1_575' title='bbox 3464 2619 3571 2675; x_wconf 90' lang='lat' dir='ltr'><strong>hoc</strong></span> 
     </span>
    </p>
   </div>
   <div class='ocr_carea' id='block_1_72' title="bbox 1968 2702 3617 2783">
    <p class='ocr_par' dir='ltr' id='par_1_72' title="bbox 1968 2702 3617 2783">
     <span class='ocr_line' id='line_1_72' title="bbox 1968 2702 3617 2783; baseline 0.009 -27"><span class='ocrx_word' id='word_1_576' title='bbox 1968 2710 2247 2771; x_wconf 89' lang='lat' dir='ltr'><strong>peccatum</strong></span> <span class='ocrx_word' id='word_1_577' title='bbox 2278 2702 2384 2758; x_wconf 89' lang='lat' dir='ltr'><strong>erit</strong></span> <span class='ocrx_word' id='word_1_578' title='bbox 2417 2704 2715 2761; x_wconf 83' lang='lat' dir='ltr'><strong>maximum</strong></span> <span class='ocrx_word' id='word_1_579' title='bbox 2746 2704 3033 2778; x_wconf 63' lang='lat' dir='ltr'><strong>Egyptio,</strong></span> <span class='ocrx_word' id='word_1_580' title='bbox 3066 2705 3093 2745; x_wconf 76' lang='grc' dir='ltr'><strong>ιι</strong></span> <span class='ocrx_word' id='word_1_581' title='bbox 3124 2712 3385 2783; x_wconf 75' lang='lat' dir='ltr'><strong>Assyrio,</strong></span> <span class='ocrx_word' id='word_1_582' title='bbox 3409 2713 3574 2770; x_wconf 86' lang='lat' dir='ltr'><strong>Cbal-</strong></span> <span class='ocrx_word' id='word_1_583' title='bbox 3613 2753 3617 2758; x_wconf 56' lang='lat'><strong>.</strong></span> 
     </span>
    </p>
   </div>
   <div class='ocr_carea' id='block_1_73' title="bbox 1965 2793 3573 2871">
    <p class='ocr_par' dir='ltr' id='par_1_73' title="bbox 1965 2793 3573 2871">
     <span class='ocr_line' id='line_1_73' title="bbox 1965 2793 3573 2871; baseline 0.009 -22"><span class='ocrx_word' id='word_1_584' title='bbox 1965 2793 2106 2863; x_wconf 64' lang='lat' dir='ltr'><strong>dato,</strong></span> <span class='ocrx_word' id='word_1_585' title='bbox 2154 2794 2317 2868; x_wconf 88' lang='lat' dir='ltr'><strong>Syro,</strong></span> <span class='ocrx_word' id='word_1_586' title='bbox 2366 2795 2637 2865; x_wconf 77' lang='lat' dir='ltr'><strong>Moabitae,</strong></span> <span class='ocrx_word' id='word_1_587' title='bbox 2688 2807 2743 2855; x_wconf 92' lang='lat' dir='ltr'><strong>et</strong></span> <span class='ocrx_word' id='word_1_588' title='bbox 2790 2799 3138 2871; x_wconf 62' lang='lat' dir='ltr'><strong>Ammonius,</strong></span> <span class='ocrx_word' id='word_1_589' title='bbox 3188 2804 3234 2859; x_wconf 91' lang='lat' dir='ltr'><strong>si</strong></span> <span class='ocrx_word' id='word_1_590' title='bbox 3290 2806 3573 2865; x_wconf 90' lang='lat' dir='ltr'><strong>uoluerint</strong></span> 
     </span>
    </p>
   </div>
   <div class='ocr_carea' id='block_1_74' title="bbox 1965 2889 3572 2975">
    <p class='ocr_par' dir='ltr' id='par_1_74' title="bbox 1965 2889 3572 2975">
     <span class='ocr_line' id='line_1_74' title="bbox 1965 2889 3572 2975; baseline 0.011 -32"><span class='ocrx_word' id='word_1_591' title='bbox 1965 2889 2146 2959; x_wconf 81' lang='lat' dir='ltr'><strong>egredi</strong></span> <span class='ocrx_word' id='word_1_592' title='bbox 2175 2890 2242 2945; x_wconf 90' lang='lat' dir='ltr'><strong>de</strong></span> <span class='ocrx_word' id='word_1_593' title='bbox 2273 2892 2434 2947; x_wconf 89' lang='lat' dir='ltr'><strong>terris</strong></span> <span class='ocrx_word' id='word_1_594' title='bbox 2463 2892 2603 2959; x_wconf 88' lang='lat' dir='ltr'><strong>suis,</strong></span> <span class='ocrx_word' id='word_1_595' title='bbox 2630 2900 2688 2949; x_wconf 87' lang='lat' dir='ltr'><strong>et</strong></span> <span class='ocrx_word' id='word_1_596' title='bbox 2709 2894 3006 2953; x_wconf 84' lang='lat' dir='ltr'><strong>ascendere</strong></span> <span class='ocrx_word' id='word_1_597' title='bbox 3034 2896 3362 2967; x_wconf 85' lang='lat' dir='ltr'><strong>Jerusalem,</strong></span> <span class='ocrx_word' id='word_1_598' title='bbox 3394 2911 3453 2957; x_wconf 92' lang='lat' dir='ltr'><strong>ut</strong></span> <span class='ocrx_word' id='word_1_599' title='bbox 3474 2919 3572 2975; x_wconf 90' lang='lat' dir='ltr'><strong>per</strong></span> 
     </span>
    </p>
   </div>
   <div class='ocr_carea' id='block_1_75' title="bbox 1966 2983 3578 3056">
    <p class='ocr_par' dir='ltr' id='par_1_75' title="bbox 1966 2983 3578 3056">
     <span class='ocr_line' id='line_1_75' title="bbox 1966 2983 3578 3056; baseline 0.012 -19"><span class='ocrx_word' id='word_1_600' title='bbox 1966 2983 2313 3040; x_wconf 85' lang='lat' dir='ltr'><strong>tabernacula</strong></span> <span class='ocrx_word' id='word_1_601' title='bbox 2364 2997 2643 3044; x_wconf 87' lang='lat' dir='ltr'><strong>transeant</strong></span> <span class='ocrx_word' id='word_1_602' title='bbox 2691 2989 2745 3045; x_wconf 93' lang='lat' dir='ltr'><strong>in</strong></span> <span class='ocrx_word' id='word_1_603' title='bbox 2796 2989 3139 3055; x_wconf 81' lang='lat' dir='ltr'><strong>Jerusalem.</strong></span> <span class='ocrx_word' id='word_1_604' title='bbox 3190 3004 3244 3049; x_wconf 92' lang='lat' dir='ltr'><strong>et</strong></span> <span class='ocrx_word' id='word_1_605' title='bbox 3293 2996 3578 3056; x_wconf 86' lang='lat' dir='ltr'><strong>inveniant</strong></span> 
     </span>
    </p>
   </div>
   <div class='ocr_carea' id='block_1_76' title="bbox 1965 3078 3578 3155">
    <p class='ocr_par' dir='ltr' id='par_1_76' title="bbox 1965 3078 3578 3155">
     <span class='ocr_line' id='line_1_76' title="bbox 1965 3078 3578 3155; baseline 0.013 -25"><span class='ocrx_word' id='word_1_606' title='bbox 1965 3084 2225 3132; x_wconf 74' lang='lat' dir='ltr'><strong>mternam</strong></span> <span class='ocrx_word' id='word_1_607' title='bbox 2255 3078 2500 3148; x_wconf 87' lang='lat' dir='ltr'><strong>domum,</strong></span> <span class='ocrx_word' id='word_1_608' title='bbox 2528 3082 2869 3154; x_wconf 87' lang='lat' dir='ltr'><strong>aliarumque</strong></span> <span class='ocrx_word' id='word_1_609' title='bbox 2894 3086 3141 3155; x_wconf 80' lang='lat' dir='ltr'><strong>gentium</strong></span> <span class='ocrx_word' id='word_1_610' title='bbox 3174 3086 3427 3148; x_wconf 89' lang='lat' dir='ltr'><strong>homines</strong></span> <span class='ocrx_word' id='word_1_611' title='bbox 3452 3107 3578 3151; x_wconf 87' lang='lat' dir='ltr'><strong>esse</strong></span> 
     </span>
    </p>
   </div>
   <div class='ocr_carea' id='block_1_77' title="bbox 1889 3169 3575 3251">
    <p class='ocr_par' dir='ltr' id='par_1_77' title="bbox 1889 3169 3575 3251">
     <span class='ocr_line' id='line_1_77' title="bbox 1889 3169 3575 3251; baseline 0.011 -28"><span class='ocrx_word' id='word_1_612' title='bbox 1889 3173 1935 3238; x_wconf 85' lang='lat' dir='ltr'><strong>C</strong></span> <span class='ocrx_word' id='word_1_613' title='bbox 1966 3169 2278 3241; x_wconf 85' lang='lat' dir='ltr'><strong>desistant,</strong></span> <span class='ocrx_word' id='word_1_614' title='bbox 2321 3182 2374 3228; x_wconf 90' lang='lat' dir='ltr'><strong>et</strong></span> <span class='ocrx_word' id='word_1_615' title='bbox 2416 3174 2720 3231; x_wconf 81' lang='lat' dir='ltr'><strong>efﬁciantur</strong></span> <span class='ocrx_word' id='word_1_616' title='bbox 2758 3176 3019 3234; x_wconf 61' lang='lat' dir='ltr'><strong>Israelita;</strong></span> <span class='ocrx_word' id='word_1_617' title='bbox 3062 3179 3115 3234; x_wconf 93' lang='lat' dir='ltr'><strong>in</strong></span> <span class='ocrx_word' id='word_1_618' title='bbox 3160 3181 3363 3251; x_wconf 87' lang='lat' dir='ltr'><strong>quibus</strong></span> <span class='ocrx_word' id='word_1_619' title='bbox 3416 3184 3575 3242; x_wconf 83' lang='lat' dir='ltr'><strong>dolus</strong></span> 
     </span>
    </p>
   </div>
   <div class='ocr_carea' id='block_1_78' title="bbox 1969 3265 3569 3341">
    <p class='ocr_par' dir='ltr' id='par_1_78' title="bbox 1969 3265 3569 3341">
     <span class='ocr_line' id='line_1_78' title="bbox 1969 3265 3569 3341; baseline 0.011 -24"><span class='ocrx_word' id='word_1_620' title='bbox 1969 3276 2078 3318; x_wconf 91' lang='lat' dir='ltr'><strong>non</strong></span> <span class='ocrx_word' id='word_1_621' title='bbox 2116 3274 2200 3319; x_wconf 89' lang='lat' dir='ltr'><strong>est</strong></span> <span class='ocrx_word' id='word_1_622' title='bbox 2228 3265 2409 3337; x_wconf 86' lang='lat' dir='ltr'><strong>(Joan.</strong></span> <span class='ocrx_word' id='word_1_623' title='bbox 2459 3265 2521 3336; x_wconf 91' lang='lat' dir='ltr'><strong>t).</strong></span> <span class='ocrx_word' id='word_1_624' title='bbox 2565 3267 2695 3324; x_wconf 83' lang='lat' dir='ltr'><strong>Haec</strong></span> <span class='ocrx_word' id='word_1_625' title='bbox 2735 3270 2918 3325; x_wconf 89' lang='lat' dir='ltr'><strong>omnia</strong></span> <span class='ocrx_word' id='word_1_626' title='bbox 2961 3285 3080 3341; x_wconf 73' lang='lat' dir='ltr'><strong>qua:</strong></span> <span class='ocrx_word' id='word_1_627' title='bbox 3123 3288 3224 3328; x_wconf 86' lang='lat' dir='ltr'><strong>nos</strong></span> <span class='ocrx_word' id='word_1_628' title='bbox 3253 3276 3419 3332; x_wconf 89' lang='lat' dir='ltr'><strong>celeri</strong></span> <span class='ocrx_word' id='word_1_629' title='bbox 3448 3292 3569 3335; x_wconf 89' lang='lat' dir='ltr'><strong>ser-</strong></span> 
     </span>
    </p>
   </div>
   <div class='ocr_carea' id='block_1_79' title="bbox 1968 3361 3571 3443">
    <p class='ocr_par' dir='ltr' id='par_1_79' title="bbox 1968 3361 3571 3443">
     <span class='ocr_line' id='line_1_79' title="bbox 1968 3361 3571 3443; baseline 0.009 -30"><span class='ocrx_word' id='word_1_630' title='bbox 1968 3373 2131 3415; x_wconf 92' lang='lat' dir='ltr'><strong>mone</strong></span> <span class='ocrx_word' id='word_1_631' title='bbox 2170 3361 2611 3431; x_wconf 87' lang='lat' dir='ltr'><strong>perstringimus,</strong></span> <span class='ocrx_word' id='word_1_632' title='bbox 2658 3363 2857 3431; x_wconf 69' lang='lat' dir='ltr'><strong>Judaei,</strong></span> <span class='ocrx_word' id='word_1_633' title='bbox 2902 3374 2956 3420; x_wconf 90' lang='lat' dir='ltr'><strong>et</strong></span> <span class='ocrx_word' id='word_1_634' title='bbox 2993 3365 3343 3435; x_wconf 88' lang='lat' dir='ltr'><strong>judaizantes</strong></span> <span class='ocrx_word' id='word_1_635' title='bbox 3372 3374 3571 3443; x_wconf 91' lang='lat' dir='ltr'><strong>nostri,</strong></span> 
     </span>
    </p>
   </div>
   <div class='ocr_carea' id='block_1_80' title="bbox 1969 3452 3570 3535">
    <p class='ocr_par' dir='ltr' id='par_1_80' title="bbox 1969 3452 3570 3535">
     <span class='ocr_line' id='line_1_80' title="bbox 1969 3452 3570 3535; baseline 0.011 -26"><span class='ocrx_word' id='word_1_636' title='bbox 1969 3452 2135 3509; x_wconf 90' lang='lat' dir='ltr'><strong>immo</strong></span> <span class='ocrx_word' id='word_1_637' title='bbox 2177 3471 2283 3510; x_wconf 93' lang='lat' dir='ltr'><strong>non</strong></span> <span class='ocrx_word' id='word_1_638' title='bbox 2324 3457 2518 3521; x_wconf 91' lang='lat' dir='ltr'><strong>nostri,</strong></span> <span class='ocrx_word' id='word_1_639' title='bbox 2562 3457 2686 3529; x_wconf 87' lang='lat' dir='ltr'><strong>quia</strong></span> <span class='ocrx_word' id='word_1_640' title='bbox 2721 3458 3088 3529; x_wconf 84' lang='lat' dir='ltr'><strong>judaizantes,</strong></span> <span class='ocrx_word' id='word_1_641' title='bbox 3135 3475 3358 3535; x_wconf 88' lang='lat' dir='ltr'><strong>sperant</strong></span> <span class='ocrx_word' id='word_1_642' title='bbox 3391 3467 3570 3526; x_wconf 84' lang='lat' dir='ltr'><strong>lutura</strong></span> 
     </span>
    </p>
   </div>
   <div class='ocr_carea' id='block_1_81' title="bbox 1968 3549 3571 3628">
    <p class='ocr_par' dir='ltr' id='par_1_81' title="bbox 1968 3549 3571 3628">
     <span class='ocr_line' id='line_1_81' title="bbox 1968 3549 3571 3628; baseline 0.011 -25"><span class='ocrx_word' id='word_1_643' title='bbox 1968 3549 2347 3618; x_wconf 83' lang='lat' dir='ltr'><strong>corporaliter,</strong></span> <span class='ocrx_word' id='word_1_644' title='bbox 2388 3552 2573 3622; x_wconf 90' lang='lat' dir='ltr'><strong>utique</strong></span> <span class='ocrx_word' id='word_1_645' title='bbox 2602 3561 2658 3608; x_wconf 87' lang='lat' dir='ltr'><strong>et</strong></span> <span class='ocrx_word' id='word_1_646' title='bbox 2683 3551 3164 3614; x_wconf 84' lang='lat' dir='ltr'><strong>circumcisiOnem</strong></span> <span class='ocrx_word' id='word_1_647' title='bbox 3191 3559 3318 3628; x_wconf 91' lang='lat' dir='ltr'><strong>sibi,</strong></span> <span class='ocrx_word' id='word_1_648' title='bbox 3350 3569 3407 3617; x_wconf 87' lang='lat' dir='ltr'><strong>et</strong></span> <span class='ocrx_word' id='word_1_649' title='bbox 3436 3578 3571 3619; x_wconf 86' lang='lat' dir='ltr'><strong>con-</strong></span> 
     </span>
    </p>
   </div>
   <div class='ocr_carea' id='block_1_82' title="bbox 1965 3640 3565 3725">
    <p class='ocr_par' dir='ltr' id='par_1_82' title="bbox 1965 3640 3565 3725">
     <span class='ocr_line' id='line_1_82' title="bbox 1965 3640 3565 3725; baseline 0.013 -32"><span class='ocrx_word' id='word_1_650' title='bbox 1965 3640 2108 3713; x_wconf 82' lang='lat' dir='ltr'><strong>jugia</strong></span> <span class='ocrx_word' id='word_1_651' title='bbox 2147 3641 2199 3696; x_wconf 92' lang='lat' dir='ltr'><strong>in</strong></span> <span class='ocrx_word' id='word_1_652' title='bbox 2230 3642 2378 3699; x_wconf 90' lang='lat' dir='ltr'><strong>mille</strong></span> <span class='ocrx_word' id='word_1_653' title='bbox 2406 3658 2673 3700; x_wconf 88' lang='lat' dir='ltr'><strong>annorum</strong></span> <span class='ocrx_word' id='word_1_654' title='bbox 2708 3645 2874 3720; x_wconf 59' lang='lat'><strong>935</strong></span> <span class='ocrx_word' id='word_1_655' title='bbox 2904 3649 3130 3719; x_wconf 90' lang='lat' dir='ltr'><strong>imperio</strong></span> <span class='ocrx_word' id='word_1_656' title='bbox 3161 3654 3565 3725; x_wconf 87' lang='lat' dir='ltr'><strong>promittentes,</strong></span> 
     </span>
    </p>
   </div>
   <div class='ocr_carea' id='block_1_83' title="bbox 1971 3739 3575 3819">
    <p class='ocr_par' dir='ltr' id='par_1_83' title="bbox 1971 3739 3575 3819">
     <span class='ocr_line' id='line_1_83' title="bbox 1971 3739 3575 3819; baseline 0.012 -29"><span class='ocrx_word' id='word_1_657' title='bbox 1971 3752 2039 3791; x_wconf 90' lang='lat' dir='ltr'><strong>ne</strong></span> <span class='ocrx_word' id='word_1_658' title='bbox 2084 3739 2371 3809; x_wconf 84' lang='lat' dir='ltr'><strong>impleatur</strong></span> <span class='ocrx_word' id='word_1_659' title='bbox 2414 3739 2464 3794; x_wconf 90' lang='lat' dir='ltr'><strong>in</strong></span> <span class='ocrx_word' id='word_1_660' title='bbox 2507 3740 2616 3796; x_wconf 87' lang='lat' dir='ltr'><strong>illis</strong></span> <span class='ocrx_word' id='word_1_661' title='bbox 2659 3742 2975 3799; x_wconf 86' lang='lat' dir='ltr'><strong>maledictio</strong></span> <span class='ocrx_word' id='word_1_662' title='bbox 3012 3761 3134 3815; x_wconf 67' lang='lat' dir='ltr'><strong>quae</strong></span> <span class='ocrx_word' id='word_1_663' title='bbox 3179 3747 3383 3819; x_wconf 90' lang='lat' dir='ltr'><strong>scripta</strong></span> <span class='ocrx_word' id='word_1_664' title='bbox 3424 3758 3511 3807; x_wconf 88' lang='lat' dir='ltr'><strong>est</strong></span> <span class='ocrx_word' id='word_1_665' title='bbox 3556 3770 3575 3810; x_wconf 91' lang='lat'><strong>:</strong></span> 
     </span>
    </p>
   </div>
   <div class='ocr_carea' id='block_1_84' title="bbox 1971 3830 3568 3910">
    <p class='ocr_par' dir='ltr' id='par_1_84' title="bbox 1971 3830 3568 3910">
     <span class='ocr_line' id='line_1_84' title="bbox 1971 3830 3568 3910; baseline 0.009 -24"><span class='ocrx_word' id='word_1_666' title='bbox 1971 3830 2254 3889; x_wconf 84' lang='lat' dir='ltr'><strong>Maledicta</strong></span> <span class='ocrx_word' id='word_1_667' title='bbox 2290 3836 2482 3890; x_wconf 85' lang='lat' dir='ltr'><strong>sterilis</strong></span> <span class='ocrx_word' id='word_1_668' title='bbox 2510 3852 2625 3904; x_wconf 74' lang='lat' dir='ltr'><strong>qua:</strong></span> <span class='ocrx_word' id='word_1_669' title='bbox 2656 3852 2759 3892; x_wconf 91' lang='lat' dir='ltr'><strong>non</strong></span> <span class='ocrx_word' id='word_1_670' title='bbox 2789 3838 2917 3910; x_wconf 89' lang='lat' dir='ltr'><strong>facit</strong></span> <span class='ocrx_word' id='word_1_671' title='bbox 2941 3856 3112 3895; x_wconf 85' lang='lat' dir='ltr'><strong>semen</strong></span> <span class='ocrx_word' id='word_1_672' title='bbox 3135 3841 3191 3895; x_wconf 89' lang='lat' dir='ltr'><strong>in</strong></span> <span class='ocrx_word' id='word_1_673' title='bbox 3223 3838 3429 3910; x_wconf 84' lang='lat' dir='ltr'><strong>Israel;</strong></span> <span class='ocrx_word' id='word_1_674' title='bbox 3466 3853 3520 3901; x_wconf 89' lang='lat' dir='ltr'><strong>et</strong></span> <span class='ocrx_word' id='word_1_675' title='bbox 3554 3862 3568 3900; x_wconf 83' lang='lat'><strong>:</strong></span> 
     </span>
    </p>
   </div>
   <div class='ocr_carea' id='block_1_85' title="bbox 1969 3924 3573 3997">
    <p class='ocr_par' dir='ltr' id='par_1_85' title="bbox 1969 3924 3573 3997">
     <span class='ocr_line' id='line_1_85' title="bbox 1969 3924 3573 3997; baseline 0.008 -17"><span class='ocrx_word' id='word_1_676' title='bbox 1969 3924 2160 3981; x_wconf 88' lang='lat' dir='ltr'><strong>Beatus</strong></span> <span class='ocrx_word' id='word_1_677' title='bbox 2188 3928 2278 3997; x_wconf 89' lang='lat' dir='ltr'><strong>qui</strong></span> <span class='ocrx_word' id='word_1_678' title='bbox 2305 3926 2456 3981; x_wconf 81' lang='lat' dir='ltr'><strong>habet</strong></span> <span class='ocrx_word' id='word_1_679' title='bbox 2486 3945 2657 3984; x_wconf 86' lang='lat' dir='ltr'><strong>semen</strong></span> <span class='ocrx_word' id='word_1_680' title='bbox 2685 3931 2738 3985; x_wconf 88' lang='lat' dir='ltr'><strong>in</strong></span> <span class='ocrx_word' id='word_1_681' title='bbox 2765 3930 2897 3988; x_wconf 87' lang='lat' dir='ltr'><strong>Sion</strong></span> <span class='ocrx_word' id='word_1_682' title='bbox 2921 3940 2968 3987; x_wconf 89' lang='lat' dir='ltr'><strong>et</strong></span> <span class='ocrx_word' id='word_1_683' title='bbox 2999 3935 3307 3989; x_wconf 89' lang='lat' dir='ltr'><strong>domesticos</strong></span> <span class='ocrx_word' id='word_1_684' title='bbox 3333 3936 3385 3991; x_wconf 90' lang='lat' dir='ltr'><strong>in</strong></span> <span class='ocrx_word' id='word_1_685' title='bbox 3416 3935 3573 3993; x_wconf 84' lang='lat' dir='ltr'><strong>Jeru-</strong></span> 
     </span>
    </p>
   </div>
   <div class='ocr_carea' id='block_1_86' title="bbox 1971 4004 3567 4100">
    <p class='ocr_par' dir='ltr' id='par_1_86' title="bbox 1971 4004 3567 4100">
     <span class='ocr_line' id='line_1_86' title="bbox 1971 4004 3567 4100; baseline 0.009 -29"><span class='ocrx_word' id='word_1_686' title='bbox 1971 4019 2130 4073; x_wconf 84' lang='lat' dir='ltr'><strong>salem</strong></span> <span class='ocrx_word' id='word_1_687' title='bbox 2154 4018 2312 4091; x_wconf 90' lang='lat' dir='ltr'><strong>(Isai.</strong></span> <span class='ocrx_word' id='word_1_688' title='bbox 2354 4004 2501 4089; x_wconf 70' lang='lat' dir='ltr'><strong>xxxi,</strong></span> <span class='ocrx_word' id='word_1_689' title='bbox 2536 4022 2588 4088; x_wconf 88' lang='lat'><strong>9,</strong></span> <span class='ocrx_word' id='word_1_690' title='bbox 2623 4039 2726 4079; x_wconf 89' lang='lat' dir='ltr'><strong>sec.</strong></span> <span class='ocrx_word' id='word_1_691' title='bbox 2754 4022 2947 4096; x_wconf 82' lang='lat' dir='ltr'><strong>LXX).</strong></span> <span class='ocrx_word' id='word_1_692' title='bbox 2979 4025 3134 4095; x_wconf 84' lang='lat' dir='ltr'><strong>Quod</strong></span> <span class='ocrx_word' id='word_1_693' title='bbox 3168 4026 3216 4082; x_wconf 91' lang='lat' dir='ltr'><strong>si</strong></span> <span class='ocrx_word' id='word_1_694' title='bbox 3242 4044 3429 4085; x_wconf 90' lang='lat' dir='ltr'><strong>verum</strong></span> <span class='ocrx_word' id='word_1_695' title='bbox 3462 4038 3567 4100; x_wconf 83' lang='lat' dir='ltr'><strong>est,</strong></span> 
     </span>
    </p>
   </div>
   <div class='ocr_carea' id='block_1_87' title="bbox 1972 4114 3576 4195">
    <p class='ocr_par' dir='ltr' id='par_1_87' title="bbox 1972 4114 3576 4195">
     <span class='ocr_line' id='line_1_87' title="bbox 1972 4114 3576 4195; baseline 0.011 -28"><span class='ocrx_word' id='word_1_696' title='bbox 1972 4127 2162 4169; x_wconf 90' lang='lat' dir='ltr'><strong>omnes</strong></span> <span class='ocrx_word' id='word_1_697' title='bbox 2190 4114 2423 4186; x_wconf 76' lang='lat' dir='ltr'><strong>virgines</strong></span> <span class='ocrx_word' id='word_1_698' title='bbox 2448 4131 2584 4187; x_wconf 90' lang='lat' dir='ltr'><strong>quas</strong></span> <span class='ocrx_word' id='word_1_699' title='bbox 2613 4118 2765 4175; x_wconf 89' lang='lat' dir='ltr'><strong>mille</strong></span> <span class='ocrx_word' id='word_1_700' title='bbox 2794 4135 3061 4177; x_wconf 87' lang='lat' dir='ltr'><strong>annorum</strong></span> <span class='ocrx_word' id='word_1_701' title='bbox 3090 4138 3316 4195; x_wconf 70' lang='lat' dir='ltr'><strong>regnum</strong></span> <span class='ocrx_word' id='word_1_702' title='bbox 3347 4125 3576 4185; x_wconf 85' lang='lat' dir='ltr'><strong>invene-</strong></span> 
     </span>
    </p>
   </div>
   <div class='ocr_carea' id='block_1_88' title="bbox 1973 4206 3577 4289">
    <p class='ocr_par' dir='ltr' id='par_1_88' title="bbox 1973 4206 3577 4289">
     <span class='ocr_line' id='line_1_88' title="bbox 1973 4206 3577 4289; baseline 0.011 -28"><span class='ocrx_word' id='word_1_703' title='bbox 1973 4206 2079 4272; x_wconf 88' lang='lat' dir='ltr'><strong>rit,</strong></span> <span class='ocrx_word' id='word_1_704' title='bbox 2109 4208 2477 4266; x_wconf 87' lang='lat' dir='ltr'><strong>maledictioni</strong></span> <span class='ocrx_word' id='word_1_705' title='bbox 2497 4220 2552 4268; x_wconf 90' lang='lat' dir='ltr'><strong>et</strong></span> <span class='ocrx_word' id='word_1_706' title='bbox 2574 4214 2846 4269; x_wconf 87' lang='lat' dir='ltr'><strong>sterilitati</strong></span> <span class='ocrx_word' id='word_1_707' title='bbox 2876 4225 3155 4287; x_wconf 63' lang='lat' dir='ltr'><strong>perpetua:</strong></span> <span class='ocrx_word' id='word_1_708' title='bbox 3175 4219 3537 4289; x_wconf 87' lang='lat' dir='ltr'><strong>subjacebunt</strong></span> <span class='ocrx_word' id='word_1_709' title='bbox 3563 4243 3577 4281; x_wconf 93' lang='lat'><strong>:</strong></span> 
     </span>
    </p>
   </div>
   <div class='ocr_carea' id='block_1_89' title="bbox 1972 4309 3572 4386">
    <p class='ocr_par' dir='ltr' id='par_1_89' title="bbox 1972 4309 3572 4386">
     <span class='ocr_line' id='line_1_89' title="bbox 1972 4309 3572 4386; baseline 0.011 -32"><span class='ocrx_word' id='word_1_710' title='bbox 1972 4311 2066 4355; x_wconf 87' lang='lat' dir='ltr'><strong>aut</strong></span> <span class='ocrx_word' id='word_1_711' title='bbox 2093 4314 2244 4358; x_wconf 91' lang='lat' dir='ltr'><strong>certe</strong></span> <span class='ocrx_word' id='word_1_712' title='bbox 2272 4312 2520 4375; x_wconf 82' lang='lat' dir='ltr'><strong>nupturae</strong></span> <span class='ocrx_word' id='word_1_713' title='bbox 2548 4315 2700 4372; x_wconf 88' lang='lat' dir='ltr'><strong>sunt,</strong></span> <span class='ocrx_word' id='word_1_714' title='bbox 2731 4317 2787 4362; x_wconf 94' lang='lat' dir='ltr'><strong>ut</strong></span> <span class='ocrx_word' id='word_1_715' title='bbox 2818 4309 3257 4367; x_wconf 87' lang='lat' dir='ltr'><strong>maledictionem</strong></span> <span class='ocrx_word' id='word_1_716' title='bbox 3287 4312 3572 4386; x_wconf 69' lang='lat' dir='ltr'><strong>etrugiaut.</strong></span> 
     </span>
    </p>
   </div>
   <div class='ocr_carea' id='block_1_90' title="bbox 2046 4391 3577 4479">
    <p class='ocr_par' dir='ltr' id='par_1_90' title="bbox 2046 4391 3577 4479">
     <span class='ocr_line' id='line_1_90' title="bbox 2046 4391 3577 4479; baseline 0.011 -34"><span class='ocrx_word' id='word_1_717' title='bbox 2046 4392 2229 4464; x_wconf 83' lang='lat' dir='ltr'><strong>(Vers.</strong></span> <span class='ocrx_word' id='word_1_718' title='bbox 2260 4394 2378 4466; x_wconf 72' lang='lat'><strong>20.)</strong></span> <span class='ocrx_word' id='word_1_719' title='bbox 2412 4391 2479 4451; x_wconf 83' lang='lat' dir='ltr'><strong>In</strong></span> <span class='ocrx_word' id='word_1_720' title='bbox 2504 4396 2589 4453; x_wconf 85' lang='lat' dir='ltr'><strong>die</strong></span> <span class='ocrx_word' id='word_1_721' title='bbox 2610 4398 2706 4453; x_wconf 86' lang='lat' dir='ltr'><strong>illa</strong></span> <span class='ocrx_word' id='word_1_722' title='bbox 2733 4401 2847 4466; x_wconf 87' lang='lat' dir='ltr'><strong>erit,</strong></span> <span class='ocrx_word' id='word_1_723' title='bbox 2878 4402 3018 4472; x_wconf 86' lang='lat' dir='ltr'><strong>quod</strong></span> <span class='ocrx_word' id='word_1_724' title='bbox 3040 4419 3194 4475; x_wconf 88' lang='lat' dir='ltr'><strong>super</strong></span> <span class='ocrx_word' id='word_1_725' title='bbox 3220 4407 3425 4474; x_wconf 87' lang='lat' dir='ltr'><strong>frenum</strong></span> <span class='ocrx_word' id='word_1_726' title='bbox 3450 4411 3577 4479; x_wconf 83' lang='lat' dir='ltr'><strong>equl</strong></span> 
     </span>
    </p>
   </div>
   <div class='ocr_carea' id='block_1_91' title="bbox 1975 4488 3579 4556">
    <p class='ocr_par' dir='ltr' id='par_1_91' title="bbox 1975 4488 3579 4556">
     <span class='ocr_line' id='line_1_91' title="bbox 1975 4488 3579 4556; baseline 0.009 -15"><span class='ocrx_word' id='word_1_727' title='bbox 1975 4497 2071 4554; x_wconf 72' lang='lat' dir='ltr'><strong>est,</strong></span> <span class='ocrx_word' id='word_1_728' title='bbox 2092 4498 2327 4543; x_wconf 88' lang='lat' dir='ltr'><strong>sanctum</strong></span> <span class='ocrx_word' id='word_1_729' title='bbox 2348 4488 2574 4546; x_wconf 89' lang='lat' dir='ltr'><strong>Domino</strong></span> <span class='ocrx_word' id='word_1_730' title='bbox 2605 4508 2624 4545; x_wconf 88' lang='lat'><strong><em>:</em></strong></span> <span class='ocrx_word' id='word_1_731' title='bbox 2651 4502 2699 4546; x_wconf 88' lang='lat' dir='ltr'><strong>et</strong></span> <span class='ocrx_word' id='word_1_732' title='bbox 2724 4504 2871 4547; x_wconf 88' lang='lat' dir='ltr'><strong>erunt</strong></span> <span class='ocrx_word' id='word_1_733' title='bbox 2895 4493 3082 4549; x_wconf 81' lang='lat' dir='ltr'><strong>lebetes</strong></span> <span class='ocrx_word' id='word_1_734' title='bbox 3108 4497 3160 4550; x_wconf 91' lang='lat' dir='ltr'><strong>in</strong></span> <span class='ocrx_word' id='word_1_735' title='bbox 3187 4496 3341 4553; x_wconf 87' lang='lat' dir='ltr'><strong>domo</strong></span> <span class='ocrx_word' id='word_1_736' title='bbox 3366 4498 3579 4556; x_wconf 84' lang='lat' dir='ltr'><strong>Domini</strong></span> 
     </span>
    </p>
   </div>
   <div class='ocr_carea' id='block_1_92' title="bbox 267 4569 3577 4657">
    <p class='ocr_par' dir='ltr' id='par_1_92' title="bbox 267 4569 3577 4657">
     <span class='ocr_line' id='line_1_92' title="bbox 267 4569 3577 4657; baseline 0.002 -14"><span class='ocrx_word' id='word_1_737' title='bbox 267 4586 369 4643; x_wconf 88' lang='lat' dir='ltr'><strong>lem</strong></span> <span class='ocrx_word' id='word_1_738' title='bbox 406 4586 656 4641; x_wconf 82' lang='lat' dir='ltr'><strong>ctelestem</strong></span> <span class='ocrx_word' id='word_1_739' title='bbox 685 4582 860 4657; x_wconf 75' lang='lat' dir='ltr'><strong>(Heb.</strong></span> <span class='ocrx_word' id='word_1_740' title='bbox 892 4599 1000 4650; x_wconf 85' lang='lat' dir='ltr'><strong>xu,</strong></span> <span class='ocrx_word' id='word_1_741' title='bbox 1033 4583 1151 4652; x_wconf 70' lang='lat'><strong>2-2).</strong></span> <span class='ocrx_word' id='word_1_742' title='bbox 1188 4583 1257 4638; x_wconf 88' lang='lat' dir='ltr'><strong>Et</strong></span> <span class='ocrx_word' id='word_1_743' title='bbox 1284 4582 1399 4638; x_wconf 66' lang='lat' dir='ltr'><strong>haec</strong></span> <span class='ocrx_word' id='word_1_744' title='bbox 1424 4583 1725 4639; x_wconf 80' lang='lat' dir='ltr'><strong>Jerusalem</strong></span> <span class='ocrx_word' id='word_1_745' title='bbox 1758 4599 1865 4640; x_wconf 88' lang='lat' dir='ltr'><strong>non</strong></span> <span class='ocrx_word' id='word_1_746' title='bbox 1895 4569 1949 4629; x_wconf 86' lang='lat' dir='ltr'><strong>D</strong></span> <span class='ocrx_word' id='word_1_747' title='bbox 1971 4582 2123 4650; x_wconf 83' lang='lat' dir='ltr'><strong>quasi</strong></span> <span class='ocrx_word' id='word_1_748' title='bbox 2160 4583 2354 4654; x_wconf 73' lang='lat' dir='ltr'><strong>phiala:</strong></span> <span class='ocrx_word' id='word_1_749' title='bbox 2390 4599 2561 4638; x_wconf 89' lang='lat' dir='ltr'><strong>coram</strong></span> <span class='ocrx_word' id='word_1_750' title='bbox 2597 4586 2775 4640; x_wconf 90' lang='lat' dir='ltr'><strong>altari.</strong></span> <span class='ocrx_word' id='word_1_751' title='bbox 2813 4584 2883 4641; x_wconf 84' lang='lat' dir='ltr'><strong>Et</strong></span> <span class='ocrx_word' id='word_1_752' title='bbox 2913 4590 3010 4643; x_wconf 91' lang='lat' dir='ltr'><strong>erit</strong></span> <span class='ocrx_word' id='word_1_753' title='bbox 3037 4591 3203 4646; x_wconf 90' lang='lat' dir='ltr'><strong>omnis</strong></span> <span class='ocrx_word' id='word_1_754' title='bbox 3231 4593 3367 4647; x_wconf 85' lang='lat' dir='ltr'><strong>lebes</strong></span> <span class='ocrx_word' id='word_1_755' title='bbox 3395 4594 3449 4648; x_wconf 90' lang='lat' dir='ltr'><strong>in</strong></span> <span class='ocrx_word' id='word_1_756' title='bbox 3478 4591 3577 4650; x_wconf 81' lang='lat' dir='ltr'><strong>Je-</strong></span> 
     </span>
    </p>
   </div>
   <div class='ocr_carea' id='block_1_93' title="bbox 268 4676 1866 4746">
    <p class='ocr_par' dir='ltr' id='par_1_93' title="bbox 268 4676 1866 4746">
     <span class='ocr_line' id='line_1_93' title="bbox 268 4676 1866 4746; baseline -0.001 -11"><span class='ocrx_word' id='word_1_757' title='bbox 268 4690 353 4737; x_wconf 90' lang='lat' dir='ltr'><strong>est</strong></span> <span class='ocrx_word' id='word_1_758' title='bbox 375 4679 430 4735; x_wconf 91' lang='lat' dir='ltr'><strong>in</strong></span> <span class='ocrx_word' id='word_1_759' title='bbox 463 4678 597 4735; x_wconf 87' lang='lat' dir='ltr'><strong>locis</strong></span> <span class='ocrx_word' id='word_1_760' title='bbox 626 4677 925 4733; x_wconf 87' lang='lat' dir='ltr'><strong>humilibus</strong></span> <span class='ocrx_word' id='word_1_761' title='bbox 952 4681 1079 4746; x_wconf 89' lang='lat' dir='ltr'><strong>sita,</strong></span> <span class='ocrx_word' id='word_1_762' title='bbox 1106 4676 1202 4733; x_wconf 83' lang='lat' dir='ltr'><strong>scd</strong></span> <span class='ocrx_word' id='word_1_763' title='bbox 1230 4676 1284 4731; x_wconf 92' lang='lat' dir='ltr'><strong>in</strong></span> <span class='ocrx_word' id='word_1_764' title='bbox 1314 4687 1499 4732; x_wconf 90' lang='lat' dir='ltr'><strong>monte</strong></span> <span class='ocrx_word' id='word_1_765' title='bbox 1530 4678 1769 4744; x_wconf 86' lang='lat' dir='ltr'><strong>excelso,</strong></span> <span class='ocrx_word' id='word_1_766' title='bbox 1796 4678 1866 4733; x_wconf 91' lang='lat' dir='ltr'><strong>de</strong></span> 
     </span>
    </p>
   </div>
   <div class='ocr_carea' id='block_1_94' title="bbox 269 4768 1868 4845">
    <p class='ocr_par' dir='ltr' id='par_1_94' title="bbox 269 4768 1868 4845">
     <span class='ocr_line' id='line_1_94' title="bbox 269 4768 1868 4845; baseline 0.002 -21"><span class='ocrx_word' id='word_1_767' title='bbox 269 4788 378 4844; x_wconf 89' lang='lat' dir='ltr'><strong>quo</strong></span> <span class='ocrx_word' id='word_1_768' title='bbox 402 4770 424 4845; x_wconf 93' lang='lat'>[</span> <span class='ocrx_word' id='word_1_769' title='bbox 449 4772 535 4827; x_wconf 81' lang='lat' dir='ltr'><strong>Al.</strong></span> <span class='ocrx_word' id='word_1_770' title='bbox 578 4769 723 4844; x_wconf 84' lang='lat' dir='ltr'><strong>qua]</strong></span> <span class='ocrx_word' id='word_1_771' title='bbox 754 4770 1004 4828; x_wconf 84' lang='lat' dir='ltr'><strong>Salvator</strong></span> <span class='ocrx_word' id='word_1_772' title='bbox 1031 4769 1269 4840; x_wconf 90' lang='lat' dir='ltr'><strong>loquitur</strong></span> <span class='ocrx_word' id='word_1_773' title='bbox 1301 4786 1315 4825; x_wconf 89' lang='lat'><strong>:</strong></span> <span class='ocrx_word' id='word_1_774' title='bbox 1345 4768 1470 4825; x_wconf 83' lang='lat' dir='ltr'><strong>Non</strong></span> <span class='ocrx_word' id='word_1_775' title='bbox 1493 4780 1659 4843; x_wconf 88' lang='lat' dir='ltr'><strong>potest</strong></span> <span class='ocrx_word' id='word_1_776' title='bbox 1690 4772 1868 4827; x_wconf 80' lang='lat' dir='ltr'><strong>civitas</strong></span> 
     </span>
    </p>
   </div>
   <div class='ocr_carea' id='block_1_95' title="bbox 270 4862 1867 4937">
    <p class='ocr_par' dir='ltr' id='par_1_95' title="bbox 270 4862 1867 4937">
     <span class='ocr_line' id='line_1_95' title="bbox 270 4862 1867 4937; baseline 0 -16"><span class='ocrx_word' id='word_1_777' title='bbox 270 4866 517 4922; x_wconf 82' lang='lat' dir='ltr'><strong>abscondi</strong></span> <span class='ocrx_word' id='word_1_778' title='bbox 542 4881 697 4936; x_wconf 89' lang='lat' dir='ltr'><strong>super</strong></span> <span class='ocrx_word' id='word_1_779' title='bbox 723 4875 942 4920; x_wconf 84' lang='lat' dir='ltr'><strong>montem</strong></span> <span class='ocrx_word' id='word_1_780' title='bbox 966 4864 1132 4936; x_wconf 87' lang='lat' dir='ltr'><strong>posita</strong></span> <span class='ocrx_word' id='word_1_781' title='bbox 1151 4862 1173 4936; x_wconf 91' lang='lat'><strong>(</strong></span> <span class='ocrx_word' id='word_1_782' title='bbox 1192 4862 1322 4920; x_wconf 83' lang='lat' dir='ltr'><strong>Mat.</strong></span> <span class='ocrx_word' id='word_1_783' title='bbox 1352 4880 1403 4933; x_wconf 88' lang='lat' dir='ltr'><strong>v,</strong></span> <span class='ocrx_word' id='word_1_784' title='bbox 1431 4862 1553 4936; x_wconf 77' lang='grc'><strong>14).</strong></span> <span class='ocrx_word' id='word_1_785' title='bbox 1580 4863 1734 4922; x_wconf 88' lang='lat' dir='ltr'><strong>Unde</strong></span> <span class='ocrx_word' id='word_1_786' title='bbox 1774 4866 1867 4937; x_wconf 89' lang='lat' dir='ltr'><strong>qui</strong></span> 
     </span>
    </p>
   </div>
   <div class='ocr_carea' id='block_1_96' title="bbox 272 4957 1865 5025">
    <p class='ocr_par' dir='ltr' id='par_1_96' title="bbox 272 4957 1865 5025">
     <span class='ocr_line' id='line_1_96' title="bbox 272 4957 1865 5025; baseline -0.003 -7"><span class='ocrx_word' id='word_1_787' title='bbox 272 4961 599 5018; x_wconf 86' lang='lat' dir='ltr'><strong>adoraturus</strong></span> <span class='ocrx_word' id='word_1_788' title='bbox 627 4968 713 5015; x_wconf 84' lang='lat' dir='ltr'><strong>est</strong></span> <span class='ocrx_word' id='word_1_789' title='bbox 743 4959 1030 5015; x_wconf 88' lang='lat' dir='ltr'><strong>Dominmn</strong></span> <span class='ocrx_word' id='word_1_790' title='bbox 1067 4957 1403 5015; x_wconf 78' lang='lat' dir='ltr'><strong>exercituum</strong></span> <span class='ocrx_word' id='word_1_791' title='bbox 1444 4958 1495 5013; x_wconf 93' lang='lat' dir='ltr'><strong>in</strong></span> <span class='ocrx_word' id='word_1_792' title='bbox 1525 4957 1824 5014; x_wconf 87' lang='lat' dir='ltr'><strong>Jerusalem</strong></span> <span class='ocrx_word' id='word_1_793' title='bbox 1850 5000 1865 5025; x_wconf 91' lang='lat'><strong>,</strong></span> 
     </span>
    </p>
   </div>
   <div class='ocr_carea' id='block_1_97' title="bbox 273 5051 1867 5120">
    <p class='ocr_par' dir='ltr' id='par_1_97' title="bbox 273 5051 1867 5120">
     <span class='ocr_line' id='line_1_97' title="bbox 273 5051 1867 5120; baseline -0.001 -9"><span class='ocrx_word' id='word_1_794' title='bbox 273 5053 440 5112; x_wconf 88' lang='lat' dir='ltr'><strong>debet</strong></span> <span class='ocrx_word' id='word_1_795' title='bbox 463 5053 532 5111; x_wconf 89' lang='lat' dir='ltr'><strong>ad</strong></span> <span class='ocrx_word' id='word_1_796' title='bbox 549 5064 804 5110; x_wconf 86' lang='lat' dir='ltr'><strong>montana</strong></span> <span class='ocrx_word' id='word_1_797' title='bbox 820 5051 1211 5110; x_wconf 89' lang='lat' dir='ltr'><strong>conscendere.</strong></span> <span class='ocrx_word' id='word_1_798' title='bbox 1234 5052 1337 5120; x_wconf 89' lang='lat' dir='ltr'><strong>Qui</strong></span> <span class='ocrx_word' id='word_1_799' title='bbox 1354 5059 1534 5108; x_wconf 89' lang='lat' dir='ltr'><strong>autem</strong></span> <span class='ocrx_word' id='word_1_800' title='bbox 1560 5051 1626 5108; x_wconf 88' lang='lat' dir='ltr'><strong>de</strong></span> <span class='ocrx_word' id='word_1_801' title='bbox 1648 5051 1867 5110; x_wconf 80' lang='lat' dir='ltr'><strong>familiis</strong></span> 
     </span>
    </p>
   </div>
   <div class='ocr_carea' id='block_1_98' title="bbox 349 5208 1866 5287">
    <p class='ocr_par' dir='ltr' id='par_1_98' title="bbox 349 5208 1866 5287">
     <span class='ocr_line' id='line_1_98' title="bbox 349 5208 1866 5287; baseline -0.003 -17"><span class='ocrx_word' id='word_1_802' title='bbox 349 5226 379 5256; x_wconf 76' lang='grc' dir='ltr'>ι</span> <span class='ocrx_word' id='word_1_803' title='bbox 418 5212 808 5287; x_wconf 77' lang='lat' dir='ltr'><strong>Reponendum</strong></span> <span class='ocrx_word' id='word_1_804' title='bbox 839 5211 1061 5287; x_wconf 83' lang='lat' dir='ltr'><strong>omnino</strong></span> <span class='ocrx_word' id='word_1_805' title='bbox 1100 5222 1183 5287; x_wconf 82' lang='lat' dir='ltr'><strong>est</strong></span> <span class='ocrx_word' id='word_1_806' title='bbox 1206 5208 1453 5287; x_wconf 75' lang='lat' dir='ltr'><strong>sequiori</strong></span> <span class='ocrx_word' id='word_1_807' title='bbox 1490 5226 1691 5287; x_wconf 75' lang='lat' dir='ltr'><strong>genere</strong></span> <span class='ocrx_word' id='word_1_808' title='bbox 1717 5227 1866 5287; x_wconf 80' lang='lat' dir='ltr'><strong>eam,</strong></span> 
     </span>
    </p>
   </div>
   <div class='ocr_carea' id='block_1_99' title="bbox 270 5284 1867 5360">
    <p class='ocr_par' dir='ltr' id='par_1_99' title="bbox 270 5284 1867 5360">
     <span class='ocr_line' id='line_1_99' title="bbox 270 5284 1867 5360; baseline -0.003 -17"><span class='ocrx_word' id='word_1_809' title='bbox 270 5287 425 5360; x_wconf 82' lang='lat' dir='ltr'><strong>juxta</strong></span> <span class='ocrx_word' id='word_1_810' title='bbox 464 5284 742 5360; x_wconf 70' lang='lat' dir='ltr'><strong>Gru&#39;cnm,</strong></span> <span class='ocrx_word' id='word_1_811' title='bbox 775 5285 854 5341; x_wconf 74' lang='lat' dir='ltr'><strong>in’</strong></span> <span class='ocrx_word' id='word_1_812' title='bbox 885 5286 1085 5360; x_wconf 37' lang='grc' dir='ltr'><strong>αὐτὴνμε</strong></span> <span class='ocrx_word' id='word_1_813' title='bbox 1130 5284 1324 5340; x_wconf 82' lang='lat' dir='ltr'><strong>deinde</strong></span> <span class='ocrx_word' id='word_1_814' title='bbox 1356 5299 1455 5360; x_wconf 78' lang='lat' dir='ltr'><strong>pro</strong></span> <span class='ocrx_word' id='word_1_815' title='bbox 1484 5286 1693 5360; x_wconf 70' lang='lat' dir='ltr'><strong>domum</strong></span> <span class='ocrx_word' id='word_1_816' title='bbox 1715 5329 1730 5350; x_wconf 88' lang='lat'><strong>,</strong></span> <span class='ocrx_word' id='word_1_817' title='bbox 1787 5284 1867 5360; x_wconf 82' lang='lat' dir='ltr'><strong>le-</strong></span> 
     </span>
    </p>
   </div>
   <div class='ocr_carea' id='block_1_100' title="bbox 273 5355 1871 5432">
    <p class='ocr_par' dir='ltr' id='par_1_100' title="bbox 273 5355 1871 5432">
     <span class='ocr_line' id='line_1_100' title="bbox 273 5355 1871 5432; baseline -0.004 -17"><span class='ocrx_word' id='word_1_818' title='bbox 273 5355 508 5432; x_wconf 51' lang='lat' dir='ltr'><strong>gendum</strong></span> <span class='ocrx_word' id='word_1_819' title='bbox 539 5359 839 5421; x_wconf 87' lang='lat' dir='ltr'><strong>Dominum,</strong></span> <span class='ocrx_word' id='word_1_820' title='bbox 864 5365 924 5411; x_wconf 90' lang='lat' dir='ltr'><strong>ut</strong></span> <span class='ocrx_word' id='word_1_821' title='bbox 954 5360 1005 5411; x_wconf 93' lang='lat' dir='ltr'><strong>in</strong></span> <span class='ocrx_word' id='word_1_822' title='bbox 1028 5356 1351 5432; x_wconf 59' lang='lat' dir='ltr'><strong>Graecoest,</strong></span> <span class='ocrx_word' id='word_1_823' title='bbox 1376 5356 1575 5432; x_wconf 46' lang='grc' dir='ltr'><strong>κύριον.</strong></span> <span class='ocrx_word' id='word_1_824' title='bbox 1603 5355 1871 5432; x_wconf 69' lang='lat' dir='ltr'><strong>\lictorius</strong></span> 
     </span>
    </p>
   </div>
   <div class='ocr_carea' id='block_1_101' title="bbox 277 5428 1870 5503">
    <p class='ocr_par' dir='ltr' id='par_1_101' title="bbox 277 5428 1870 5503">
     <span class='ocr_line' id='line_1_101' title="bbox 277 5428 1870 5503; baseline -0.003 -16"><span class='ocrx_word' id='word_1_825' title='bbox 277 5428 541 5503; x_wconf 75' lang='lat' dir='ltr'><strong>prteterea</strong></span> <span class='ocrx_word' id='word_1_826' title='bbox 572 5432 772 5503; x_wconf 77' lang='lat' dir='ltr'><strong>ﬁrmati</strong></span> <span class='ocrx_word' id='word_1_827' title='bbox 792 5438 940 5503; x_wconf 83' lang='lat' dir='ltr'><strong>sunt,</strong></span> <span class='ocrx_word' id='word_1_828' title='bbox 973 5444 1070 5503; x_wconf 81' lang='lat' dir='ltr'><strong>pro</strong></span> <span class='ocrx_word' id='word_1_829' title='bbox 1097 5428 1696 5503; x_wconf 29' lang='lat' dir='ltr'><strong>ﬁrmitatis‘sn&#39;bstituit,</strong></span> <span class='ocrx_word' id='word_1_830' title='bbox 1736 5443 1870 5503; x_wconf 74' lang='lat' dir='ltr'><strong>cott-</strong></span> 
     </span>
    </p>
   </div>
   <div class='ocr_carea' id='block_1_102' title="bbox 278 5499 1877 5571">
    <p class='ocr_par' dir='ltr' id='par_1_102' title="bbox 278 5499 1877 5571">
     <span class='ocr_line' id='line_1_102' title="bbox 278 5499 1877 5571; baseline -0.001 -15"><span class='ocrx_word' id='word_1_831' title='bbox 278 5499 642 5560; x_wconf 65' lang='lat' dir='ltr'><strong>aentientihus</strong></span> <span class='ocrx_word' id='word_1_832' title='bbox 681 5504 732 5557; x_wconf 91' lang='lat' dir='ltr'><strong>in</strong></span> <span class='ocrx_word' id='word_1_833' title='bbox 763 5501 864 5556; x_wconf 90' lang='lat' dir='ltr'><strong>hac</strong></span> <span class='ocrx_word' id='word_1_834' title='bbox 886 5502 1004 5569; x_wconf 85' lang='lat' dir='ltr'><strong>ejus</strong></span> <span class='ocrx_word' id='word_1_835' title='bbox 1028 5500 1262 5556; x_wconf 82' lang='lat' dir='ltr'><strong>lectiOne</strong></span> <span class='ocrx_word' id='word_1_836' title='bbox 1290 5499 1531 5571; x_wconf 86' lang='lat' dir='ltr'><strong>quinque</strong></span> <span class='ocrx_word' id='word_1_837' title='bbox 1557 5515 1691 5554; x_wconf 90' lang='lat' dir='ltr'><strong>mss.</strong></span> <span class='ocrx_word' id='word_1_838' title='bbox 1725 5500 1877 5556; x_wconf 88' lang='lat' dir='ltr'><strong>codi-</strong></span> 
     </span>
    </p>
   </div>
   <div class='ocr_carea' id='block_1_103' title="bbox 278 5572 1551 5648">
    <p class='ocr_par' dir='ltr' id='par_1_103' title="bbox 278 5572 1551 5648">
     <span class='ocr_line' id='line_1_103' title="bbox 278 5572 1551 5648; baseline -0.005 -18"><span class='ocrx_word' id='word_1_839' title='bbox 278 5576 464 5648; x_wconf 78' lang='lat' dir='ltr'><strong>cibus.</strong></span> <span class='ocrx_word' id='word_1_840' title='bbox 494 5573 592 5631; x_wconf 84' lang='lat' dir='ltr'><strong>sed</strong></span> <span class='ocrx_word' id='word_1_841' title='bbox 621 5573 846 5642; x_wconf 68' lang='lat' dir='ltr'><strong>Grazco,</strong></span> <span class='ocrx_word' id='word_1_842' title='bbox 877 5573 1140 5648; x_wconf 73' lang='grc' dir='ltr'><strong>ἀσφαλής.</strong></span> <span class='ocrx_word' id='word_1_843' title='bbox 1165 5572 1551 5648; x_wconf 80' lang='lat' dir='ltr'><strong>dissentiente.</strong></span> 
     </span>
    </p>
   </div>
   <div class='ocr_carea' id='block_1_104' title="bbox 351 5644 1878 5718">
    <p class='ocr_par' dir='ltr' id='par_1_104' title="bbox 351 5644 1878 5718">
     <span class='ocr_line' id='line_1_104' title="bbox 351 5644 1878 5718; baseline -0.003 -16"><span class='ocrx_word' id='word_1_844' title='bbox 351 5647 378 5687; x_wconf 74' lang='grc' dir='ltr'>δ</span> <span class='ocrx_word' id='word_1_845' title='bbox 421 5646 614 5718; x_wconf 75' lang='lat' dir='ltr'><strong>Regin.</strong></span> <span class='ocrx_word' id='word_1_846' title='bbox 671 5661 813 5709; x_wconf 89' lang='lat' dir='ltr'><strong>ms.,</strong></span> <span class='ocrx_word' id='word_1_847' title='bbox 874 5644 1326 5714; x_wconf 75' lang='lat' dir='ltr'><strong>mortificationem</strong></span> <span class='ocrx_word' id='word_1_848' title='bbox 1364 5645 1604 5699; x_wconf 82' lang='lat' dir='ltr'><strong>vitiorum</strong></span> <span class='ocrx_word' id='word_1_849' title='bbox 1653 5660 1713 5698; x_wconf 87' lang='lat' dir='ltr'><strong>ac</strong></span> <span class='ocrx_word' id='word_1_850' title='bbox 1762 5644 1878 5699; x_wconf 90' lang='lat' dir='ltr'><strong>libi-</strong></span> 
     </span>
    </p>
   </div>
   <div class='ocr_carea' id='block_1_105' title="bbox 282 5718 481 5774">
    <p class='ocr_par' dir='ltr' id='par_1_105' title="bbox 282 5718 481 5774">
     <span class='ocr_line' id='line_1_105' title="bbox 282 5718 481 5774; baseline 0.005 -1"><span class='ocrx_word' id='word_1_851' title='bbox 282 5718 481 5774; x_wconf 85' lang='lat' dir='ltr'><strong>diuum.</strong></span> 
     </span>
    </p>
   </div>
   <div class='ocr_carea' id='block_1_106' title="bbox 358 5786 1878 5863">
    <p class='ocr_par' dir='ltr' id='par_1_106' title="bbox 358 5786 1878 5863">
     <span class='ocr_line' id='line_1_106' title="bbox 358 5786 1878 5863; baseline -0.001 -16"><span class='ocrx_word' id='word_1_852' title='bbox 358 5801 378 5833; x_wconf 74' lang='grc' dir='ltr'>ο</span> <span class='ocrx_word' id='word_1_853' title='bbox 422 5790 497 5848; x_wconf 86' lang='lat' dir='ltr'><strong>Ita</strong></span> <span class='ocrx_word' id='word_1_854' title='bbox 521 5789 704 5863; x_wconf 67' lang='lat' dir='ltr'><strong>legunt</strong></span> <span class='ocrx_word' id='word_1_855' title='bbox 723 5803 911 5845; x_wconf 75' lang='lat' dir='ltr'><strong>omnes</strong></span> <span class='ocrx_word' id='word_1_856' title='bbox 941 5804 1069 5847; x_wconf 83' lang='lat' dir='ltr'><strong>mss.</strong></span> <span class='ocrx_word' id='word_1_857' title='bbox 1098 5790 1269 5847; x_wconf 87' lang='lat' dir='ltr'><strong>nostri</strong></span> <span class='ocrx_word' id='word_1_858' title='bbox 1293 5788 1543 5853; x_wconf 90' lang='lat' dir='ltr'><strong>codices;</strong></span> <span class='ocrx_word' id='word_1_859' title='bbox 1571 5786 1623 5843; x_wconf 93' lang='lat' dir='ltr'><strong>in</strong></span> <span class='ocrx_word' id='word_1_860' title='bbox 1647 5786 1878 5845; x_wconf 74' lang='lat' dir='ltr'><strong>llebrmo</strong></span> 
     </span>
    </p>
   </div>
   <div class='ocr_carea' id='block_1_107' title="bbox 1972 4672 3576 4747">
    <p class='ocr_par' dir='ltr' id='par_1_107' title="bbox 1972 4672 3576 4747">
     <span class='ocr_line' id='line_1_107' title="bbox 1972 4672 3576 4747; baseline 0.012 -22"><span class='ocrx_word' id='word_1_861' title='bbox 1972 4673 2198 4727; x_wconf 89' lang='lat' dir='ltr'><strong>rusalem</strong></span> <span class='ocrx_word' id='word_1_862' title='bbox 2226 4683 2272 4728; x_wconf 88' lang='lat' dir='ltr'><strong>et</strong></span> <span class='ocrx_word' id='word_1_863' title='bbox 2311 4674 2365 4729; x_wconf 89' lang='lat' dir='ltr'><strong>in</strong></span> <span class='ocrx_word' id='word_1_864' title='bbox 2391 4672 2533 4729; x_wconf 81' lang='lat' dir='ltr'><strong>Juda</strong></span> <span class='ocrx_word' id='word_1_865' title='bbox 2572 4677 2925 4747; x_wconf 77' lang='lat' dir='ltr'><strong>sanctiﬁcatus</strong></span> <span class='ocrx_word' id='word_1_866' title='bbox 2968 4678 3192 4737; x_wconf 88' lang='lat' dir='ltr'><strong>Domino</strong></span> <span class='ocrx_word' id='word_1_867' title='bbox 3237 4686 3576 4745; x_wconf 78' lang='lat' dir='ltr'><strong>exercituum.</strong></span> 
     </span>
    </p>
   </div>
   <div class='ocr_carea' id='block_1_108' title="bbox 1973 4764 3576 4848">
    <p class='ocr_par' dir='ltr' id='par_1_108' title="bbox 1973 4764 3576 4848">
     <span class='ocr_line' id='line_1_108' title="bbox 1973 4764 3576 4848; baseline 0.01 -27"><span class='ocrx_word' id='word_1_868' title='bbox 1973 4764 2155 4821; x_wconf 86' lang='lat' dir='ltr'><strong>LXX:</strong></span> <span class='ocrx_word' id='word_1_869' title='bbox 2208 4765 2275 4821; x_wconf 86' lang='lat' dir='ltr'><strong>lu</strong></span> <span class='ocrx_word' id='word_1_870' title='bbox 2315 4769 2399 4822; x_wconf 87' lang='lat' dir='ltr'><strong>die</strong></span> <span class='ocrx_word' id='word_1_871' title='bbox 2440 4768 2533 4823; x_wconf 90' lang='lat' dir='ltr'><strong>illa</strong></span> <span class='ocrx_word' id='word_1_872' title='bbox 2576 4770 2695 4837; x_wconf 90' lang='lat' dir='ltr'><strong>erit,</strong></span> <span class='ocrx_word' id='word_1_873' title='bbox 2741 4772 2883 4843; x_wconf 87' lang='lat' dir='ltr'><strong>quod</strong></span> <span class='ocrx_word' id='word_1_874' title='bbox 2924 4791 3077 4847; x_wconf 88' lang='lat' dir='ltr'><strong>super</strong></span> <span class='ocrx_word' id='word_1_875' title='bbox 3114 4780 3319 4848; x_wconf 87' lang='lat' dir='ltr'><strong>frenum</strong></span> <span class='ocrx_word' id='word_1_876' title='bbox 3344 4780 3462 4848; x_wconf 89' lang='lat' dir='ltr'><strong>equi</strong></span> <span class='ocrx_word' id='word_1_877' title='bbox 3498 4789 3576 4836; x_wconf 86' lang='lat' dir='ltr'><strong>est</strong></span> 
     </span>
    </p>
   </div>
   <div class='ocr_carea' id='block_1_109' title="bbox 1974 4859 3579 4946">
    <p class='ocr_par' dir='ltr' id='par_1_109' title="bbox 1974 4859 3579 4946">
     <span class='ocr_line' id='line_1_109' title="bbox 1974 4859 3579 4946; baseline 0.01 -31"><span class='ocrx_word' id='word_1_878' title='bbox 1974 4871 2209 4917; x_wconf 87' lang='lat' dir='ltr'><strong>sanctum</strong></span> <span class='ocrx_word' id='word_1_879' title='bbox 2237 4859 2462 4920; x_wconf 89' lang='lat' dir='ltr'><strong>Domino</strong></span> <span class='ocrx_word' id='word_1_880' title='bbox 2487 4868 2830 4937; x_wconf 85' lang='lat' dir='ltr'><strong>omnipotenti</strong></span> <span class='ocrx_word' id='word_1_881' title='bbox 2856 4887 2875 4925; x_wconf 92' lang='lat'><strong><em>:</em></strong></span> <span class='ocrx_word' id='word_1_882' title='bbox 2899 4880 2945 4925; x_wconf 89' lang='lat' dir='ltr'><strong>et</strong></span> <span class='ocrx_word' id='word_1_883' title='bbox 2978 4883 3127 4928; x_wconf 85' lang='lat' dir='ltr'><strong>erunt</strong></span> <span class='ocrx_word' id='word_1_884' title='bbox 3169 4872 3355 4929; x_wconf 81' lang='lat' dir='ltr'><strong>lebetes</strong></span> <span class='ocrx_word' id='word_1_885' title='bbox 3394 4875 3484 4946; x_wconf 86' lang='lat' dir='ltr'><strong>qui</strong></span> <span class='ocrx_word' id='word_1_886' title='bbox 3524 4878 3579 4932; x_wconf 79' lang='lat' dir='ltr'><strong>in</strong></span> 
     </span>
    </p>
   </div>
   <div class='ocr_carea' id='block_1_110' title="bbox 1974 4954 3572 5031">
    <p class='ocr_par' dir='ltr' id='par_1_110' title="bbox 1974 4954 3572 5031">
     <span class='ocr_line' id='line_1_110' title="bbox 1974 4954 3572 5031; baseline 0.011 -24"><span class='ocrx_word' id='word_1_887' title='bbox 1974 4955 2127 5009; x_wconf 84' lang='lat' dir='ltr'><strong>domo</strong></span> <span class='ocrx_word' id='word_1_888' title='bbox 2155 4954 2368 5011; x_wconf 86' lang='lat' dir='ltr'><strong>Domini</strong></span> <span class='ocrx_word' id='word_1_889' title='bbox 2406 4970 2525 5013; x_wconf 84' lang='lat' dir='ltr'><strong>sunt</strong></span> <span class='ocrx_word' id='word_1_890' title='bbox 2554 4962 2685 5016; x_wconf 85' lang='lat' dir='ltr'><strong>sicut</strong></span> <span class='ocrx_word' id='word_1_891' title='bbox 2724 4963 2913 5031; x_wconf 74' lang='lat' dir='ltr'><strong>phiala:</strong></span> <span class='ocrx_word' id='word_1_892' title='bbox 2951 4975 3072 5020; x_wconf 88' lang='lat' dir='ltr'><strong>ante</strong></span> <span class='ocrx_word' id='word_1_893' title='bbox 3098 4965 3309 5020; x_wconf 82' lang='lat' dir='ltr'><strong>domum</strong></span> <span class='ocrx_word' id='word_1_894' title='bbox 3339 4966 3524 5023; x_wconf 86' lang='lat' dir='ltr'><strong>altaris</strong></span> <span class='ocrx_word' id='word_1_895' title='bbox 3553 4986 3572 5024; x_wconf 89' lang='lat'><strong><em>:</em></strong></span> 
     </span>
    </p>
   </div>
   <div class='ocr_carea' id='block_1_111' title="bbox 1973 5050 3573 5117">
    <p class='ocr_par' dir='ltr' id='par_1_111' title="bbox 1973 5050 3573 5117">
     <span class='ocr_line' id='line_1_111' title="bbox 1973 5050 3573 5117; baseline 0.008 -12"><span class='ocrx_word' id='word_1_896' title='bbox 1973 5059 2022 5105; x_wconf 84' lang='lat' dir='ltr'><strong>et</strong></span> <span class='ocrx_word' id='word_1_897' title='bbox 2062 5050 2156 5104; x_wconf 89' lang='lat' dir='ltr'><strong>erit</strong></span> <span class='ocrx_word' id='word_1_898' title='bbox 2199 5051 2365 5107; x_wconf 89' lang='lat' dir='ltr'><strong>omnis</strong></span> <span class='ocrx_word' id='word_1_899' title='bbox 2407 5051 2540 5108; x_wconf 87' lang='lat' dir='ltr'><strong>lebes</strong></span> <span class='ocrx_word' id='word_1_900' title='bbox 2579 5054 2635 5108; x_wconf 90' lang='lat' dir='ltr'><strong>in</strong></span> <span class='ocrx_word' id='word_1_901' title='bbox 2671 5052 2967 5113; x_wconf 86' lang='lat' dir='ltr'><strong>Jerusalem</strong></span> <span class='ocrx_word' id='word_1_902' title='bbox 3002 5068 3048 5113; x_wconf 92' lang='lat' dir='ltr'><strong>et</strong></span> <span class='ocrx_word' id='word_1_903' title='bbox 3083 5062 3137 5114; x_wconf 88' lang='lat' dir='ltr'><strong>in</strong></span> <span class='ocrx_word' id='word_1_904' title='bbox 3177 5058 3321 5114; x_wconf 88' lang='lat' dir='ltr'><strong>Juda</strong></span> <span class='ocrx_word' id='word_1_905' title='bbox 3357 5071 3573 5117; x_wconf 86' lang='lat' dir='ltr'><strong>sanctus</strong></span> 
     </span>
    </p>
   </div>
   <div class='ocr_carea' id='block_1_112' title="bbox 1978 5196 3576 5291">
    <p class='ocr_par' dir='ltr' id='par_1_112' title="bbox 1978 5196 3576 5291">
     <span class='ocr_line' id='line_1_112' title="bbox 1978 5196 3576 5291; baseline 0.006 -25"><span class='ocrx_word' id='word_1_906' title='bbox 1978 5210 2256 5291; x_wconf 72' lang='lat' dir='ltr'><strong>scriptum</strong></span> <span class='ocrx_word' id='word_1_907' title='bbox 2272 5218 2386 5291; x_wconf 84' lang='lat' dir='ltr'><strong>est_.</strong></span> <span class='ocrx_word' id='word_1_908' title='bbox 2414 5219 2723 5291; x_wconf 52' lang='lat' dir='ltr'><strong>grumaim</strong></span> <span class='ocrx_word' id='word_1_909' title='bbox 2746 5196 2929 5291; x_wconf 52' lang='lat' dir='ltr'><strong>pm“)?</strong></span> <span class='ocrx_word' id='word_1_910' title='bbox 2951 5199 3068 5291; x_wconf 50' lang='grc' dir='ltr'><strong>μιῇ,</strong></span> <span class='ocrx_word' id='word_1_911' title='bbox 3095 5216 3238 5286; x_wconf 81' lang='lat' dir='ltr'><strong>quod</strong></span> <span class='ocrx_word' id='word_1_912' title='bbox 3270 5233 3414 5291; x_wconf 82' lang='lat' dir='ltr'><strong>nunc</strong></span> <span class='ocrx_word' id='word_1_913' title='bbox 3439 5218 3576 5291; x_wconf 80' lang='lat' dir='ltr'><strong>legi-</strong></span> 
     </span>
    </p>
   </div>
   <div class='ocr_carea' id='block_1_113' title="bbox 1978 5282 3576 5358">
    <p class='ocr_par' dir='ltr' id='par_1_113' title="bbox 1978 5282 3576 5358">
     <span class='ocr_line' id='line_1_113' title="bbox 1978 5282 3576 5358; baseline 0 -22"><span class='ocrx_word' id='word_1_914' title='bbox 1978 5299 2119 5358; x_wconf 80' lang='lat' dir='ltr'><strong>mus.</strong></span> <span class='ocrx_word' id='word_1_915' title='bbox 2157 5282 2290 5337; x_wconf 82' lang='lat' dir='ltr'><strong>Volo</strong></span> <span class='ocrx_word' id='word_1_916' title='bbox 2319 5282 2519 5358; x_wconf 80' lang='lat' dir='ltr'><strong>aleltem</strong></span> <span class='ocrx_word' id='word_1_917' title='bbox 2540 5282 3085 5358; x_wconf 80' lang='lat' dir='ltr'><strong>jihjettlteggescltem.</strong></span> <span class='ocrx_word' id='word_1_918' title='bbox 3116 5282 3250 5357; x_wconf 68' lang='lat' dir='ltr'><strong>Quae</strong></span> <span class='ocrx_word' id='word_1_919' title='bbox 3280 5289 3445 5346; x_wconf 87' lang='lat' dir='ltr'><strong>lectio</strong></span> <span class='ocrx_word' id='word_1_920' title='bbox 3469 5282 3576 5350; x_wconf 61' lang='lat' dir='ltr'><strong>lle-</strong></span> 
     </span>
    </p>
   </div>
   <div class='ocr_carea' id='block_1_114' title="bbox 1982 5355 3575 5429">
    <p class='ocr_par' dir='ltr' id='par_1_114' title="bbox 1982 5355 3575 5429">
     <span class='ocr_line' id='line_1_114' title="bbox 1982 5355 3575 5429; baseline 0.007 -19"><span class='ocrx_word' id='word_1_921' title='bbox 1982 5355 2164 5429; x_wconf 72' lang='lat' dir='ltr'><strong>braica</strong></span> <span class='ocrx_word' id='word_1_922' title='bbox 2194 5365 2451 5426; x_wconf 88' lang='lat' dir='ltr'><strong>quantutn</strong></span> <span class='ocrx_word' id='word_1_923' title='bbox 2488 5355 2659 5411; x_wconf 80' lang='lat' dir='ltr'><strong>distet</strong></span> <span class='ocrx_word' id='word_1_924' title='bbox 2685 5357 2755 5412; x_wconf 90' lang='lat' dir='ltr'><strong>ab</strong></span> <span class='ocrx_word' id='word_1_925' title='bbox 2782 5355 3123 5429; x_wconf 75' lang='lat' dir='ltr'><strong>antiquorum</strong></span> <span class='ocrx_word' id='word_1_926' title='bbox 3146 5355 3399 5419; x_wconf 74' lang='lat' dir='ltr'><strong>lectione</strong></span> <span class='ocrx_word' id='word_1_927' title='bbox 3429 5379 3575 5421; x_wconf 89' lang='lat' dir='ltr'><strong>nunc</strong></span> 
     </span>
    </p>
   </div>
   <div class='ocr_carea' id='block_1_115' title="bbox 1978 5426 3569 5499">
    <p class='ocr_par' dir='ltr' id='par_1_115' title="bbox 1978 5426 3569 5499">
     <span class='ocr_line' id='line_1_115' title="bbox 1978 5426 3569 5499; baseline 0.006 -17"><span class='ocrx_word' id='word_1_928' title='bbox 1978 5426 2323 5483; x_wconf 83' lang='lat' dir='ltr'><strong>manifestum</strong></span> <span class='ocrx_word' id='word_1_929' title='bbox 2346 5437 2401 5499; x_wconf 84' lang='lat' dir='ltr'><strong>et</strong></span> <span class='ocrx_word' id='word_1_930' title='bbox 2422 5429 2761 5499; x_wconf 83' lang='lat' dir='ltr'><strong>exploratum</strong></span> <span class='ocrx_word' id='word_1_931' title='bbox 2789 5426 2946 5485; x_wconf 68' lang='lat' dir='ltr'><strong>nobis</strong></span> <span class='ocrx_word' id='word_1_932' title='bbox 2976 5440 3077 5487; x_wconf 88' lang='lat' dir='ltr'><strong>est.</strong></span> <span class='ocrx_word' id='word_1_933' title='bbox 3107 5432 3569 5493; x_wconf 57' lang='lat' dir='ltr'><strong>Mean—Malim</strong></span> 
     </span>
    </p>
   </div>
   <div class='ocr_carea' id='block_1_116' title="bbox 1979 5498 3575 5576">
    <p class='ocr_par' dir='ltr' id='par_1_116' title="bbox 1979 5498 3575 5576">
     <span class='ocr_line' id='line_1_116' title="bbox 1979 5498 3575 5576; baseline 0.007 -23"><span class='ocrx_word' id='word_1_934' title='bbox 1979 5514 2232 5576; x_wconf 63' lang='lat' dir='ltr'><strong>tte,_quge</strong></span> <span class='ocrx_word' id='word_1_935' title='bbox 2265 5498 2439 5576; x_wconf 69' lang='lat' dir='ltr'><strong>tertiae</strong></span> <span class='ocrx_word' id='word_1_936' title='bbox 2466 5498 2711 5568; x_wconf 65' lang='lat' dir='ltr'><strong>personae</strong></span> <span class='ocrx_word' id='word_1_937' title='bbox 2741 5502 3051 5576; x_wconf 86' lang='lat' dir='ltr'><strong>terminatio</strong></span> <span class='ocrx_word' id='word_1_938' title='bbox 3077 5515 3159 5576; x_wconf 73' lang='lat' dir='ltr'><strong>est</strong></span> <span class='ocrx_word' id='word_1_939' title='bbox 3193 5522 3206 5557; x_wconf 87' lang='lat'><strong>:</strong></span> <span class='ocrx_word' id='word_1_940' title='bbox 3238 5507 3413 5576; x_wconf 90' lang='lat' dir='ltr'><strong>potuit</strong></span> <span class='ocrx_word' id='word_1_941' title='bbox 3444 5523 3575 5563; x_wconf 80' lang='lat' dir='ltr'><strong>vero</strong></span> 
     </span>
    </p>
   </div>
   <div class='ocr_carea' id='block_1_117' title="bbox 1981 5570 3202 5643">
    <p class='ocr_par' dir='ltr' id='par_1_117' title="bbox 1981 5570 3202 5643">
     <span class='ocr_line' id='line_1_117' title="bbox 1981 5570 3202 5643; baseline 0.005 -18"><span class='ocrx_word' id='word_1_942' title='bbox 1981 5570 2459 5643; x_wconf 69' lang='lat' dir='ltr'><strong>vocissimilitudo</strong></span> <span class='ocrx_word' id='word_1_943' title='bbox 2484 5587 2871 5629; x_wconf 80' lang='lat' dir='ltr'><strong>amanuensem</strong></span> <span class='ocrx_word' id='word_1_944' title='bbox 2901 5572 3202 5643; x_wconf 89' lang='lat' dir='ltr'><strong>decepisse.</strong></span> 
     </span>
    </p>
   </div>
   <div class='ocr_carea' id='block_1_118' title="bbox 2017 5640 3579 5727">
    <p class='ocr_par' dir='ltr' id='par_1_118' title="bbox 2017 5640 3579 5727">
     <span class='ocr_line' id='line_1_118' title="bbox 2017 5640 3579 5727; baseline 0.007 -30"><span class='ocrx_word' id='word_1_945' title='bbox 2017 5640 2079 5727; x_wconf 45' lang='grc' dir='ltr'><strong>,ἀ</strong></span> <span class='ocrx_word' id='word_1_946' title='bbox 2111 5640 2318 5727; x_wconf 71' lang='lat' dir='ltr'><strong>Nomen</strong></span> <span class='ocrx_word' id='word_1_947' title='bbox 2347 5642 2569 5716; x_wconf 77' lang='lat' dir='ltr'><strong>Assyrii,</strong></span> <span class='ocrx_word' id='word_1_948' title='bbox 2595 5645 2739 5717; x_wconf 88' lang='lat' dir='ltr'><strong>quod</strong></span> <span class='ocrx_word' id='word_1_949' title='bbox 2761 5651 2816 5702; x_wconf 89' lang='lat' dir='ltr'><strong>et</strong></span> <span class='ocrx_word' id='word_1_950' title='bbox 2838 5640 3117 5704; x_wconf 80' lang='lat' dir='ltr'><strong>abundare</strong></span> <span class='ocrx_word' id='word_1_951' title='bbox 3141 5646 3375 5719; x_wconf 84' lang='lat' dir='ltr'><strong>videtur,</strong></span> <span class='ocrx_word' id='word_1_952' title='bbox 3391 5647 3579 5710; x_wconf 70' lang='lat' dir='ltr'><strong>Victo~</strong></span> 
     </span>
    </p>
   </div>
   <div class='ocr_carea' id='block_1_119' title="bbox 1984 5724 2288 5773">
    <p class='ocr_par' dir='ltr' id='par_1_119' title="bbox 1984 5724 2288 5773">
     <span class='ocr_line' id='line_1_119' title="bbox 1984 5724 2288 5773; baseline 0 -2"><span class='ocrx_word' id='word_1_953' title='bbox 1984 5724 2097 5772; x_wconf 82' lang='lat' dir='ltr'><strong>rius</strong></span> <span class='ocrx_word' id='word_1_954' title='bbox 2127 5724 2288 5773; x_wconf 85' lang='lat' dir='ltr'><strong>tacet.</strong></span> 
     </span>
    </p>
   </div>
  </div>
