4026 6346
435 223 575 283 ιειδ

1680 220 1741 281 S.
1784 222 2058 281 EUSEBII
2098 218 2480 280 lllEBONYMl

3598 214 3739 273 15M

429 354 567 411 opus
590 337 918 393 dimitterem
951 337 1361 408 prophetarum,
1396 345 1450 393 et
1471 336 1907 395 extraordinario
1930 355 2023 394 vo—
2050 345 2097 405 Α
2130 354 2285 405 nem;
2316 348 2343 375 ει
2373 336 2469 395 sed
2511 334 2763 407 angelum
2805 338 3001 403 putans
3043 328 3215 385 fuisse
3254 327 3347 400 qui
3371 327 3616 399 scripsit,
3648 344 3738 384 se-

428 430 514 489 bis
543 431 729 487 labore
761 430 1034 495 sudorem,
1071 431 1315 487 brexiter
1354 432 1406 487 in
1439 431 1712 489 Prooemio
1738 449 1855 488 sum
1883 433 2028 488 locu-

428 533 555 581 tus:
608 534 665 579 ut
713 539 1025 595 proponens
1075 526 1237 581 verba
1286 524 1537 589 Malachi,
1590 526 1826 596 primum
1876 527 2027 597 juxta

431 618 757 676 Hebraieam
812 620 1120 684 veritatem,
1154 618 1351 674 deinde
1389 617 1543 689 juxta
1586 619 1729 675 LXX
1761 622 2027 692 interpre-

430 721 536 780 tes,
583 711 889 767 orationum
921 724 1225 768 vestrarum
1257 711 1423 769 fultus
1453 714 1677 783 auxilio,
1727 715 2027 771 edisseram

428 820 552 878 qua:
593 814 912 876 sequuntur.
960 806 1189 877 Scripsit
1237 807 1288 860 in
1341 805 1485 863 hunc
1524 807 1720 863 librum
1770 808 2036 879 Origenes

430 899 539 957 tria
571 899 841 957 volumina
868 917 883 968 ;
915 901 1010 956 sed
1042 898 1323 956 historiam
1354 901 1580 957 omnino
1613 917 1718 957 non
1751 903 1947 973 tetigit,
1980 913 2029 958 et

431 1009 587 1052 more
617 1010 716 1049 suo
748 1004 896 1050 totus
919 994 971 1048 in
1004 993 1282 1064 allegoria:
1311 994 1758 1064 interpretatione
1787 1004 2035 1051 versatus

433 1099 537 1159 est,
571 1088 777 1145 nullam
820 1088 935 1162 (At.
979 1105 1085 1144 non
1118 1089 1310 1163 ullam]
1366 1089 1522 1146 Eme
1553 1090 1758 1147 faciens
1806 1094 2036 1150 mentio-

508 1244 534 1272 ελ
577 1233 822 1289 Diximus
844 1239 899 1303 et
928 1245 1097 1303 supra
1119 1229 1183 1284 ad
1217 1230 1399 1302 Aggaei
1441 1242 1605 1303 caput
1634 1249 1865 1303 primum
1900 1235 2037 1290 hanc

436 1304 606 1363 fuisse
636 1302 886 1372 Origenis
929 1302 1258 1362 doctrinam,
1304 1305 1553 1374 homines
1593 1307 1801 1374 aliquot
1833 1305 2037 1361 sancti-

436 1387 571 1444 tate,
597 1385 761 1447 atque
782 1374 1168 1448 llllhll'lOI‘llmS
1194 1373 1660 1448 donisin~ignitos
1690 1373 1918 1448 angelos
1946 1392 2034 1448 na-

438 1460 558 1504 tura
572 1445 876 1504 exsiitisse:
896 1446 1038 1514 quod
1058 1459 1180 1499 cum
1204 1446 1321 1513 ejus
1344 1445 1725 1503 desiderentur
1745 1445 1796 1502 in
1813 1447 2036 1504 Malach.

439 1519 867 1584 Couimentaria,
888 1518 1019 1571 satis
1044 1515 1667 1589 luculenterintelligere
1695 1530 1779 1575 est
1807 1535 1873 1575 ex
1892 1520 1956 1574 Τ.
1982 1534 2038 1583 v,

438 1594 493 1649 iu
528 1591 687 1648 Joan.
730 1607 769 1659 ι,
800 1592 854 1658 6,
888 1589 952 1642 ad
994 1588 1270 1642 laudatum
1306 1588 1392 1643 hic
1434 1588 1648 1659 quoqiie
1685 1591 2039 1656 versiculum,

2136 432 2372 489 cundum
2426 428 2560 486 illud
2612 426 2755 500 quod
2787 425 2856 482 de
2894 426 3103 482 Joanne
3125 421 3354 494 legimus
3399 439 3413 477 :
3464 419 3603 476 Ecce
3652 437 3744 492 ego

2137 526 2282 580 mitto
2313 523 2559 596 angelum
2588 535 2757 575 meum
2786 526 2907 573 ante
2932 518 3119 586 [aciem
3144 522 3289 568 tuam
3320 511 3485 582 (Mat.
3520 528 3599 579 ιι,
3632 511 3743 581 10).

2138 620 2291 688 Quod
2320 634 2420 674 nos
2450 616 2672 672 omnino
2703 630 2807 671 non
2854 609 3169 681 recipimus,
3206 623 3277 664 ne
3324 605 3631 662 animarum
3681 604 3748 661 de

2140 716 2281 771 etelo
2309 711 2495 769 ruinas
2523 710 2805 780 suscipere
2836 705 3251 777 compellamur.
3281 700 3433 757 Alios
3464 714 3746 754 commen-

2141 808 2311 863 tarios
2364 806 2418 861 in
2452 805 2595 861 hunc
2644 801 2971 875 prophetam
3018 799 3215 869 legisse
3258 809 3347 851 me
3377 792 3613 850 nescio:
3657 809 3749 845 ex-

2144 911 2303 975 cepto
2354 899 2685 972 Apollinaris
2716 897 2865 951 brevi
2908 894 3115 958 libello,
3164 890 3319 959 cujus
3370 903 3481 943 non
3515 897 3623 941 tam
3671 886 3751 940 in-

2144 998 2460 1070 terpretatio
2490 1010 2652 1067 quam
2706 987 3173 1062 interpretationis
3201 985 3229 1024 δ
3272 995 3473 1056 puncta
3522 982 3749 1039 dicenda

2143 1254 2276 1295 πους
2306 1234 2463 1289 αὐτοῦ
2492 1228 2835 1308 χρηᾳτότητι.
2874 1225 3190 1308 ᾼηηοιαηιτιε
3218 1266 3231 1289 ,
3283 1237 3406 1273 num
3448 1223 3595 1308 forte.
3625 1234 3751 1308 unus

2142 1292 2444 1360 sanctorum
2471 1292 2773 1373 angelorum
2814 1299 3061 1373 existens,
3093 1309 3385 1373 praecursor
3423 1292 3493 1373 ad
3524 1292 3754 1345 minister-

2146 1377 2285 1431 rium
2330 1363 2634 1429 demittalur
2682 1371 2974 1429 Serratoris
3006 1368 3193 1419 nostri.
3239 1363 3350 1418 Nec
3394 1365 3589 1417 mirum
3630 1378 3752 1433 pro—

2147 1453 2284 1520 fecto
2314 1456 2410 1511 est,
2438 1444 2630 1520 Christi
2662 1439 2993 1520 primogenili
3024 1437 3189 1520 omnis
3220 1445 3483 1520 creaturae
3513 1434 3574 1520 ob
3608 1450 3752 1486 amo-

2148 1508 2257 1574 rem
2286 1508 2411 1589 erga
2442 1508 2675 1591 homines
2701 1508 2965 1591 incarnati-
2988 1511 3339 1591 remulotores,
3362 1508 3759 1591 imitatoresque

2146 1579 2369 1662 aliquos"
2396 1590 2676 1652 exstitisse,
2708 1587 2892 1662 quibus
2932 1580 3087 1662 dulce
3118 1579 3373 1662 fuerit‘ei
3426 1579 3751 1659 benignitati.

440 1662 576 1719 Ecce
595 1679 687 1734 ego
712 1649 853 1715 mitto
876 1659 1118 1735 angelum
1152 1675 1316 1713 meum
1344 1649 1463 1735 ante
1492 1649 1680 1731 faciem
1709 1675 1875 1724 (uani,
1906 1649 2038 1728 «ηαξ
2074 1674 2119 1735 Β
2146 1649 2301 1733 quam
2331 1662 2383 1715 in
2406 1649 2905 1735 ipsososten'disset,
2935 1649 3187 1735 inserpire
3214 1651 3394 1706 eadem
3408 1653 3655 1732 corporis
3685 1649 3754 1703 si-

441 1737 556 1801 ubi.
580 1728 911 1809 ἐξοίστᾳμξνρ
938 1728 1145 1809 inquit,
1164 1735 1361 1801 μήποτε
1402 1728 1472 1809 εἷς
1492 1728 1603 1791 ’τῶν
1632 1734 1785 1806 ἁγίων
1821 1737 2042 1809 ἀγγέλων

442 1805 738 1885 τυγχὸιελωγΔ
767 1807 854 1861 ἐπὶ
891 1805 1199 1885 λειτοιυργίει·
1226 1806 1621 1885 κᾳταπέμπξται
1668 1805 1762 1862 rei”;
1818 1805 2044 1885 Σὼὲῆρος

441 1876 586 1958 ipsi;
608 1876 918 1958 πρόβρομοςς
952 1878 1036 1929 καὶ
1066 1876 1230 1958 pndis:
1267 1876 1565 1958 θαυμαᾳτὸγ
1592 1886 1682 1958 τοᾼῦ
1723 1876 2043 1958 προτοτὸᾗου

443 1948 619 2035 regia-nc
643 1948 859 2035 Sttio-sa);
890 1948 1311 2035 évawparopévou
1338 1951 1472 2003 κατὰ
1492 1948 1864 2027 φιλανθρωτὲίαν
1886 1954 2044 2017 Culto—

440 2025 550 2110 τᾲς
566 2043 719 2110 suae:
736 2024 824 2110 θεαὶ
848 2020 1073 2107 μιμητςὶς
1100 2020 1363 2110 γεγοινέναξ
1391 2020 1639 2096 Χριὰτοῦ,
1666 2020 2050 2110 ἆγατξήςαχτᾳς

442 2097 500 2155 τὸ
521 2094 609 2152 διὰ
629 2100 723 2151 τοῦ
745 2092 921 2165 ὁμοίου
942 2098 1035 2147 τοῦ
1056 2092 1303 2162 σώματος
1332 2092 1657 2169 {irruperunt
1678 2092 1740 2169 τῇ
1763 2098 1833 2158 εἰς
1856 2097 2051 2173 ἀνθρώ-

2152 1721 2469 1789 inilitudiue.
2506 1726 3034 1802 llicronymustqui
3078 1723 3128 1777 id
3169 1738 3229 1802 se
3274 1721 3641 1802 omniuolion
3672 1736 3751 1775 re-

2150 1807 2333 1876 cipere
2374 1804 2459 1859 hic
2491 1792 2799 1873 profitetur,
2843 1792 2976 1876 alibi
3013 1798 3063 1876 in
3092 1794 3360 1876 epistolis
3406 1792 3756 1876 aitEAvan‘ge-

2154 1866 2262 1931 lu'm
2290 1876 2358 1931 de
2384 1866 2804 1948 Melchisedech,
2833 1883 2888 1927 et
2912 1870 2977 1924 ad
3006 1866 3237 1948 Avituni_
3253 1882 3376 1935 cap.
3402 1875 3503 1948 ret
3526 1866 3754 1948 Apolog.

2153 1952 2413 2004 adversus
2441 1949 2695 2003 Rnlinum
2731 1947 2901 2015 prima
2922 1986 2938 2009 ,
2972 1954 3081 1996 non
3112 1938 3484 2015 perfunctorie
3510 1947 3755 2015 castigat.

2229 2020 2254 2059 ι)
2297 2021 2433 2092 Reg.
2487 2035 2616 2087 ms.,
2669 2009 2827 2090 quam
2875 2012 3311 2081 interpretationis
3357 2019 3495 2064 noue
3531 2009 3759 2063 dicendis

2156 2103 2298 2148 sunt.

476 2246 2575 2271 Μ

1487 2390 2113 2502 INCIPIT
2178 2391 2707 2503 LIBER.

1924 2605 2273 2621 ﬂ“

516 2763 670 2838 (Cap.
706 2762 985 2819 I.—Vers.
1020 2761 1101 2834 l.)
1135 2762 1279 2817 Onus
1306 2761 1441 2818 verbi
1459 2761 1665 2817 Domini
1681 2761 1751 2815 ad
1766 2757 1959 2826 Israel,
1988 2764 2043 2816 in

443 2876 601 2915 manu
632 2857 888 2914 Malachi.
920 2856 1065 2913 LXX
1094 2876 1107 2914 :
1150 2859 1444 2932 Assumptio
1473 2857 1612 2913 uerbi
1644 2858 1850 2912 Domini
1893 2872 2046 2928 super

444 2954 637 3017 Israel,
668 2955 722 3008 in
752 2970 909 3008 manu
959 2953 1131 3028 angeli
1154 2957 1291 3025 ejus.
1323 2954 1460 3022 Quid
1510 2954 1778 3024 significet
1806 2970 1958 3021 onus,
1992 2950 2045 3007 id

442 3055 546 3110 est,
604 3046 829 3118 pondus,
879 3045 1024 3117 quod
1082 3045 1347 3102 Hebraice
1398 3060 1567 3102 mssa
1620 3046 1828 3118 (sm),
1876 3054 1932 3101 ct
1979 3044 2047 3099 ab

447 3140 642 3210 Aquila
674 3150 700 3178 α
729 3140 870 3215 ἅρμα
917 3139 1139 3208 dicitur,
1191 3140 1279 3196 vel
1329 3140 1458 3212 quid
1495 3141 1690 3214 λῆμμα,
1724 3140 1776 3195 id
1826 3149 1931 3208 est,
1963 3157 2049 3193 as-

446 3236 696 3304 sumptio,
722 3234 863 3305 quod
914 3244 972 3291 et
1000 3235 1352 3307 Septuaginta
1402 3245 1455 3293 et
1485 3234 1675 3291 caeteri
1721 3237 2048 3305 interpretes

445 3330 863 3397 transtulerunt,
923 3330 975 3383 in
1012 3328 1135 3384 aliis
1176 3329 1459 3400 prophetis
1508 3329 1766 3384 diximus.
1815 3327 1949 3383 Nam
1994 3338 2047 3383 et

446 3421 618 3478 Naum
658 3422 892 3479 scribit:
942 3421 1088 3477 Onus
1117 3422 1307 3478 Ninive
1354 3439 1370 3476 :
1421 3422 1548 3477 liber
1600 3421 1818 3477 Visionis
1872 3421 2051 3476 Naum

450 3512 670 3570 Elcescei
724 3513 916 3584 (Num.
973 3513 1059 3587 u).
1096 3515 1165 3570 Et
1218 3516 1489 3571 Abacuc:
1545 3516 1688 3569 Onus
1740 3515 1879 3586 quod
1926 3516 2048 3569 vidit

449 3608 656 3664 Abacuc
684 3607 938 3679 propheta
968 3609 1152 3681 (Abac.
1178 3612 1243 3679 1).
1277 3608 1343 3664 Et
1374 3608 1669 3665 Zacharias
1702 3625 1716 3667 :
1750 3608 1891 3664 Onus
1914 3609 2052 3683 verbi

447 3701 660 3759 Domini
711 3704 765 3757 in
818 3714 959 3758 terra
1009 3703 1241 3771 Adrach,
1303 3715 1351 3760 et
1405 3705 1648 3759 Damasci
1699 3704 1887 3775 requiei
1939 3688 2051 3778 rius

448 3797 636 3873 (Zach.
688 3814 741 3854 tx
791 3807 838 3853 et
887 3797 1007 3869 xtl).
1057 3799 1125 3854 Et
1173 3814 1392 3855 rursum
1442 3800 1494 3854 in
1546 3801 2048 3871 consequentibus:

453 3892 602 3950 Onus
646 3893 786 3948 verbi
814 3891 1028 3947 Domini
1075 3908 1237 3964 super
1280 3892 1468 3948 Israel.
1502 3894 1598 3949 Illa
1650 3894 1832 3965 itaque
1884 3896 2052 3951 simus

451 3986 838 4058 explanatione
1052 3987 1298 4043 contenti
1328 4006 1339 4041 :
1369 3996 1424 4041 et
1451 4003 1595 4043 nuuc
1618 3988 1718 4043 hoc
1742 3997 1949 4043 tantum
1974 3990 2055 4043 di-

447 4094 658 4145 camus,
687 4077 833 4149 quod
885 4078 1098 4149 pondus
1142 4078 1299 4134 verbi
1332 4077 1546 4133 Domini
1588 4078 1654 4133 ad
1693 4079 1879 4147 Israel,
1910 4079 2049 4146 sive,

449 4180 509 4228 ut
528 4169 671 4227 LXX
699 4169 908 4235 dicunt,
938 4187 1093 4238 super
1141 4168 1327 4235 Israel,
1353 4187 1518 4242 grave
1548 4171 1763 4243 quidem
1795 4173 1887 4240 sit,
1928 4172 2052 4243 quia

450 4265 666 4339 pondus
690 4263 1013 4336 appellatur,
1046 4263 1141 4319 sed
1172 4264 1566 4320 consolationis
1594 4264 1797 4336 aliquid
1830 4265 2047 4332 habeat,

454 4359 601 4432 quod
624 4373 730 4415 non
752 4369 944 4414 contra
972 4356 1161 4420 Israel.
1192 4356 1286 4413 sed
1309 4357 1375 4412 ad
1409 4356 1577 4414 Israel
1611 4359 1865 4413 sumitur.
1894 4358 2052 4414 Aliud

2153 2777 2384 2834 quorum
2401 2763 2549 2820 enim
2569 2764 2817 2820 manibus
2833 2772 2920 2821 est
2940 2765 3224 2835 iniquitas,
3243 2772 3297 2820 et
3317 2777 3553 2836 quorum
3572 2764 3759 2821 dextra

2155 2860 2361 2929 repleta
2382 2869 2467 2915 est
2495 2860 2835 2927 muneribus,
2865 2868 2923 2915 et
2943 2875 3177 2930 quorum
3202 2875 3393 2914 manus
3425 2860 3601 2930 plena:
3637 2870 3758 2915 sunt

2153 2952 2443 3023 sanguine,
2478 2952 2529 3008 in
2564 2952 2650 3008 his
2681 2969 2788 3007 non
2821 2952 2881 3007 lit
2904 2968 3088 3009 sermo
3123 2952 3256 3017 Dei;
3302 2952 3400 3008 scd
3440 2954 3534 3023 qui
3581 2953 3759 3008 lavant

2156 3045 2299 3102 inter
2358 3046 2683 3102 innocentes
2723 3061 2919 3101 manus
2974 3061 3102 3102 suas
3142 3044 3317 3118 (Psal.
3361 3048 3522 3111 xxv).
3555 3046 3757 3114 Quibus

2151 3140 2306 3210 aquis
2334 3150 2392 3196 et
2422 3139 2628 3195 Pilatus
2656 3155 2853 3195 manus
2899 3139 3088 3194 lavare
3128 3149 3363 3195 conatus
3402 3148 3511 3207 est,
3561 3155 3633 3195 ne
3670 3140 3758 3195 Ju-

2150 3232 2395 3289 daeorum
2428 3233 2783 3304 hlasphemiis
2832 3234 3175 3290 consentiret
3206 3233 3387 3307 (Matt.
3449 3242 3651 3302 xxvu),
3692 3233 3758 3292 de

2152 3327 2347 3399 quibus
2378 3327 2666 3383 Psalmista
2697 3327 2942 3396 laetatur,
2982 3327 3170 3383 dicens
3213 3344 3225 3380 :
3270 3327 3440 3396 Super
3479 3344 3641 3398 aquas
3677 3344 3756 3383 re-

2154 3421 2386 3490 [actionis
2429 3421 2661 3476 educavit
2699 3438 2777 3477 me
2807 3420 2928 3493 (Ps.
2959 3437 3092 3490 χιιι,
3123 3420 3204 3492 2).
3242 3421 3314 3477 De
3348 3420 3451 3477 bac
3494 3436 3635 3491 aqua
3665 3436 3760 3493 per

2158 3513 2476 3585 prapbetam
2514 3515 2778 3570 Dominus
2813 3514 3101 3585 pollicetur
3132 3530 3147 3569 :
3193 3514 3479 3586 Aspergam
3506 3531 3594 3568 vos
3624 3531 3756 3586 aqua

2156 3609 2493 3665 mundissima
2522 3610 2739 3683 (Ezech.
2773 3612 2980 3683 xxx“).
3017 3610 3121 3680 Qui
3153 3622 3331 3668 autem
3366 3623 3625 3683 peccator
3654 3624 3751 3679 est,

2156 3701 2463 3759 inebriatur
2489 3704 2660 3760 calice
2688 3704 3012 3777 Babylonio,
3044 3713 3101 3761 ct
3128 3704 3328 3761 dicitur
3348 3705 3416 3761 de
3445 3721 3512 3761 eo
3539 3724 3553 3761 :
3583 3706 3756 3776 Spirae

2157 3806 2441 3852 nascuntur
2469 3799 2521 3852 in
2553 3815 2710 3852 manu
2736 3800 2923 3853 ebriosi
2956 3796 3138 3870 (Prov.
3171 3814 3324 3861 xxvi,
3348 3797 3428 3869 9).

2228 3888 2372 3945 LXX
2406 3908 2417 3944 :
2467 3889 2654 3946 Ponite
2683 3909 2839 3959 super
2861 3892 3021 3946 corda
3050 3902 3238 3946 vestra.
3272 3891 3388 3947 [Ioc
3410 3891 3466 3947 in
3493 3892 3753 3948 llebraico

2157 4000 2265 4040 non
2297 3982 2554 4050 habetur,
2580 3983 2674 4040 sed
2699 3992 2832 4055 puto
2858 3982 2926 4039 de
2951 3986 3151 4055 Aggaeo
3174 3982 3441 4047 additum,
3469 3984 3523 4038 in
3554 4001 3661 4055 quo
3683 3984 3755 4040 le-

2156 4078 2332 4149 gimus
2366 4094 2379 4130 :
2410 4075 2477 4129 Et
2507 4093 2645 4130 nunc
2672 4078 2846 4148 ponite
2870 4093 3026 4147 super
3050 4076 3211 4131 corda
3240 4086 3409 4131 vestra
3438 4096 3469 4131 α
3488 4077 3576 4132 die
3591 4078 3685 4130 hac
3710 4086 3750 4130 et

2156 4186 2313 4241 supra
2339 4170 2538 4241 (Aggazi
2559 4185 2623 4235 Il,
2649 4171 2760 4240 16).
2780 4169 2909 4225 Post
2933 4169 3146 4224 titulum
3164 4169 3329 4239 igitur
3348 4170 3632 4240 prophetae
3647 4172 3755 4225 sive

2160 4264 2507 4335 proceminm,
2538 4263 2834 4336 dupliciter
2873 4262 3248 4335 accipiendum
3281 4271 3369 4321 est
3402 4282 3413 4317 ε
3453 4263 3643 4320 Ponite
3670 4283 3753 4319 su-

2161 4373 2251 4427 per
2286 4356 2442 4411 corda
2479 4367 2675 4423 vestra;
2716 4356 2768 4411 id
2793 4367 2898 4425 cst,
2951 4357 3373 4414 animadvertite
3410 4366 3471 4415 et
3513 4359 3756 4413 Conside-

453 4462 537 4511 est
563 4453 711 4509 enim
760 4451 998 4524 quando,
1031 4450 1185 4509 verbi
1211 4452 1408 4523 gratia,
1459 4450 1525 4507 ad
1571 4451 1724 4507 illum
1772 4452 1856 4507 vel
1905 4451 2052 4507 illum
2084 4493 2137 4554 Β
2161 4460 2300 4517 rate,
2331 4449 2383 4505 id
2416 4450 2563 4521 quod
2584 4466 2748 4520 supra
2776 4451 2983 4506 dictum
3012 4459 3097 4507 est
3127 4469 3140 4505 :
3170 4450 3469 4524 Assumptio
3491 4453 3634 4507 verbi
3656 4450 3757 4505 Do.

446 4547 766 4613 scribimus,
799 4547 948 4602 aliud
978 4546 1195 4617 quando
1221 4557 1411 4603 contra
1435 4546 1586 4602 illum
1619 4557 1672 4603 et
1703 4548 1849 4603 illum
1885 4565 1898 4602 :
1928 4547 2055 4619 quia

447 4643 504 4699 in
567 4642 740 4698 altero
784 4657 912 4713 pars
957 4642 1249 4710 amicitias,
1307 4643 1357 4696 in
1417 4642 1600 4697 altero
1646 4641 2053 4697 inimicitiarum

447 4744 633 4809 aperta
665 4735 937 4792 confessio
962 4745 1067 4791 est.
1097 4735 1505 4807 Sciendumque
1553 4737 1696 4807 quod
1737 4735 1971 4791 abducto
2002 4736 2053 4791 in

448 4830 822 4902 captivitatem
868 4826 1057 4895 Israel,
1086 4827 1138 4883 id
1175 4838 1279 4889 est.
1311 4828 1501 4884 decem
1538 4829 1807 4895 tribubus,
1842 4828 2055 4885 indill‘e-

447 4932 634 4981 renter
658 4922 888 4993 pristino
909 4920 1152 4989 nomine,
1182 4931 1236 4977 et
1267 4921 1390 4977 duae
1418 4921 1590 4978 tribus
1648 4922 1785 4978 Juda
1819 4931 1874 4979 et
1912 4924 2052 4978 Ben-

441 5016 615 5089 jamin
659 5015 1006 5087 appellentur
1048 5013 1239 5070 Israel.
1283 5014 1440 5082 Quod
1482 5027 1661 5071 autem
1704 5016 1904 5071 dicitur
1938 5033 1950 5070 :
1984 5016 2053 5072 In

446 5125 608 5165 manu
638 5108 810 5181 angeli
837 5108 969 5180 ejus,
993 5108 1105 5163 sive
1138 5106 1392 5175 Malarlu',
1420 5123 1635 5163 manum
1668 5124 1765 5178 pro
1792 5110 2053 5180 operibus

444 5204 696 5274 accipite.
730 5199 888 5259 Unde
914 5210 970 5257 et
1000 5202 1055 5256 in
1085 5216 1247 5257 manu
1282 5200 1488 5273 Aggeei,
1521 5210 1572 5256 et
1615 5201 1669 5255 in
1700 5216 1865 5255 manu
1895 5200 2050 5256 lere-

443 5297 593 5367 aliae,
626 5304 683 5352 et
720 5296 781 5351 in
816 5310 982 5352 manu
1005 5293 1033 5335 δ
1077 5295 1248 5368 Moysi
1282 5294 1455 5352 factus
1495 5306 1580 5351 est
1624 5309 1806 5351 sermo
1846 5294 1961 5352 Dei.
1996 5296 2052 5350 In

516 5491 543 5521 ι
581 5479 790 5554 Vitiosa
818 5479 1017 5554 lectum
1048 5486 1131 5533 est
1158 5477 1429 5554 hactenus
1448 5474 1640 5554 ὅραμα,
1676 5476 1877 5531 nostris
1903 5491 2037 5545 quo-

438 5570 546 5639 que
560 5550 1061 5639 contradicentibus
1078 5564 1236 5639 mss,
1266 5565 1374 5639 pro.
1399 5548 1563 5639 cippo-ﬁ,
1596 5563 1709 5639 qua.
1731 5562 1866 5603 voce
1901 5563 2032 5639 cou-

435 5620 594 5682 tinuo
618 5639 746 5681 usus
771 5635 850 5678 est
874 5622 1091 5690 Aquila,
1114 5620 1481 5688 interpretatis
1515 5620 1838 5677 Hebraicum
1872 5628 2033 5680 Nm.

437 5698 662 5762 Recole,
714 5695 758 5749 si
792 5695 943 5760 libet,
991 5692 1433 5763 frequentissima
1481 5694 1731 5761 exempla
1772 5694 1820 5746 in
1872 5692 2035 5746 Com-

433 5767 716 5829 mentariis
748 5767 801 5823 in
833 5767 1022 5822 Isaiam
1064 5781 1093 5819 a
1122 5780 1243 5835 cap.
1280 5780 1374 5829 xv,
1410 5766 1459 5831 l,
1508 5772 1563 5819 et
1612 5763 1891 5834 deinceps.
1929 5764 2039 5821 lloc

2162 4545 2289 4599 mini
2313 4562 2469 4617 super
2506 4543 2672 4599 Israel
2702 4546 2756 4600 in
2798 4563 2951 4600 manu
2982 4545 3170 4618 Angeli
3191 4547 3329 4608 eius.
3359 4546 3488 4604 Sive
3529 4546 3759 4618 diligen-

2163 4647 2247 4694 ter
2289 4635 2733 4701 animadvertite,
2770 4654 2892 4709 quae
2933 4637 3169 4693 dicenda
3197 4648 3327 4694 sunt
3367 4649 3584 4709 postea,
3617 4648 3675 4694 ut
3698 4654 3759 4695 ea

2162 4748 2270 4788 non
2309 4732 2561 4804 corporis
2600 4731 2845 4799 auribus,
2894 4732 2988 4788 sed
3018 4734 3187 4788 animi
3233 4742 3289 4789 et
3329 4732 3516 4789 cordis
3562 4733 3759 4790 intelli-

2161 4829 2340 4898 gentia
2371 4829 2739 4899 cognoscatis,
2792 4838 2846 4883 ct
2892 4827 3108 4885 faciatis
3152 4829 3310 4885 vobis
3348 4829 3661 4895 thesauros,
3709 4831 3758 4885 in

2160 4925 2359 4994 quibus
2390 4924 2670 4994 recipiatis
2697 4924 2918 4980 divitias
2950 4939 3269 4981 sermonum
3298 4925 3393 4980 Dei
3418 4967 3430 4979 .
3456 4933 3514 4981 et
3543 4924 3757 4993 sapien-

2157 5016 2230 5073 tia
2279 5028 2407 5088 agat
2459 5016 2807 5085 ﬁducialiter,
2854 5034 2979 5075 cum
3027 5018 3239 5074 dilatati
3285 5018 3530 5087 fueritis,
3568 5030 3625 5074 et
3672 5034 3757 5074 τεο

2156 5108 2308 5179 pleto
2332 5108 2499 5166 corde
2528 5111 2879 5166 sermonibus
2911 5111 3026 5181 Dei,
3057 5111 3379 5182 pepuleritis
3401 5110 3759 5183 cegitationes

2157 5204 2450 5275 pessimos,
2507 5220 2628 5275 qua:
2681 5204 3042 5277 egrediuntur
3072 5207 3140 5262 de
3181 5205 3371 5273 corde,
3432 5205 3749 5272 homicidia,

2155 5295 2447 5363 adulteria,
2491 5297 2898 5367 fornicationes,
2935 5296 3103 5370 9M
3145 5298 3282 5354 furta
3320 5297 3507 5370 (Matt.
3542 5298 3663 5372 xv),
3706 5310 3757 5355 et

2144 5490 2366 5547 quoque
2392 5474 2512 5545 ipso
2545 5476 2599 5532 in
2626 5477 2819 5546 Tomo,
2851 5479 2991 5535 Osee
3018 5495 3135 5545 vnt,
3169 5480 3258 5537 10.

2218 5546 2243 5585 ι»
2277 5550 2391 5603 Duo
2420 5563 2575 5626 m_s_s.,
2607 5551 2729 5626 etAin
2766 5568 2922 5626 manu
2956 5552 3086 5607 Osee
3111 5555 3277 5622 factus
3306 5562 3380 5626 est
3410 5569 3433 5613 ε
3463 5566 3531 5609 ex
3562 5555 3753 5626 quibus

2146 5634 2274 5675 mox
2302 5620 2711 5696 CtlmUVIClOl‘iO
2751 5623 2937 5687 verba,
2967 5633 3033 5696 ret
3074 5620 3295 5695 quorum
3336 5623 3522 5680 dextra
3564 5620 3751 5696 repleta

2146 5702 2220 5767 est
2239 5692 2563 5767 gntuneribus,
2601 5710 2723 5765 qua:
2750 5692 3326 5767 peneslllart'iouusum
3354 5696 3603 5764 deerant,
3622 5692 3745 5755 'suf-

2145 5763 2398 5821 fecimus.
2416 5763 2661 5837 Leviora
2691 5763 2906 5839 quoque
2934 5766 3162 5825 inferius
3193 5769 3574 5827 emendamus.
