4026 6346
206 284 350 346 ιδιε

981 272 1636 339 COMMENTARIORUM
1673 275 1742 335 IN
1781 268 2200 338 MALACHIAM
2237 276 2469 338 LIBER.
2511 282 2665 340 CAP.
2707 281 2750 339 I.

2492 2 2541 63 \

2534 60 2673 101 γη»

3258 318 3289 327 ι
3388 283 3529 341 1546

212 399 446 470 reliqua,
478 404 536 453 et
563 396 849 465 impleatis
877 398 1021 470 quod
1052 414 1083 454 a
1114 398 1400 454 Salvatorc
1439 397 1645 453 dictum
1691 405 1774 453 est
1807 413 1818 450 ε
1850 400 1899 459 Α
1931 396 2071 454 tibus
2095 413 2157 455 ac
2184 400 2372 456 besﬁis
2400 401 2653 457 obtineri.
2689 400 2748 456 Si
2778 409 2960 457 autem
2983 400 3182 457 dixerit
3211 400 3405 469 Edom,
3433 404 3537 459 hoc

221 492 320 559 Qui
344 491 497 546 habet
519 508 683 548 aures
711 492 986 559 audiendi,
1016 494 1197 547 audiat
1227 492 1382 564 (Luc.
1416 507 1530 558 vnt,
1565 489 1621 562 8)

290 587 471 641 Dilexi
500 603 616 653 vos,
668 586 793 643 dicit
843 587 1115 643 Dominus.
1167 585 1233 642 Et
1258 587 1483 653 dixistis,
1518 586 1573 640 in
1618 600 1719 656 quo
1746 585 1828 639 di-

224 680 395 737 lexisti
420 683 562 738 nos?
618 680 810 737 Nonne
837 684 1001 753 frater
1033 691 1144 737 erat
1175 680 1319 738 Esau
1343 682 1528 747 Jacob,
1564 681 1687 734 dicit
1719 678 1830 735 Do-

221 778 395 832 minus
424 792 444 831 :
490 786 539 831 et
568 777 734 832 dilexi
776 776 962 843 Iacob,
996 774 1143 831 Esau
1169 785 1342 832 autem
1382 776 1501 830 odio
1532 774 1736 830 habui?
1766 772 1833 828 Et

224 870 373 941 posui
414 878 621 925 montes
647 871 758 941 ejus
782 870 836 925 in
863 870 1216 936 solitudinem,
1250 878 1296 923 et
1322 868 1675 924 hwreditatem
1722 868 1834 938 ejus

222 963 276 1019 in
301 967 559 1019 dracones
580 962 794 1018 deserti.
827 963 979 1030 Quod
1008 963 1054 1017 si
1078 963 1267 1018 dixerit
1296 961 1554 1029 Idumteo,
1589 960 1836 1016 destructi

222 1074 418 1123 sumus,
478 1058 572 1113 sed
639 1067 946 1114 reuertentes
987 1057 1364 1128 mdiﬁcabimus
1413 1072 1527 1128 qua:
1570 1057 1837 1110 destructa

222 1164 340 1210 sunt
365 1171 384 1209 :
415 1154 530 1209 haec
555 1155 685 1209 dicit
712 1153 972 1209 Dominus
992 1152 1334 1209 exercituum.
1354 1150 1454 1206 Isti
1483 1150 1832 1221 azdiﬂcabunt,

223 1256 272 1302 et
316 1264 410 1319 ego
452 1246 722 1303 destruant
754 1257 841 1302 :et
867 1248 1186 1302 vocabuntur
1215 1246 1421 1299 termini
1457 1243 1761 1315 impietatis,
1789 1250 1839 1295 et

224 1339 451 1412 populus
475 1341 566 1395 cui
594 1342 761 1394 iratus
788 1349 859 1394 est
888 1338 1149 1393 Dominus
1194 1354 1355 1409 usque
1384 1339 1437 1391 in
1467 1345 1737 1391 internum.
1770 1332 1838 1387 Et

224 1434 360 1489 oculi
390 1436 548 1490 vestri
580 1433 841 1499 videbunt,
873 1441 922 1488 et
948 1449 1036 1487 vos
1072 1433 1251 1488 dicetis
1282 1447 1300 1486 :
1332 1430 1699 1501 Magniﬁcetur
1728 1426 1837 1482 Do-

226 1530 396 1585 minus
418 1547 579 1603 super
609 1530 885 1585 terminum
916 1527 1109 1584 Israel.
1142 1525 1287 1583 LXX
1315 1543 1328 1580 :
1360 1524 1541 1580 Dilexi
1570 1540 1679 1589 vos,
1713 1523 1835 1576 dicit

225 1619 486 1676 Dominus
510 1636 529 1676 :
552 1629 602 1675 et
633 1620 861 1687 dixistis,
888 1620 941 1674 in
966 1636 1070 1691 quo
1098 1618 1329 1675 dilexisti
1350 1634 1445 1674 nos
1467 1619 1491 1673 ?
1517 1614 1708 1671 Nonne
1728 1615 1840 1686 {ra-

228 1722 302 1769 ter
345 1722 456 1769 erat
486 1710 638 1768 Esau
687 1712 873 1779 Iacob,
930 1711 1055 1767 dicit
1104 1709 1360 1765 Dominus
1397 1724 1415 1765 :
1448 1718 1492 1763 et
1537 1706 1697 1763 dilexi
1748 1705 1842 1761 Ja-

1932 500 2033 557 est,
2072 493 2215 549 Esau
2243 511 2257 547 :
2286 494 2548 551 destructi
2587 494 2804 566 quidem
2834 511 3047 565 sumus,
3077 506 3101 534 α
3131 497 3198 552 ad
3242 497 3374 552 iram
3408 498 3529 564 Dei,

1932 598 2149 641 rursum
2185 586 2572 645 tediﬁcabimus
2612 588 2897 645 civitates:
2923 590 3036 646 haec
3069 590 3299 646 Domino
3330 590 3531 661 praedi-

1933 686 2089 734 cente
2134 680 2443 750 cognoscite
2476 699 2489 738 :
2523 681 2668 752 quod
2712 682 2819 738 illis
2862 682 3275 749 aediﬁcantibus,
3309 698 3409 753 ego
3440 683 3539 740 de-

1933 780 2160 838 struam,
2193 784 2246 831 et
2266 776 2400 831 iram
2432 791 2609 833 meam
2637 786 2839 835 aeterna
2872 794 3059 834 eorum
3090 779 3316 833 vastitas
3347 793 3537 849 appro-

1935 865 2105 922 babit.
2135 868 2329 925 Odium
2374 871 2533 941 igitur
2564 872 2617 926 in
2662 873 2804 928 Esau
2836 874 2998 930 rebus
3025 874 3263 941 ostendi,
3290 889 3530 931 amorem

1935 969 2115 1018 autem
2139 963 2192 1018 in
2221 978 2338 1031 vos,
2368 964 2471 1021 hoc
2498 973 2606 1032 est,
2643 965 2697 1021 in
2723 965 2914 1035 Iacob,
2960 967 3312 1040 sequentibus
3342 982 3540 1039 appro-

1936 1051 2100 1108 babo.
2130 1053 2244 1110 Illis
2272 1054 2563 1113 destructis
2603 1066 2766 1128 atque
2807 1059 3042 1115 redactis
3067 1059 3133 1114 ad
3162 1060 3535 1125 solitudinem,

1936 1145 2199 1202 videbunt
2222 1148 2363 1204 oculi
2385 1150 2576 1215 vestri,
2608 1159 2663 1205 et
2690 1150 2881 1207 dicetis
2908 1169 2921 1205 :
2948 1150 3320 1223 Magniﬁcetur
3356 1149 3540 1207 Domi-

1941 1255 2036 1293 nus
2062 1257 2215 1312 super
2247 1245 2523 1298 terminum
2546 1243 2754 1311 Israel;
2781 1254 2836 1301 et
2864 1260 2931 1301 ex
2961 1246 3372 1316 comparatione
3423 1261 3541 1301 ma-

1941 1334 2115 1389 lorum
2142 1350 2261 1405 quae
2292 1337 2456 1393 frater
2478 1346 2658 1394 vester
2686 1339 2911 1409 patitur,
2936 1338 3034 1394 Dei
3066 1341 3118 1395 in
3149 1355 3246 1396 vos
3273 1340 3537 1396 beneficia

1940 1428 2205 1483 sentietis.
2234 1428 2409 1486 Judzei
2437 1431 2573 1486 falso
2596 1431 2696 1487 sibi
2731 1432 3102 1497 blandiuntur,
3138 1434 3306 1488 Edom
3340 1434 3542 1488 Roma-

1943 1536 2042 1575 nos
2090 1532 2146 1577 et
2175 1521 2343 1577 Israel
2383 1523 2437 1577 in
2470 1525 2940 1581 consummatione
2969 1525 3154 1579 mundi
3202 1539 3262 1579 se
3304 1526 3541 1596 prophe-

1942 1613 2042 1667 tari
2077 1630 2091 1667 :
2121 1613 2268 1684 quod
2293 1613 2576 1670 destructo
2598 1616 2845 1672 Romano
2869 1615 3118 1686 imperio,
3144 1616 3252 1673 hoc
3277 1627 3383 1685 est,
3411 1616 3539 1673 Idu-

1942 1722 2104 1775 maco,
2153 1724 2377 1777 regnum
2411 1709 2561 1764 orbis
2594 1710 2777 1765 veniat
2806 1709 2874 1765 ad
2914 1710 3158 1767 Judaeos.
3209 1709 3337 1767 Haec
3380 1720 3543 1782 prout

229 1808 347 1875 cob,
402 1805 553 1864 Esau
576 1816 751 1863 autem
780 1806 899 1861 odio
929 1804 1086 1860 habui
1114 1820 1132 1860 :
1163 1814 1212 1860 et
1259 1804 1410 1878 posui
1456 1802 1701 1858 terminos
1729 1804 1839 1874 ejus
1870 1790 1919 1854 Β
1947 1800 2242 1871 potuimus,
2270 1801 2515 1856 historia:
2540 1800 2894 1858 fundamenta
2920 1803 3210 1873 iacientes,
3254 1804 3419 1859 locuti
3452 1820 3545 1860 su-

228 1898 283 1955 in
336 1899 714 1956 desolationem
744 1944 759 1967 ,
821 1906 870 1953 et
931 1897 1285 1954 htcreditatem
1341 1897 1456 1968 ejus
1510 1897 1562 1949 in
1635 1895 1845 1949 domata

229 1991 440 2048 deserti.
495 1992 637 2061 Quia
675 1993 809 2048 dicet
853 1990 1111 2059 Idumam,
1149 1993 1411 2047 destructa
1456 1998 1577 2043 est:
1622 1999 1846 2044 ret-crta-

231 2101 347 2140 mur
372 2095 421 2139 et
450 2085 827 2156 recediﬁcemus
857 2084 1080 2139 deserta.
1108 2082 1240 2139 Htcc
1271 2083 1398 2137 dicit
1443 2080 1698 2135 Dominus
1739 2096 1847 2133 om-

231 2179 470 2251 nipotens
493 2194 513 2235 :
546 2177 665 2252 Ipsi
708 2177 1059 2249 wdificabunt,
1109 2186 1157 2231 et
1198 2193 1291 2250 ego
1322 2175 1584 2230 destruam
1615 2189 1633 2227 :
1662 2183 1713 2227 et
1760 2189 1847 2227 vo-

232 2271 489 2327 cabuntur
529 2272 602 2327 eis
656 2272 861 2325 termini
914 2268 1205 2339 iniquitatis
1234 2309 1251 2335 ,
1308 2276 1356 2323 et
1408 2265 1635 2337 populus
1690 2279 1847 2335 super

232 2379 382 2434 quem
408 2371 742 2433 praeparatus
783 2372 856 2418 est
886 2361 1141 2417 Dominus
1179 2377 1337 2432 usque
1378 2360 1435 2414 in
1474 2367 1747 2415 azternum.
1778 2355 1847 2410 Et

234 2457 369 2512 oculi
399 2458 561 2513 restri
607 2456 870 2523 uidebunt,
906 2464 953 2510 et
984 2471 1069 2509 ros
1107 2454 1331 2510 dicetis:
1366 2451 1734 2524 Magniﬁeatus
1774 2458 1847 2505 est

236 2549 491 2607 Dominus
539 2567 701 2622 super
727 2551 977 2606 terminos
1004 2548 1197 2606 Israel.
1230 2546 1424 2614 Israel,
1457 2546 1559 2603 hoc
1598 2556 1706 2611 est,
1747 2545 1844 2600 Iu-

238 2641 356 2711 das,
395 2644 463 2701 ad
506 2659 675 2717 quem
710 2644 922 2700 solebat
955 2641 1075 2699 ﬁeri
1106 2641 1336 2698 verbum
1366 2639 1462 2697 Dei
1490 2648 1545 2696 et
1568 2639 1712 2695 visio
1743 2638 1849 2694 Do-

239 2737 391 2806 mini,
424 2752 572 2793 onus
622 2736 745 2807 ejus
787 2745 843 2791 et
880 2734 1097 2807 pondus
1142 2734 1538 2806 suppliciorum
1586 2731 1848 2804 gravissi-

240 2846 389 2886 mum
421 2839 646 2902 portare
688 2829 1056 2900 compellitur,
1086 2837 1145 2885 ut
1188 2829 1437 2900 graviora
1477 2837 1699 2898 peccata
1748 2825 1846 2882 de-

241 2934 430 2993 ponat,
478 2933 540 2980 et
569 2923 772 2979 sentiat
799 2938 897 2994 per
919 2930 1213 2988 tormenta,
1238 2937 1361 2993 qua:
1397 2936 1504 2976 non
1547 2921 1722 2976 sensit
1753 2934 1849 2989 per

242 3014 533 3074 beneﬁcia.
567 3015 638 3072 Et
668 3032 735 3073 ne
764 3031 926 3088 paena
949 3015 1004 3071 in
1038 3030 1168 3072 suos
1194 3014 1441 3071 videatur
1471 3012 1689 3084 iniusta,
1724 3011 1851 3067 sub-

240 3109 362 3181 iicit
392 3110 667 3167 Dominus
700 3125 714 3165 :
745 3106 924 3164 Dilexi
961 3124 1087 3165 vos:
1122 3107 1285 3175 Quem
1305 3107 1444 3163 enim
1471 3104 1643 3178 diligit
1664 3102 1850 3159 Domi-

1950 1906 2070 1947 mus
2101 1909 2114 1948 :
2140 1906 2285 1949 nunc
2317 1884 2601 1949 veniamus
2626 1894 2693 1949 ad
2731 1894 3140 1964 intelligentiam
3178 1896 3540 1964 spiritualem.

1948 1982 2135 2051 Israel,
2166 1988 2266 2053 uir,
2297 1987 2382 2041 vel
2412 2003 2595 2042 sensus
2617 2004 2832 2043 cernens
2854 1987 3041 2056 Deum,
3074 1990 3192 2045 sive
3223 1998 3281 2045 ut
3302 2006 3405 2061 ego
3431 2006 3541 2046 mcv

1950 2076 2054 2134 lius
2103 2088 2254 2149 puto,
2288 2082 2559 2143 εὐθύτατος
2587 2088 2738 2151 Θεοῦ,
2786 2081 2840 2137 id
2878 2093 2985 2150 est,
3038 2086 3360 2140 rectissimus
3407 2084 3542 2151 Dei,

1947 2169 2188 2242 diligitur
2212 2188 2240 2227 a
2269 2172 2522 2242 Domino,
2546 2184 2602 2230 et
2630 2174 2745 2230 vult
2764 2173 3076 2231 dilectionis
3097 2177 3217 2247 ejus
3240 2178 3294 2232 in
3321 2192 3381 2233 se
3402 2177 3545 2233 scire

1949 2263 2240 2320 rationem.
2272 2265 2644 2338 Dominusque
2671 2268 2977 2339 respondit,
3012 2269 3154 2324 Esau
3184 2280 3239 2325 et
3278 2269 3446 2325 Iacob
3475 2269 3545 2326 de

1949 2375 2053 2415 una
2085 2355 2259 2432 stirpe
2284 2370 2595 2432 generatos,
2627 2362 2731 2418 hoc
2761 2373 2863 2429 est,
2888 2364 3020 2420 vitia
3042 2376 3204 2436 atque
3224 2364 3451 2421 virtutes
3478 2381 3545 2421 ex

1949 2466 2059 2508 uno
2088 2452 2269 2511 cordis
2301 2453 2447 2511 fonte
2478 2455 2776 2525 procedere
2811 2474 2824 2510 :
2855 2456 2983 2512 dum
3012 2473 3078 2512 cx
3121 2458 3332 2513 arbitrii
3384 2459 3550 2513 Iiber-

1949 2555 2064 2604 tate
2092 2548 2145 2603 in
2176 2560 2465 2619 utramque
2492 2558 2706 2620 partem
2750 2557 2809 2603 ut
2851 2549 3124 2616 volumus,
3166 2551 3542 2617 declinamus;

1949 2639 2048 2694 sed
2077 2640 2257 2710 priora
2286 2647 2588 2695 nascuntur
2616 2640 2744 2695 vitia
2776 2656 2874 2712 per
2906 2641 3209 2707 infantiam,
3238 2644 3548 2711 pueritiam,

1945 2732 2308 2804 iuventutem,
2333 2750 2455 2805 qua:
2495 2744 2682 2804 postea
2714 2745 2845 2790 aetas
2887 2734 3101 2791 ﬁrmior
3128 2737 3357 2807 corripit
3382 2747 3547 2809 atque

1951 2826 2280 2896 supplantat.
2311 2825 2481 2897 Major
2508 2827 2676 2882 frater
2707 2826 2956 2897 hispidus
2978 2838 3063 2884 est
3088 2838 3143 2884 et
3166 2830 3548 2901 sanguinarius

1953 2916 2179 2989 (Cenes.
2217 2918 2363 2989 xxv)
2392 2936 2403 2971 :
2429 2916 2596 2990 946
2622 2919 3022 2987 venationibus,
3071 2921 3224 2975 silvis
3266 2930 3320 2975 et
3359 2921 3549 2977 bestiis

1950 3009 2273 3067 delectatur.
2318 3010 2492 3066 Minor
2545 3013 2679 3066 levis
2709 3021 2764 3067 et
2812 3013 3068 3083 simplex,
3117 3023 3172 3068 et
3221 3013 3548 3071 innocenter

1953 3101 2207 3159 habitans
2237 3102 2480 3158 domum.
2516 3103 2658 3158 Deus
2696 3105 2831 3160 fines
2862 3104 3135 3168 Idumaeas,
3168 3105 3269 3161 hoc
3301 3116 3405 3171 est,
3441 3115 3547 3161 ter-

245 3221 341 3261 nus
371 3205 592 3275 corripit
621 3221 641 3259 :
682 3204 903 3277 castigat
928 3212 1102 3259 autem
1129 3219 1334 3259 omnem
1376 3202 1547 3272 filium
1587 3216 1734 3272 quem
1764 3216 1849 3255 re-
1879 3186 1926 3253 C
1957 3210 2105 3253 reme
2131 3207 2185 3251 et
2226 3195 2588 3267 sanguinariae
2620 3198 2774 3267 ponit
2806 3200 2858 3252 in
2902 3198 3275 3266 solitudinem,
3309 3209 3364 3255 et
3410 3201 3547 3255 nihil

246 3300 367 3372 cipit
410 3300 606 3374 (Hebr.
660 3316 759 3365 xu,
790 3300 897 3372 6):
948 3298 1015 3355 Et
1065 3297 1301 3355 dicendo
1353 3296 1554 3360 dilexi,
1603 3308 1845 3366 praesens

247 3403 431 3464 negat,
476 3394 609 3450 dum
650 3393 989 3466 prasteritum
1041 3392 1354 3449 conﬁtetur.
1387 3390 1579 3462 Illique
1619 3403 1847 3459 respon-

246 3486 382 3544 dent
421 3488 739 3546 temeritate
793 3503 900 3560 qua
955 3496 1211 3559 peccant,
1256 3486 1411 3543 obliti
1457 3484 1845 3542 beneﬁciorum

250 3580 372 3653 ejus
404 3599 420 3637 :
465 3580 535 3637 In
572 3598 673 3653 quo
718 3581 953 3636 dilexisti
990 3582 1129 3636 nos?
1168 3578 1250 3635 Ad
1272 3593 1392 3651 quae
1438 3578 1699 3634 Dominus
1728 3592 1747 3631 :
1776 3574 1846 3631 Ut

249 3685 473 3741 caetera,
504 3673 699 3744 inquit,
728 3681 962 3736 taceam,
992 3680 1048 3727 et
1073 3670 1218 3742 quod
1251 3684 1424 3740 nuper
1452 3669 1520 3725 de
1552 3666 1847 3740 Babylonia

248 3767 567 3837 captivitate
593 3767 840 3833 venistis,
875 3764 1204 3821 incunabula
1242 3773 1422 3821 vestra
1452 3762 1716 3830 tractabo,
1752 3777 1849 3817 an-

250 3866 472 3931 tequam
534 3858 939 3926 nasceremini,
996 3857 1161 3912 immo
1227 3858 1544 3928 priusquam
1601 3855 1850 3911 Rebecca

251 3950 395 4008 Esau
421 3961 479 4009 et
503 3950 675 4008 Iacob
704 3958 861 4006 utero
885 3965 983 4005 suo
1012 3948 1267 4006 funderet
1300 3947 1455 4022 (Gen.
1481 3947 1609 4020 xxv)
1637 3966 1647 4002 :
1674 3947 1725 4003 in
1751 3946 1846 4004 Ja-

249 4048 353 4103 cob
382 4062 481 4103 vos
508 4044 681 4102 dilexi
711 4062 725 4100 :
757 4046 813 4101 in
844 4044 988 4101 Esau
1022 4044 1286 4100 Idumaeos
1314 4045 1440 4101 odio
1470 4044 1653 4100 habui.
1676 4044 1847 4112 Quem

252 4139 433 4198 locum
476 4138 758 4209 apostolus
784 4138 983 4195 Paulus
1022 4134 1248 4211 mystiba
1282 4136 1653 4208 disputatione
1681 4151 1852 4192 even-

252 4234 436 4300 tilans,
463 4232 651 4290 scribit
671 4231 735 4289 ad
759 4232 1062 4298 Romanos,
1086 4212 1427 4301 dumpar-iter
1448 4230 1756 4286 testimonia
1782 4228 1852 4287 de

253 4326 420 4401 945
442 4326 640 4385 Genesi
666 4326 1006 4397 Malachique
1035 4325 1158 4397 [AL
1185 4325 1558 4398 Malachiaque
1578 4324 1596 4398 J
1620 4323 1853 4394 conjun-

254 4434 388 4490 gens
420 4438 432 4476 :
468 4420 577 4477 Sed
606 4429 654 4475 et
685 4419 915 4475 Rebecca
943 4420 1005 4474 de
1031 4435 1135 4473 uno
1163 4418 1439 4475 concubitu
1472 4418 1663 4474 habens
1695 4416 1850 4473 Isaac

256 4516 423 4585 patris
449 4514 637 4569 nostri.
671 4511 815 4567 Nam
844 4529 963 4566 cum
1003 4513 1237 4567 nondum
1265 4514 1378 4567 nati
1414 4522 1599 4580 essent,
1633 4521 1723 4567 aut
1752 4512 1852 4564 ati-

1950 3288 2019 3345 de
2048 3299 2192 3345 terra
2224 3302 2472 3345 crescere
2498 3289 2634 3344 sinit
2660 3296 2715 3344 et
2744 3305 2865 3345 esse
2904 3299 3245 3361 perpetuum.
3294 3290 3447 3359 Quod
3500 3292 3547 3346 si

1951 3382 2237 3453 impudens
2265 3381 2471 3437 malitia
2504 3397 2567 3437 ea
2609 3397 2730 3451 quae
2760 3391 2891 3436 sunt
2922 3383 3016 3437 Dei
3045 3398 3302 3439 sermone
3333 3385 3549 3440 destru-

1950 3484 2061 3542 cta,
2110 3491 2327 3533 rursum
2360 3474 2635 3532 aediﬁcare
2682 3477 2907 3541 nitatur,
2956 3477 3219 3532 Dominus
3257 3494 3316 3534 se
3354 3494 3546 3536 eorum

1951 3586 2071 3642 quae
2100 3570 2473 3626 instaurantur
2500 3585 2528 3624 a
2552 3569 2721 3636 vitiis,
2753 3570 3120 3626 adversarium
3145 3573 3449 3642 profitetur.
3484 3576 3551 3629 Et

1950 3672 2238 3736 postquam
2270 3664 2471 3720 fuerint
2496 3662 2772 3719 bosﬁlium
2801 3665 3162 3721 terminorum
3195 3679 3388 3724 cuncta
3418 3671 3549 3724 suh-

1953 3772 2110 3814 versa
2143 3775 2155 3811 :
2191 3768 2318 3813 tunc
2359 3755 2409 3821 ι’,
2432 3758 2620 3812 oculos
2651 3772 2941 3828 possumus
2988 3758 3173 3814 videre
3222 3761 3461 3829 Israclis,
3494 3773 3552 3819 et

1951 3860 2171 3909 sanctos
2205 3865 2451 3923 quosque
2487 3850 2670 3907 dicere
2708 3869 2722 3907 :
2764 3850 3141 3924 Magni/icetur
3188 3853 3447 3910 Dominus
3492 3859 3545 3913 in

1954 3946 2182 4001 terminis
2202 3961 2401 4012 eorum,
2435 3944 2521 4016 qui
2549 3952 2716 4000 mente
2737 3945 3061 4017 conspiciunt
3085 3945 3253 4002 Deum
3275 3951 3293 4020 (
3308 3950 3548 4023 Sapient.

1953 4041 2061 4109 xi).
2095 4036 2266 4092 Porro
2291 4035 2513 4092 dilectio
2545 4046 2598 4091 ct
2628 4034 2812 4093 odium
2848 4037 2939 4093 Dei
2984 4038 3067 4094 vel
3098 4054 3162 4095 ex
3209 4042 3548 4110 przescientia

1954 4130 2196 4186 nascitur
2219 4127 2549 4197 futurorum,
2576 4128 2662 4184 vel
2692 4144 2761 4183 ex
2794 4129 3055 4199 operibus
3082 4147 3097 4188 :
3123 4132 3364 4202 alioquin
3400 4135 3552 4190 novi-

1955 4238 2076 4278 mus
2097 4220 2240 4294 quod
2269 4221 2449 4277 omnia
2482 4219 2626 4276 Deus
2652 4219 2864 4292 diligat,
2896 4237 2996 4278 nec
3029 4223 3326 4294 quidquam
3360 4240 3547 4282 eorum

1954 4318 2132 4374 oderit
2176 4332 2299 4389 qua;
2338 4316 2576 4379 creavit;
2626 4315 2722 4371 sed
2773 4318 2994 4386 proprie
3035 4332 3131 4373 eos
3171 4334 3284 4374 suae
3313 4321 3550 4379 vindicet

1953 4410 2229 4479 charitati,
2277 4409 2367 4481 qui
2419 4409 2675 4465 vitiorum
2718 4408 2903 4464 hostes
2934 4421 3061 4465 sunt
3090 4420 3145 4467 et
3186 4412 3439 4469 rebelles.
3477 4414 3548 4471 Et

1955 4505 2260 4561 econtrario
2305 4503 2429 4559 illos
2466 4503 2604 4571 odit,
2649 4504 2739 4573 qui
2772 4518 2801 4557 a
2851 4503 2963 4559 Deo
3003 4504 3279 4562 destructa
3318 4510 3549 4579 cupiunt

256 4606 383 4677 quid
410 4607 630 4678 egissent
675 4605 794 4660 boni
822 4604 901 4659 vel
934 4605 1082 4671 mali,
1131 4613 1187 4658 ut
1230 4604 1529 4658 secundum
1552 4603 1851 4658 electionem
1875 4590 1931 4652 D
1953 4615 2170 4657 rursum
2200 4606 2504 4654 exstruere.
2528 4595 2722 4652 Odisse
2745 4604 2925 4652 autem
2955 4597 3102 4654 Deus
3131 4603 3550 4678 ἀνθρωποπάθως

258 4699 584 4771 propositum
612 4696 711 4752 Dei
736 4707 943 4751 maneat
969 4711 988 4750 :
1017 4711 1121 4750 non
1147 4711 1209 4750 ex
1248 4695 1516 4768 operibus,
1557 4693 1649 4750 sed
1675 4708 1740 4747 ex
1761 4708 1851 4746 υοο

260 4800 405 4847 conte
432 4791 628 4845 dictum
658 4798 733 4843 est
764 4789 812 4843 ei
841 4804 859 4842 :
899 4789 1023 4858 quia
1053 4787 1221 4855 major
1259 4787 1441 4842 serviet
1469 4786 1657 4841 minori
1676 4826 1691 4851 ,
1718 4786 1853 4839 sicut

262 4887 513 4957 scriptum
548 4890 627 4936 est
658 4897 676 4935 :
706 4879 871 4935 Iacob
913 4879 1094 4945 dilexi,
1140 4877 1285 4934 Esau
1327 4888 1503 4933 autem
1544 4878 1666 4932 odio
1695 4876 1853 4931 habui

264 4977 455 5045 (Rom.
486 4992 563 5041 ix,
587 4975 679 5041 10,
710 4985 757 5031 et
782 4972 974 5045 seqq.).
998 4973 1113 5028 Hoc
1140 4974 1285 5029 enim
1316 4972 1461 5042 quod
1491 4973 1690 5027 dicitur
1717 4988 1730 5025 :
1757 4970 1851 5026 Si-

264 5079 350 5125 cut
377 5071 631 5139 scriptum
659 5076 757 5134 est,
801 5076 857 5122 et
882 5066 949 5120 ad
972 5066 1255 5123 Geneseos
1288 5065 1510 5132 librum,
1536 5073 1592 5121 et
1625 5063 1690 5119 ad
1721 5078 1851 5135 pro-

266 5164 482 5233 phetam
505 5162 734 5219 Malachi
763 5162 1020 5217 refertur.
1050 5161 1166 5215 Non
1194 5158 1399 5225 solum,
1427 5160 1525 5227 ait,
1566 5158 1732 5215 dilexi
1762 5157 1855 5213 Ja-

265 5258 367 5314 cob
390 5267 679 5330 antequam
704 5262 1046 5322 nasceretur,
1079 5262 1136 5310 et
1160 5255 1291 5310 odio
1313 5254 1475 5310 habui
1507 5254 1650 5309 Esau
1677 5252 1857 5324 prius;

266 5366 425 5423 quam
457 5367 525 5408 ex
556 5362 714 5408 utero
753 5350 944 5406 matris
973 5347 1331 5415 funderetur;
1362 5346 1457 5406 sed
1498 5346 1552 5402 in
1605 5356 1881 5417 posteros

267 5458 451 5500 eorum
478 5459 720 5500 amorem
744 5458 923 5498 meum
951 5450 1005 5497 et
1025 5440 1206 5497 odium
1230 5438 1545 5496 conservavi
1565 5456 1579 5493 :
1598 5438 1778 5494 odium
1801 5440 1854 5494 in

268 5535 406 5595 Esau
432 5539 587 5608 cujus
628 5549 842 5593 montes
880 5535 972 5606 qui
1012 5534 1356 5605 appellantur
1395 5532 1537 5600 Seir,
1589 5532 1772 5603 redegi
1801 5531 1856 5587 in

270 5631 639 5701 solitudinem,
663 5640 720 5688 et
748 5630 907 5687 urbes
938 5628 1039 5686 feci
1061 5643 1181 5686 esse
1204 5628 1470 5698 desertas,
1500 5635 1555 5685 et
1578 5643 1609 5684 a
1637 5642 1859 5698 serpen-

342 5822 368 5851 “
407 5814 465 5871 In
492 5814 613 5872 aliis
643 5813 821 5879 libris,
851 5814 913 5868 ab
941 5815 1019 5868 ira
1049 5811 1168 5867 Dei.

722 5907 995 5968 Ρηιοι.
1046 5903 1254 5967 XXV.

1953 4695 2153 4749 dicitur
2179 4710 2193 4747 :
2225 4700 2283 4748 ut
2313 4690 2467 4760 flere,
2493 4698 2552 4745 ut
2572 4689 2781 4755 dolere,
2814 4699 2874 4745 ut
2894 4692 3057 4749 irasci
3082 4711 3093 4748 ε
3120 4704 3178 4749 ut
3203 4698 3420 4766 quando
3451 4715 3547 4755 au-

1955 4790 2134 4845 dimus
2157 4787 2338 4843 odium
2374 4785 2492 4856 ejus
2523 4786 2576 4839 in
2605 4785 2802 4851 malos,
2828 4802 2891 4841 ea
2933 4803 3053 4858 quae
3083 4790 3249 4845 Deum
3285 4792 3543 4864 intelligi-
3564 4844 3580 4860 ,

1954 4899 2076 4939 mus
2105 4881 2308 4949 odisse,
2335 4879 2621 4951 fugiamus.

2031 4976 2220 5049 (Vers.
2251 4974 2304 5030 6.
2329 4971 2349 5043 )
2388 4969 2560 5027 Filius
2590 4971 2806 5027 honorat
2837 4982 3055 5046 patrem,
3102 4986 3149 5030 et
3181 4994 3352 5032 servus
3380 4979 3549 5035 donti-

1957 5085 2079 5124 num
2118 5083 2269 5123 suum
2301 5082 2318 5117 :
2349 5066 2392 5120 si
2422 5081 2541 5136 ergo
2583 5075 2730 5136 pater
2778 5083 2869 5137 ego
2895 5084 3039 5133 sum,
3087 5067 3171 5121 ubi
3201 5068 3367 5124 honor
3407 5088 3550 5127 meus

1954 5161 2144 5217 est?et
2169 5159 2214 5213 si
2252 5157 2489 5211 dominus
2512 5172 2605 5228 ego
2626 5173 2761 5222 sum,
2797 5157 2882 5211 ubi
2912 5168 2985 5213 est
3018 5159 3171 5214 timor
3210 5163 3392 5218 meus?
3430 5166 3556 5221 dicit

1960 5251 2211 5306 Dominus
2236 5250 2575 5307 exercituum.
2604 5249 2747 5306 LXX
2775 5266 2789 5305 :
2829 5246 3002 5305 Filius
3033 5251 3293 5324 glori/icat
3330 5267 3549 5327 patrem,

1956 5357 2005 5403 et
2025 5364 2198 5402 servus
2226 5346 2489 5400 dominum
2513 5362 2663 5401 suum
2692 5344 2912 5401 timebit.
2957 5344 3025 5400 Et
3058 5349 3105 5401 si
3125 5357 3272 5417 pater
3300 5368 3393 5424 ego
3417 5370 3552 5424 sum,

1958 5439 2045 5494 ubi
2072 5447 2149 5494 est
2187 5439 2358 5512 gloria
2386 5441 2536 5494 mea?
2568 5437 2635 5491 E‘t
2678 5438 2722 5492 si
2765 5439 3008 5495 dominus
3047 5457 3139 5512 ego
3170 5460 3307 5511 sum,
3354 5446 3440 5501 ubi
3483 5459 3558 5504 est

1958 5534 2110 5587 timor
2132 5533 2311 5587 meus?
2350 5532 2477 5585 dicit
2507 5528 2763 5585 Dominus
2804 5532 3151 5605 omnipotens.
3190 5535 3339 5592 Licet
3376 5539 3558 5607 prius-

1961 5641 2122 5697 quam
2154 5623 2537 5688 nasceremini.
2582 5624 2635 5679 in
2672 5623 2841 5682 Iacob
2886 5627 3039 5697 quasi
3083 5628 3221 5684 ﬁlios
3249 5646 3433 5689 amare
3460 5648 3559 5691 vos

2001 5808 2025 5848 δ
2061 5809 2235 5865 Penes
2252 5805 2421 5874 νεα..
2437 5815 2559 5862 tunc
2571 5806 2739 5862 oculis
2759 5823 3034 5879 possumus
3056 5807 3225 5862 uidere
3257 5808 3443 5882 Israel,
3462 5825 3566 5873 etc.

3143 5896 3217 5961 ω
