4056 6342
516 247 659 311 1547

1778 236 1835 298 S.
1878 231 2157 295 EUSEBII
2194 231 2575 299 HIERONYMI

3676 241 3799 302 1548

517 363 781 441 coeperim
809 377 827 422 :
851 372 1033 423 tamen
1060 361 1245 435 eligite
1271 373 1379 434 quo
1399 369 1486 417 me
1509 357 1777 415 vocabulo
1804 356 2119 425 nominatis,
2150 363 2205 425 Α
2229 357 2495 429 sapientia:
2534 355 2685 410 timor
2714 350 2928 410 Domini
2970 348 3157 425 (Eccl.
3191 366 3230 421 ι,
3265 350 3391 425 i6),
3419 358 3480 412 ut
3517 352 3586 412 de
3626 353 3797 414 timore

518 473 615 522 aut
646 474 800 534 pater
838 476 957 519 sum
989 468 1186 526 vester,
1234 466 1326 515 aut
1353 454 1628 513 dominus.
1668 451 1725 509 Si
1760 460 1934 523 paler,
1970 449 2117 506 debi-

519 568 635 616 tum
663 558 801 629 patri
823 557 1087 615 honorem
1110 553 1339 622 reddite,
1358 562 1415 610 et
1435 552 1652 623 dignam
1683 557 1905 620 parente
1928 545 2122 603 offerte

521 655 802 726 pietatem.
838 653 897 711 Si
926 650 1201 716 dominus,
1233 663 1329 704 cur
1360 661 1449 703 me
1484 640 1877 703 contemnitis?
1906 655 2001 693 cur
2025 638 2124 695 do-

519 749 726 806 minum
750 760 861 805 non
895 743 1137 803 timetis?
1168 738 1435 812 Loquitur
1459 746 1643 797 autem
1673 734 1740 793 ad
1765 748 1859 791 eos
1891 731 1982 802 qui
2021 730 2122 787 sub

520 842 825 901 Zorobabel
853 848 908 898 et
935 841 1067 899 Jesu
1116 836 1227 894 tilio
1254 832 1509 901 Josedec,
1552 840 1607 889 et
1636 830 1770 889 Ezra
1813 824 2120 890 sacerdote,

522 945 579 995 et
621 935 866 1001 Neemia,
915 934 985 991 de
1026 928 1351 1001 captivitate
1396 922 1699 996 Babylonia
1746 930 1873 977 sunt
1918 916 2123 974 reversi

517 1028 577 1100 (Ι
612 1027 765 1083 Esdr.
791 1026 912 1097 nt),
953 1032 1345 1092 exstructoque
1380 1017 1561 1084 altari,
1595 1014 1827 1075 necdum
1857 1010 2122 1082 templum

517 1119 945 1185 mditicaverant,
980 1132 1081 1177 nec
1114 1129 1304 1175 muros
1333 1118 1720 1171 exstruxerant
1765 1108 2040 1171 civitatis,
2069 1112 2125 1159 et

519 1214 877 1271 nihilominus
905 1212 958 1267 in
984 1209 1220 1280 peccatis
1243 1204 1488 1278 pristinis
1509 1200 1924 1275 permanebant,
1952 1197 2122 1252 Deum

518 1321 625 1364 nec
654 1320 865 1372 amore,
896 1318 997 1361 nec
1028 1302 1223 1359 timore
1244 1306 1591 1357 venerantes.
1619 1292 1773 1365 Quod
1805 1299 1987 1349 autem
2013 1288 2125 1359 glo-

516 1401 651 1455 riam
676 1399 935 1463 diximus,
966 1396 1049 1453 vel
1081 1397 1349 1459 honorem,
1395 1399 1451 1447 et
1474 1388 1616 1458 apud
1644 1388 1865 1445 Graecos
1895 1383 2037 1451 δόξα,
2068 1390 2125 1439 et

519 1494 667 1566 apud
712 1492 972 1553 llebrazos
1007 1488 1168 1563 947
1197 1500 1405 1544 cusaoo
1437 1481 1652 1555 (T123),
1683 1496 1851 1537 unum
1896 1477 2122 1535 verbum

522 1599 637 1654 est;
667 1587 762 1644 sed
793 1601 892 1641 nos
920 1600 1017 1655 pro
1039 1583 1248 1639 Latium
1271 1580 1467 1650 linguae
1492 1576 1846 1648 proprietate,
1870 1573 2123 1627 honorem

522 1684 826 1753 posuimus.
858 1677 992 1735 Nam
1020 1686 1075 1733 et
1106 1677 1161 1732 in
1191 1672 1495 1744 Evangelio
1544 1671 1635 1727 ubi
1665 1668 1908 1738 loquitur
1937 1663 2123 1723 Domi-

2222 464 2529 515 servorum,
2552 446 2720 523 948
2748 449 2815 506 ad
2837 448 3069 505 ﬁliorum
3098 449 3328 521 gloriam
3354 459 3706 508 transeamus.

2295 543 2491 615 (Vers.
2526 543 2619 615 7.)
2658 545 2738 599 Ad
2768 560 2876 611 vos,
2912 560 2941 598 o
2971 545 3285 613 sacerdotes,
3318 547 3403 615 qui
3425 547 3681 617 despicitis
3713 565 3792 603 no-

2223 655 2339 695 men
2381 655 2571 704 meum,
2619 648 2665 697 et
2707 638 2912 695 dixistis
2953 638 3069 694 ειη
3115 656 3216 711 quo
3268 640 3595 712 despeximus
3637 658 3798 697 nomen

2224 736 2408 793 tuum?
2436 732 2653 802 Olfertis
2683 751 2841 803 super
2865 736 3032 790 altare
3059 752 3229 791 meum
3257 753 3445 807 panem
3467 735 3738 809 pollutum,
3761 748 3800 793 et

2224 829 2393 885 dicitis
2418 845 2436 885 :
2459 826 2526 885 In
2555 845 2656 900 quo
2683 828 2965 899 polluimus
2987 830 3071 884 te?
3100 830 3157 885 in
3178 846 3237 885 eo
3262 829 3404 901 quod
3431 830 3629 896 dicitis,
3652 848 3804 885 mensa

2225 924 2437 980 Domini
2473 926 2712 997 despecta
2740 934 2835 981 est.
2868 923 3015 981 LXX
3045 942 3059 981 :
3099 924 3227 994 Vos,
3259 924 3575 993 sacerdotes,
3614 926 3700 996 qui
3726 928 3803 981 dc-

2221 1006 2423 1095 spicitis
2451 1038 2637 1079 nomen
2665 1039 2856 1087 meum,
2890 1030 2938 1077 et
2967 1021 3180 1077 dixistis
3203 1037 3222 1076 :
3255 1019 3322 1075 In
3353 1038 3454 1091 quo
3496 1020 3806 1090 despeximus

2225 1131 2409 1171 nomen
2428 1117 2608 1172 tuum?
2632 1116 2923 1184 O/ferentes
2936 1116 3005 1171 ad
3025 1116 3193 1170 altare
3213 1131 3383 1171 meum
3394 1132 3554 1187 panes
3575 1116 3803 1186 pollutos,

2228 1219 2277 1266 et
2308 1210 2515 1265 dixistis
2543 1226 2559 1263 :
2588 1208 2653 1265 In
2680 1227 2779 1281 quo
2810 1209 3098 1282 polluimus
3138 1210 3318 1282 ipsos?
3345 1210 3402 1264 in
3431 1225 3491 1265 eo
3519 1209 3657 1280 quod
3695 1211 3807 1263 dici-

2223 1305 2309 1369 tis,
2338 1321 2516 1359 mensa
2543 1304 2756 1358 Domini
2789 1303 3031 1371 despecta
3061 1312 3138 1359 est
3163 1310 3217 1374 +
3261 1314 3310 1359 et
3349 1319 3468 1374 qua:
3494 1305 3805 1373 superposita

2225 1409 2363 1465 sunt,
2396 1398 2767 1471 despexistisé‘
2795 1398 2951 1466 Quod
2983 1408 3163 1454 autem
3187 1398 3436 1469 sequitur
3463 1413 3477 1451 :
3505 1397 3576 1451 Et
3597 1412 3706 1466 qum
3730 1414 3807 1450 su-

2224 1492 2493 1564 perposita
2524 1501 2643 1546 sunt
2677 1492 3008 1563 despexistis,
3034 1491 3197 1547 obelo
3230 1489 3678 1560 praenotavimus,
3701 1489 3808 1559 quia

2224 1582 2281 1638 in
2313 1582 2582 1641 llebraico
2609 1601 2715 1639 non
2740 1583 2993 1649 habetur,
3024 1593 3075 1639 et
3104 1583 3172 1638 de
3202 1581 3561 1653 sequentibus
3590 1580 3807 1636 additum

2225 1686 2328 1734 est.
2363 1677 2443 1731 Ad
2466 1694 2575 1743 vos,
2610 1676 2792 1748 igitur,
2828 1693 2858 1731 ο
2883 1676 3200 1741 sacerdotes,
3227 1676 3317 1746 qui
3346 1673 3619 1745 despicitis
3642 1690 3805 1727 nomen

520 1790 647 1843 nus,
680 1784 733 1831 et
763 1772 1014 1829 Salvator
1046 1787 1057 1823 :
1096 1768 1278 1833 Pater,
1311 1766 1441 1821 venit
1464 1763 1614 1828 hora,
1650 1760 1887 1830 clari/ica
1911 1756 2115 1813 Filium
2148 1761 2194 1822 Β
2223 1788 2415 1839 meum,
2444 1773 2545 1827 istc
2566 1786 2749 1827 sermo
2769 1771 3020 1841 dirigitur
3046 1789 3058 1825 :
3086 1770 3177 1842 qui
3202 1768 3407 1825 reversi
3435 1768 3504 1823 de
3528 1767 3807 1838 Babylone,

520 1880 699 1939 tuum,
748 1878 801 1923 ut
843 1864 1019 1921 Filius
1065 1873 1183 1919 tuus
1229 1860 1487 1929 clarificet
1533 1866 1580 1913 te
1612 1854 1804 1928 (Joan.
1850 1869 1978 1917 xvn,
2028 1850 2114 1920 1),

516 1962 661 2034 apud
690 1961 913 2019 Gtmcos
944 1957 1160 2024 δόξασον
1192 1954 1412 2023 legitur,
1446 1949 1500 2007 id
1523 1958 1629 2014 est,
1660 1947 1922 2019 gloriﬁca.
1947 1946 2116 2012 Quem

521 2058 701 2117 locum
745 2052 992 2124 plerique
1036 2049 1356 2105 Latinorum
1401 2043 1728 2112 honoriﬁca,
1777 2037 2121 2110 interpretati

517 2160 664 2208 sunt.
696 2146 983 2216 Simulque
1012 2140 1451 2205 consideremus,
1483 2135 1627 2208 quod
1669 2135 1811 2191 illius
1834 2147 1899 2189 ac
1929 2145 2121 2188 servus

519 2244 572 2302 in
603 2239 905 2311 Scripturis
932 2234 1140 2295 sanctis
1184 2237 1463 2289 voluntate
1505 2228 1620 2296 fiat,
1656 2242 1761 2283 non
1794 2224 2123 2283 necessitate

517 2346 750 2395 naturae.
783 2332 889 2401 Qui
918 2330 1065 2387 enim
1097 2327 1351 2398 spiritum
1398 2321 1709 2392 adoptionis
1739 2319 2035 2388 acceperit,
2069 2317 2120 2372 in

519 2432 688 2487 filium
722 2429 816 2483 Dei
849 2424 1113 2483 vertitur:
1143 2421 1235 2492 qui
1268 2427 1449 2475 autem
1484 2415 1736 2487 spiritum
1764 2410 2047 2469 servitutis
2070 2410 2122 2465 in

517 2524 797 2591 timorem,
828 2519 923 2575 Dei
953 2531 1145 2575 servus
1173 2512 1411 2568 efﬁcitur
1442 2508 1631 2582 (Rom.
1674 2505 1824 2577 vttt).
1876 2505 1999 2559 Vult
2025 2503 2126 2559 ita-

521 2632 629 2687 que
661 2614 897 2685 primutn
930 2611 1093 2671 Deus,
1123 2615 1180 2663 ut
1207 2604 1304 2661 lilii
1336 2603 1456 2672 ejus
1486 2602 1678 2667 simus,
1714 2608 1770 2655 et
1798 2597 1996 2654 bonum
2032 2609 2127 2687 vo-

514 2686 728 2766 luntate
758 2705 1058 2762 faciamus:
1090 2699 1137 2755 si
1169 2697 1272 2753 hoc
1302 2695 1566 2764 consequi
1614 2691 1889 2754 volumus,
1927 2698 1984 2743 ut
2010 2686 2124 2743 sal-

520 2812 629 2861 tem
659 2813 854 2857 servos
893 2811 993 2853 nos
1024 2793 1244 2859 habeat,
1280 2798 1335 2847 et
1361 2804 1390 2842 a
1422 2787 1577 2843 tnalis
1609 2799 1707 2855 per
1736 2782 2124 2853 suppliciorum

521 2894 872 2951 formidinem
904 2886 1244 2945 recedamus.
1284 2881 1543 2951 Legimus
1587 2878 1639 2935 in
1684 2877 1881 2931 malam
1916 2882 2124 2942 partem

525 2988 665 3045 ﬁlios
698 3004 712 3043 :
741 2985 963 3040 Eramus
992 2979 1089 3050 ﬁlii
1114 2979 1224 3043 irte,
1248 2984 1294 3031 et
1325 2973 1420 3043 filii
1444 2972 1692 3045 gehennw
1713 2966 1939 3040 (Ephcs.
1965 2963 2123 3036 11,5),

518 3098 653 3155 quos
687 3077 973 3139 Pharisaei,
1007 3073 1145 3131 tnari
1190 3070 1458 3139 terrisque
1503 3064 1766 3130 circuitis,
1812 3063 2010 3133 dignos
2031 3076 2125 3131 gev

2222 1874 2371 1922 metu
2404 1866 2696 1936 prmlerita:
2737 1864 3041 1931 servitutis,
3085 1862 3405 1921 debueratis
3435 1862 3505 1918 ad
3538 1863 3808 1919 Dominum

2222 1959 2380 2030 plena
2413 1969 2598 2015 mente
2618 1959 2863 2015 converti
2895 1977 2906 2014 :
2933 1967 2988 2015 et
3018 1972 3127 2013 non
3152 1957 3334 2012 solum
3356 1956 3460 2011 hoc
3490 1970 3601 2013 non
3629 1954 3808 2021 facitis,

2223 2053 2319 2109 sed
2366 2053 2638 2109 imitantes
2677 2052 2842 2119 Cain,
2877 2052 3128 2122 superbis
3155 2059 3347 2106 contra
3383 2050 3556 2107 Deum
3604 2049 3810 2104 vocibus

2226 2147 2641 2217 respondentes,
2675 2146 3035 2203 sciscitamini
3069 2148 3138 2202 ab
3167 2160 3234 2201 eo
3268 2161 3429 2216 quem
3464 2144 3677 2201 occulta
3715 2158 3810 2199 non

2225 2242 2440 2305 fallunt,
2489 2251 2544 2298 et
2571 2241 2774 2298 dicitur
2807 2259 2820 2295 :
2857 2239 2923 2294 In
2964 2256 3066 2311 quo
3107 2240 3437 2310 despeximus
3476 2254 3662 2292 nomen
3685 2246 3808 2291 tuum

2229 2334 2393 2408 (Gen.
2426 2335 2554 2406 tv)?
2605 2345 2663 2389 ut
2712 2333 3170 2390 dissimulationis
3218 2333 3583 2403 impudentia,
3628 2332 3808 2387 vulnus

2225 2430 2576 2486 conscientia!
2606 2430 2929 2502 protegatis.
2972 2429 3151 2484 Vultis
3181 2443 3314 2500 ergo
3342 2429 3490 2483 scire
3529 2428 3585 2481 in
3614 2444 3715 2498 quo
3736 2427 3814 2482 do-

2228 2522 2519 2592 spcxeritis
2551 2538 2748 2577 nomen
2775 2522 2993 2577 meum?
3019 2520 3242 2576 Ofiertis
3267 2535 3433 2589 super
3454 2519 3633 2575 altare
3655 2534 3811 2575 meum

2231 2632 2425 2686 partem
2448 2616 2711 2686 pollutum
2736 2632 2749 2670 :
2773 2631 2942 2685 panes
2966 2614 3219 2669 videlicet
3246 2612 3664 2684 propositiOnis,
3693 2628 3812 2683 quos

2226 2708 2376 2779 juxta
2415 2709 2736 2764 traditiones
2766 2708 3081 2771 Hebraicas,
3118 2706 3220 2776 ipsi
3262 2721 3472 2773 serere,
3513 2706 3619 2776 ipsi
3650 2704 3814 2760 deme-

2231 2812 2368 2869 tere,
2419 2802 2523 2873 ipsi
2567 2803 2797 2867 molerc,
2832 2801 2934 2872 ipsi
2964 2816 3207 2872 coquere
3247 2801 3536 2857 debebatis
3571 2811 3662 2855 :et
3688 2815 3810 2855 nunc

2229 2895 2443 2951 sumitis
2485 2910 2860 2968 quoscumque
2900 2896 2969 2951 de
3002 2895 3202 2963 medio,
3255 2904 3309 2951 et
3354 2911 3488 2951 voce
3540 2894 3807 2950 temeraria

2229 2989 2595 3058 respondetis,
2625 2999 2679 3043 et
2703 2989 2905 3055 dicitis,
2938 2991 2992 3044 in
3020 3006 3120 3060 quo
3158 2990 3443 3061 polluimus
3472 3005 3582 3055 eos,
3608 2990 3716 3043 sive
3742 2988 3813 3042 te?

2228 3081 2368 3137 Dum
2391 3083 2539 3137 enim
2566 3092 2908 3139 sacramenta
2938 3082 3237 3147 violantur,
3267 3082 3382 3152 ipse
3409 3082 3571 3152 cujus
3594 3091 3715 3137 sunt
3736 3097 3812 3137 sa-

523 3154 689 3234 uuere
720 3168 1006 3229 tormentis
1034 3162 1254 3239 (Matth.
1284 3159 1471 3232 χχιιι).
1500 3159 1564 3215 Et
1589 3156 1755 3215 Judas
1785 3154 2053 3225 proditor,
2075 3156 2125 3223 ﬁ-

2242 3186 2519 3232 cramenta
2573 3178 2825 3233 violatur.
2876 3178 2988 3232 Hoc
3019 3187 3203 3233 autem
3247 3177 3389 3247 quod
3446 3174 3815 3246 sequiturzln

522 3268 623 3324 lius
646 3262 955 3334 perditionis
969 3258 1271 3329 appellatur
1289 3253 1469 3326 (Joan.
1490 3250 1639 3321 xvn);
1658 3260 1711 3304 et
1726 3250 1779 3305 in
1793 3248 2127 3317 octogesimo

526 3370 718 3417 octavo
742 3356 953 3427 psalmo
972 3355 1039 3409 de
1064 3350 1296 3409 Domino
1323 3345 1580 3403 scribitur
1612 3342 1815 3400 :Fitius
1838 3342 2128 3413 iniquitatis

527 3470 629 3510 non
671 3457 895 3522 apponet
942 3460 1125 3501 nocere
1168 3444 1211 3499 ei
1243 3440 1379 3513 (Ps.
1427 3453 1685 3504 Lxxxvnt,
1730 3437 1859 3505 25).
1900 3436 1957 3493 lu
1990 3436 2129 3493 Osee

525 3559 741 3617 quoque
770 3542 866 3599 ﬁlii
896 3537 1274 3595 fornicationis
1319 3542 1607 3596 vocantur,
1639 3532 1731 3600 qui
1762 3539 1889 3586 sunt
1918 3529 1986 3586 de
2017 3544 2123 3585 ma-

528 3650 611 3695 tre
641 3635 931 3695 meretrice
964 3630 1235 3702 generati,
1267 3628 1336 3685 de
1354 3641 1459 3697 qua
1488 3624 1751 3694 scriptum
1770 3633 1851 3679 est
1886 3640 1898 3676 :
1936 3620 2131 3676 Foroi-

529 3742 647 3789 cata
692 3739 763 3786 est
806 3736 970 3783 mater
1014 3736 1189 3780 uestra
1230 3720 1398 3793 (Osee
1429 3735 1486 3785 tt,
1521 3716 1614 3788 5).
1651 3718 1713 3771 Et
1746 3717 1799 3771 in
1830 3715 2131 3786 Evangelio

528 3824 706 3883 Judaei
737 3823 832 3879 filii
864 3818 1063 3877 diaboli
1095 3814 1421 3885 sugillantur
1455 3827 1468 3866 :
1511 3810 1616 3866 Vos
1651 3810 1714 3863 de
1743 3817 1890 3879 patre
1920 3805 2130 3861 diabolo

529 3920 638 3974 nati
662 3918 804 3982 estis,
836 3924 881 3970 et
912 3910 1171 3969 desideria
1203 3906 1369 3979 patris
1396 3903 1547 3961 uestri
1576 3902 1727 3957 vultis
1750 3905 1921 3973 facere
1944 3899 2127 3973 (Joau.

529 4028 645 4077 vm,
671 4009 809 4078 44).
837 4006 896 4062 in
930 4006 1126 4059 bonam
1161 4009 1373 4071 partem
1425 3997 1565 4052 tilios
1594 3995 1847 4065 legimus,
1892 4003 1949 4047 ut
1992 3993 2134 4048 filios

530 4107 627 4162 Dei
661 4120 675 4158 :
709 4102 975 4171 Quotquot
1005 4112 1121 4151 eum
1165 4102 1490 4164 receperunt,
1541 4089 1683 4144 dedit
1728 4090 1799 4144 eis
1830 4094 2133 4157 potestatein

534 4199 679 4271 ﬁlios
726 4196 825 4251 Dei
864 4193 978 4262 ﬁeri
1020 4191 1214 4259 (Joau.
1249 4204 1288 4256 ι,
1343 4186 1466 4257 12).
1516 4185 1586 4241 Et
1634 4185 1778 4242 filios
1823 4185 2127 4253 sapientia},

538 4288 836 4362 Evangelio
868 4285 1241 4356 proclamante
1273 4300 1285 4335 :
1328 4279 1631 4349 Justiﬁrata
1661 4287 1737 4333 est
1776 4278 2051 4347 sapientia,
2101 4295 2132 4332 a

539 4389 662 4461 [iliis
686 4387 791 4441 suis
814 4381 1042 4455 (Matth.
1078 4396 1151 4445 ιι,
1192 4376 1324 4446 l9):
1360 4375 1427 4430 Et
1458 4375 1602 4430 filios
1626 4374 1903 4429 Abraham
1935 4378 2133 4429 :Amen

537 4497 687 4536 auten
713 4480 831 4533 diro
848 4474 1012 4539 vobis,
1043 4480 1206 4543 potest
1245 4468 1388 4523 Deus
1427 4467 1491 4521 de
1519 4466 1778 4538 lapidibus
1817 4467 1932 4521 istis
1972 4467 2133 4521 susci-

2228 3283 2287 3321 eo
2316 3267 2455 3338 quod
2476 3268 2673 3333 dicitis,
2692 3284 2868 3321 mensa
2896 3266 3111 3321 Domini
3142 3267 3384 3337 despecta
3421 3277 3517 3335 est,
3549 3282 3814 3337 possumus

2230 3359 2301 3414 ita
2327 3359 2676 3430 interpretari
2702 3378 2714 3414 :
2740 3362 2893 3426 Quod
2928 3360 3132 3414 reversi
3170 3359 3241 3414 de
3270 3360 3570 3431 Babylone,
3599 3359 3812 3415 necdum

2232 3455 2435 3525 templo
2477 3455 2762 3520 :editicato,
2811 3466 3100 3509 innitentes
3127 3453 3183 3508 in
3215 3454 3446 3520 casulis,
3480 3465 3536 3511 et
3575 3455 3628 3509 in
3667 3454 3813 3508 ruinis

2232 3546 2384 3602 urbis
2412 3548 2670 3615 antiqua),
2698 3548 2867 3603 altare
2894 3556 3099 3601 tantum
3124 3555 3524 3613 exstruxerant,
3560 3563 3668 3602 non
3692 3550 3817 3615 ejus-

2232 3636 2356 3693 dem
2415 3638 2635 3708 gloriaz',
2688 3639 2846 3711 cujus
2903 3640 3189 3708 pristinum
3242 3639 3452 3708 fuerat,
3487 3649 3541 3695 et
3575 3641 3814 3710 putabant

2232 3729 2426 3786 deesse
2456 3731 2736 3801 religionis
2784 3733 3228 3797 sanctimoniam,
3284 3733 3408 3803 quia
3442 3734 3635 3789 deerat
3665 3734 3817 3788 aedifi-

2232 3825 2464 3879 cationis
2494 3826 2738 3880 ambitio.
2763 3826 2978 3880 Tenues
3002 3827 3174 3882 lineas
3198 3827 3472 3895 duximus,
3507 3828 3707 3899 quibus
3729 3828 3817 3883 im-

2235 3918 2515 3988 pritnenda
2543 3928 2628 3974 est
2653 3919 2966 3990 explanatio
2998 3920 3318 3990 spirituaiis.
3366 3921 3609 3991 Corripit
3657 3934 3815 3977 sermo

2234 4010 2451 4068 divinus
2502 4011 2815 4082 episcopos,
2870 4022 3034 4083 atque
3084 4013 3438 4085 presbyteros
3488 4023 3543 4070 et
3574 4015 3815 4070 diaconos

2235 4110 2600 4179 negligentes,
2642 4111 2758 4165 sive
2786 4111 3047 4180 quoniam
3076 4124 3247 4181 genus
3290 4110 3634 4166 sacerdotale
3661 4118 3711 4165 et
3737 4124 3811 4164 re-

2234 4201 2354 4272 gale
2382 4216 2592 4264 sumus,
2625 4217 2820 4257 omnes
2847 4202 2938 4272 qui
2976 4203 3318 4269 baptizati-‘in
3346 4201 3592 4269 Christo,
3626 4200 3812 4258 Christi

2235 4303 2536 4350 censentur
2576 4294 2699 4367 [ΑΙ.
2742 4294 3066 4367 censemur]
3099 4298 3337 4359 nomine,
3386 4312 3485 4352 cur
3527 4294 3815 4367 despiciant

2238 4400 2437 4441 nomen
2470 4387 2565 4442 Dei
2596 4405 2607 4440 :
2635 4397 2691 4443 et
2720 4388 3198 4459 interrogantibus,
3227 4387 3394 4461 949
3421 4389 3473 4442 in
3507 4406 3615 4459 quo
3643 4390 3815 4457 despe-

2238 4480 2416 4534 xerint
2448 4496 2640 4535 nomen
2677 4481 2813 4551 ejus,
2847 4497 3041 4537 causas
3067 4490 3335 4536 monstrat
3365 4480 3589 4536 offensa:
3623 4481 3815 4536 :Ofier-

537 4584 647 4630 tare
677 4571 817 4641 filios
837 4566 1099 4623 Abraham
1124 4560 1338 4635 (Matth.
1367 4575 1448 4627 ιιι,
1474 4559 1550 4630 9).
1587 4560 1651 4617 Et
1678 4558 1814 4615 ﬁlios
1836 4559 2083 4629 Apestoli
2111 4576 2125 4615 ε

2237 4572 2327 4639 tis,
2359 4574 2555 4643 inquit,
2584 4589 2747 4645 super
2766 4576 2938 4629 altare
2958 4591 3139 4631 meum
3170 4590 3364 4645 panem
3394 4575 3677 4645 pollututn.
3709 4572 3817 4628 Pol-

540 4665 725 4722 Filioli
756 4663 877 4730 mei,
906 4677 1035 4731 quos
1062 4660 1245 4713 iterum
1286 4656 1541 4726 parturio,
1571 4654 1730 4709 donec
1757 4653 1992 4711 Christus
2022 4654 2134 4724 {or-

539 4772 704 4817 metur
752 4759 803 4811 in
845 4753 983 4808 vobis
1016 4750 1231 4822 (Galat.
1257 4764 1328 4813 tv,
1363 4746 1428 4803 19
1449 4748 1491 4815 ),
1522 4754 1576 4801 ct
1604 4746 1773 4801 multa
1799 4746 2128 4803 istiusmodi.

499 4826 710 4909 'Filius
751 4862 879 4919 ergo
911 4846 1164 4907 honorat,
1199 4842 1310 4895 sive
1341 4840 1602 4895 clariiicat
1629 4846 1857 4909 patrem,
1888 4840 2040 4908 juxta
2071 4839 2132 4895 il-

541 4948 631 5004 lud
663 4943 807 5018 quod
836 4941 1099 5010 scriptum
1132 4946 1255 4993 cst:
1287 4935 1380 4991 Sic
1423 4934 1587 4989 luceat
1619 4935 1710 4989 tua:
1740 4945 1905 4990 vestra
1955 4952 2131 4991 coram

539 5039 877 5099 hominibus:
929 5044 985 5088 ut
1031 5031 1231 5087 rideant
1277 5038 1439 5082 vestra
1472 5036 1497 5066 α
1526 5045 1704 5100 opera,
1751 5038 1798 5082 et
1845 5029 2132 5099 gloriﬁcent

535 5137 749 5193 Patrem
778 5139 999 5186 vestrum
1026 5126 1113 5197 qui
1139 5132 1215 5181 est
1244 5124 1297 5177 in
1320 5122 1457 5178 cuslis
1483 5121 1710 5193 (Matth.
1747 5138 1800 5191 v,
1844 5119 1968 5191 16),
2000 5122 2128 5179 δον-

533 5249 633 5288 vus
659 5241 873 5300 quoque
905 5225 1136 5279 honorat
1161 5218 1439 5277 dominum
1469 5232 1623 5273 suum
1654 5234 1763 5272 non
1788 5216 1977 5273 eadem
2009 5218 2130 5273 cha-

537 5327 695 5383 ritate
738 5336 842 5393 qua
873 5318 1049 5381 filius;
1090 5313 1185 5369 sed
1216 5314 1319 5368 ἀπὸ
1341 5317 1503 5367 κοινοῦ
1530 5310 1866 5377 subauditur,
1899 5310 2132 5367 honorat

530 5421 675 5477 titius
704 5424 932 5487 patrem,
964 5422 1158 5466 servus
1185 5405 1461 5463 dotninum
1492 5420 1681 5470 suum;
1705 5412 1759 5459 et
1780 5414 1957 5461 tamen
1986 5406 2127 5462 Deus

527 5512 875 5583 omnipotens
901 5504 1080 5562 sciens
1106 5499 1467 5557 differentiam
1497 5498 1588 5555 filii
1618 5508 1673 5555 et
1692 5500 1857 5565 servi,
1882 5508 1937 5556 et
1961 5516 1989 5554 a
2016 5500 2126 5557 filio

526 5607 777 5680 gloriam,
805 5618 836 5661 a
862 5614 1019 5659 servo
1067 5596 1317 5652 timorem
1361 5592 1566 5663 expetit
1597 5610 1609 5647 :
1636 5591 1965 5664 Principium
1990 5594 2124 5649 enim

600 5794 626 5826 ι
662 5778 947 5842 lnterserit
968 5774 1238 5835 Victorius
1264 5771 1419 5842 bona,
1445 5787 1507 5829 ex
1542 5772 1659 5843 ipso
1683 5770 1921 5833 Matthaei
1944 5783 2114 5832 textu.

2237 4667 2434 4723 luimus
2457 4683 2671 4737 panem,
2704 4669 2754 4723 id
2782 4678 2884 4737 est,
2916 4685 3112 4738 corpus
3134 4669 3354 4735 Christi,
3385 4668 3606 4740 quando
3630 4666 3816 4739 indigni

2235 4760 2544 4815 accedimus
2572 4761 2637 4813 ad
2666 4761 2853 4825 altare,
2887 4770 2942 4816 et
2969 4760 3172 4816 sordidi
3220 4762 3478 4816 mundum
3509 4761 3812 4831 sanguinem

2237 4852 2492 4916 bibimus,
2524 4862 2579 4909 et
2626 4853 2878 4920 dicimus,
2931 4870 3113 4909 mensa
3162 4854 3371 4908 Domini
3424 4853 3678 4923 despecta
3708 4863 3812 4915 est;

2237 4960 2345 4999 non
2394 4949 2538 5016 quod
2572 4944 2673 4999 hoc
2702 4945 2897 5015 aliquis
2942 4945 3139 5001 audeat
3182 4945 3383 5013 dicere,
3413 4954 3470 5000 ct
3497 4945 3640 5017 quod
3669 4942 3817 5012 impie

2237 5038 2437 5107 cogitat
2466 5037 2730 5092 scelerata
2760 5053 2914 5103 voce,
2945 5038 3227 5109 proferre;
3258 5037 3353 5093 sed
3382 5052 3551 5108 opera
3586 5044 3816 5107 peccato-

2236 5145 2357 5184 rum
2403 5129 2712 5200 despiciunt
2761 5145 3006 5186 mensam
3060 5131 3176 5186 Dei.
3235 5130 3534 5185 Possumus
3584 5140 3639 5184 et
3674 5128 3815 5183 aliter

2232 5224 2419 5281 dicere
2463 5243 2477 5280 :
2526 5224 2726 5280 Doctor
2768 5225 3031 5281 Ecclesiae
3072 5226 3164 5295 qui
3222 5225 3561 5295 spiritualem
3615 5221 3817 5279 conficit

2234 5331 2453 5386 panem,
2487 5326 2543 5372 et
2563 5331 2689 5372 eum
2720 5318 2935 5387 populis
2962 5317 3175 5384 dividit,
3203 5318 3247 5371 si
3278 5317 3364 5372 vel
3397 5328 3615 5387 propter
3645 5316 3816 5371 huma-

2234 5424 2359 5463 nam
2389 5407 2640 5479 gloriam,
2672 5410 2758 5464 vel
2804 5410 2954 5465 lucra
2987 5409 3171 5465 saeculi
3211 5425 3336 5479 quae
3363 5410 3593 5481 gloriam
3637 5423 3815 5465 conse-

2233 5509 2493 5570 quuntnr,
2529 5500 2784 5571 loquatur
2815 5503 2867 5553 in
2898 5500 3111 5571 populis
3134 5512 3188 5556 et
3211 5501 3473 5558 divitibus
3496 5502 3808 5566 blandiatur,

2232 5606 2287 5653 et
2328 5595 2562 5653 honoret
2608 5606 2943 5666 peccatores,
2992 5605 3047 5652 et
3089 5598 3241 5666 juxta
3273 5597 3539 5655 Jacobum
3568 5597 3813 5666 suscipiat
