4056 6342
283 301 431 361 1549

1065 299 1719 364 COMMENTARIORUM
1757 298 1823 360 ΙΝ
1864 299 2273 363 MALACHIAM
2313 301 2541 364 LIBER.
2583 304 2737 364 CAP.
2782 305 2823 362 Ι.

3450 311 3587 368 i550

285 401 1174 494 eos,quieumannulisaureisad
1192 437 1252 480 se
1269 421 1888 495 veniunt’j(Jacob.n),et
1920 425 1968 484 Α
1997 422 2178 479 nullus
2206 424 2355 479 enim
2391 425 2443 479 in
2478 425 2635 480 vobis
2675 438 2846 495 usque
2885 424 2954 480 ad
2996 431 3304 482 extremum
3337 425 3585 488 ministe-

284 529 570 585 pauperes
614 527 836 574 sanctos
885 516 1136 588 repellat,
1179 531 1380 574 nomen
1411 516 1504 572 Dei
1536 515 1788 586 despicit,
1834 524 1888 570 et

283 620 488 678 panem
516 610 712 681 polluit
731 609 1105 667 doctrinarum
1131 651 1145 676 ,
1187 618 1242 666 et
1269 610 1321 664 in
1347 611 1523 679 ipsum
1550 609 1722 664 Deum
1759 607 1890 676 jacit

283 706 683 774 contumelias,
705 720 947 763 mensam
980 704 1387 776 Scripturarum
1411 704 1530 774 eius
1549 704 1753 759 mensis
1775 701 1891 757 ido-

283 795 469 853 lorum
489 799 1150 870 stecularisquedoctrina
1179 809 1885 870 putansessecommunem.

357 889 530 962 (Vers
539 929 552 944 .
586 890 668 964 8.)
691 893 754 950 Si
776 892 1006 960 offeratis
1019 909 1210 950 caecum
1221 892 1290 948 ad
1306 892 1705 959 immolandum,
1721 906 1891 946 nonne

280 988 488 1044 malum
521 992 644 1048 est?
687 992 755 1047 Et
804 995 848 1048 si
892 994 1121 1062 offeratis
1164 993 1411 1049 claudum
1458 1003 1506 1050 et
1563 994 1888 1066 languidum,

280 1099 463 1141 nonne
500 1086 701 1141 malum
732 1091 842 1143 est?
870 1089 1000 1158 offer
1025 1089 1161 1144 illud
1181 1090 1302 1144 duci
1330 1098 1439 1156 tuo,
1467 1091 1512 1144 si
1537 1089 1792 1161 placuerit
1820 1091 1888 1158 ei,

274 1187 376 1232 aut
411 1179 462 1234 si
498 1182 783 1250 susceperit
823 1183 1010 1248 faciem
1053 1192 1214 1254 tuam,
1245 1184 1371 1238 dicit
1406 1184 1660 1239 Dominus
1693 1186 1893 1240 exerci-

276 1278 454 1325 tuum.
489 1271 637 1329 LXX
665 1293 678 1328 :
715 1274 848 1342 Quia
875 1276 920 1330 si
953 1276 1187 1344 oﬁ'eratis
1221 1292 1414 1330 crucum
1454 1277 1507 1330 in
1546 1277 1889 1347 sacriﬁcium,

275 1378 458 1420 nonne
481 1366 680 1420 malum
694 1378 766 1421 est
787 1365 891 1421 ?Et
913 1368 957 1422 si
979 1368 1212 1437 offeratis
1227 1369 1473 1423 claudum
1494 1378 1540 1423 et
1564 1369 1893 1440 languidum,

274 1472 457 1512 nonne
505 1461 703 1514 malum
730 1463 850 1515 est?
893 1461 1022 1529 offer
1051 1460 1184 1515 illud
1230 1461 1350 1515 duci
1397 1470 1508 1529 tuo,
1538 1463 1583 1516 si
1614 1464 1895 1533 susceperit

274 1558 348 1618 te,
379 1553 428 1606 si
447 1555 706 1624 acceperit
731 1555 918 1626 faciem
939 1565 1103 1622 tuam,
1129 1556 1249 1610 dicit
1275 1555 1528 1611 Dominus
1549 1559 1889 1629 omnipotens.

277 1643 360 1700 De
403 1646 733 1704 diversitate
781 1648 1159 1717 victimarum,
1193 1658 1251 1704 et
1299 1665 1420 1713 quae
1450 1651 1535 1706 vel
1580 1649 1766 1705 offerri
1799 1647 1896 1705 de-

275 1736 489 1806 beant,
518 1741 606 1796 vel
650 1757 762 1796 non
793 1740 1003 1809 oli'erri,
1036 1741 1092 1797 in
1118 1741 1360 1799 Levitico
1388 1743 1607 1814 plenius
1634 1743 1892 1799 discimus
1933 1775 1946 1784 -

1995 518 2160 585 rium,
2191 534 2295 575 non
2327 519 2451 575 dico
2485 519 2758 590 pontifex,
2788 533 2894 573 non
2923 519 3205 590 sacerdos,
3231 537 3338 578 non
3373 523 3581 590 Levita,

1994 623 2101 664 non
2132 620 2343 678 cantor,
2377 610 2472 667 sed
2501 625 2605 668 nec
2631 611 2836 680 janitor
2863 610 3106 682 quidem.
3142 622 3196 668 et
3218 613 3262 670 is
3287 616 3376 685 qui
3408 617 3584 688 ignem

1993 704 2254 773 supponit
2280 705 2439 758 altari
2467 705 2533 758 ad
2560 704 2910 759 creinandum
2938 705 3386 780 ltolocausta,qui
3420 724 3524 765 non
3554 725 3582 766 a

1994 807 2082 848 me
2112 795 2417 852 mercedem
2464 795 2699 867 accipiat
2741 793 2944 852 laboris
2984 798 3091 853 sui.
3143 799 3256 856 lloc
3281 811 3464 858 autem
3502 805 3586 858 di-

1992 900 2156 956 cens,
2188 889 2430 944 decimas
2459 888 2728 959 signiﬁcat
2755 890 2996 947 omnium
3027 893 3266 963 frugum,
3300 911 3421 967 qua:
3451 896 3586 952 oti'e-

1995 989 2190 1036 runtur
2215 997 2243 1036 a
2288 982 2531 1053 populis.
2591 982 2671 1038 Ex
2711 997 2816 1054 quo
2860 987 3187 1058 ostenditur,
3222 991 3587 1061 acceptiorem

1995 1084 2119 1127 esse
2149 1072 2381 1128 Domino
2409 1074 2751 1142 servitutem,
2784 1091 2904 1148 quas
2932 1081 3240 1137 mercedem
3271 1083 3324 1137 in
3347 1098 3590 1154 praesen-

1997 1167 2191 1222 tiarum
2214 1183 2319 1223 non
2359 1169 2612 1239 postulat.
2651 1168 2805 1226 Unde
2830 1179 2886 1228 et
2917 1173 3212 1243 Apostolus
3241 1177 3415 1249 gratis
3443 1191 3584 1249 prte-

1996 1258 2144 1315 dicat
2173 1261 2531 1332 Evangelium
2572 1262 2617 1334 (Ι
2651 1262 2835 1318 Thess.
2862 1266 2959 1334 n);
3000 1278 3056 1322 et
3091 1279 3251 1325 nocte
3280 1281 3334 1326 et
3362 1271 3451 1328 die
3479 1287 3593 1327 ma.-

1997 1352 2157 1409 nibus
2181 1355 2295 1410 suis
2326 1354 2568 1423 laborat,
2603 1371 2671 1412 ne
2700 1359 2785 1413 cui
2817 1360 2973 1414 oneri
3004 1357 3076 1415 ait
3109 1371 3165 1418 et
3194 1362 3332 1420 hunc
3358 1366 3587 1436 gloriam

1997 1465 2153 1505 suam
2181 1453 2433 1522 gratuita:
2457 1453 2844 1523 predicationis
2871 1455 2924 1509 in
2947 1457 3220 1526 gentibus,
3252 1471 3589 1532 nequaquam

1997 1545 2368 1600 evacuandam
2399 1559 2526 1601 esse
2553 1554 2783 1602 testatur
2812 1547 2877 1619 (ll
2908 1546 3087 1604 Thess.
3111 1549 3213 1623 ιιι).
3250 1552 3419 1610 Porro
3446 1553 3592 1612 LXX

1996 1635 2162 1691 alium
2194 1637 2368 1692 multo
2407 1650 2710 1708 suggerunt
2749 1655 2968 1695 sensum
3015 1642 3100 1697 :0
3129 1646 3466 1716 sacerdotes,
3499 1650 3592 1718 qui

1997 1726 2206 1785 hostias
2237 1729 2444 1786 debiles
2472 1731 2790 1797 immolatis,
2813 1735 3196 1790 convertimini
3227 1736 3292 1792 ad
3324 1738 3592 1807 poeniten-

276 1829 482 1902 (Leuit.
511 1843 605 1888 ut
635 1842 682 1888 et
715 1835 876 1906 sui).
917 1833 1145 1890 Reversi
1178 1836 1360 1907 itaque
1385 1837 1454 1892 de
1493 1837 1776 1909 Babylone
1805 1851 1890 1890 sa-

1998 1821 2126 1876 tiam
2150 1862 2166 1889 ,
2212 1833 2267 1877 et
2312 1823 2522 1878 vultum
2565 1823 2780 1879 Domini
2820 1825 3194 1895 deprecamini
3226 1839 3280 1884 et
3311 1839 3466 1887 orate
3497 1847 3593 1902 pro

277 1929 548 1986 cerdotes
576 1939 631 1985 et
656 1931 857 1986 Levita:
876 1975 890 1999 ,
921 1931 1186 2002 janitores
1210 1941 1372 2003 atque
1399 1940 1673 2002 cantores,
1707 1941 1762 1988 et
1782 1931 1885 1987 Na.

280 2020 520 2078 tbinnaai
562 2024 817 2095 servique
847 2025 1189 2093 Salomonis,
1229 2038 1463 2094 quorum
1501 2026 1667 2080 Ezras
1699 2024 1891 2079 scribit

283 2121 606 2195 κατάλογον,
637 2121 858 2178 illicitas
901 2119 1016 2176 Deo
1057 2121 1310 2176 victimas
1339 2117 1678 2186 oll‘erebant,
1712 2131 1886 2175 ctecas

279 2212 544 2270 videlicet
587 2223 646 2270 et
686 2213 936 2282 claudas,
979 2229 1046 2271 ac
1089 2215 1237 2270 varia
1279 2213 1566 2269 debilitate
1609 2213 1890 2268 Confectus

284 2304 329 2376 (l
378 2304 508 2360 Esd.
548 2306 640 2380 u);
684 2307 786 2363 hoc
814 2317 896 2364 est
922 2308 1068 2364 enim
1102 2307 1244 2378 quod
1263 2306 1750 2378 dicitlanguidum,
1782 2321 1891 2361 uno

282 2406 490 2453 cuncta
519 2415 774 2455 sermone
804 2399 1310 2470 comprehendens.
1347 2399 1403 2456 Si
1437 2400 1770 2466 istiusmodi,
1808 2401 1891 2453 in-

283 2492 429 2560 quit,
463 2491 588 2547 duci
648 2502 740 2549 tuo
781 2492 982 2550 offeres
1031 2508 1278 2559 munera,
1331 2509 1517 2549 nonne
1566 2491 1894 2563 respueret?

283 2598 478 2640 nonne
504 2585 610 2640 sibi
645 2588 842 2641 tactam
879 2597 1098 2656 putaret
1126 2586 1378 2656 iniuriam
1403 2586 1426 2639 'i
1451 2597 1502 2642 et
1540 2585 1646 2642 hoc
1675 2585 1893 2639 audetis

285 2674 493 2732 oﬂ‘erre
544 2678 696 2744 Deo,
741 2678 885 2750 quod
930 2679 1064 2754 dare
1121 2678 1434 2733 hominibus
1487 2691 1595 2732 non
1644 2674 1894 2731 audetis?

279 2767 538 2837 Longum
568 2780 654 2826 est
690 2787 834 2825 nunc
861 2773 1108 2826 omnium
1143 2772 1487 2827 victimarum
1529 2771 1748 2840 aperire
1776 2785 1893 2840 my-

275 2859 462 2917 steria
501 2878 516 2920 :
548 2861 617 2918 de
652 2862 740 2919 his
769 2872 978 2919 tantum
1010 2863 1202 2935 loquar
1217 2879 1338 2934 qua:
1365 2864 1620 2934 praesenti
1651 2861 1893 2932 capitulo

277 2955 667 3011 continentur.
712 2955 870 3013 Caeca
915 2966 997 3013 est
1029 2958 1228 3012 anima:
1257 2957 1502 3025 victima,
1535 2973 1656 3026 qua!
1687 2971 1795 3011 non
1829 2955 1896 3010 il-

277 3048 558 3105 lustratur
582 3048 782 3106 Christi
812 3049 1040 3114 lunrine,
1061 3065 1166 3107 nec
1189 3050 1354 3104 habet
1382 3049 1602 3104 oculum
1623 3048 1689 3104 de
1713 3049 1892 3103 Evan-

285 3143 448 3214 gelio
488 3154 840 3201 contuentem
868 3142 1088 3214 (Matth.
1121 3143 1202 3212 6).
1231 3143 1400 3216 950
1439 3140 1640 3198 Clauda
1683 3149 1770 3196 est
1803 3155 1891 3195 ro-

1995 1916 2254 1986 operibus
2283 1931 2540 1972 manuum
2593 1926 2925 1974 vestrarum.
2959 1922 3113 1989 Quod
3156 1933 3340 1980 autem
3385 1924 3547 1982 infert
3577 1907 3611 1980 ε’

1997 2009 2059 2066 Si
2086 2011 2248 2083 951
2281 2013 2558 2081 suscipiam
2592 2029 2658 2068 ex.
2683 2013 2824 2069 nobis
2854 2017 3016 2083 facies
3043 2027 3256 2084 vestros,
3305 2023 3496 2075 nescio
3523 2036 3592 2077 an

1995 2106 2287 2160 conveniat
2357 2106 2734 2163 exhortationi
2791 2111 3147 2177 ptenitentiae.
3218 2113 3392 2170 Nemo
3448 2117 3594 2172 enim

1995 2198 2148 2265 dicit,
2174 2215 2270 2255 ora
2295 2213 2406 2267 me,
2430 2208 2612 2257 etnon
2644 2217 2862 2271 parcam
2886 2202 3005 2260 tibi.
3031 2205 3293 2274 Sequitur
3318 2223 3332 2263 :
3365 2207 3430 2263 In
3460 2211 3599 2266 vobis

1995 2290 2303 2348 claudentur
2332 2294 2487 2360 ostia,
2518 2293 2698 2351 Patris
2725 2295 2998 2365 videlicet,
3030 2307 3085 2353 et
3107 2299 3252 2369 Filii,
3276 2311 3332 2357 et
3355 2303 3595 2372 Spiritus

1997 2388 2192 2441 sancti.
2244 2385 2399 2442 Unde
2450 2387 2704 2444 Salvator
2753 2389 2992 2460 loquitur
3033 2407 3046 2447 :
3101 2391 3211 2463 Ego
3249 2411 3363 2448 sum
3406 2397 3595 2450 ostium

2002 2478 2182 2549 (Joan.
2207 2497 2264 2548 ι,
2295 2481 2373 2553 9).
2408 2483 2536 2539 Sive
2561 2484 2724 2541 aliter
2755 2503 2768 2538 :
2799 2485 2915 2540 Non
2941 2487 3099 2543 vobis
3126 2489 3440 2559 aperientur
3457 2493 3595 2548 ostia

1999 2571 2433 2643 Scripturarum,
2478 2592 2578 2632 nec
2617 2580 2926 2649 perspicere
2957 2583 3208 2651 poteritis
3248 2594 3434 2640 sancta
3470 2601 3596 2640 san--

1999 2675 2213 2720 ciorum
2241 2708 2254 2732 ,
2289 2681 2390 2722 nec
2424 2669 2638 2724 Domini
2684 2683 3024 2728 sacramenta
3075 2687 3440 2745 cognoscere;
3495 2691 3598 2734 nec

1997 2760 2335 2816 succendere
2367 2761 2664 2834 thymiama
2690 2765 2806 2835 ejus
2834 2764 2900 2820 ad
2933 2766 3104 2821 altare
3131 2783 3142 2820 :
3168 2770 3292 2838 quia
3321 2769 3596 2826 orationes

1998 2861 2196 2907 vestrm
2217 2853 2282 2908 ad
2309 2854 2460 2910 illum
2488 2871 2596 2911 non
2627 2859 2975 2926 pervenient.
3005 2859 3070 2914 Et
3101 2860 3204 2916 hoc
3225 2864 3366 2933 quod
3394 2863 3595 2922 dicitur

1997 2946 2212 3024 δωρεὰν,
2236 2958 2294 3004 et
2323 2966 2421 3005 nos
2450 2953 2792 3021 interpretati
2822 2969 3010 3009 sumus
3029 2959 3254 3027 gratuito
3287 2973 3306 3011 .°
3335 2960 3423 3027 qui
3457 2960 3596 3016 hanc

1997 3051 2306 3111 sequuntur
2370 3045 2786 3117 intelligentiam
2825 3063 2984 3118 quam
3039 3063 3183 3105 nunc
3235 3056 3593 3122 exponimus,

1999 3142 2216 3188 vertunt
2248 3135 2301 3188 in
2328 3137 2572 3208 gratiam,
2605 3147 2662 3192 ut
2686 3139 2941 3195 videlicet
2970 3142 3196 3212 gratiam
3229 3159 3336 3199 ntm
3360 3144 3596 3202 habeant

286 3239 480 3308 gantis
531 3239 729 3306 oratio,
785 3254 909 3309 qua:
951 3237 1155 3309 duplici
1201 3246 1382 3293 mente
1430 3235 1643 3292 accedit
1675 3235 1740 3289 ad
1771 3249 1894 3304 pre-
1919 3223 1964 3290 C
1997 3223 2158 3278 ³11³τὶ
2185 3224 2401 3280 Domini
2432 3227 2727 3284 serviendi.

281 3330 553 3399 eandem,
582 3343 638 3388 et
660 3331 952 3388 auditeum
985 3331 1188 3402 populo
1216 3329 1534 3387 Iudaeorum
1566 3351 1579 3383 :
1614 3328 1889 3401 Usquequo

283 3425 602 3480 claudicatis
638 3438 852 3497 utroque
876 3427 1004 3497 pede
1031 3424 1121 3497 (Ill
1156 3424 1290 3496 Reg.
1323 3439 1479 3490 xvm,
1511 3422 1644 3494 21)?
1683 3422 1749 3476 Et
1775 3421 1890 3476 lan-

285 3519 484 3590 guida,
513 3529 568 3575 et
596 3521 744 3575 omni
776 3519 1096 3575 inﬁrmitate
1118 3527 1401 3589 cooperta,
1424 3533 1548 3589 qua:
1577 3531 1686 3570 non
1725 3514 1890 3569 habet

284 3610 498 3667 Christi
520 3611 615 3667 Dei
646 3612 930 3679 virtutem,
966 3611 1170 3683 Deique
1198 3611 1543 3682 sapientiam.
1579 3607 1888 3663 istiusmodi

288 3717 512 3774 preces,
549 3717 670 3774 quae
700 3705 823 3760 sine
849 3703 1058 3758 lumine
1100 3703 1354 3758 veritatis
1383 3711 1541 3766 sunt,
1572 3709 1629 3756 et
1659 3715 1766 3756 non
1796 3700 1891 3754 ba-

287 3798 426 3852 bent
452 3795 739 3866 sapientiae
759 3796 919 3851 ﬁrma
952 3795 1178 3866 vestigia
1200 3836 1214 3862 ,
1247 3804 1302 3851 et
1323 3793 1698 3850 debilitatibus
1724 3792 1889 3847 variis

288 3891 711 3958 contabescunt,
767 3892 813 3946 si
863 3891 1168 3947 oti'erantur
1225 3889 1594 3946 Ecclesiarum
1638 3888 1888 3958 principi,

286 3993 386 4038 aut
411 3984 636 4039 cuilibet
665 3984 879 4040 erudito
911 3985 1253 4056 sapientique
1280 3982 1534 4052 doctori,
1578 3997 1760 4038 nonne
1800 3997 1887 4038 re-

289 4079 689 4152 pudiabantur,
723 4087 778 4134 et
826 4080 878 4134 in
919 4079 1309 4136 contumeliam
1337 4080 1458 4149 ejus
1489 4077 1761 4144 recident,
1794 4077 1889 4148 qui

289 4173 424 4228 talia
452 4181 540 4228 est
561 4187 724 4228 ausus
754 4181 780 4210 ι
813 4171 1046 4228 oti'erre?

363 4263 548 4337 (Vera.
581 4263 662 4336 9.)
701 4264 768 4318 Et
795 4280 934 4319 num:
971 4265 1324 4336 deprecamini
1347 4265 1540 4320 uultum
1573 4262 1672 4318 Dei
1703 4272 1755 4316 ut
1785 4263 1884 4316 mi-

288 4365 526 4414 sereatur
551 4357 707 4412 uestri
739 4375 758 4411 :
791 4357 856 4411 de
880 4373 1042 4411 manu
1069 4358 1207 4411 enim
1235 4367 1405 4412 vestra
1435 4361 1628 4429 factum
1657 4365 1732 4411 est
1763 4355 1883 4422 hoc,

287 4450 624 4522 eiquomodo
678 4451 925 4520 suscipiat
973 4450 1133 4518 facies
1173 4461 1366 4504 restras
1394 4491 1410 4515 ,
1458 4450 1582 4502 dicit
1631 4447 1887 4502 Dominus

289 4545 637 4600 exercituum.
683 4543 810 4610 Quis
839 4554 910 4598 est
938 4543 992 4596 in
1019 4542 1160 4597 vobis
1185 4543 1278 4614 qui
1306 4539 1517 4596 claudat
1546 4541 1699 4606 ostia,
1729 4549 1776 4594 et
1804 4541 1888 4593 in-

2065 3316 2249 3390 (Vers.
2289 3318 2356 3374 10
2380 3320 2562 3391 seqq.)
2607 3319 2728 3374 Non
2771 3333 2844 3376 est
2883 3323 3012 3377 mihi
3053 3324 3291 3381 voluntas
3333 3329 3386 3382 in
3429 3329 3590 3398 vobis,

1993 3408 2119 3462 dicit
2149 3409 2404 3465 Dominus
2428 3413 2774 3481 exercituum,
2807 3425 2854 3469 cl
2876 3429 3064 3471 manus
3085 3433 3186 3472 non
3218 3421 3496 3492 suscipiam
3530 3425 3592 3479 de

1994 3519 2152 3558 manu
2185 3514 2353 3560 uestra
2393 3521 2412 3559 :
2459 3505 2524 3560 ab
2564 3517 2679 3561 ortu
2720 3510 2860 3563 enim
2893 3510 3018 3565 solis
3061 3527 3220 3582 usque
3257 3514 3324 3567 ad
3357 3531 3597 3571 occasum

1995 3612 2247 3669 magnum
2273 3607 2345 3652 est
2377 3616 2564 3653 nomen
2589 3616 2754 3655 meum
2781 3603 2833 3654 in.
2864 3603 3122 3672 gentibus,
3154 3615 3203 3660 et
3231 3607 3286 3660 in
3315 3609 3456 3662 omni
3483 3610 3596 3665 loco

1990 3688 2336 3757 sacrificatur,
2385 3698 2432 3742 ct
2483 3689 2699 3758 offertur
2730 3693 2926 3745 nomini
2975 3709 3084 3749 meo
3127 3696 3322 3751 oblatio
3371 3699 3588 3768 munda,

1991 3784 2115 3855 quia
2144 3800 2390 3858 magnum
2421 3796 2493 3841 est
2528 3803 2713 3841 nomen
2744 3802 2913 3843 meum
2943 3792 2995 3842 in
3023 3793 3284 3861 gentibus,
3317 3793 3442 3850 dicit
3485 3796 3594 3851 Do—

1993 3877 2164 3931 minus
2195 3880 2534 3936 exercituum.
2559 3879 2632 3935 Et
2658 3897 2744 3935 eos
2773 3883 3038 3955 polluistis
3079 3887 3240 3954 illud,
3278 3889 3332 3943 in
3367 3907 3426 3945 eo
3457 3895 3594 3962 quod

1993 3973 2167 4028 dicitis
2199 3990 2217 4029 :
2249 3972 2436 4031 Mensa
2459 3974 2674 4032 Domini
2703 3981 3054 4036 contaminata
3078 3994 3174 4050 est,
3201 3995 3247 4039 et
3275 3989 3417 4057 quod
3435 4005 3591 4062 super

1992 4068 2223 4139 ponitur,
2247 4069 2630 4142 contemptibile
2649 4081 2724 4125 est
2761 4090 2878 4127 cum
2899 4075 3020 4146 igne
3048 4077 3136 4148 qui
3177 4078 3310 4132 illud
3353 4083 3587 4139 devorat.

1991 4157 2062 4214 Et
2087 4161 2291 4216 dixistis
2319 4177 2340 4217 :
2368 4162 2503 4218 Ecce
2525 4163 2588 4218 de
2617 4163 2809 4234 labore,
2846 4175 2892 4221 et
2919 4171 3246 4241 casui/lastis
3276 4172 3429 4240 illud,
3463 4175 3590 4231 dicit

1991 4250 2252 4310 Dominus
2299 4259 2639 4312 exercituum.
2685 4257 2756 4312 Et
2797 4260 3046 4315 intulistis
3086 4263 3152 4318 de
3197 4265 3395 4335 rapinis
3437 4269 3586 4322 clau-

1993 4347 2138 4414 dum,
2162 4358 2209 4402 et
2243 4349 2569 4421 languidum,
2609 4365 2656 4405 ct
2685 4353 2936 4408 intulistis
2963 4371 3190 4410 munus:
3221 4361 3478 4430 numquid
3508 4379 3590 4416 su-

1991 4441 2208 4511 scipiam
2237 4444 2371 4497 illud
2400 4445 2463 4498 de
2491 4459 2646 4498 manu
2672 4447 2878 4499 vestra?
2906 4448 3031 4500 dicit
3074 4447 3352 4506 Dominus.
3389 4452 3534 4509 LXX
3569 4474 3582 4510 :

1995 4533 2118 4589 Non
2157 4545 2234 4590 est
2261 4538 2497 4594 voluntas
2527 4555 2638 4593 mea
2667 4541 2720 4593 in
2753 4540 2890 4594 vobis
2911 4583 2924 4608 ,
2957 4541 3084 4597 dicit
3116 4543 3369 4602 Dominus
3413 4552 3583 4605 omni-

290 4637 478 4692 ccndat
499 4637 667 4692 altare
685 4653 858 4691 meum
879 4636 1142 4706 gratuito?
1163 4634 1310 4690 LXX
1341 4651 1352 4688 :
1383 4633 1452 4688 Et
1478 4649 1612 4688 nunc
1641 4634 1887 4702 deprecer-
1912 4627 1964 4689 D
1994 4642 2171 4700 potens
2199 4673 2212 4694 ,
2255 4643 2301 4686 et
2329 4634 2641 4704 sacriﬁcium
2674 4651 2778 4689 non
2815 4637 3098 4707 suscipiam
3141 4641 3205 4694 de
3233 4644 3469 4699 manibus
3499 4662 3585 4700 ve-

289 4731 422 4785 mini
467 4731 654 4800 faciem
684 4730 780 4786 Dei
816 4731 991 4797 uestri,
1024 4738 1070 4784 et
1113 4738 1292 4800 rogate
1339 4744 1456 4782 eum
1493 4742 1512 4783 :
1554 4727 1609 4782 in
1653 4727 1890 4781 manibus

291 4824 474 4878 uestris
505 4825 644 4895 facta
685 4831 805 4879 sunt
853 4822 963 4878 haec
986 4864 1002 4889 ,
1040 4823 1084 4876 si
1123 4821 1405 4893 suscipiam
1447 4837 1513 4876 ea:
1551 4819 1689 4874 vobis
1732 4821 1889 4893 facies

291 4925 510 4982 uestras,
545 4916 672 4970 dicit
707 4914 961 4970 Dominus
1001 4916 1328 4982 omnipotens
1357 4929 1375 4968 :
1405 4913 1526 4984 quia
1575 4922 1623 4968 et
1671 4913 1725 4966 in
1753 4911 1891 4966 vobis

295 5007 606 5062 claudentur
637 5009 792 5074 ostia,
827 5015 872 5062 et
905 5022 1008 5060 non
1037 5004 1376 5060 succendetur
1405 5005 1566 5060 altare
1585 5021 1749 5059 meum
1770 5021 1892 5075 gra-

295 5098 381 5153 tis.
413 5098 640 5154 Multum
673 5099 722 5152 in
750 5093 852 5154 hoc
891 5099 1010 5153 loco
1047 5098 1402 5170 Septuaginta
1456 5099 1789 5168 interpretes
1820 5097 1888 5153 ab

295 5187 569 5248 ﬂebraica
619 5197 853 5248 veritate
893 5189 1216 5248 discordant
1259 5208 1276 5246 :
1319 5201 1375 5246 et
1409 5205 1636 5246 necesse
1665 5200 1766 5259 est,
1800 5191 1888 5246 ubi

295 5278 512 5337 diversa
542 5291 626 5339 est
650 5283 1034 5354 interpretatio
1055 5323 1069 5349 ,
1101 5293 1158 5337 ut
1183 5282 1433 5338 diversus
1469 5292 1526 5338 et
1559 5297 1754 5338 sensus
1795 5284 1885 5338 sit.

295 5374 440 5444 Quia
465 5377 743 5433 obtulistis
774 5376 998 5434 claudas
1027 5385 1084 5432 et
1109 5391 1282 5432 caecas
1312 5385 1366 5433 et
1387 5375 1598 5432 debiles
1619 5377 1888 5444 victimas,

294 5483 394 5524 vos
423 5471 568 5526 enim
599 5473 711 5528 haec
741 5488 860 5545 qua:
883 5470 993 5528 dixi
1021 5472 1278 5528 universa
1311 5469 1518 5527 fecistis
1554 5489 1565 5524 :
1596 5472 1737 5544 agite
1770 5486 1887 5542 pm-

295 5564 612 5636 niteatiam,
666 5569 714 5625 si
754 5585 872 5642 quo
909 5570 1072 5626 modo
1109 5569 1434 5624 misereatur
1486 5570 1656 5625 vestri
1703 5569 1888 5625 Deus:

367 5713 394 5782 ξ
433 5705 696 5782 porrupte
725 5708 972 5766 Martian.
1007 5711 1233 5767 retinuit
1261 5711 1486 5782 auferre.

363 5773 393 5812 ι’
434 5777 491 5854 In
537 5773 730 5852 Re’gin.
785 5796 914 5838 mss.
963 5797 1098 5852 ecce,
1148 5798 1248 5853 pro
1295 5773 1601 5854 hiec,juxta
1632 5782 1884 5839 Graecum

301 5845 689 5922 ComplutenEc
723 5855 1032 5926 exemplar,
1057 5845 1532 5912 c'tti'lttudatam'ah
1554 5855 1886 5926 Hieronymo

1993 4727 2134 4793 stris,
2165 4726 2284 4796 quia
2311 4727 2500 4781 abortu
2529 4727 2656 4782 solis
2673 4743 2830 4799 usque
2858 4730 2927 4782 ad
2949 4745 3185 4788 occasum
3212 4749 3395 4792 nomen
3420 4755 3585 4793 meum

1994 4820 2284 4892 gloriosum
2312 4830 2386 4874 est
2429 4822 2484 4876 in
2525 4821 2762 4892 gentibus
2796 4839 2814 4876 :
2863 4825 2988 4878 etin
3017 4829 3160 4881 omni
3187 4829 3608 4887 locoincensun'

1995 4913 2212 4982 offertur
2253 4915 2449 4969 nomini
2506 4931 2617 4969 meo
2643 4957 2656 4982 ,
2707 4925 2754 4971 et
2795 4919 3112 4989 sacriﬁcium
3154 4924 3428 4992 mundum,
3471 4929 3592 4995 quia

1993 5021 2237 5078 magnum
2267 5019 2339 5061 est
2380 5024 2564 5062 nomen
2591 5024 2761 5061 meum
2801 5010 2853 5062 in
2882 5013 3112 5082 gentibus
3133 5054 3146 5077 ,
3183 5015 3306 5068 dicit
3339 5016 3595 5074 Dominus

1996 5101 2339 5172 onmipotens.
2375 5097 2478 5156 Vos
2509 5109 2680 5155 autent
2701 5103 3088 5159 contuminastis
3121 5105 3273 5175 illud,
3299 5110 3349 5163 in
3375 5127 3431 5166 eo
3451 5117 3589 5181 quod

1996 5193 2195 5259 dicitis,
2227 5209 2401 5248 mensa
2443 5193 2651 5249 Domini
2684 5195 2882 5262 polluta
2905 5207 3002 5262 est,
3037 5207 3082 5252 et
3108 5201 3193 5268 qui
3225 5217 3587 5276 superponuno

1998 5297 2082 5341 tur
2104 5287 2328 5360 despecti
2366 5299 2484 5343 sunt
2528 5289 2625 5343 cibi
2665 5291 2798 5360 ejus,
2833 5297 2882 5344 et
2907 5291 3128 5358 dixistis,
3165 5292 3193 5331 ι)
3227 5295 3336 5350 lucc
3357 5297 3424 5352 de
3449 5302 3591 5372 affli-

1997 5381 2166 5434 ctione
2197 5391 2337 5448 sunt,
2369 5391 2418 5434 et
2447 5379 2758 5451 mnf/lastis
2787 5396 2846 5432 ea
2866 5423 2879 5444 ,
2909 5381 3034 5435 dicit
3074 5383 3324 5441 Dominus
3352 5392 3589 5460 omnipo-

1998 5483 2131 5528 tens.
2172 5472 2238 5527 Et
2276 5473 2571 5545 infercbatis
2611 5473 2852 5543 rapinas,
2885 5483 2932 5527 et
2973 5476 3158 5531 clauda
3183 5479 3346 5552 952
3367 5494 3412 5536 et
3454 5484 3594 5540 debi-

1999 5571 2092 5636 lia,
2132 5578 2179 5624 ct
2209 5568 2493 5638 offerebatis
2517 5567 2829 5637 sacriﬁcium
2859 5584 2877 5622 :
2917 5569 2964 5622 si
2992 5573 3274 5642 suscipiam
3303 5593 3364 5630 ea
3384 5577 3448 5632 de
3477 5597 3590 5634 ma-

1995 5711 2306 5766 versionem
2358 5711 2556 5783 szepitrs
2616 5707 2899 5766 adhaerere
2960 5713 3206 5768 novimus
3263 5733 3278 5770 :

2070 5718 2306 5800 [sionem
2358 5718 2556 5783 smpius
2616 5718 2899 5766 adhaerere
2960 5718 3206 5768 novimus
3263 5733 3278 5770 :
3338 5718 3442 5775 ideo
3496 5739 3592 5794 pro

1994 5803 2181 5841 ταυτα.
