4056 6342
1497 0 1767 91 γ’]

499 270 631 329 1551
1744 261 1781 317 S
1844 256 2117 316 EUSEBII
2154 255 2537 315 BIERONYMI
3664 257 3789 321 1553

501 388 651 443 nibus
680 385 881 453 vestris,
905 384 1033 440 dicit
1056 382 1313 438 Dominus
1336 379 1697 452 omnipotens?
1723 376 1928 451 Regula
1950 376 2066 433 Scri
2089 402 2095 408 τ
2121 379 2175 441 Α
2199 378 2263 431 de
2290 377 2486 443 labore,
2527 386 2577 431 et
2605 374 2924 448 casui/lastis
2961 374 3117 444 illud,
3150 374 3274 430 dicit
3306 374 3575 431 Dominus
3617 383 3795 435 exerci-

500 488 780 551 pturarum
810 487 890 533 est
925 493 940 533 :
976 476 1078 533 Ubi
1118 472 1568 530 manifestissima
1601 470 1887 542 prophetia
1914 468 1982 523 de
2015 469 2094 521 l'u-

501 573 641 627 turis
681 571 885 628 texitur
912 613 925 637 ,
959 586 1055 642 per
1088 570 1301 624 incerta
1330 564 1604 636 allegoriae
1646 579 1756 620 non
1803 571 2100 619 extenuare

501 682 623 737 qua:
653 664 855 735 scripta
886 673 1034 719 sunt.
1078 663 1223 734 Ergo
1266 661 1484 733 proprie
1516 676 1659 715 nunc
1690 658 1758 714 ad
1786 656 2101 714 sacerdotes

499 759 816 817 Judatorum
845 772 1026 813 sermo
1058 756 1120 811 lit
1152 755 1404 821 Domini,
1433 753 1520 825 qui
1552 752 1788 809 oﬂ‘erunt
1812 766 2015 808 ciccum
2047 756 2104 805 et

500 852 780 919 claudum,
817 860 874 907 et
910 850 1227 922 languidum
1262 848 1327 902 ad
1360 846 1788 912 immolandum;
1827 853 1886 900 ut
1926 843 2101 899 sciant

502 947 814 1003 carnalibus
835 945 1076 1001 victimis
1101 943 1412 1013 spiritualcs
1454 942 1708 997 victimas
1728 952 2099 996 successurus.

496 1043 570 1099 Et
608 1056 946 1111 nequaquam
980 1051 1256 1095 taurorum
1307 1038 1698 1108 hircorumqne
1729 1034 2051 1105 sanguinem
2084 1048 2098 1097 ;

495 1134 596 1191 sed
625 1134 948 1207 thymiama,
978 1132 1084 1189 hoc
1104 1143 1209 1196 est,
1238 1138 1551 1187 sanctorum
1575 1128 1849 1183 orationes
1873 1123 2103 1180 Domino

498 1226 832 1293 offerendas,
859 1234 915 1281 et
939 1240 1045 1281 non
1073 1226 1125 1279 in
1149 1240 1254 1278 una
1283 1224 1434 1277 orbis
1456 1220 1737 1292 provincia
1762 1218 1971 1282 Judaca,
2000 1231 2103 1271 nec

499 1318 557 1374 in
603 1333 709 1374 una
743 1317 946 1374 Judteae
990 1317 1124 1372 urbe
1163 1314 1502 1379 Jerusalem;
1550 1313 1643 1369 sed
1697 1314 1751 1366 in
1800 1309 1949 1367 omni
1982 1308 2105 1363 loco

499 1411 684 1469 offerri
712 1411 1070 1475 oblationem,
1095 1423 1435 1480 nequaquam
1472 1405 1836 1473 immundam,
1863 1412 1920 1458 ut
1948 1420 1974 1455 a
2008 1412 2107 1473 μοι

496 1506 626 1578 pulo
657 1506 856 1573 lsrael;
891 1504 988 1561 sed
1016 1504 1298 1570 mundam,
1332 1503 1469 1559 utin
1505 1510 1529 1537 ⁸
1563 1498 1909 1555 οωι-θῐηοιιίἰε
1942 1496 2105 1552 Chri-

502 1601 828 1656 stianorum.
877 1598 963 1655 Ab
1011 1607 1131 1652 ortu
1174 1596 1320 1653 enim
1360 1595 1491 1650 solis
1522 1609 1692 1663 usque
1731 1592 1800 1647 ad
1846 1605 2105 1648 occasum

497 1709 756 1765 magnum
812 1701 899 1749 est
946 1706 1148 1747 nomen
1192 1687 1408 1745 Domini
1454 1690 1510 1742 in
1560 1686 1839 1758 gentibus,
1892 1685 2104 1741 dicente

2201 480 2366 526 tuum.
2398 471 2566 541 Cujus
2600 470 2868 526 orationis
2905 469 2994 524 hic
3041 484 3238 526 sensus
3266 481 3359 527 est
3396 487 3408 523 :
3444 468 3687 536 Dixistis,
3734 472 3795 531 de

2200 566 2519 635 captivitate
2560 565 2764 622 reversi
2794 580 3007 634 sumus,
3054 564 3305 621 hostibus
3354 564 3565 636 prada:
3592 566 3793 634 fuimus,

2203 661 2431 715 multum
2463 661 2516 715 in
2550 661 2711 731 longo
2741 661 2936 717 itinere
2983 660 3382 731 laboravimus,
3426 675 3692 731 pauperes
3721 679 3799 722 su-

2204 771 2347 821 mus,
2397 754 2659 827 quidquid
2706 754 2909 811 habere
2956 756 3255 826 potuimus,
3298 755 3409 810 via:
3458 755 3645 811 labore
3686 772 3801 812 con-

2205 857 2479 921 sumptum
2503 858 2587 903 est
2617 848 3067 920 :qualiacumque
3097 847 3388 914 habemus,
3423 845 3731 916 oﬁ‘erimus;
3754 859 3803 907 et

2204 939 2322 996 haec
2344 939 2573 997 dicendo
2601 940 2931 997 exsufflastis
2960 950 3139 997 vestra
3162 940 3466 1008 sacrificia,
3511 939 3692 1007 idest,
3720 958 3801 998 ex-

2205 1034 2519 1091 sulﬂatione
2553 1050 2673 1090 mea
2712 1035 2874 1105 digna
2925 1034 3174 1090 fecistis:
3214 1034 3330 1090 sive
3375 1042 3443 1089 ut
3492 1033 3547 1089 in
3593 1033 3801 1093 Hebraeo

2207 1128 2309 1199 legi
2337 1138 2513 1198 potest
2545 1145 2559 1181 :
2590 1128 2659 1182 Et
2681 1128 3007 1199 exsufﬂastis
3034 1144 3114 1182 me
3142 1128 3258 1182 haec
3285 1125 3530 1182 dicendo
3557 1142 3575 1194 ;
3604 1142 3705 1183 non
3727 1144 3802 1183 sa-

2206 1221 2433 1289 crificio,
2466 1221 2561 1277 sed
2584 1221 2714 1277 mihi
2740 1221 2826 1277 cui
2848 1220 3263 1286 sacriﬁcabatis,
3293 1218 3513 1276 fecistis
3540 1218 3797 1291 injuriam.

2207 1312 2573 1382 Quamobrem
2622 1329 2962 1385 nequaquam
3008 1313 3300 1384 suscipiam
3353 1312 3497 1368 illud
3543 1314 3611 1368 de
3655 1308 3803 1371 manu

2208 1415 2410 1472 vestra,
2450 1406 2582 1461 dicit
2612 1405 2877 1461 Dominus
2919 1406 3291 1477 omnipotens.
3334 1404 3581 1473 Quidam
3630 1417 3805 1477 putant

2210 1496 2313 1553 huc
2347 1497 2492 1568 quod
2518 1498 2583 1552 ad
2620 1498 2841 1555 Judaaos
2872 1498 3184 1571 specialiter
3207 1498 3445 1563 dicitur,
3478 1514 3547 1554 eo
3574 1500 3711 1570 quod
3737 1501 3803 1555 vi-

2210 1593 2391 1649 ctima:
2420 1607 2612 1649 eorum
2646 1592 3066 1649 immundaesint
3094 1601 3257 1664 atque
3288 1594 3543 1664 pollutae,
3574 1601 3630 1648 et
3654 1595 3802 1650 sacri-

2212 1685 2392 1742 ficium
2425 1687 2786 1742 transferatur
2811 1686 2879 1745 ad
2910 1695 3124 1759 gentes,
3155 1685 3388 1757 intelligi
3423 1684 3634 1742 debere
3660 1702 3804 1757 super

499 1791 788 1848 Salvatore
821 1804 834 1842 :
874 1788 1053 1854 Pater,
1100 1784 1429 1855 manifestavi
1472 1800 1657 1838 nomen
1693 1791 1839 1836 tuum
1883 1778 2106 1835 homini-
2133 1776 2183 1838 B
2210 1779 2467 1835 Ecclesia:
2494 1780 2897 1846 sacerdotibus,
2929 1781 3022 1853 qui
3067 1781 3412 1852 negligenter
3457 1779 3693 1836 oﬂ'erunt
3736 1782 3802 1837 ι’ῑι

504 1882 597 1937 bus
625 1880 806 1954 (Joan.
839 1895 969 1947 xvn,
1001 1879 1080 1950 6).
1118 1880 1359 1949 Cumque
1387 1918 1401 1942 ,
1449 1876 1658 1948 inquit,
1694 1889 1894 1930 nomen
1924 1887 2104 1928 meum

499 1990 757 2046 magnum
789 1974 843 2029 in
869 1972 1121 2044 gentibus
1152 1973 1222 2027 sit
1244 1972 1553 2037 futurum,o
1576 1983 1673 2023 vos
1700 1967 1980 2038 principes
2007 1966 2104 2021 Ju-

509 2071 779 2134 daaorum,
830 2067 1099 2140 polluistis
1145 2065 1275 2120 illud
1306 2075 1468 2135 atque
1523 2062 1788 2135 polluitis.
1833 2060 1924 2117 Sic
1960 2057 2107 2115 enim

500 2165 810 2220 futurorum
843 2160 976 2217 texit
1003 2157 1351 2225 vaticinium,
1378 2167 1436 2213 ut
1470 2170 1717 2228 praesens
1750 2164 1962 2223 tempus
1999 2167 2106 2208 non

500 2258 743 2315 deserat.
780 2257 1077 2326 Propterea
1114 2262 1328 2319 autem,
1375 2267 1408 2305 ο
1458 2251 1772 2306 sacerdotes
1813 2258 1867 2303 et
1908 2245 2110 2317 princi-

500 2368 603 2425 pes
646 2351 965 2408 Jndaeorum
993 2390 1009 2416 ,
1055 2348 1105 2401 in
1139 2347 1285 2402 omni
1319 2347 1442 2401 loco
1471 2344 1603 2400 mihi
1649 2344 1873 2400 offertur
1903 2340 2111 2399 oblatio

502 2445 728 2509 munda.
781 2454 836 2499 et
882 2458 1135 2512 magnum
1174 2451 1259 2495 est
1307 2455 1503 2494 nomen
1538 2454 1716 2493 meum
1748 2438 1801 2491 in
1835 2436 2110 2506 gentibus,

510 2540 636 2610 quia
689 2533 867 2594 dicitis
898 2548 1087 2591 mensa
1116 2531 1330 2587 Domini
1371 2531 1735 2587 contaminata
1763 2540 1865 2596 est,
1898 2538 1949 2583 et
1969 2526 2111 2597 quod

515 2630 932 2703 superponitur,
970 2625 1383 2696 contemptibile
1437 2633 1521 2679 est
1548 2638 1671 2679 cum
1706 2624 1828 2692 igne
1859 2621 1951 2690 qui
1985 2618 2116 2675 illud

505 2724 755 2780 devorat.
789 2720 1062 2775 Reversus
1091 2717 1159 2773 de
1189 2717 1468 2789 Babylone
1504 2715 1756 2787 populus,
1800 2714 1971 2768 altare
2001 2724 2114 2766 tan-

505 2826 621 2874 tum
663 2813 906 2873 fortuitis
947 2820 1005 2867 et
1052 2809 1313 2881 impolitis
1354 2808 1655 2880 lapidibus,
1682 2809 1837 2875 juxta
1866 2805 2021 2860 Ezraa
2051 2804 2115 2858 li-

507 2911 670 2967 brum
698 2912 1088 2963 exstruxerunt
1116 2903 1165 2975 (I
1196 2899 1322 2956 Ezr.
1355 2916 1408 2956 vr
1427 2903 1463 2970 ),
1491 2900 1699 2970 absque
1729 2898 1961 2969 templo,
1994 2897 2116 2952 abs-

508 3016 617 3072 que
645 2998 798 3054 urbis
839 2993 1108 3063 :ediliciis,
1147 2993 1355 3063 absque
1402 2989 1780 3047 exstructione
1807 3003 2113 3056 murorum,

510 3103 569 3151 et
616 3091 844 3164 putabat
889 3088 1160 3144 minorem
1207 3100 1331 3140 esse
1380 3085 1584 3139 cultum
1635 3083 1940 3154 religionis,
1992 3084 2114 3153 quia

2209 1873 2404 1930 ctimas
2433 1875 2687 1930 Domino.
2716 1874 2873 1943 Quod
2916 1874 2961 1930 si
2994 1874 3294 1945 recipimus
3323 1893 3336 1928 :
3370 1890 3507 1945 ergo
3533 1873 3601 1930 ab
3629 1874 3803 1931 Eccle-

2209 1971 2288 2024 sia
2345 1984 2559 2025 rursum
2612 1970 2679 2024 ad
2727 1968 2890 2024 aliam
2945 1967 3263 2040 religionem
3308 1969 3553 2022 victima:
3595 1966 3806 2024 transfe-

2210 2062 2399 2119 renda:
2417 2070 2562 2117 sunt.
2593 2061 2621 2101 ι’
2645 2062 2713 2118 Ει
2737 2061 3013 2133 quomodo
3029 2060 3157 2133 Legi
3178 2061 3562 2134 Evangelium,
3596 2062 3672 2116 sic
3699 2078 3801 2116 rur-

2212 2172 2332 2212 sum
2379 2156 2677 2227 Evangelio
2702 2171 2765 2212 ea
2795 2173 2915 2227 qua:
2952 2171 3063 2213 non
3093 2169 3218 2211 sunt
3248 2155 3431 2212 futura
3454 2199 3470 2226 ,
3506 2154 3800 2212 succedent.

2214 2250 2455 2306 Mensam
2507 2266 2723 2321 quoque
2770 2250 2990 2305 Domini
3024 2250 3455 2307 contaminatam
3498 2250 3566 2306 ad
3609 2260 3802 2305 sanctas

2216 2341 2533 2413 Scripturas
2560 2340 2827 2410 referunt,
2856 2343 2902 2398 si
2933 2343 3091 2398 aliter
3118 2357 3280 2411 quam
3306 2343 3532 2413 scriptae
3562 2352 3704 2411 sunt,
3735 2344 3806 2398 iu-

2216 2437 2547 2507 telliganlur.

2291 2530 2446 2601 (Cap.
2494 2530 2557 2586 ll.
2599 2560 2670 2572 -—
2700 2528 2860 2588 Vers.
2908 2532 2962 2597 Ι,
3003 2528 3087 2603 2.)
3138 2529 3459 2587 Maledictus
3500 2529 3706 2585 dolosus
3730 2530 3803 2602 qui

2215 2622 2368 2678 habet
2409 2625 2463 2677 in
2513 2641 2665 2697 grege
2693 2641 2789 2679 suo
2833 2623 3144 2699 masculum,
3184 2634 3233 2680 et
3272 2635 3449 2681 votum
3488 2624 3684 2697 faciens
3718 2623 3800 2678 im-

2217 2716 2379 2773 molat
2402 2717 2571 2772 debile
2594 2716 2844 2773 Domina.
2874 2717 3012 2784 Quia
3028 2734 3119 2774 rea:
3136 2734 3359 2792 magnus
3379 2734 3481 2791 ego
3504 2734 3616 2773 sum
3636 2715 3799 2790 [Vulg

2219 2821 2362 2867 tacet
2413 2810 2595 2884 sum],
2646 2810 2772 2866 dicit
2824 2809 3082 2867 Dominus
3136 2813 3494 2876 exercituum,
3538 2821 3585 2866 et
3635 2826 3799 2865 nomen

2217 2923 2391 2961 meum
2420 2905 2667 2962 horribile
2692 2906 2746 2961 in
2773 2906 3035 2980 gentibus.
3066 2910 3125 2970 ἦ(
3160 2916 3181 2945 ο
3210 2904 3280 2960 Et
3307 2922 3451 2961 nunc
3478 2905 3548 2960 ad
3572 2922 3654 2960 vos
3675 2920 3804 2959 man-

2218 2998 2400 3053 datum
2442 2998 2563 3065 hoc,
2607 3016 2635 3053 ο
2667 2998 2960 3054 sacerdotes
2992 3015 3008 3051 :
3041 2998 3103 3055 Si
3134 2998 3407 3054 nolueritis
3457 2998 3654 3067 audire,
3690 3005 3733 3052 et
3765 2996 3804 3048 si

2220 3092 2490 3146 nolueritis
2528 3107 2719 3161 ponere
2761 3107 2915 3163 super
2938 3108 3048 3159 cor,
3098 3102 3154 3146 ut
3199 3093 3330 3147 detis
3361 3092 3588 3164 gloriam
3633 3090 3803 3144 nomini

504 3182 705 3255 templi
735 3188 964 3239 ornatus
992 3179 1203 3235 deerat.
1240 3177 1320 3232 Ad
1365 3192 1501 3248 quos
1545 3176 1804 3231 Dominus
1830 3174 2068 3246 loquitur
2101 3192 2113 3228 :
2145 3165 2191 3229 C
2222 3199 2358 3249 meo,
2390 3184 2465 3237 ait
2495 3182 2753 3238 Dominus
2782 3184 3103 3239 exercituum
3132 3200 3152 3239 ;
3180 3184 3383 3239 mittam
3431 3185 3489 3239 in
3517 3200 3605 3239 υοε
3631 3191 3802 3255 egesta-

512 3279 791 3339 Pollutum
827 3273 1030 3345 putatis
1060 3272 1267 3341 altare,
1312 3280 1366 3327 et
1406 3270 1725 3324 holocausta
1764 3284 1826 3323 ac
1867 3269 2119 3324 victimas

511 3387 636 3443 qua:
666 3382 833 3440 supra
854 3367 1216 3437 imponuntur
1250 3381 1262 3417 :
1297 3364 1475 3434 ignem
1510 3378 1727 3433 quoque
1755 3360 1848 3431 qui
1877 3361 2121 3416 victimas

509 3468 757 3531 devorat,
790 3476 914 3517 esse
947 3459 1215 3529 pollutum
1242 3475 1254 3522 ;
1309 3471 1406 3511 nec
1432 3455 1742 3527 intelligitis
1773 3456 2122 3525 omnipoten-

516 3573 629 3621 tem
657 3563 827 3618 Deum
847 3603 861 3627 ,
905 3573 1011 3614 non
1043 3572 1234 3612 aurum
1260 3598 1275 3622 ,
1308 3572 1660 3628 gemmasque
1691 3597 1704 3623 ,
1729 3563 1784 3611 et
1815 3555 2120 3610 hostiarum

515 3654 932 3714 multitudinem
998 3664 1283 3722 quaerere,
1357 3649 1451 3704 sed
1516 3648 1870 3704 offerentium
1933 3650 2125 3703 volun—

520 3762 683 3807 tates.
714 3746 879 3820 953
908 3746 1010 3814 Qui
1039 3753 1218 3798 autem
1263 3742 1597 3797 arbitrantur
1643 3756 1750 3796 non
1797 3742 1988 3808 altare,
2030 3740 2127 3797 sed

523 3856 768 3899 mensam
802 3839 1003 3894 debere
1047 3834 1314 3905 intelligi,
1348 3836 1399 3889 in
1432 3850 1537 3905 qua
1568 3850 1738 3905 panes
1762 3835 2124 3906 ponebantur,

524 3933 804 4007 quomodo
844 3931 947 3986 hoc
1008 3929 1353 3999 interpretari
1407 3931 1618 4000 possint
1669 3930 1810 4000 quod
1860 3931 2125 4001 sequitur,

524 4045 645 4084 cum
669 4028 789 4099 igne
809 4027 896 4097 qui
920 4024 1055 4079 illud
1079 4023 1310 4091 devorat,
1338 4024 1562 4078 omnino
1592 4038 1698 4078 non
1724 4023 1883 4079 video
1908 4042 1922 4079 :
1957 4040 2132 4097 neque

530 4119 676 4177 euim
708 4117 848 4188 ignis
870 4116 1095 4171 devorat
1126 4130 1295 4185 panes
1320 4117 1734 4187 propositionis,
1760 4132 1897 4186 quos
1920 4133 2133 4189 semper

534 4230 710 4273 novos
755 4211 867 4287 [Αι.
918 4208 1096 4281 novis]
1144 4226 1245 4279 pro
1286 4210 1561 4265 veteribus
1606 4211 2031 4279 commutabant,
2081 4222 2137 4267 et

490 4372 493 4375 λ
534 4309 702 4366 ablati
749 4306 1021 4363 cedebant
1063 4303 1116 4358 in
1161 4318 1292 4358 usus
1340 4304 1684 4359 sacerdotum
1715 4303 1905 4373 (Leuit.
1950 4320 2010 4372 ll,
2054 4303 2133 4376 ll).

537 4403 647 4460 Aut
674 4409 824 4456 certe
847 4399 919 4453 ita
944 4394 1356 4467 intelligendum
1388 4413 1401 4451 :
1428 4395 1714 4452 Polluistis
1737 4412 1932 4452 nomen
1958 4412 2136 4453 meum

538 4498 592 4552 in
638 4510 705 4550 eo
734 4491 877 4565 quod
920 4490 1103 4547 dicitis
1138 4508 1148 4544 :
1183 4490 1312 4561 quid
1346 4492 1566 4561 prodest
1606 4492 1651 4547 si
1702 4492 1993 4548 offeramus
2040 4509 2137 4561 op—

2224 3288 2345 3344 tem,
2369 3289 2420 3333 et
2447 3278 2757 3335 maledicam
2784 3279 3227 3334 benedictionibus
3252 3277 3421 3352 954.
3443 3279 3621 3334 uestris
3647 3287 3691 3331 et
3712 3292 3805 3330 ma-

2225 3371 2448 3426 ledicam
2473 3372 2605 3438 illis,
2627 3374 2876 3443 quoniam
2898 3389 3000 3426 non
3031 3372 3278 3444 posuistis
3310 3389 3471 3445 super
3501 3386 3610 3427 cor.
3637 3368 3765 3426 LXX
3789 3385 3801 3421 :

2225 3464 2297 3519 Et
2326 3467 2635 3521 maledictus
2662 3467 2750 3539 qui
2781 3474 2891 3521 erat
2918 3474 3121 3540 potens,
3154 3476 3202 3521 et
3233 3467 3453 3521 habebat
3487 3467 3539 3520 in
3566 3479 3706 3537 grege
3726 3478 3802 3518 suo

2226 3562 2539 3629 masculum,
2573 3572 2619 3616 et
2652 3570 2822 3615 rotam
2860 3564 2972 3634 ejus
3001 3576 3155 3632 super
3186 3576 3266 3627 eo,
3308 3569 3357 3613 et
3392 3559 3623 3614 immolat
3666 3555 3804 3611 debile

2231 3652 2453 3709 Domino
2476 3670 2495 3709 :
2516 3654 2639 3725 quia
2658 3670 2752 3709 rex.
2775 3669 2994 3724 magnus
3016 3668 3107 3727 ego
3128 3668 3264 3717 sum,
3289 3652 3416 3706 dicit
3443 3650 3691 3707 Dominus
3714 3664 3804 3702 om-

2229 3746 2488 3816 nipotens,
2520 3755 2566 3799 et
2596 3762 2784 3800 nomen
2811 3761 2979 3799 meum
3006 3744 3214 3799 illustre
3243 3745 3297 3798 in
3320 3744 3577 3818 gentibus.
3610 3741 3671 3795 Et
3692 3756 3806 3795 nunc

2231 3842 2536 3896 mandatum
2563 3839 2661 3895 hoc
2684 3841 2754 3894 ad
2783 3856 2889 3907 vos,
2922 3856 2952 3894 ο
2982 3839 3297 3908 sacerdotes,
3325 3840 3370 3893 si
3408 3855 3515 3894 non
3545 3834 3800 3899 audieritis,

2232 3944 2279 3989 et
2311 3935 2355 3989 si
2390 3950 2492 3988 non
2520 3934 2795 4001 posueritis
2825 3949 2913 3987 cor
2943 3944 3194 4000 vestrum,
3235 3943 3291 3986 ut
3328 3933 3461 3988 detis
3487 3930 3698 4005 gloriam
3729 3942 3805 3981 no-

2234 4027 2361 4079 mini
2398 4042 2532 4093 meo,
2574 4026 2700 4081 dicit
2742 4024 2996 4079 Dominus
3031 4024 3355 4096 omnipotens
3390 4024 3634 4077 :mittam
3674 4030 3804 4086 super

2235 4137 2321 4175 vos
2342 4119 2782 4187 maledictionem,
2807 4127 2854 4173 et
2871 4118 3179 4173 maledicam
3200 4117 3546 4172 benedictioni
3567 4124 3746 4178 vestris,
3765 4118 3805 4164 et

2236 4213 2548 4267 maledicam
2571 4214 2617 4266 ei
2639 4216 2657 4277 ξ
2668 4223 2716 4267 et
2743 4210 3006 4284 dissipabo
3040 4210 3445 4265 benedictionem
3473 4218 3682 4265 uestram
3705 4208 3803 4271 -Ξ-ιι

2240 4320 2345 4360 non
2382 4306 2479 4359 erit
2510 4304 2682 4370 vobis;
2710 4304 2831 4376 quia
2874 4320 2961 4358 vos
2996 4320 3097 4358 non
3144 4303 3337 4375 ponitis
3383 4303 3435 4357 in
3478 4319 3569 4358 cor
3594 4308 3803 4355 vestrum.

2241 4397 2355 4452 lloc
2397 4397 2539 4467 quod
2582 4398 2848 4467 scriptum
2886 4405 2992 4464 est,
3036 4408 3087 4450 et
3130 4396 3398 4467 dissipabo
3440 4394 3805 4451 benedictionem

2244 4499 2483 4556 uestram,
2516 4504 2545 4544 a
2577 4487 2721 4544 LXX
2740 4487 2985 4543 additum
3016 4497 3121 4554 est,
3150 4497 3208 4544 et
3235 4488 3288 4543 in
3314 4488 3581 4545 Hebralco
3609 4500 3705 4541 non
3726 4481 3807 4537 ha-

538 4591 707 4646 tima?
759 4587 1180 4660 qualiacumque
1230 4586 1432 4640 fuerint
1472 4601 1593 4655 quae
1644 4584 1966 4654 offeruntur,
2017 4588 2137 4657 igne
2166 4566 2218 4625 Ῐ)
2243 4584 2421 4640 betur.
2452 4582 2724 4654 Quidquid
2756 4592 2937 4654 potest
2967 4581 3022 4636 in
3062 4582 3474 4639 excusationem
3509 4576 3700 4652 peccati
3738 4573 3804 4631 sui

540 4694 669 4742 sunt
699 4682 1034 4738 devoranda.
1069 4681 1297 4737 Fructus
1327 4689 1509 4735 autem
1540 4678 1728 4735 altaris
1759 4680 1894 4751 ignis
1922 4689 2024 4749 est,
2056 4680 2137 4735 ci-

507 4779 754 4847 Jiusque
780 4773 1126 4845 ignishostiac
1146 4773 1229 4827 vel
1252 4773 1594 4828 holocausta.
1624 4772 1735 4827 Nec
1762 4771 1965 4827 sufficit
1994 4773 2141 4843 prio-

539 4871 617 4928 ris
652 4867 923 4925 sermonis
958 4864 1230 4934 impietas,
1274 4863 1372 4920 sed
1403 4864 1568 4920 etiam
1593 4864 1696 4919 hoc
1718 4863 1935 4919 dixistis
1964 4881 1977 4919 :
2004 4864 2141 4923 Ecce

619 5030 646 5059 ι
686 5019 891 5074 Victor.
950 5017 1076 5070 ait:
1125 5017 1346 5070 llieron.
1405 5015 1761 5072 t-zeremonias
1807 5014 2146 5074 Christianas

543 5094 761 5150 Missam
790 5088 1070 5162 appellat,
1102 5104 1265 5157 quam
1324 5086 1496 5162 Crteci
1541 5089 1865 5162 λειτουργίαν
1905 5101 2096 5162 vocant
2130 5109 2143 5144 :

544 5168 613 5221 de
642 5179 746 5233 qua
777 5161 836 5238 ill.
859 5159 1062 5238 tttetttio
1097 5164 1225 5238 Act.
1254 5174 1353 5213 xm
1386 5176 1398 5211 :
1425 5158 1868 5238 Qet'roop'yobu‘rw
1899 5158 1953 5238 δᾴ
1980 5162 2147 5238 auram

546 5245 619 5315 τῷ
663 5226 986 5315 ὶζυρίῳ,ηκαί
1015 5231 1380 5313 vna-“caudarum,
1414 5226 1624 5315 sinent-6'
1653 5226 1857 5313 ’Πςθεῦμα
1895 5232 1953 5286 τὸ
1981 5231 2144 5315 ἅγιον.

550 5297 993 5367 Ministrantibus,
1023 5317 1119 5357 seu
1152 5303 1363 5365 verius,
1392 5297 1803 5371 sacriﬁcantibus
1824 5312 1996 5355 autem
2017 5297 2146 5370 illis,

548 5376 991 5462 etjeiunatitibus,
1024 5374 1157 5427 dixit
1195 5373 1424 5439 Spiritus
1448 5384 1684 5462 gangliis.
1726 5373 2012 5462 Hocuenim
2047 5390 2147 5430 n0-

547 5444 695 5506 mine
726 5461 780 5504 et
810 5446 1064 5501 Clemens
1092 5453 1315 5515 martyr,
1350 5457 1406 5499 et
1448 5444 1703 5508 Basilius,
1729 5454 1784 5497 et
1812 5444 2144 5515 Chrysosto-

544 5539 667 5580 mus
689 5519 910 5576 Missam
928 5515 1247 5571 inscribunt.
1272 5515 1419 5569 Hanc
1443 5531 1620 5571 autem
1655 5515 1979 5570 sacrificium
2003 5531 2145 5584 esse,

544 5610 651 5651 nus:
687 5592 862 5647 solum
899 5588 985 5641 hic
1016 5589 1112 5641 abs
1151 5586 1483 5657 Hieronymo
1513 5587 1760 5653 erudite,
1794 5586 1889 5641 sed
1918 5588 2149 5656 praecla-

541 5670 678 5729 rius,
699 5675 754 5718 et
774 5661 1040 5714 illustrius
1062 5673 1226 5727 super
1245 5674 1367 5712 XLVI
1392 5657 1716 5723 Ezechielis,
1734 5658 1948 5713 discere
1968 5670 2145 5727 potes.

546 5740 623 5792 Ex
653 5749 764 5805 quo
794 5746 900 5805 non
936 5744 1153 5805 possunt
1195 5745 1300 5783 non
1335 5730 1519 5805 mirari
1564 5746 1825 5805 novorum
1859 5730 2149 5805 haeretico-

544 5801 1014 5870 rum-vesaniam,
1060 5801 1151 5870 qui
1182 5810 1371 5857 contra
1405 5801 1575 5872 ipsius
1616 5801 1817 5857 Christi
1858 5801 2148 5860 institutio-

2248 4678 2517 4734 humanus
2547 4678 2763 4733 animus
2804 4678 3071 4744 invenire,
3118 4688 3173 4732 et
3209 4676 3347 4733 falsa
3385 4694 3444 4734 se
3472 4673 3807 4734 satisfactione

2247 4771 2559 4836 defendere,
2598 4772 2701 4826 hoc
2723 4770 3029 4842 praevidens
3061 4784 3242 4827 sermo
3268 4770 3485 4828 divinus
3511 4768 3718 4840 corripit
3741 4775 3807 4820 at-

2246 4881 2353 4939 que
2382 4864 2729 4920 condemnat.
2775 4863 2844 4918 Et
2880 4872 2963 4919 est
2993 4878 3207 4933 sensus,
3241 4864 3369 4935 quia
3406 4863 3609 4921 oti‘ertis
3630 4872 3803 4917 caecum

2251 5033 2398 5085 nem,
2431 5027 2487 5072 et
2518 5025 2836 5089 perpetuum
2868 5016 3035 5071 totius
3066 5016 3325 5072 Ecclesia:
3347 5032 3505 5074 usum
3526 5028 3677 5089 atque
3700 5027 3805 5089 cou-

2251 5083 2493 5156 sensum,
2518 5083 2900 5153 'sacriticium,
2940 5104 3047 5157 quo
3074 5104 3367 5157 numquam
3399 5083 3655 5145 terrarum
3686 5083 3807 5157 orbis

2251 5162 2446 5225 Caruit,
2481 5155 2522 5213 7a
2552 5160 2802 5215 fidelibus
2832 5155 3048 5214 tollunt.
3085 5155 3482 5217 Convincerem
3522 5164 3651 5217 hanc
3681 5155 3806 5213 falsi-

2254 5243 2418 5287 tatem
2447 5232 2659 5297 multis,
2691 5233 2734 5285 si
2769 5232 2854 5286 vel
2882 5232 2950 5285 ab
2972 5231 3093 5285 aliis
3116 5241 3244 5285 ante
3273 5246 3373 5287 nos
3396 5232 3449 5286 id
3480 5233 3633 5288 docte
3657 5228 3807 5299 copio-

2252 5319 2420 5374 seque
2454 5304 2657 5358 l'actum
2691 5318 2796 5357 non
2842 5313 3007 5366 esset,
3048 5304 3132 5357 vel
3181 5319 3283 5358 nos
3333 5302 3732 5373 disputationes,
3766 5303 3807 5353 et

2257 5391 2363 5426 non
2398 5379 2574 5426 notius
2603 5374 2809 5426 scholia
2839 5390 2985 5426 nunc
3011 5382 3346 5426 texeremus.

2495 5389 2574 5428 ius
2603 5389 2809 5428 SCIIOIIZI
2839 5390 2985 5428 nunc
3011 5389 3346 5428 texeremus.

2257 5391 2363 5430 non
2398 5379 2574 5442 potius
2603 5379 2809 5429 scholia
2839 5390 2985 5430 nunc
3011 5382 3346 5430 texeremus.

2324 5445 2349 5484 δ
2408 5445 2664 5500 Nonnulli
2714 5444 2932 5500 codices
2976 5461 3109 5517 mss;
3166 5446 3325 5501 aliter
3356 5446 3540 5517 legunt
3589 5457 3635 5502 et
3673 5444 3808 5517 alium

2251 5532 2471 5573 sensum
2506 5518 2761 5591 retinent.
2790 5516 3027 5591 scilicet,
3049 5516 3128 5591 _Et
3150 5514 3648 5591 quonwdo'legimus
3668 5514 3808 5569 Evan-

2249 5591 2462 5660 gelium,
2491 5590 2535 5643 si
2576 5605 2785 5643 rursum
2824 5587 3111 5659 Evangelia
3142 5606 3203 5641 ea
3238 5605 3355 5660 qua:
3384 5587 3631 5646 non'sunt
3665 5591 3808 5660 fatum

2250 5661 2578 5717 succedant?
2608 5662 2787 5716 illam.

2327 5745 2348 5772 ε
2387 5734 2603 5789 Initium
2632 5748 2671 5789 ιι
2697 5748 2817 5803 cap.
2852 5747 2962 5789 sec.
2994 5730 3158 5787 LXX.
3773 5774 3806 5803 ο,
