4056 6342
226 295 364 353 i553

978 298 1634 359 COMMENTARIORUM
1672 300 1738 358 IN
1778 302 2187 363 MALACHIAM
2226 306 2452 364 LIBER.
2494 308 2649 365 CAP.
2695 309 2755 365 ll.

1982 106 1985 107 ⁷
2006 112 2031 121 υ

3395 312 3541 371 1554

226 422 279 469 et
323 412 581 470 claudum
633 424 687 469 et
736 413 1075 485 languidum,
1123 424 1178 471 et
1224 416 1329 472 hoc
1379 417 1553 487 ipsum
1605 430 1712 472 non
1761 415 2107 480 deAmenta
2137 421 2293 475 boum
2323 431 2551 490 tuorum,
2593 432 2644 479 et
2675 441 2850 496 greges
2888 425 3055 480 ovium
3102 434 3312 482 tuarum
3352 425 3539 500 (Deut.

225 516 433 573 vestro,
468 507 569 564 sed
591 507 658 563 de
688 508 913 578 rapinis,
948 520 1000 564 et
1028 509 1215 580 spoliis
1243 509 1572 581 ﬂetibusque
1602 511 1830 567 misero-

223 614 368 666 rum,
401 608 458 655 et
484 600 710 670 insuper
736 598 938 663 dicitis,
970 600 1038 657 de
1064 600 1251 657 labore
1276 611 1331 656 et
1357 611 1672 673 paupertate
1700 601 1833 657 oﬂ‘e-

225 692 399 748 rimus
446 692 594 763 qttod
646 694 907 750 habemus
951 714 965 751 :
1014 706 1302 767 propterea
1351 712 1453 768 ego
1496 698 1619 754 dico
1663 712 1830 768 gene-

222 786 434 857 raliter,
468 794 532 844 ut
557 802 652 843 vos
682 798 876 859 arguat
905 789 1125 859 prapria
1154 790 1513 846 conscientia.
1538 790 1700 847 Certe
1728 791 1827 847 ob-

224 877 450 934 tenditis
506 889 884 949 paupertatem
938 889 994 936 et
1052 881 1382 951 captivitatis
1428 882 1725 953 iniuriam,
1776 895 1832 939 et

223 970 553 1026 tenuitatem
581 971 658 1027 rei
684 971 967 1029 familiaris
991 990 1005 1029 :
1030 973 1212 1030 audite
1239 975 1382 1046 quod
1414 974 1594 1032 infero
1627 995 1637 1030 :
1666 977 1831 1032 Male-

220 1062 390 1117 dictus
422 1063 640 1120 dolosas
672 1065 760 1135 qui
786 1063 939 1120 habet
966 1068 1019 1121 in
1043 1084 1197 1140 grege
1226 1086 1323 1124 suo
1355 1072 1831 1137 masculum,etvo-

220 1163 327 1210 tum
376 1155 577 1226 faciens
616 1157 849 1212 immolat
891 1158 1056 1213 debile
1101 1158 1344 1216 Domino.
1393 1160 1449 1217 Si
1498 1176 1605 1218 non
1661 1162 1832 1219 habes

220 1250 529 1306 masculum
553 1294 568 1319 ,
606 1250 739 1306 nihil
772 1252 872 1307 tibi
912 1262 1074 1308 nocet
1116 1254 1446 1310 maledictio.
1491 1256 1616 1312 llaec
1648 1266 1829 1313 autem

219 1340 480 1409 dicendo,
505 1343 745 1399 ostendit
771 1359 868 1400 eos
891 1346 1096 1402 habere
1125 1360 1247 1418 quae
1268 1347 1470 1418 optima
1498 1360 1646 1416 sunt,
1677 1359 1732 1405 et
1750 1347 1832 1404 of-

219 1431 368 1489 ferre
408 1450 535 1504 quas
566 1435 710 1492 mala
750 1448 896 1493 sunt.
949 1438 1030 1493 Ad
1055 1453 1170 1493 svos
1200 1439 1383 1510 igitur,
1415 1453 1448 1494 o
1490 1439 1830 1508 sacerdotes,

220 1527 328 1583 hoc
357 1528 681 1584 mandatum
709 1540 813 1597 est,
847 1530 1056 1587 fecistis
1082 1531 1226 1602 quod
1258 1532 1481 1602 impium
1507 1542 1591 1588 est
1622 1533 1676 1587 itt
1705 1548 1835 1589 con-

221 1628 489 1689 temptum
521 1619 651 1676 mei.
690 1620 797 1677 Sed
828 1622 952 1692 quia
984 1622 1128 1677 malo
1159 1624 1533 1694 ptenitentiatn
1583 1635 1837 1695 peccato-

220 1712 318 1782 ris,
350 1728 519 1785 quatn
563 1724 820 1783 mortem,
846 1716 1012 1770 etiam
1044 1731 1188 1773 nunc
1211 1716 1336 1773 dico
1378 1735 1393 1772 :
1434 1716 1493 1773 Si
1527 1732 1614 1773 me
1644 1716 1833 1773 audire

1940 528 2127 579 xxvitt,
2158 515 2236 584 4).
2270 514 2364 570 Sin
2396 527 2574 571 autem
2606 516 2814 572 habens
2860 519 3178 574 naturaliter
3210 519 3537 586 masculum,

1936 603 1989 659 id
2016 615 2119 672 est,
2150 603 2312 670 forte,
2347 607 2578 678 rigidum
2608 624 2671 664 ac
2698 610 3003 676 robustum,
3034 612 3278 668 immolet
3298 612 3419 668 leve
3448 611 3537 669 vel

1935 696 2098 751 nimia
2129 697 2358 754 mollitia
2386 699 2675 755 femineum
2699 711 2861 773 atque
2888 703 3169 770 lascivum,
3200 704 3284 760 vel
3309 703 3541 760 diversis

1934 788 2131 843 animae
2182 791 2681 860 perturbationibus
2730 793 2908 851 debile
2960 806 3122 867 atque
3174 808 3490 868 corruptum
3522 839 3540 865 ,

1934 884 2137 939 sentiet
2160 884 2212 937 in
2237 898 2297 937 se
2319 885 2648 955 completum
2676 902 2799 943 esse
2820 889 2962 959 quod
2985 890 3246 960 scriptum
3271 901 3355 946 est
3385 911 3399 947 :
3430 889 3542 944 Po-

1935 985 2097 1031 tentes
2118 987 2350 1048 potenter
2373 988 2625 1036 tormenta
2646 982 2909 1051 patientur
2934 982 3088 1056 (Sap.
3121 998 3194 1050 vl,
3216 984 3294 1054 7).
3314 984 3378 1040 Et
3404 1002 3416 1038 ε
3443 983 3541 1039 Cui

1933 1071 2051 1141 plus
2096 1072 2353 1141 dederint,
2404 1074 2522 1144 plus
2564 1076 2769 1147 exigent
2814 1077 2876 1131 ab
2919 1094 2978 1131 eo
3007 1077 3163 1151 (Luc.
3210 1080 3348 1150 vin).
3382 1079 3542 1137 Unde

1937 1163 2159 1231 proprie
2191 1164 2575 1222 sacerdotibus
2610 1166 2836 1238 dicitur,
2869 1170 3013 1239 quod
3046 1172 3092 1225 si
3120 1170 3305 1227 audire
3353 1173 3544 1229 nolue-

1935 1254 2066 1322 rint,
2107 1264 2159 1310 et
2190 1257 2355 1312 corde
2385 1262 2643 1325 retinere,
2673 1270 2735 1315 ut
2774 1261 2906 1316 dent
2933 1262 3163 1332 gloriam
3192 1263 3393 1319 nomini
3427 1264 3538 1319 Do-

1937 1347 2071 1403 mini
2095 1364 2190 1419 per
2212 1349 2410 1405 bonam
2433 1351 2600 1425 956
2620 1353 3090 1409 conversationem
3116 1353 3294 1425 (Rom.
3323 1354 3415 1426 tt);
3442 1355 3537 1412 sed

1936 1443 2247 1497 econtrario
2275 1458 2473 1499 nomen
2505 1443 2654 1500 il|ius
2685 1455 2908 1515 prapter
2952 1461 3049 1502 eos
3096 1445 3451 1511 maledicatur
3482 1447 3539 1503 in
3616 1498 3619 1499 ν

1936 1533 2212 1604 gentibus,
2268 1536 2448 1592 mittat
2495 1537 2549 1592 in
2600 1536 2722 1593 illos
2758 1545 3055 1608 egestatem
3103 1540 3372 1594 honorum
3416 1553 3539 1593 om-

1938 1626 2118 1696 nium,
2159 1635 2215 1682 et
2251 1626 2665 1685 benedictiones
2710 1644 2939 1698 eorum,
2974 1639 3154 1686 vertat
3203 1629 3257 1686 in
3308 1630 3539 1686 maledi-

1938 1719 2199 1776 ctionem.
2228 1720 2333 1789 Qui
2353 1720 2589 1777 sanitate
2611 1724 2907 1778 abutuntur
2936 1723 3308 1790 inlibidinem,
3327 1722 3542 1778 etdivi—

218 1806 537 1875 nolueritis,
570 1823 671 1865 nec
696 1809 1022 1881 intelligere,
1054 1819 1115 1866 ut
1147 1810 1290 1867 detis
1320 1812 1527 1867 nomini
1556 1827 1678 1868 meo
1715 1812 1830 1884 glo-
1861 1822 1909 1882 Β
1937 1812 2039 1867 tias
2069 1821 2286 1869 vertunt
2314 1815 2368 1869 in
2401 1815 2701 1883 luxuriam,
2748 1816 3052 1885 bonamque
3088 1816 3287 1871 famam
3315 1814 3535 1872 sordida

217 1897 381 1966 riatn,
417 1898 564 1971 quod
592 1910 677 1956 est
707 1899 974 1957 horribile
1016 1903 1068 1957 in
1111 1902 1386 1973 gentibus,
1420 1918 1603 1959 veram
1639 1904 1691 1960 in
1730 1919 1828 1960 vos

217 1992 434 2048 mittam
488 1997 797 2065 penuriam,
850 2004 908 2051 ut
954 2011 1290 2068 nequaquam
1323 1998 1680 2065 mentientes;
1730 1998 1825 2054 sed

216 2086 470 2145 omnium
510 2104 694 2146 rerum
728 2092 901 2145 coacti
930 2101 1193 2162 egestate,
1233 2091 1430 2148 dicatis
1458 2106 1556 2148 vos
1593 2108 1698 2149 non
1732 2092 1827 2147 ha-

216 2181 348 2236 bere
394 2181 625 2251 optima,
671 2197 792 2252 quae
832 2181 1097 2239 offeratis.
1131 2184 1197 2238 Et
1240 2183 1585 2252 maledicam,
1627 2185 1821 2255 inquit,

216 2273 697 2332 benedictionibus
729 2278 952 2343 vestris,
986 2278 1087 2332 hoc
1117 2286 1222 2348 est,
1253 2276 1341 2333 his
1369 2293 1491 2348 qua:
1517 2293 1661 2333 nunc
1689 2278 1825 2334 meis

216 2368 697 2426 benedictionibus
721 2371 1013 2442 possidetis
1040 2390 1052 2426 :
1077 2373 1194 2427 sive
1220 2371 1478 2442 quidquid
1498 2386 1528 2426 a
1549 2372 1709 2427 vobis
1732 2371 1828 2427 be-

216 2463 508 2520 nedicetur
550 2462 657 2537 [Αι.
694 2464 1082 2535 benedicitur],
1128 2480 1158 2519 a
1190 2481 1277 2519 me
1321 2462 1667 2519 maledictum
1697 2464 1821 2519 erit.

214 2555 284 2611 Et
309 2556 623 2613 maledicam
644 2557 771 2626 illis,
798 2557 1121 2613 subauditur
1143 2556 1579 2612 benedictionibus
1604 2557 1823 2623 vestris;

214 2649 473 2720 quoniam
505 2649 759 2705 noluistis
793 2649 1099 2721 intelligere
1124 2665 1243 2720 quae
1272 2648 1563 2716 dicuntur;
1598 2649 1700 2704 hoc
1739 2660 1824 2704 est

212 2741 359 2797 enim
390 2741 539 2812 quod
582 2740 785 2797 dicitur
823 2758 838 2795 :
882 2758 985 2796 non
1029 2741 1274 2813 posuistis
1320 2758 1473 2815 super
1513 2757 1620 2796 cor.
1658 2740 1821 2815 955

208 2832 516 2889 Possumus
546 2833 894 2890 maledictum
925 2845 980 2890 et
1009 2834 1261 2890 dolosum
1290 2833 1539 2906 accipere
1564 2835 1821 2905 populum

207 2926 553 2993 Judteorttm,
587 2927 676 2999 qui
706 2943 828 2984 cum
861 2927 1089 2984 haberet
1114 2928 1169 2983 in
1203 2943 1368 2999 grege
1397 2943 1494 2982 suo
1519 2927 1819 2982 masculum

211 3021 512 3077 Dominum
555 3020 919 3087 Salvatorem,
953 3032 1007 3076 et
1038 3021 1445 3076 immaculatum
1475 3036 1696 3092 agnum,
1727 3022 1819 3091 qui

210 3114 351 3170 tollit
381 3126 618 3185 peccata
648 3114 835 3170 mundi
867 3112 1049 3187 (Joan.
1079 3112 1142 3186 ι),
1175 3122 1232 3169 et
1256 3113 1498 3168 omnium
1530 3112 1821 3183 propheta-

1934 1908 2355 1962 conversatione
2396 1908 2709 1978 deturpant,
2746 1908 2798 1962 hi
2830 1908 3239 1965 benedictiones
3272 1909 3367 1964 Dei
3409 1924 3535 1964 mu-

1933 2008 2050 2055 tant
2076 2000 2127 2054 in
2154 2000 2617 2056 maledictionem.
2650 2001 2745 2057 Vel
2769 2013 2940 2067 certe,
2963 2003 3089 2074 quia
3116 2003 3183 2059 ad
3208 2001 3536 2060 Sacerdotes

1933 2091 2157 2160 proprie
2189 2091 2502 2146 mandatum
2531 2102 2634 2160 est,
2665 2101 2956 2147 vertuntur
3005 2093 3415 2149 benedictiones
3440 2106 3535 2149 eo-

1930 2199 2049 2239 rum
2082 2186 2133 2237 itt
2167 2183 2624 2250 maledictionem,
2658 2187 2875 2256 quando
2906 2202 3010 2241 non
3042 2187 3376 2242 benedicunt
3404 2201 3534 2241 san-

1929 2274 2029 2330 ctis
2049 2290 2113 2330 ex
2138 2290 2269 2330 vero
2291 2274 2473 2331 cordis
2493 2275 2711 2340 affectu,
2736 2278 2882 2332 sicut
2906 2276 3055 2331 Isaac
3074 2277 3263 2342 Jacob.
3288 2288 3339 2333 et
3360 2276 3533 2334 Jacob

1928 2368 2277 2439 patriarchis,
2301 2380 2350 2423 et
2382 2369 2591 2441 Moyses
2613 2370 2902 2427 duodecim
2931 2371 3179 2426 tribubus
3204 2371 3358 2444 (Gen.
3385 2387 3532 2427 xxvtt

1926 2471 1971 2514 et
1997 2477 2145 2528 χιιι,
2187 2471 2234 2515 et
2261 2461 2417 2517 Deut.
2454 2462 2632 2535 mn),
2664 2463 2759 2519 sed
2794 2479 2889 2534 per
2921 2463 3111 2519 dulces
3154 2480 3438 2521 sermones
3477 2475 3535 2522 et

1928 2551 2328 2608 benedictiones
2382 2552 2661 2624 decipiunt
2712 2555 2875 2611 corda
2913 2557 3284 2611 innocentium
3346 2556 3527 2628 (Rom.

1927 2644 2062 2716 xw),
2094 2654 2151 2703 et
2177 2646 2268 2718 qui
2300 2647 2484 2719 inique
2519 2658 2682 2719 agunt
2712 2649 3112 2705 benedicuntur
3140 2650 3208 2706 ab
3242 2651 3322 2706 eis
3342 2691 3358 2718 ,
3390 2650 3530 2706 adu—

1925 2738 2211 2811 lanturqne
2256 2740 2633 2809 peccatoribus
2673 2741 2967 2798 dummodo
2995 2742 3191 2799 divites
3221 2743 3331 2799 sint
3368 2753 3533 2815 atque

1924 2845 2112 2888 eorum
2139 2832 2285 2888 vitiis
2312 2832 2684 2901 blandiuntur,
2710 2834 2778 2889 de
2807 2835 3000 2903 quibus
3027 2835 3225 2891 dicitur
3254 2852 3267 2890 :
3294 2834 3533 2907 P0pulns

1925 2940 2066 2980 meus
2092 2970 2106 2995 ,
2138 2927 2225 2996 qui
2250 2926 2423 2981 beatos
2451 2941 2539 2981 vos
2565 2925 2745 2980 dicunt
2764 2968 2779 2993 ,
2808 2928 3056 2981 seducunt
3082 2943 3169 2982 vos
3188 2968 3202 2993 ,
3245 2937 3293 2983 et
3322 2928 3533 2983 semitas

1926 3016 2117 3087 pedum
2150 3028 2433 3072 vestrorum
2458 3017 2800 3089 supplantant
2827 3017 2985 3092 (Isai.
3020 3035 3098 3086 ut,
3128 3022 3239 3091 Η).

1997 3107 2181 3181 (Vers.
2212 3111 2267 3177 '5,
2292 3110 2382 3179 4.)
2413 3108 2546 3165 Ecce
2574 3127 2666 3181 ego
2687 3112 2963 3182 proficiam
2984 3111 3123 3166 vobis
3157 3112 3452 3177 brachium,
3476 3123 3528 3167 ct

211 3223 330 3262 runt
360 3207 763 3263 vaticinatione
802 3208 1167 3263 commonitus
1189 3250 1204 3274 ,
1240 3217 1297 3261 ut
1324 3204 1636 3260 immolaret
1663 3214 1824 3274 atque
1852 3217 1898 3280 ρ
1929 3199 2228 3274 dispergam
2267 3219 2421 3274 super
2446 3203 2643 3258 vultum
2670 3212 2895 3259 vestrum
2920 3214 3117 3260 stercus
3142 3206 3530 3261 solenmitatum

214 3300 531 3371 susciperet
553 3299 804 3367 arietem,
834 3297 925 3370 qui
948 3297 1190 3354 haerebat
1214 3307 1240 3335 η
1267 3314 1335 3353 ex
1360 3297 1617 3355 cornibus
1645 3298 1698 3352 in
1720 3299 1828 3354 vir-

215 3393 367 3463 gulto
400 3392 587 3449 Sabec
618 3392 773 3459 (Gen.
805 3392 962 3466 xm),
1015 3392 1119 3448 hoc
1143 3391 1324 3447 facere
1356 3392 1563 3458 noluit;
1604 3391 1699 3447 sed
1729 3392 1828 3447 im-

218 3487 389 3543 molat
441 3487 620 3543 debile
669 3487 939 3551 Domino,
989 3486 1311 3557 cruciﬁgeus
1354 3486 1688 3542 Salvatorem
1717 3526 1732 3550 ,
1774 3496 1831 3542 et

219 3574 436 3650 eligens
466 3579 767 3635 Barabbam
821 3578 1093 3634 latrocinii
1138 3586 1193 3633 et
1221 3578 1504 3633 seditionis
1552 3587 1827 3634 auctorem

221 3671 406 3746 (Joan.
443 3671 626 3745 svnt),
657 3673 749 3744 qui
774 3673 928 3744 juxta
953 3673 1214 3745 mysticus
1253 3673 1562 3728 intellectus
1593 3672 1832 3728 refertur

223 3769 289 3824 ad
319 3768 604 3824 diabolum
640 3788 650 3822 :
683 3768 899 3839 illisque
920 3769 1436 3835 comtemnentibus,
1463 3779 1515 3823 et
1539 3768 1827 3838 praeferen-

226 3861 373 3917 tibus
406 3860 687 3917 diabolttm
737 3860 1029 3929 Salvatori,
1079 3875 1277 3915 nomen
1321 3859 1523 3914 Christi
1570 3860 1831 3916 horribile

225 3967 309 4010 est
331 3956 386 4010 in
409 3954 684 4025 gentibus,
717 3968 836 4024 quin
868 3954 1178 4023 passionem
1205 3952 1418 4008 Domini
1448 3963 1826 4023 susceperunt,

227 4063 283 4109 et
328 4068 455 4108 eum
496 4051 855 4107 formiduloso
901 4052 1109 4106 honore
1154 4061 1504 4107 venerantur.
1547 4050 1625 4105 De
1674 4051 1831 4105 nobis

228 4159 445 4215 quoque
468 4143 574 4199 dici
602 4151 779 4214 potest
810 4162 820 4198 :
851 4142 910 4199 Si
935 4144 1102 4198 creati
1131 4159 1161 4197 a
1192 4143 1297 4198 Deo
1318 4143 1607 4214 sapientes,
1639 4130 1840 4199 habenJ

234 4246 426 4308 tesque
479 4246 725 4292 naturam
780 4240 953 4292 sacris
1002 4252 1298 4309 congruam
1354 4237 1687 4310 disciplinis,
1734 4252 1831 4293 no-

231 4340 405 4385 strum
442 4331 776 4401 negligantus
819 4330 1122 4402 ingenium,
1157 4339 1211 4386 et
1242 4346 1340 4385 nos
1379 4330 1642 4385 dedatnus
1684 4329 1831 4385 vitiis

233 4432 395 4492 atque
440 4422 683 4485 luxuriae,
728 4430 782 4474 et
814 4421 1076 4477 habentes
1114 4422 1443 4488 masculum,
1488 4421 1834 4476 immolemus

232 4514 413 4570 debile
441 4515 692 4570 Domino.
723 4514 926 4569 Deltilis
946 4523 1127 4568 autent
1153 4523 1256 4578 est,
1281 4523 1335 4568 et
1353 4513 1619 4568 maculata
1650 4522 1830 4568 nostra

1929 3302 2240 3363 vestrarum,
2284 3304 2329 3349 et
2356 3305 2580 3350 assumet
2622 3313 2708 3352 vos
2740 3313 2932 3351 secum.
2971 3298 3039 3351 Et
3068 3299 3237 3353 scietis
3264 3300 3387 3368 quia
3412 3301 3531 3354 misi

1931 3385 2000 3438 ad
2023 3403 2109 3440 vos
2139 3387 2442 3441 mandatum
2472 3387 2614 3442 istud
2642 3387 2753 3460 [AL
2784 3388 3049 3462 vestrum],
3079 3401 3132 3444 ut
3162 3402 3289 3445 esset
3316 3401 3526 3462 pactum

1932 3495 2100 3533 meum
2146 3496 2264 3534 cum
2308 3478 2447 3549 Levi,
2492 3480 2616 3535 dicit
2656 3480 2909 3535 Dominus
2956 3484 3293 3539 exercituum.
3341 3484 3526 3540 LXX:

1931 3571 2066 3626 Ecce
2095 3590 2189 3644 ego
2218 3573 2467 3645 separabo
2490 3573 2630 3628 vobis
2659 3575 2949 3641 humerum,
2998 3586 3044 3631 et
3074 3577 3372 3648 dispergam
3400 3593 3524 3632 ven-

1932 3668 2178 3721 triculum
2221 3684 2377 3739 super
2407 3669 2594 3737 [aciem
2634 3679 2873 3737 vestram,
2909 3671 3255 3725 ventriculum
3282 3670 3530 3726 solemni-

1932 3771 2093 3816 tatum
2122 3772 2429 3830 vestrarum,
2461 3774 2509 3817 et
2530 3763 2807 3835 suscipiam
2835 3781 2924 3817 vos
2946 3764 3103 3819 simul
3134 3782 3153 3820 :
3177 3776 3225 3820 et
3251 3782 3528 3835 cognosce-

1933 3855 2021 3921 tis,
2043 3856 2165 3925 quia
2187 3871 2280 3926 ego
2308 3855 2423 3909 misi
2451 3855 2518 3908 ad
2544 3871 2627 3909 vos
2659 3856 2966 3910 mandatum
2992 3857 3111 3925 hoc,
3138 3867 3191 3911 ut
3214 3867 3344 3912 esset
3366 3868 3529 3914 testa-

1933 3956 2160 4001 mentum
2188 3963 2355 4001 meum
2383 3947 2451 3999 ad
2478 3945 2700 4013 Levitas,
2733 3947 2857 4001 dicit
2900 3946 3156 4003 Dominus
3187 3949 3530 4022 omnipotens.

1932 4040 2066 4108 Quia
2099 4040 2163 4095 ad
2195 4040 2506 4097 sacerdotes
2538 4040 2776 4111 loquitur
2806 4058 2820 4095 :
2867 4042 3179 4112 l’rojiciam,
3229 4044 3423 4114 inquit,
3473 4046 3529 4099 itt

1933 4130 2106 4188 facies
2138 4142 2371 4198 vestras,
2404 4148 2465 4187 ea
2494 4148 2612 4203 quae
2642 4133 2911 4190 sanctiora
2943 4136 3142 4203 putatis
3183 4137 3234 4189 in
3266 4134 3434 4207 Lege,
3478 4146 3535 4193 et

1932 4226 2089 4281 vobis
2115 4226 2289 4309 aODeo
2318 4242 2415 4296 pro
2445 4227 2709 4281 virtutum
2742 4242 2969 4282 munere
2997 4243 3065 4283 cx
3095 4227 3289 4283 hostiis
3320 4230 3529 4284 condo-

1935 4327 2061 4374 nata
2094 4336 2108 4374 :
2138 4317 2445 4384 Brachium,
2470 4334 2566 4388 pro
2591 4335 2699 4390 quo
2725 4318 2868 4374 LXX
2896 4320 3164 4375 humerum
3190 4322 3532 4392 interpretati

1935 4425 2080 4471 sunt.
2110 4414 2163 4469 id
2186 4424 2293 4482 eSt,
2319 4429 2521 4466 armum
2546 4414 2795 4467 animalis
2818 4414 3080 4467 dextrum.
3104 4415 3171 4469 Et
3197 4415 3529 4486 dispergam,

1935 4506 2132 4576 inquit,
2165 4504 2408 4582 ἔνυστρον
2450 4505 2500 4558 id
2540 4513 2643 4570 est,
2678 4502 3051 4569 ventriculum;
3092 4505 3206 4561 sive
3238 4516 3387 4575 Juxta
3420 4507 3533 4563 He-

233 4610 433 4676 oratio,
468 4608 686 4679 quando
711 4608 813 4675 ira,
846 4607 1071 4672 invidia,
1105 4606 1424 4675 inimicitiis,
1451 4615 1504 4660 et
1532 4604 1636 4660 alia
1667 4604 1831 4660 animi

1937 4596 2138 4661 brtcos,
2172 4606 2385 4661 stercus,
2420 4595 2472 4650 id
2515 4606 2628 4662 est,
2657 4612 2861 4651 PHARES
2898 4595 3096 4668 (ω’-ιε),
3146 4606 3534 4672 μετωνυμικῶς,

236 4700 653 4767 perturbatione
683 4700 1053 4770 corrumpitur
1078 4716 1090 4752 :
1140 4700 1185 4753 si
1215 4697 1509 4754 offerentes
1538 4713 1733 4752 munus
1767 4698 1836 4752 ad

236 4793 426 4856 altare,
454 4802 508 4848 et
538 4793 809 4848 recordati
831 4794 976 4864 quod
1006 4792 1207 4863 aliquid
1234 4791 1403 4848 frater
1433 4801 1618 4848 noster
1640 4790 1841 4846 haheat

237 4886 527 4943 adven-uin
559 4904 655 4942 nos
682 4928 697 4951 ,
745 4902 850 4942 non
880 4896 1005 4941 ante
1030 4887 1330 4958 pergimus,
1365 4894 1421 4941 et
1454 4885 1586 4940 satis
1621 4885 1671 4941 ei
1713 4884 1841 4940 faci-

240 4997 359 5036 inus
386 4979 543 5054 (Mat.
580 4998 633 5047 v,
661 4980 776 5051 25).
808 4980 962 5036 Unde
986 4992 1037 5035 et
1066 4979 1362 5051 Apostolus
1386 4976 1631 5049 prrecipit
1661 4994 1672 5029 :
1706 4976 1839 5031 Volo

239 5071 266 5111 δ
292 5091 411 5145 ergo
437 5075 569 5128 viros
596 5090 747 5128 orare
768 5074 819 5128 in
853 5076 991 5127 omni
1012 5072 1146 5140 loco,
1172 5074 1398 5128 levantes
1423 5083 1629 5126 sanctas
1655 5087 1839 5125 manus

242 5168 354 5221 sine
384 5169 463 5220 ira
491 5177 538 5221 et
565 5168 939 5236 disceptatione
968 5166 1009 5237 (l
1038 5166 1179 5221 Tim.
1210 5182 1270 5233 tt,
1303 5165 1380 5238 8).
1415 5166 1716 5235 Pastorque
1744 5179 1839 5221 co-

243 5263 570 5331 gitationum
596 5270 904 5317 nostrartnn
934 5270 1094 5330 atque
1124 5262 1383 5314 virtutum
1416 5272 1608 5313 sensus
1635 5262 1740 5319 est,
1770 5253 1839 5309 de

244 5371 352 5421 quo
379 5356 430 5410 itt
464 5356 767 5410 centesimo
789 5353 1028 5408 secundo
1060 5351 1275 5407 Psalmo
1306 5349 1484 5422 (γεγε.
1518 5348 1573 5421 1)
1602 5347 1837 5403 dicitur:

245 5448 495 5516 Benedic,
526 5450 701 5503 aninta
731 5465 865 5516 mea,
894 5445 1144 5511 Domino,
1175 5455 1221 5499 et
1251 5444 1427 5498 omnia
1453 5460 1567 5512 qua:
1594 5447 1728 5496 intra
1761 5456 1840 5495 me

245 5549 364 5596 sunt
409 5541 607 5596 nomini
652 5548 833 5594 sancto
871 5543 1004 5608 ejus.
1036 5537 1139 5606 Qui
1170 5536 1218 5592 si
1245 5551 1461 5606 gregem
1509 5549 1663 5589 suum
1705 5533 1845 5588 bene

247 5636 473 5702 rexerit,
506 5633 762 5706 impletur
786 5633 841 5688 in
867 5648 934 5688 eo
959 5631 1054 5687 illa
1085 5630 1393 5687 benediCIio
1419 5647 1431 5683 :
1458 5626 1737 5683 Benedicta
1761 5642 1847 5681 ar-

320 5760 346 5788 δ
378 5750 571 5821 Regin.
609 5764 732 5821 ms.,
762 5750 848 5821 qui
881 5749 1106 5803 hterebat
1133 5749 1391 5821 cornibus.

317 5817 512 5880 bldet'u
532 5836 663 5889 ms.,
683 5817 817 5877 Volo
843 5837 930 5877 vos
951 5837 1127 5889 orare,
1152 5831 1256 5878 etc.
1282 5819 1459 5877 Gratc.
1485 5817 1844 5875 dissentiente

1939 4702 2038 4759 pro
2068 4702 2134 4742 eo
2158 4686 2302 4758 quod
2328 4687 2592 4753 continet,
2627 4687 2678 4741 id
2709 4688 2853 4756 quod
2888 4692 3199 4745 continetur
3229 4691 3535 4761 appellans,

1939 4790 1994 4835 et
2027 4792 2048 4819 ε
2100 4795 2312 4835 armum
2358 4780 2499 4835 enim
2542 4786 2597 4834 et
2632 4782 3026 4851 ltCttlllSClllUll),
3070 4793 3127 4838 et
3172 4784 3435 4853 linguam,
3484 4793 3542 4839 et
3586 4825 3606 4844 .

1941 4872 2326 4939 ventriculum,
2352 4882 2496 4927 et'ea
2516 4889 2637 4943 quae
2670 4875 2721 4926 itt
2750 4872 2988 4929 Levitico
3010 4874 3416 4942 describuntur,
3442 4891 3542 4931 ac-

1945 4966 2217 5033 cipiebant
2246 4981 2311 5021 ex
2346 4965 2542 5021 hostiis
2572 4967 2887 5023 sacerdotes
2920 4966 3097 5037 (Levi.
3120 4979 3255 5025 vnet
3276 4968 3379 5041 ix).
3405 4969 3540 5038 Quae

1946 5060 2127 5115 omnia
2163 5076 2259 5129 pro
2288 5061 2526 5132 peccatis
2554 5075 2741 5116 eorum
2784 5076 2844 5117 se
2876 5061 3139 5131 abjicere,
3178 5071 3233 5117 et
3278 5062 3331 5117 in
3374 5061 3547 5119 facies

1945 5153 2292 5208 sacerdotum
2334 5155 2557 5209 mittere
2586 5162 2931 5209 contestatur
2954 5152 3146 5227 (Num.
3183 5170 3347 5221 xvm;
3382 5154 3540 5210 Deut.

1940 5245 2117 5317 xvtu),
2144 5255 2202 5300 ut
2228 5245 2437 5302 scilicet
2467 5246 2603 5301 tales
2631 5246 2742 5303 sint
2768 5247 2860 5318 qui
2880 5246 3137 5315 offerunt,
3164 5248 3345 5318 qualia
3368 5256 3423 5304 et
3452 5247 3545 5305 illa

1947 5341 2108 5413 957
2133 5356 2253 5410 quae
2283 5339 2605 5396 offeruntur.
2629 5340 2699 5395 Et
2724 5352 2949 5396 assumet
2970 5356 3082 5406 vos,
3110 5341 3308 5413 inquit,
3340 5358 3547 5409 secum,
3608 5394 3633 5411 χ

1952 5438 2002 5493 id
2031 5445 2135 5504 est,
2166 5445 2362 5492 stercus
2402 5437 2790 5491 solemnitatum
2836 5445 3149 5501 vestrarum,
3202 5444 3261 5491 ut
3313 5434 3547 5492 fetentes

1948 5530 2118 5587 facies
2164 5530 2347 5601 putida
2394 5535 2659 5586 stercoris
2690 5530 3083 5586 commixtione
3110 5537 3403 5599 turpentur
3434 5570 3451 5595 ,
3489 5539 3551 5584 et

1951 5640 2019 5683 ex
2045 5640 2111 5682 eo
2131 5623 2278 5696 quod
2306 5637 2403 5679 vos
2442 5624 2661 5696 abjicio,
2706 5621 3019 5695 intelligatis
3049 5622 3229 5693 ipsum
3261 5636 3399 5692 esse
3436 5635 3548 5691 me,

1949 5754 2283 5873 ίθ¹ο¹¹ἓυητειο
2311 5814 2471 5886 epist.
2502 5812 2593 5886 64,
2625 5814 2694 5872 ad
2716 5814 2929 5874 Fabiol.
2959 5831 3112 5875 num.
3143 5814 3202 5872 9.
3284 5882 3305 5885 λ,
3413 5815 3555 5883 .;,.έ
