4026 6346
1977 41 2208 122 ,δέ

453 301 598 358 1355

1703 301 1760 358 S.
1807 299 2076 360 BUSEBII
2117 303 2498 360 HIERONYMI

3613 313 3638 366 i
3651 311 3754 368 556

453 421 544 490 qui
567 418 846 490 quondam
869 419 1006 490 elegi
1027 429 1232 492 patrem
1263 427 1504 476 vestrum
1535 419 1682 488 Levi,
1715 429 1770 476 et
1801 433 1896 491 per
1917 421 2048 478 Levi
2074 423 2129 484 Α
2151 425 2396 492 tequitate
2448 423 2730 478 ambulavit
2779 439 3000 494 mecum,
3033 435 3080 478 et
3109 427 3300 482 multos
3327 427 3514 482 auertit
3561 427 3626 480 ab
3659 427 3759 483 ini-

453 513 666 582 Aaron,
689 523 746 572 et
785 513 942 572 vobis
991 513 1284 570 sacerdotii
1323 515 1554 586 gloriam
1605 513 1938 582 condonavi,
1995 523 2052 570 ut

455 617 604 666 esset
631 617 844 680 pactum
873 623 1054 666 meum
1083 609 1206 665 sive
1237 617 1622 666 testamentum
1665 623 1786 664 cum
1817 609 1966 676 Lavi,
1999 617 2054 666 ct

457 711 666 758 aeterno
693 703 824 758 mibi
847 703 1154 758 sacerdotio
1185 703 1540 760 ministraret.
1557 701 1884 770 Notandum,
1907 703 2052 776 quod

455 813 620 854 nutu
647 795 838 870 (η’-ιιι)
879 797 1102 854 verbum
1157 795 1506 864 llebraicum,
1559 797 1752 868 Aquila
1783 801 2050 866 συνθήκην,

452 891 510 946 id
538 899 644 956 est,
667 899 874 964 pactum
899 891 1310 960 interpretatur.
1333 891 1476 946 LXX
1503 909 1516 946 :
1541 905 1764 964 semper
1791 891 2048 964 διαθήκην,

409 1039 418 1048 ,
451 985 508 1040 id
555 993 662 1050 est,
693 993 1076 1048 testamentum,
1107 963 1178 1040 'et
1227 985 1278 1040 in
1333 986 1606 1056 plerisque
1647 963 2052 1054 Seriplnrarnm

452 1081 628 1146 locis,
693 1087 1078 1138 testamentum
1133 1095 1236 1134 non
1287 1079 1620 1136 voluntatem
1671 1079 2052 1136 defunctorum

455 1189 674 1243 sonare,
719 1175 816 1231 sed
859 1183 1076 1245 pactum
1107 1174 1428 1230 viventium.
1463 1175 1646 1230 Voluit
1673 1183 1850 1230 autem
1885 1173 2046 1240 Deus,

453 1277 510 1326 et
539 1283 734 1324 attines
761 1268 978 1338 quidem
1007 1267 1280 1334 homines,
1307 1269 1400 1324 sed
1427 1269 1696 1340 prtcclpue
1717 1269 2050 1334 sacerdotes,

454 1361 728 1418 maculam
757 1375 864 1416 non
919 1361 1142 1428 habere,
1191 1371 1240 1416 et
1287 1363 1404 1418 sive
1453 1361 1760 1430 humerum,
1791 1363 1906 1419 sive
1933 1363 2056 1419 bra-

455 1455 638 1510 chimn
667 1469 864 1510 ornare
897 1455 1054 1510 bouis
1089 1455 1368 1526 operibus.
1411 1455 1470 1512 In
1499 1459 1818 1528 pectusculo
1849 1459 2056 1530 signiti-

456 1557 610 1604 catur
637 1549 776 1604 bona
807 1549 1144 1604 conscientia
1169 1567 1184 1602 :
1219 1549 1271 1604 in
1299 1549 1504 1622 lingua,
1529 1559 1714 1606 sancta
1741 1551 2014 1608 confessio
2039 1571 2054 1608 :

455 1651 512 1696 ut
547 1643 690 1712 quod
737 1641 906 1698 corde
945 1643 1216 1698 credimus
1251 1645 1318 1698 ad
1349 1645 1636 1714 justitiam,
1667 1663 1762 1701 ore
1795 1649 2058 1702 conﬁtea-

455 1749 582 1788 ntur
629 1733 684 1788 in
735 1735 966 1788 salutem
1016 1733 1194 1806 (liam.
1245 1733 1320 1806 ιι).
1367 1735 1424 1791 In
1475 1737 1782 1796 ventriculo
1837 1755 2056 1812 quoque

2155 517 2370 587 quitate.
2405 515 2566 572 Labia
2611 517 2748 570 enim
2791 517 3080 572 sacerdotis
3123 519 3420 574 custodient
3461 519 3758 588 scientiam,

2156 619 2204 664 et
2233 607 2422 682 Legem
2441 610 2702 680 requirent
2739 627 2802 666 ea:
2841 627 2930 666 ore
2977 615 3112 686 ejus,
3141 613 3268 684 quia
3297 611 3522 686 angelus
3547 611 3764 670 Domini

2155 703 2478 756 exercituum
2523 713 2618 756 est.
2649 701 2792 758 LXX
2829 701 3256 758 :Testamentum
3303 719 3476 758 meum
3517 705 3620 776 fuit
3649 721 3762 760 cum

2157 813 2216 850 eo
2245 797 2362 851 uitta
2385 803 2432 850 et
2455 795 2618 864 pacis,
2661 805 2708 850 et
2737 797 2858 850 dedi
2885 795 2934 852 ei
2955 805 2980 834 ι
3009 797 3248 852 timorem
3271 807 3328 853 ut
3347 797 3552 854 timeret
3583 813 3684 868 me,
3715 807 3764 852 et

2155 907 2188 944 a
2219 891 2352 962 facie
2381 889 2604 944 nominis
2633 891 2734 946 mei
2771 889 3094 960 formidaret.
3129 891 3240 946 Leu:
3265 891 3500 948 ueritatis
3531 891 3648 966 [AL
3681 909 3764 950 tte-

2157 981 2310 1055 ritas]
2340 983 2438 1055 fuit
2467 985 2520 1037 in
2559 999 2650 1038 ore
2679 985 2818 1056 ejus,
2845 989 2895 1036 et
2923 983 3174 1056 iniquitas
3205 999 3308 1038 non
3351 993 3430 1038 est
3470 985 3684 1039 inuenta
3711 985 3764 1040 in

2157 1075 2308 1130 labiis
2351 1078 2484 1148 ejus.
2547 1073 2614 1130 In
2665 1091 2788 1142 pace
2835 1076 3066 1148 dirigens
3109 1075 3394 1132 ambulavit
3441 1093 3670 1146 mecum,
3717 1086 3770 1134 et

2157 1167 2348 1224 multos
2377 1169 2624 1223 conuertit
2673 1169 2742 1224 ab
2795 1169 3088 1240 iniquitate.
3127 1169 3390 1238 Quoniam
3421 1169 3568 1226 labia
3595 1187 3766 1226 socer-

2157 1261 2294 1316 dotis
2335 1259 2626 1316 eustodient
2650 1261 2943 1329 scientiam,
2995 1269 3046 1316 et
3103 1263 3186 1318 (ea:
3231 1263 3530 1334 requiretur
3571 1279 3640 1318 ea:
3681 1279 3768 1320 ore

2159 1357 2270 1428 ejus
2301 1371 2320 1408 :
2346 1355 2468 1424 quia
2495 1353 2710 1425 angelus
2753 1353 2970 1409 Domini
3011 1355 3378 1426 omnipotentis
3421 1365 3520 1410 est.
3551 1353 3770 1412 Descri-

2159 1449 2306 1506 bitur
2331 1465 2398 1504 ex
2451 1463 2680 1520 persona
2713 1449 2828 1520 Dei,
2871 1449 3100 1522 perfecti
3143 1449 3384 1506 cilicium
3435 1451 3766 1522 sacerdotis,

2158 1543 2336 1616 qualis
2363 1557 2486 1600 esse
2511 1543 2728 1610 debeat,
2785 1551 2842 1600 et
2891 1545 3108 1616 qualem
3158 1559 3284 1600 cum
3337 1557 3464 1600 esse
3509 1543 3764 1612 voluerit,

2159 1639 2250 1710 qui
2299 1651 2424 1694 esse
2467 1640 2748 1710 praecepit.
2801 1637 2976 1710 Supra
3035 1639 3182 1694 enim
3243 1635 3500 1694 dixerat:
3535 1635 3608 1694 Ut
3637 1647 3770 1694 esset

2159 1741 2366 1806 pactum
2389 1747 2560 1786 meum
2589 1749 2704 1786 cum
2745 1731 2885 1802 Levi,
2919 1731 3048 1786 dicit
3101 1731 3360 1786 Dominus
3411 1733 3768 1801 exercituum;

455 1825 592 1880 nibil
627 1825 828 1882 habere
859 1825 1230 1892 mortiferum;
1275 1829 1370 1884 sed
1411 1829 1554 1901 quod
1599 1843 1840 1888 nostram
1891 1835 2056 1890 vitam
2091 1827 2218 1886 Bel
2275 1839 2374 1897 per
2421 1823 2550 1880 Levi
2613 1825 2982 1894 patriarcbam
3049 1825 3302 1896 pervenit
3351 1823 3418 1878 ad
3477 1835 3768 1895 posteros,

453 1927 726 1972 sustentet
771 1929 836 1972 ac
881 1929 1136 1988 vegetet:
1171 1919 1272 1974 nisi
1305 1921 1450 1976 enim
1495 1923 1600 1976 cibi
1647 1925 1698 1978 in
1751 1925 2054 1982 ventriculo

455 2021 898 2082 concoquantur,
947 2021 1004 2069 et
1049 2027 1240 2070 eorum
1297 2029 1466 2071 succo
1523 2031 1722 2086 corpus
1777 2019 2054 2092 irrigetur,

461 2117 812 2162 attenuatum"
844 2109 1050 2165 viribus
1081 2123 1252 2174 caret,
1287 2119 1343 2166 et
1373 2111 1546 2168 fertur
1567 2111 1622 2168 in
1651 2121 1902 2170 mortem.
1947 2115 2058 2172 Nos

456 2207 641 2256 autem
665 2199 846 2256 omni:
895 2201 950 2256 in
1005 2205 1338 2260 contrarium
1369 2205 1654 2272 vertimus,
1703 2217 1760 2262 ut
1809 2207 2060 2280 projiciat

455 2293 618 2348 nobis
647 2293 908 2348 Dominus
939 2295 1246 2364 brachium,
1281 2299 1398 2354 sive
1426 2309 1644 2370 separet
1681 2315 1844 2371 opera
1875 2311 2062 2360 nostra

457 2401 489 2440 a
503 2389 1108 2460 sanctorumopcribns.
1129 2399 1180 2444 et
1195 2391 1390 2461 quibus
1407 2401 1734 2464 prteceptum
1749 2405 1831 2450 cst
1853 2411 2062 2466 ungere

457 2489 618 2546 caput
651 2487 894 2534 nostrum
925 2480 1293 2554 (ilutt.vt),et
1322 2485 1503 2542 lavare
1533 2485 1724 2542 faciem
1759 2503 1784 2540 a
1811 2497 2060 2558 peccato-

457 2586 582 2626 rum
603 2571 858 2626 sordibus
877 2573 1212 2640 jcjunautes,
1229 2583 1284 2630 et
1305 2577 1539 2632 revelata
1555 2579 1690 2634 facie
1714 2579 1942 2650 gloriam
1963 2581 2068 2638 Do-

461 2663 598 2716 mini
619 2665 976 2732 contemplari
1009 2665 1100 2738 (ll!
1129 2663 1370 2740 Camn),
1397 2685 1544 2724 nunc
1565 2667 1831 2728 dicimus:
1865 2669 2062 2740 Confu-

463 2757 542 2810 sio
563 2756 736 2810 uultus
765 2757 862 2810 mei
891 2759 1094 2826 operuit
1117 2775 1200 2812 nte
1225 2759 1344 2834 (Ps.
1379 2761 1730 2834 xutt,16),ct
1756 2763 1908 2834 juxta
1935 2763 2064 2818 Cain

463 2851 702 2906 Concidit
730 2851 898 2908 iacies
943 2863 1128 2909 nostra
1162 2853 1314 2924 (Gen.
1349 2855 1446 2928 tv),
1479 2873 1579 2914 nec
1615 2873 1904 2924 possumus
1935 2857 2068 2915 illud

463 2944 696 3014 implere
739 2947 882 3016 quod
931 2957 1262 3018 praeceptum
1309 2959 1430 3004 est:
1465 2949 1650 3006 Levute
1677 2951 1854 3008 oculos
1877 2963 2070 3010 uestros

465 3049 512 3094 et
537 3039 700 3094 videte
733 3039 866 3110 (Jer.
899 3057 1018 3110 xm,
1044 3041 1168 3114 20);
1197 3043 1294 3098 sed
1345 3053 1588 3102 stercore
1617 3045 1870 3102 vitiorum
1905 3045 2072 3102 liabe-

465 3149 588 3188 mus
616 3133 738 3188 litas
771 3133 938 3190 facies
963 3143 1124 3206 atque
1163 3139 1418 3208 pollutas,
1453 3152 1504 3192 et
1535 3139 1774 3196 dicimus
1802 3159 1816 3198 :
1847 3139 2072 3198 Patrue-

2157 1921 2338 1974 Aaron
2368 1927 2422 1974 et
2447 1917 2786 1984 Eleazarum,
2817 1917 3046 1972 Pliinees
3069 1927 3120 1972 et
3151 1925 3403 1982 czetcros,
3435 1917 3528 1988 qui
3559 1917 3628 1974 de
3653 1919 3770 1990 ejus

2159 2013 2328 2082 stirpe
2353 2009 2752 2082 generatisunt
2783 2029 2796 2066 :
2827 2027 2974 2066 nunc
3005 2011 3055 2066 in
3091 2013 3198 2066 line
3223 2011 3298 2064 ait
3335 2029 3346 2064 :
3385 2009 3610 2066 Irritunt
3641 2013 3766 2082 feci-

2159 2107 2256 2160 stis
2279 2115 2489 2176 pactum
2517 2103 2662 2170 Levi,
2693 2103 2820 2158 dicit
2849 2101 3101 2158 Dominus
3149 2105 3490 2160 exercituum.
3545 2105 3624 2160 Ex
3665 2119 3768 2174 quo

2165 2199 2514 2270 perspicuum
2547 2207 2650 2266 est,
2683 2211 2848 2254 omne
2901 2197 3044 2268 quod
3089 2197 3288 2254 dicitur
3341 2213 3441 2270 per
3491 2199 3646 2266 Levi,
3701 2199 3768 2256 ad

2163 2291 2478 2348 sacerdotes
2527 2302 2582 2346 et
2627 2289 2942 2360 specialiter
2981 2291 3048 2346 ad
3099 2291 3412 2362 pontificem
3465 2293 3768 2361 pertinere.

2167 2385 2422 2458 Legimus
2479 2385 2534 2442 in
2581 2385 2838 2442 Numeris
2885 2385 2956 2442 de
3011 2385 3270 2452 Pliinces,
3303 2387 3394 2458 qui
3441 2385 3626 2442 Zamri
3651 2401 3768 2444 cum

2167 2491 2352 2536 scorto
2383 2477 2732 2534 Madianitide
2763 2479 3000 2552 pugione
3031 2483 3304 2550 percussit
3341 2501 3352 2536 :
3383 2479 3614 2536 Phiuees
3635 2483 3771 2552 ﬁlius

2171 2571 2414 2638 Eleazar,
2443 2573 2540 2642 ﬁlii
2571 2571 2748 2628 Aaron
2779 2573 3086 2644 sacerdotis,
3119 2577 3436 2646 requiescere
3471 2577 3596 2646 fecit
3628 2577 3772 2648 [uro-

2168 2681 2274 2720 rem
2295 2681 2468 2718 meum
2487 2683 2520 2718 a
2549 2665 2674 2736 [iliis
2697 2665 2890 2732 Israel,
2921 2669 3170 2738 quoniam
3201 2669 3478 2722 minuimus
3505 2679 3582 2724 est
3613 2669 3774 2724 zelum

2171 2773 2340 2810 meum
2367 2765 2548 2812 contra
2599 2775 2704 2826 eos,
2753 2769 2800 2814 et
2847 2775 2950 2814 non
2983 2761 3188 2828 perdidi
3217 2759 3354 2830 ﬁlios
3387 2757 3558 2814 Israel
3579 2763 3634 2816 in
3665 2763 3774 2816 zelo

2171 2865 2306 2916 utea,
2349 2849 2518 2922 959
2563 2852 2636 2905 sic
2685 2851 2859 2906 dicens
2881 2867 2900 2906 .'
2933 2851 3064 2906 Ecce
3083 2869 3178 2925 ego
3207 2851 3340 2906 dabo
3385 2851 3572 2926 [\‘ttlg.
3605 2851 3694 2928 do]
3731 2853 3778 2908 ei

2173 2951 2530 2998 testamentum
2561 2943 2724 3014 pacis,
2767 2951 2816 2997 et
2845 2945 2942 2998 erit
2983 2945 3080 3016 ipsi
3105 2955 3154 2998 et
3177 2945 3358 3000 semini
3387 2945 3500 3018 ejus
3529 2957 3644 3017 post
3667 2963 3776 3000 eum

2177 3043 2538 3092 testamentum
2567 3037 2848 3092 sacerdotii
2873 3039 3172 3110 sempiterni
3195 3053 3214 3094 :
3243 3055 3338 3111 pro
3381 3055 3442 3093 eo
3471 3039 3616 3110 quod
3643 3039 3778 3094 sela-

2169 3137 2260 3182 tus
2305 3137 2376 3183 est
2427 3129 2534 3184 Deo
2581 3145 2700 3196 suo,
2757 3139 2806 3184 et
2849 3131 3078 3184 exoravit
3105 3147 3200 3202 pro
3225 3129 3352 3201 ﬁliis
3385 3129 3558 3186 Israel
3587 3131 3775 3202 (Nunt.

461 3237 584 3283 runt
605 3241 650 3284 et
677 3241 938 3304 corr-apta!
955 3243 1072 3288 sunt
1093 3235 1355 3290 cicatrices
1381 3253 1524 3300 mete,
1553 3255 1582 3290 a
1606 3239 1736 3310 facie
1759 3241 2069 3312 insipientia!
2097 3231 2142 3294 C
2173 3239 2302 3294 “vi
2333 3223 2444 3296 Η)·
2493 3221 2630 3280 Vim
2671 3233 2852 3280 autem
2901 3231 3314 3293 ῖθδῑθῐηθηῑυῐηι
3363 3227 3480 3282 Slve
3531 3237 3776 3298 Pacmmi

463 3335 594 3376 mere
632 3321 750 3394 (Pe.
785 3337 990 3386 xxxvn,
1043 3325 1120 3396 6).
1163 3325 1316 3382 Unde
1369 3331 1550 3384 omnia
1599 3331 1698 3386 ista
1753 3332 1804 3386 in
1859 3341 2066 3390 stercus

461 3429 620 3472 versa
651 3423 802 3482 sunt,
832 3417 1046 3474 (licente
1067 3417 1348 3490 Scriptura
1379 3435 1392 3474 :
1421 3419 1488 3474 Et
1529 3433 1754 3478 assumat
1789 3442 1872 3479 vos
1893 3443 2066 3480 secum

461 3519 676 3574 stercus,
735 3507 992 3564 videlicet
1022 3525 1128 3580 quo
1173 3511 1285 3566 lita:
1317 3521 1442 3568 sunt
1495 3515 1662 3570 facies
1709 3529 1934 3594 nostrae,
1975 3517 2068 3590 qui

463 3603 832 3658 debueramus
859 3601 1006 3676 pleni
1029 3619 1094 3660 ac
1119 3603 1302 3660 mundi
1327 3607 1512 3662 venire
1545 3608 1596 3661 in
1629 3607 2066 3666 solemnitatibus

461 3697 584 3768 Dei,
615 3705 670 3754 et
689 3699 772 3753 vel
801 3711 994 3755 carnes
1015 3703 1134 3768 agni
1159 3699 1447 3758 comedere
1469 3703 1684 3758 calciati
1717 3701 1914 3772 (Exod.
1943 3703 2064 3780 xu).

463 3789 554 3846 vel
581 3789 815 3862 expietis
855 3799 1062 3862 septem
1098 3789 1548 3862 hebdomadibus,
1599 3797 1808 3852 fruetus
1839 3813 2066 3868 operum

459 3893 772 3942 nostrorum
805 3885 1002 3942 offerre
1057 3889 1164 3942 Deo
1213 3885 1358 3960 (Leu.
1395 3887 1550 3958 χχιιι)
1605 3889 1688 3945 vel
1725 3891 1776 3944 in
1813 3889 2066 3946 taberna-

461 3977 600 4034 culis
633 3977 792 4048 hujus
823 3975 1010 4034 smenli
1039 3977 1222 4036 vivere
1249 3989 1614 4048 transeuntes,
1667 3981 1832 4056 958
1881 3993 1934 4038 et
1985 3983 2066 4038 tli-

460 4083 590 4126 cere
619 4087 633 4123 :
667 4071 875 4124 Advenit
903 4083 1018 4126 sunt
1073 4085 1166 4144 ego
1209 4082 1256 4126 et
1311 4073 1660 4146 pt'eregt'inus,
1709 4077 1840 4128 sicut
1892 4091 2070 4130 onmes

459 4171 638 4236 patres
667 4161 764 4218 mei
812 4159 928 4223 (Ps.
965 4165 1214 4230 xxxviii).
1249 4163 1318 4219 Et
1365 4169 1488 4236 quia
1541 4183 1640 4236 pro
1685 4183 1752 4224 eo
1793 4169 1934 4242 quod
1967 4185 2066 4224 nos

461 4253 769 4310 vertimus:
803 4265 1030 4310 assumet
1079 4273 1166 4312 vos
1212 4271 1386 4310 secum
1441 4267 1656 4324 s'ercus,
1717 4257 2064 4332 interpretati

459 4359 592 4406 sunt
619 4347 995 4420 Septuaginta,
1025 4357 1076 4404 et
1114 4363 1374 4402 assumam
1419 4365 1506 4404 νος
1553 4351 1730 4418 simul,
1777 4353 2064 4424 subjicitur

459 4437 842 4511 intelligentia,
883 4437 1026 4512 quod
1067 4447 1350 4512 postquam
1403 4441 1754 4511 turpitudine,
1809 4451 1864 4498 et
1907 4441 2064 4512 igno-

461 4533 630 4591 minia
662 4533 904 4604 cooperti
961 4531 1164 4588 iuerint
1201 4533 1536 4598 sacerdotes,
1585 4543 1642 4589 et
1691 4535 2062 4592 intellexerint

2171 3335 2276 3372 non
2303 3319 2464 3387 hujus
2487 3317 2821 3374 arbitremur
2847 3333 2970 3392 quae
2997 3319 3154 3374 nobis
3185 3333 3306 3374 cum
3340 3319 3536 3376 bestiis
3567 3325 3626 3374 ct
3653 3335 3780 3376 cun-

2168 3411 2268 3466 ctis
2295 3411 2664 3466 animantibus
2693 3413 3002 3468 communis
3029 3423 3134 3478 est,
3153 3413 3252 3468 sed
3279 3411 3430 3468 illius
3455 3429 3578 3484 qua:
3603 3413 3736 3468 dicit
3761 3433 3772 3470 :

2169 3501 2284 3574 Ego
2311 3519 2424 3558 sum
2455 3505 2552 3556 vita
2580 3501 2760 3574 (Joan.
2809 3519 2920 3572 xw,
2953 3503 3032 3576 7).
3067 3503 3274 3560 Etenim
3311 3505 3414 3560 vita
3441 3515 3620 3560 nostra
3665 3523 3776 3560 cun:

2170 3593 2374 3652 Christo
2419 3597 2722 3653 abscondita
2771 3609 2846 3654 est
2895 3601 2948 3654 in
2997 3597 3108 3653 Deo
3143 3597 3280 3670 (Col.
3315 3613 3396 3664 ιιι,
3429 3599 3484 3668 Ii)
3523 3619 3535 3654 :
3571 3599 3644 3656 de
3675 3615 3778 3672 quo

2171 3703 2466 3762 possumus
2495 3691 2704 3756 dicere,
2735 3693 2878 3762 quod
2919 3699 2974 3748 et
3003 3693 3121 3763 ipse
3153 3707 3251 3761 ra:
3281 3703 3472 3748 nostra
3507 3693 3603 3760 sit,
3641 3695 3780 3768 Apo-

2171 3785 2311 3840 stolo
2351 3785 2716 3842 confirmante
2751 3803 2764 3842 :
2797 3785 2920 3859 Ipse
2943 3787 3076 3842 enim
3101 3795 3178 3840 est
3197 3803 3302 3860 paa'.
3329 3797 3508 3842 nostra
3555 3785 3774 3861 (Ephcs.

2171 3897 2226 3942 ιι,
2261 3879 2374 3952 14).
2423 3881 2578 3936 Dedit
2626 3897 2758 3952 ergo
2809 3881 3072 3938 Dominus
3107 3879 3260 3950 Levl,
3293 3891 3350 3938 et
3379 3897 3476 3950 per
3507 3895 3634 3936 eum
3681 3897 3776 3952 po-

2169 3969 2334 4026 steris
2387 3971 2528 4040 ejus,
2589 3981 2648 4028 ut
2695 3973 2956 4030 timerent
3013 3987 3138 4029 eum
3193 3993 3208 4030 :
3261 3973 3592 4046 Principium
3643 3975 3776 4028 enim

2169 4063 2438 4136 sapientia:
2489 4065 2644 4120 timor
2687 4063 2904 4120 Domini
2945 4065 3070 4138 (Ps.
3129 4083 3223 4134 cx,
3289 4067 3424 4140 l0),
3469 4075 3526 4123 et
3569 4083 3598 4122 a
3643 4069 3776 4126 facie

2169 4158 2286 4226 ejus
2363 4157 2766 4228 formidarent,
2837 4162 2952 4218 sive
3019 4161 3408 4218 subtralicrcnt
3479 4179 3542 4220 se
3613 4175 3778 4236 atque

2169 4250 2598 4322 contraherent,
2667 4253 2872 4310 mentis
2937 4253 3290 4312 formidinem
3369 4255 3606 4314 horrore
3661 4273 3780 4314 cor-

2167 4341 2318 4415 poris
2387 4345 2744 4418 indicantes,
2837 4345 2991 4416 juxta
3069 4345 3204 4403 illud
3289 4347 3438 4420 quod
3515 4351 3777 4422 scriptum

2167 4445 2252 4491 cSt
2307 4451 2322 4490 :
2377 4433 2552 4506 Super
2603 4453 2756 4507 quem
2807 4440 3146 4510 requiescam,
3179 4439 3282 4494 nisi
3325 4457 3482 4512 super
3529 4441 3778 4498 Iturnilem

2167 4539 2216 4584 et
2271 4529 2506 4602 quietum
2535 4541 2584 4584 et
2615 4541 2910 4586 trementem
2951 4533 3104 4588 rerba
3144 4549 3256 4586 utea
3305 4531 3460 4606 (lsai.
3493 4551 3646 4602 vat,
3683 4535 3782 4608 9.)?

465 4633 754 4697 peccatum
783 4637 964 4692 suum,
994 4633 1048 4681 et
1076 4625 1288 4696 egerint
1317 4625 1712 4696 paenitentiam,
1747 4635 1874 4684 tunc
1909 4643 2066 4684 assu-
2095 4625 2148 4686 D
2173 4625 2286 4680 Lex
2325 4625 2574 4680 veritatis
2623 4625 2728 4680 fuit
2777 4625 2836 4680 in
2883 4641 2980 4682 ore
3035 4627 3178 4698 ejus,
3227 4629 3330 4683 ltoc
3359 4637 3468 4694 est,
3527 4627 3778 4685 doctrina

471 4727 692 4776 mantnr
731 4735 758 4774 ξι
810 4719 1065 4788 Domino,
1099 4731 1150 4774 et
1177 4719 1304 4775 huic
1347 4719 1526 4776 sensui
1577 4721 1872 4778 convenire
1917 4721 2062 4794 quod

433 4816 718 4885 'sequilur
749 4831 764 4867 :
797 4807 866 4866 Et
919 4815 1234 4886 cognoscetis
1289 4815 1408 4884 quia
1455 4831 1546 4886 ego
1593 4815 1820 4868 miserim
1869 4815 1938 4870 ad
1979 4835 2064 4871 ros

465 4907 777 4962 mandatum
821 4901 936 4960 hoc.
973 4905 1080 4963 Sed
1113 4905 1364 4977 superior
1395 4905 1526 4960 mihi
1579 4923 1706 4962 vera
1741 4907 1955 4964 videtur
1987 4909 2068 4964 in-

465 5001 812 5070 terpretatio,
867 5013 933 5055 ne
986 4999 1128 5056 lttter
1173 4999 1336 5054 verba
1381 5001 1858 5070 eomminationis,
1903 5003 2068 5060 verba

465 5094 716 5164 posuerit
737 5093 1090 5160 blandientis,
1115 5091 1354 5150 maxime
1377 5109 1498 5148 cum
1523 5103 1578 5150 ct
1599 5111 1658 5150 ea
1683 5113 1802 5166 quae
1828 5113 2068 5170 sequun—

471 5197 584 5254 tttr,
621 5185 714 5242 Del
745 5181 1171 5258 lndignationcnt
1199 5197 1416 5242 sonent.

545 5277 728 5352 (Vera.
753 5279 790 5336 5‘
815 5279 994 5352 seqq.)
1027 5277 1252 5334 Pactum
1283 5297 1448 5336 meum
1495 5281 1594 5352 fuit
1626 5297 1742 5336 cum
1784 5297 1840 5336 eo
1885 5283 2000 5338 vitae
2028 5289 2074 5338 et

467 5373 634 5448 pacis,
669 5383 718 5430 et
749 5371 868 5430 dedi
895 5375 938 5429 ei
967 5377 1224 5444 timorem,
1271 5385 1318 5430 et
1361 5375 1534 5430 timuit
1563 5393 1662 5442 me,
1689 5387 1738 5430 et
1768 5393 1799 5431 α
1821 5375 1956 5448 facie
1980 5393 2074 5432 no-

467 5467 628 5522 minis
657 5467 754 5522 ntei
787 5463 1021 5536 parebat.
1067 5463 1176 5522 Lex
1219 5467 1450 5524 ueritatis
1500 5467 1598 5538 fuit
1639 5469 1692 5524 in
1725 5485 1814 5523 ore
1843 5473 1976 5540 eius,
2024 5479 2072 5526 et

463 5561 718 5632 iniquitas
755 5573 860 5616 non
891 5569 966 5616 est
995 5563 1198 5616 inventa
1239 5559 1292 5615 in
1337 5561 1484 5616 labiis
1527 5565 1642 5636 ejus
1667 5579 1685 5616 :
1711 5563 1762 5616 in
1790 5579 1916 5634 pace
1945 5571 1990 5617 et
2021 5561 2074 5616 in.

543 5709 568 5736 α
593 5699 824 5773 Pressus
851 5699 1042 5756 Graeco
1071 5701 1266 5773 Regio.
1299 5716 1400 5758 ms.
1431 5711 1486 5757 ut
1513 5703 1694 5758 timore
1721 5703 1922 5758 timeret
1953 5719 2060 5772 me,

471 5785 521 5828 Ιν
545 5771 684 5881 ῖὸϐῳ
713 5773 974 5828 φοϐεῖσθαί
999 5795 1086 5846 με.
1158 5771 1175 5773 _

605 5841 778 5881 Malim
809 5855 930 5881 num
955 5839 1124 5881 nonin
1165 5857 1246 5881 me
1283 5843 1386 5881 Ian:

601 5839 780 5898 malim
809 5855 932 5900 cum
955 5839 1146 5916 Regia.
1165 5857 1266 5900 ms.
1283 5843 1410 5918 legi,
1427 5845 1663 5904 doctrina
1689 5849 2062 5924 apostolorum,

2173 4719 2198 4758 b
2225 4719 2576 4790 populorum,
2603 4733 2726 4790 quae
2766 4719 2822 4774 in
2853 4719 3144 4776 sacerdote
3171 4721 3328 4776 nullo
3357 4721 3524 4778 debet
3555 4723 3780 4780 menda-

2173 4815 2259 4870 cio
2283 4811 2562 4884 dcturpari
2587 4829 2602 4880 ;
2631 4815 2728 4870 scd
2761 4825 2868 4870 tom
2893 4813 2962 4870 de
2987 4815 3238 4870 veritatis
3271 4813 3420 4872 fonte
3453 4817 3774 4888 procedere.

2175 4907 2244 4962 Et
2275 4909 2537 4978 iniquitas
2567 4923 2674 4964 non
2707 4919 2789 4964 est
2821 4909 3042 4964 inventa
3091 4909 3142 4964 in
3191 4907 3352 4966 labiis
3377 4911 3520 4982 ejus,
3559 4921 3622 4970 ut
3653 4911 3772 4968 imi-

2175 5011 2320 5060 tetur
2353 5004 2648 5059 Dominum
2671 5019 2852 5071 suum,
2877 5003 2944 5060 dc
2965 5021 3076 5076 quo
3099 5005 3302 5062 dicitur
3327 5025 3340 5062 :
3377 5007 3480 5076 Qui
3509 5019 3776 5080 peccatum

2179 5113 2282 5152 non
2313 5098 2452 5170 fecit,
2479 5111 2572 5150 nec
2597 5095 2750 5152 dolus
2779 5097 3014 5152 inventus
3037 5107 3110 5152 est
3139 5099 3193 5154 in
3221 5115 3308 5154 ore
3353 5101 3464 5172 ejus
3491 5099 3536 5176 (l
3571 5101 3684 5157 Pet.
3717 5119 3774 5174 ιι,

2175 5189 2292 5262 ‘22).
2323 5187 2380 5245 lu
2409 5203 2542 5260 pace
2569 5197 2625 5246 et
2651 5190 2706 5244 in
2739 5192 2996 5261 tequitalc
3025 5191 3327 5248 ambulavit
3365 5207 3608 5260 mecum,
3637 5205 3698 5250 ut
3723 5205 3778 5251 et

2173 5285 2294 5354 ipse
2327 5281 2378 5338 in
2411 5297 2470 5338 se
2503 5295 2690 5356 pacem
2739 5281 2960 5352 habeat,
3005 5291 3062 5338 et
3099 5293 3326 5340 caeteros
3353 5286 3624 5354 paciticet,
3657 5287 3774 5342 nul-

2175 5375 2393 5446 liusquc
2449 5389 2738 5444 personam
2793 5375 3026 5446 accipiat
3075 5377 3129 5431 in
3180 5377 3414 5446 judicio,
3467 5387 3522 5433 ct
3571 5379 3774 5436 idcirco

2173 5467 2414 5526 ambulet
2435 5483 2558 5524 cum
2593 5469 2724 5537 Deo,
2753 5469 2900 5524 sicut
2921 5467 3218 5524 ambulavit
3247 5469 3460 5538 Euocli,
3483 5471 3578 5544 qui
3603 5481 3774 5528 trans-

2173 5565 2318 5621 latus
2341 5573 2425 5620 est
2451 5575 2472 5604 ο
2497 5563 2566 5622 ad
2591 5563 2902 5632 Dominum,
2932 5573 3117 5622 etnon
3147 5563 3536 5624 inveniebatur
3559 5565 3770 5642 (Cenes.

2177 5723 2292 5776 quin
2306 5707 2374 5784 in
2389 5707 2834 5784 sacerdotenullo
2856 5707 3000 5784 debet
3019 5709 3266 5784 veneficio
3297 5711 3588 5784 deturpari.

2253 5791 2272 5818 τ
2299 5779 2530 5848 Quidam
2551 5777 2682 5837 editi
2705 5777 2854 5856 libri,
2881 5795 2914 5834 a
2945 5777 3188 5840 Domino.
