4056 6342
224 335 366 394 1557

999 335 1655 395 COMMENTARIORUM
1693 337 1760 394 IN
1801 292 2216 399 MALAClilAM
2256 342 2483 399 LIBER.
2525 342 2680 399 CAP.
2722 342 2784 397 11.

3407 342 3548 401 1558

227 451 318 522 v);
352 452 422 506 Et
451 455 656 510 mullos
685 454 867 509 auertit
893 455 958 508 ab
1000 453 1292 524 iniquitate.
1320 453 1424 521 Qui
1455 452 1709 509 sacerdos
1739 460 1845 523 est,
1875 456 1922 514 A
1951 455 2113 529 961
2147 457 2384 513 asinaria
2417 458 2614 529 ligetur
2639 460 2782 514 circa
2817 459 3047 525 collum,
3079 438 3214 516 etin
3244 469 3397 516 mare
3420 473 3564 529 prato

227 554 285 603 et
336 561 449 602 non
505 547 747 618 corripit
793 547 1211 616 delinquentes,
1243 546 1547 602 sacerdotis
1602 545 1843 601 ofﬁcium

231 641 502 711 praeterit.
538 642 707 696 Labia
735 641 1022 696 sacerdotis
1060 639 1354 695 custodient
1389 640 1658 695 scientiam
1690 656 1708 692 :
1739 652 1849 695 non

229 733 390 800 dixit,
455 739 744 806 proferant,
803 733 925 799 sed,
982 733 1290 798 custodient,
1342 744 1402 788 ut
1442 733 1739 802 loquantur
1791 731 1845 786 in

230 836 514 896 tempore,
549 825 790 898 dentque
817 827 1107 882 conservis
1130 826 1334 880 cibaria
1360 825 1412 880 in
1447 834 1695 894 tempore
1722 837 1844 880 suo.

231 918 304 974 Et
334 920 506 992 legem
537 921 797 992 requirent
837 933 901 976 ea:
944 935 1034 976 ore
1076 924 1211 992 ejus.
1257 920 1314 975 In
1349 921 1553 990 Aggtc'o
1575 919 1682 975 hoc
1705 918 1846 974 idem

232 1013 555 1070 scribitur:
605 1023 630 1051 ³
683 1013 1014 1085 Interrogate
1073 1014 1362 1068 sacerdotes
1418 1013 1581 1084 legem
1641 1011 1852 1065 Domini

234 1105 674 1179 (Aggwitt,12).
711 1107 790 1162 Ad
849 1107 1155 1162 sacerdotis
1207 1107 1446 1177 pertinet
1500 1105 1850 1176 disciplinam

231 1199 642 1270 interrogatum
696 1201 1037 1270 respondere
1079 1203 1149 1257 de
1203 1203 1345 1272 lege.
1372 1200 1476 1269 Qui
1515 1201 1558 1255 si
1592 1201 1851 1271 ignoran-

232 1293 368 1349 tiam
409 1294 464 1349 in
495 1296 718 1351 caeteris
776 1295 1124 1366 diligentem,
1182 1295 1235 1348 in
1296 1294 1594 1364 Scripturis
1648 1291 1853 1348 sanctis

231 1387 567 1446 obtenderit
616 1389 1007 1460 negligentem,
1058 1389 1256 1444 frustra
1292 1387 1468 1458 jactat
1502 1387 1852 1458 dignitatem,

233 1481 396 1551 cujus
450 1496 626 1552 opera
670 1498 776 1538 non
829 1482 1073 1538 exhibet.
1108 1481 1222 1537 Hoc
1251 1491 1335 1536 est
1379 1481 1528 1551 quod
1573 1479 1854 1551 apostolus

235 1575 453 1632 Paulus
484 1576 680 1631 scribit
705 1576 772 1632 ad
804 1577 988 1632 Titum
1024 1595 1036 1629 :
1072 1575 1140 1631 Ut
1181 1585 1360 1646 potens
1395 1576 1462 1630 sit
1498 1575 1761 1630 exhortari
1797 1575 1853 1629 in

235 1671 486 1725 doctrina
509 1688 660 1738 sana,
685 1682 730 1724 et
753 1673 1162 1727 contradicentes
1177 1673 1440 1726 revincere
1461 1670 1680 1743 (Titum.
1707 1686 1743 1739 ι,
1768 1669 1850 1741 9).

234 1765 305 1820 Et
333 1764 405 1819 ad
434 1764 786 1821 Timotheum
823 1785 834 1819 :
862 1765 1030 1838 960
1053 1765 1310 1832 Quoniam
1340 1765 1404 1818 ab
1424 1765 1654 1835 infantia
1679 1779 1854 1818 sacras

1950 549 2226 619 cipitetur,
2259 565 2420 621 quam
2451 551 2788 606 scandalizet
2818 563 2986 608 unum
3015 553 3082 609 de
3105 553 3362 608 minimis.
3395 551 3552 609 luli're

1951 657 2072 698 mos
2108 654 2289 701 autem
2335 644 2542 700 faciunt
2585 646 2788 701 multos
2813 690 2827 714 ,
2883 648 2976 717 qui
3019 661 3142 702 cum
3178 647 3465 704 credentes
3497 647 3550 704 in

1951 734 2170 793 Christo
2202 737 2325 793 fidei
2359 738 2526 794 robur
2558 738 2906 809 acceperint,
2939 740 3202 795 infirmari
3229 753 3324 796 eos
3348 739 3552 797 iaciunt

1955 833 2282 904 negligentia
2311 835 2746 890 conversationis
2789 850 2904 891 sum
2931 875 2947 904 ,
2998 829 3197 906 quibus
3244 834 3556 892 rectissime

1953 925 2153 982 dicitur
2180 944 2194 981 :
2222 926 2444 981 Irritum
2475 927 2664 999 fecistis
2692 935 2905 997 pactum
2929 928 3072 997 Levi,
3109 938 3328 999 pactum
3351 928 3478 984 vita:
3502 938 3556 984 et

1953 1017 2124 1088 pacis,
2157 1026 2210 1074 et
2239 1027 2464 1087 caetera,
2495 1033 2615 1088 qua:
2643 1021 2918 1088 pertinere
2947 1020 3014 1075 ad
3043 1020 3281 1076 ofﬁcium
3310 1017 3547 1076 diximus

1953 1112 2277 1168 sacerdotis.
2311 1113 2484 1182 Quam
2514 1113 2587 1170 ob
2621 1127 2838 1170 causam
2868 1159 2881 1182 ,
2924 1124 2980 1171 et
3018 1131 3138 1185 ego,
3189 1115 3384 1187 inquit,
3425 1115 3552 1172 dedi

1954 1219 2052 1260 vos
2082 1206 2523 1276 contemptibiles
2553 1214 2609 1262 et
2634 1206 2873 1263 humiles
2913 1209 3169 1265 omnibus
3198 1209 3412 1280 populis
3436 1250 3452 1276 ,
3494 1215 3555 1264 ut

1955 1313 2054 1354 vos
2084 1307 2509 1355 contemnerent
2535 1341 2550 1367 ,
2584 1309 2641 1356 et
2671 1313 2774 1372 pro
2807 1299 3018 1357 honore
3049 1311 3104 1357 et
3133 1301 3307 1371 gloria
3335 1343 3350 1367 ,
3395 1302 3551 1372 quasi

1955 1393 2200 1463 deiectos
2245 1393 2589 1465 humilesque
2625 1395 2908 1452 calcarent
2939 1413 2951 1450 :
2991 1396 3140 1450 Sicut
3178 1411 3282 1450 non
3311 1395 3552 1450 servastis

1955 1487 2065 1540 vias
2105 1503 2242 1542 meas
2271 1530 2284 1554 ,
2332 1497 2378 1541 et
2422 1489 2696 1560 accepistis
2727 1489 2912 1560 facient
2941 1489 2996 1543 in
3026 1488 3156 1561 lege.
3190 1487 3342 1544 Inter
3369 1489 3555 1544 omnia

1956 1589 2178 1650 peccata
2205 1581 2357 1652 Levi,
2389 1581 2506 1638 sive
2524 1597 2712 1638 eorum
2736 1584 2827 1655 qui
2861 1599 2925 1640 ex
2951 1582 3080 1639 Levi
3115 1591 3262 1652 sunt,
3297 1581 3556 1640 sacerdo-

1957 1683 2070 1728 tum
2089 1675 2209 1743 Dei,
2230 1675 2362 1730 illud
2377 1683 2433 1731 et
2452 1676 2702 1731 ttitimum
2725 1685 2781 1733 et
2802 1678 3101 1734 maximum
3119 1679 3359 1749 ponitur,
3383 1691 3554 1749 quare

1958 1764 2228 1839 accipiant
2248 1767 2442 1825 faciem
2464 1769 2517 1824 in
2541 1770 2681 1840 lege,
2712 1781 2770 1825 ut
2795 1772 2900 1826 non
2925 1787 3143 1838 causas,
3173 1773 3267 1828 sed
3294 1785 3558 1843 personas

234 1859 445 1913 litteras
467 1861 630 1925 nosti,
655 1875 770 1928 quae
817 1867 863 1914 te
914 1861 1111 1929 possint
1157 1860 1410 1914 instruere
1431 1860 1500 1913 ad
1527 1859 1763 1922 salutent,
1794 1867 1853 1912 ut
1881 1849 1928 1912 Β
1957 1861 2316 1928 considerint,
2347 1862 2668 1933 justutnque
2695 1865 2994 1934 pauperem
3021 1864 3410 1935 deSpicientes,
3444 1863 3556 1919 ini-

237 1959 520 2019 peccantes
543 1967 718 2004 coram
740 1951 982 2005 omnibus
1008 1967 1199 2022 arguas
1233 1950 1299 2022 (ll
1326 1949 1464 2004 Tim.
1491 1965 1569 2014 tu,
1605 1949 1717 2021 15).
1744 1949 1849 2006 Se-

235 2043 430 2114 quitur
457 2061 472 2102 :
509 2044 643 2112 Quia
671 2047 886 2116 angelus
915 2045 1126 2099 Domini
1150 2047 1464 2098 exercituum
1487 2055 1578 2099 est.
1609 2044 1852 2115 Exponit

237 2151 450 2192 nomen
481 2151 643 2192 suum
679 2137 843 2192 Ezras
868 2139 1132 2193 sacerdos
1164 2137 1284 2203 Dei,
1321 2138 1427 2192 hoc
1458 2145 1560 2203 est,
1593 2136 1847 2204 Malae/ti,

236 2227 388 2298 quod
420 2229 641 2301 angelus
672 2228 883 2284 Domini
916 2231 1308 2301 interpretatur
1341 2249 1355 2292 ;
1387 2230 1611 2300 angelus
1644 2240 1848 2298 autem,

235 2321 294 2377 id
339 2332 450 2389 est,
506 2325 754 2393 nuntius,
810 2325 1066 2380 sacerdos
1119 2325 1215 2380 Dei
1275 2325 1564 2380 verissime
1624 2324 1848 2394 dicitur,

237 2419 368 2486 quia
397 2418 494 2473 Dei
528 2427 584 2472 et
611 2418 893 2473 hominum
923 2426 1212 2489 sequester
1241 2425 1344 2484 est,
1391 2418 1619 2488 ejusque
1649 2417 1717 2472 ad
1750 2433 1850 2488 po-

239 2512 433 2583 pulum
475 2514 690 2568 nuntiat
711 2513 1050 2569 voluntatem
1086 2530 1098 2567 :
1145 2521 1199 2568 et
1227 2512 1432 2568 idcirco
1462 2513 1518 2566 in
1545 2511 1854 2568 sacerdotis

238 2617 475 2678 pectore
507 2607 775 2662 rationale
804 2617 891 2662 est
919 2607 1119 2676 (Exod.
1156 2606 1326 2676 xxix),
1371 2617 1429 2660 et
1490 2607 1544 2660 in
1596 2606 1852 2662 rationali

238 2700 504 2756 doctrina
537 2709 591 2757 et
619 2701 822 2757 veritas
870 2700 1109 2771 ponitur,
1157 2709 1217 2756 ut
1264 2699 1564 2768 discamus,
1592 2701 1854 2756 sacerdo-

236 2803 348 2848 tem
382 2791 617 2848 doctum
651 2809 774 2849 esse
821 2794 1047 2860 debere,
1099 2802 1154 2849 et
1206 2809 1514 2864 praeconem
1562 2794 1853 2850 dominicae

231 2884 525 2941 veritalis.
559 2885 786 2954 Quidam
821 2886 926 2942 hoc
956 2886 1100 2957 quod
1131 2887 1197 2940 ad
1231 2885 1360 2942 Levi
1400 2896 1452 2942 et
1493 2902 1590 2957 per
1618 2888 1746 2943 Levi
1781 2891 1848 2945 ad

231 2977 574 3034 sacerdotes
604 2978 828 3047 dicitur,
861 2981 995 3034 falso
1029 2988 1220 3050 putant.
1261 2981 1680 3048 intelligendum
1727 2999 1852 3041 esse

234 3069 304 3125 de
347 3069 608 3137 Christo,
669 3085 778 3126 non
825 3072 1187 3143 respicientes
1244 3087 1307 3128 ea
1355 3087 1480 3143 qtae
1525 3084 1848 3146 sequuntur,

237 3179 502 3235 personas
530 3164 736 3221 Christi
766 3180 890 3222 esse
921 3167 1214 3222 contraria.

1954 1970 2091 2026 quos
2119 1954 2315 2010 divites
2347 1957 2648 2026 suscipiant
2676 1963 2734 2012 et
2762 1957 3059 2014 honorent.
3093 1957 3172 2013 Ad
3205 1971 3340 2029 quos
3367 1959 3420 2014 in
3455 1972 3555 2014 σεδ

1955 2052 2224 2118 togesimo
2253 2050 2430 2120 primo
2461 2051 2668 2120 psalmo
2709 2051 2910 2106 dicitur
2942 2067 2956 2104 ε
2994 2049 3273 2122 Usquequo
3294 2051 3553 2124 judicatis

1953 2143 2300 2213 iniquitatem,
2330 2151 2377 2196 et
2403 2144 2565 2214 facies
2589 2151 2922 2213 peccatorum
2941 2145 3147 2199 sumitis
3169 2143 3343 2216 (Psal.
3362 2159 3550 2213 Lxxxt,

1953 2237 2058 2308 2)?
2099 2245 2154 2291 et
2192 2238 2394 2294 Paulus
2425 2237 2492 2294 ad
2519 2238 2744 2295 Galatas
2770 2257 2782 2292 ε
2812 2238 2951 2294 Deus
2976 2282 2991 2307 ,
3022 2240 3236 2310 inquit,
3281 2255 3554 2310 personam

1953 2331 2180 2387 hominis
2202 2347 2306 2386 non
2327 2333 2516 2402 accipit
2537 2331 2554 2404 «ξ
2572 2331 2694 2388 Gal.
2711 2333 2884 2405 xxvr).
2913 2333 3248 2403 Pleninsque
3273 2333 3552 2403 apostolus

1953 2424 2188 2480 Jacobus
2209 2423 2312 2480 hoc
2334 2433 2621 2494 peccatum
2645 2426 2843 2496 arguit,
2869 2431 3032 2496 atque
3054 2425 3382 2481 condemnat
3410 2424 3554 2490 (Jac.

1953 2516 2037 2584 2).
2061 2515 2335 2586 Quidquid
2361 2525 2541 2572 autem
2566 2517 2739 2587 priori
2771 2519 2974 2589 populo
3003 2519 3225 2584 dicitur,
3253 2519 3416 2574 etiam
3451 2535 3551 2574 no-

1954 2611 2037 2666 bis
2067 2609 2274 2665 dictum
2305 2619 2558 2681 putemus
2586 2620 2643 2667 ut
2672 2614 2950 2668 cautiores
2976 2613 3302 2669 recedamus
3333 2631 3362 2668 a
3384 2615 3552 2682 vitiis,

1955 2701 2223 2758 etfaciem
2258 2717 2368 2756 non
2405 2703 2762 2774 suscipiamus
2787 2703 2840 2759 in
2871 2705 3021 2775 lege,
3072 2719 3176 2760 nec
3225 2706 3319 2778 qui
3363 2722 3551 2763 sumus

1955 2795 2195 2850 cultores
2225 2795 2317 2850 Dei
2345 2835 2360 2863 ,
2393 2796 2614 2852 veritati
2643 2797 2992 2853 mendacium
3025 2786 3417 2868 praeferamus.

2029 2887 2212 2956 (Vers.
2248 2887 2315 2944 10
2343 2887 2524 2958 seqq.)
2556 2888 2830 2960 Numquid
2850 2906 2953 2944 non
2980 2889 3140 2946 Pater
3163 2907 3297 2948 unus
3319 2894 3551 2948 omnium

1955 2988 2186 3033 nostrum
2202 2979 2227 3031 ?
2254 2977 2305 3032 Ν
2311 2979 2654 3051 nmquid-non
2680 2981 2821 3035 Deus
2843 2998 2982 3037 unus
3003 2985 3193 3038 creavit
3214 2986 3346 3039 nos?
3376 2986 3552 3053 Quare

1954 3085 2074 3140 ergo
2095 3070 2313 3141 despicit
2343 3072 2699 3142 unusquisque
2728 3081 2962 3127 nostrum
2993 3077 3210 3144 fratrem
3237 3089 3412 3140 suum,
3442 3078 3554 3132 rio-

1955 3163 2071 3216 Ians
2093 3172 2302 3234 pactum
2320 3172 2529 3234 patrum
2551 3167 2888 3221 nostrorum?
2908 3167 3281 3241 Transgressus
3297 3169 3553 3240 cstJuda,

309 3257 514 3329 (Verg,
546 3258 600 3325 8,
627 3257 711 3327 9.)
750 3258 853 3312 Vos
894 3268 1065 3313 autem
1103 3258 1384 3314 recessisti;
1405 3258 1468 3314 de
1496 3259 1599 3327 υειι1
1626 3273 1674 3316 ει
1698 3275 1849 3318 “an.
1875 3243 1922 3307 C
1956 3265 2003 3311 et
2028 3256 2342 3310 abominatio
2363 3257 2502 3326 facta
2523 3265 2600 3310 est
2621 3259 2677 3312 in
2696 3257 2887 3326 Israel,
2920 3269 2965 3314 et
2997 3261 3053 3315 in
3073 3260 3408 3320 Jerusalem:
3429 3266 3552 3334 quia

237 3354 520 3410 dalizastis
564 3355 819 3426 plurintos
867 3356 921 3408 in
969 3355 1077 3426 lege
1106 3371 1123 3408 :
1151 3355 1360 3409 irritum
1403 3355 1595 3426 fecistis
1642 3365 1848 3427 pactum

237 3445 387 3514 Levi,
437 3447 560 3502 dicit
605 3446 858 3502 Dominus
888 3450 1228 3503 exercituum.
1259 3446 1478 3520 Pr0pler
1517 3451 1654 3520 quod
1678 3459 1726 3505 et
1757 3465 1852 3523 ego

239 3543 365 3599 dedi
413 3559 503 3597 uos
553 3543 978 3614 contemptibiles,
1013 3553 1058 3596 et
1085 3543 1306 3598 humiles
1332 3543 1570 3598 omnibus
1615 3543 1844 3614 populis,

239 3636 374 3691 sicut
434 3651 538 3690 non
588 3637 834 3691 servastis
864 3637 972 3690 vias
1004 3651 1161 3700 meas,
1192 3645 1237 3689 et
1273 3636 1542 3705 accepistis
1580 3635 1765 3708 faciem
1793 3637 1850 3692 in

241 3729 373 3801 lege.
404 3727 554 3784 LXX
583 3747 595 3783 :
632 3728 740 3783 Vos
770 3737 938 3783 autem
987 3729 1285 3783 décliuastis
1315 3729 1378 3782 de
1403 3728 1485 3782 via
1509 3743 1644 3792 mea,
1677 3737 1723 3782 et
1769 3729 1852 3783 ind

244 3821 430 3891 firmos
462 3821 655 3890 fecistis
685 3822 875 3876 multos
901 3822 952 3875 in
979 3822 1107 3892 lege,
1151 3822 1456 3894 corrupistis
1483 3831 1852 3878 testamentum

241 3913 392 3982 Leni,
431 3914 556 3968 dicit
581 3912 839 3969 Dominus
867 3916 1208 3984 ontnipotens.
1242 3915 1308 3968 Et
1344 3931 1436 3986 ego
1460 3915 1582 3970 dedi
1607 3932 1695 3970 vos
1725 3931 1848 3972 con-

243 4007 580 4077 temptibiles,
609 4013 656 4059 et
685 4007 962 4062 dissolutos
985 4009 1044 4062 in
1070 4025 1243 4063 onmes
1276 4018 1472 4080 gentes,
1503 4025 1598 4079 pro
1626 4027 1684 4066 eo
1705 4011 1846 4083 quod

241 4115 350 4154 non
377 4099 678 4155 custodistis
705 4101 814 4154 uias
843 4117 1006 4169 meas,
1036 4103 1126 4157 sed
1155 4102 1489 4173 accipiebatis
1515 4121 1764 4174 personas
1792 4107 1848 4161 in

243 4191 380 4264 tege.
409 4192 539 4246 "me
569 4191 634 4248 ad
667 4191 872 4248 Christi
913 4207 1018 4249 non
1073 4196 1352 4266 pertinere
1397 4209 1711 4266 personam,
1746 4212 1846 4254 nec

241 4286 312 4342 ad
341 4301 441 4343 eos
468 4287 562 4358 qui
615 4287 761 4344 illius
809 4289 982 4345 cultui
1029 4289 1267 4346 dedicati
1297 4298 1446 4360 sunt,
1485 4291 1700 4348 etiamsi
1745 4307 1848 4364 ego

242 4387 457 4435 taceam
482 4379 726 4450 prudens
756 4380 933 4436 lector
956 4383 1231 4453 intelligit.
1261 4384 1327 4438 Et
1351 4391 1436 4438 est
1461 4397 1654 4440 sensus
1681 4401 1694 4436 :
1731 4383 1845 4456 Ego

243 4487 346 4529 vos
382 4473 532 4528 volui
557 4475 739 4530 facere
765 4491 886 4545 qua:
918 4477 1086 4546 priori
1113 4479 1358 4548 capitulo
1385 4480 1754 4546 continentur,
1790 4489 1846 4536 et

245 4567 315 4624 de
346 4569 545 4638 quibus
576 4583 675 4640 per
702 4569 922 4642 Moysen
968 4572 1024 4626 in
1072 4571 1498 4628 Deuteronomio
1535 4587 1655 4628 sum
1696 4574 1844 4629 locn-

1953 3349 2324 3404 contaminavit
2348 3347 2493 3403 Juda
2522 3350 2987 3421 sanctiﬁcationem
3014 3351 3254 3422 Domini,
3284 3371 3438 3426 quam
3469 3359 3554 3412 di-

1954 3447 2098 3510 lexit,
2123 3452 2170 3498 et
2191 3443 2373 3498 habuit
2395 3443 2559 3513 filiam
2587 3441 2681 3499 Dei
2704 3446 2886 3501 alieni.
2918 3444 3197 3518 Disperdet
3220 3449 3326 3521 [AL
3353 3452 3552 3522 disper-

1952 3537 2065 3610 dat]
2095 3537 2350 3592 Dominus
2376 3537 2544 3591 uirum
2571 3538 2659 3608 qui
2690 3539 2866 3607 fecerit
2895 3539 2993 3592 hoc
3011 3582 3023 3603 ,
3056 3543 3364 3614 magistrum
3391 3552 3440 3599 et
3471 3545 3550 3599 di-

1951 3630 2208 3702 scipulum
2237 3631 2299 3684 de
2325 3628 2676 3684 tabernaculis
2704 3629 2869 3684 Jacob
2890 3673 2903 3698 ,
2951 3643 2999 3685 et
3029 3631 3329 3700 offerentem
3360 3651 3548 3692 munus

1951 3724 2177 3779 Domino
2199 3723 2537 3777 exercituum.
2565 3720 2706 3777 LXX
2730 3740 2743 3776 :
2771 3722 2960 3778 Nonne
2979 3724 3144 3780 Pater
3164 3739 3299 3782 unus
3320 3731 3547 3786 omnium

1953 3819 2214 3872 vestrum?
2237 3815 2424 3870 Nonne
2449 3815 2588 3869 Deus
2611 3831 2744 3870 unus
2768 3819 2958 3871 creavit
2982 3819 3112 3873 uos?
3134 3819 3310 3885 Quare
3330 3823 3546 3895 reliquia

1951 3913 2045 3966 stis
2077 3911 2426 3982 unusquisque
2450 3914 2670 3978 fratrem
2695 3925 2870 3979 suum,
2907 3922 2960 3966 ut
2987 3912 3333 3970 abominabile
3358 3917 3550 3988 faceret

1952 4015 2307 4061 testamentum
2327 4011 2536 4078 patrum
2566 4014 2876 4060 uestrorum.
2907 4005 3204 4064 Derelictus
3232 4019 3305 4066 est
3335 4010 3508 4068 Judas
3527 4058 3543 4083 ,

1949 4109 1997 4155 et
2026 4099 2347 4154 abominatio
2370 4098 2513 4169 facta
2539 4108 2614 4154 est
2640 4101 2693 4153 iu
2714 4098 2910 4165 Israel,
2939 4110 2986 4155 et
3009 4102 3062 4155 in
3084 4101 3400 4172 Jerusalem,
3427 4110 3548 4176 quia

1950 4195 2314 4248 contaminavit
2343 4192 2515 4247 Judas
2545 4203 2727 4250 sancta
2760 4193 3008 4263 Domini,-
3039 4198 3092 4251 in
3117 4198 3304 4268 quibus
3329 4200 3542 4268 dilexit,

1949 4298 1998 4344 et
2022 4289 2289 4344 adiuuenit
2309 4290 2434 4343 deos
2455 4289 2671 4345 alienos.
2698 4287 2988 4361 Disperdat
3006 4289 3264 4347 Dominus
3287 4291 3545 4349 hominem

1947 4384 2038 4454 qui
2069 4382 2193 4454 facit
2220 4382 2329 4436 htec
2350 4424 2365 4449 ,
2397 4379 2564 4454 962
2591 4383 2755 4438 donec
2781 4384 3078 4438 exturbatur
3108 4383 3172 4438 de
3200 4383 3546 4442 tabernaculis

1947 4476 2132 4544 Iacob,
2157 4485 2203 4530 et
2221 4476 2284 4531 de
2306 4477 2405 4545 his,
2430 4479 2521 4548 qui
2544 4477 2770 4544 offerunt
2793 4477 3112 4548 sacri/icium
3129 4477 3358 4536 Domino
3380 4482 3572 4541 omnl-,

1948 4573 2165 4642 potenti.
2192 4572 2500 4642 Antequam
2531 4573 2599 4627 de
2622 4571 2882 4640 praesenti
2911 4573 3152 4643 capitulo
3182 4574 3546 4646 disputemus,

243 4669 332 4717 tus
361 4680 372 4716 :
405 4660 544 4717 Date
567 4660 692 4716 Levi
713 4662 1006 4718 doctrinam
1027 4668 1160 4736 ejus,
1192 4672 1238 4719 et
1265 4666 1529 4719 ueritatem
1565 4667 1672 4721 viro
1695 4669 1842 4739 justo
1869 4647 1922 4706 Ῑ)
1951 4663 2306 4719 Hebraeorum
2335 4669 2420 4718 est
2449 4665 2699 4733 ponenda
2729 4664 2953 4721 traditio
2983 4710 2996 4734 ,
3046 4666 3211 4721 immo
3252 4665 3550 4738 Scriptura:

244 4754 425 4824 (Deut.
458 4767 654 4822 stum,
684 4755 738 4823 8,
771 4771 876 4814 sec.
906 4753 1102 4826 LXX),
1153 4767 1206 4812 et
1251 4757 1458 4827 reliqua
1491 4773 1628 4814 :vos
1653 4768 1838 4816 autem

245 4849 562 4906 recessistis
605 4850 674 4906 de
729 4852 813 4906 via
866 4861 1037 4920 recta,
1087 4854 1206 4909 sive
1252 4851 1587 4921 decliuastis,
1625 4853 1848 4911 dicente

244 4958 372 5000 me:
403 4944 527 5000 Non
577 4945 802 5001 declines
849 4964 1010 5018 neque
1035 4949 1106 5002 ad
1137 4949 1392 5016 dextram,
1439 4965 1599 5021 neque
1627 4950 1696 5004 ad
1718 4951 1846 5004 sini-

249 5045 379 5092 tram
430 5036 688 5109 (Deut.v,
722 5038 846 5106 52);
896 5048 953 5093 et
997 5039 1246 5095 infirmos
1292 5041 1499 5096 fecistis
1545 5042 1749 5097 multos
1793 5043 1844 5098 in

248 5129 392 5202 lege,
423 5131 539 5187 sive
568 5131 1004 5204 scandalizastis,
1054 5143 1110 5190 ut
1159 5135 1356 5207 Aquila
1395 5147 1449 5193 et
1479 5137 1849 5210 Symmachus

248 5236 554 5284 verterunt.
579 5225 863 5284 Declinare
881 5227 948 5284 ad
965 5229 1242 5299 dextram,
1258 5241 1344 5288 est
1359 5233 1640 5290 abstinere
1659 5247 1689 5289 a
1710 5235 1846 5292 cibis

250 5333 389 5391 quos
405 5319 549 5375 Deus
567 5322 774 5377 crearit
792 5320 862 5377 ad
881 5323 1141 5378 utendum
1170 5344 1182 5378 :
1208 5325 1579 5382 condemnare
1603 5329 1844 5399 nuptias,

252 5420 310 5468 et
337 5412 390 5467 in
413 5409 544 5468 illud
570 5414 872 5484 incurrere,
897 5416 1044 5486 (food
1066 5417 1116 5471 in
1141 5417 1393 5474 alioloco
1413 5421 1678 5490 scriptum
1711 5427 1796 5477 est
1829 5437 1843 5477 :

252 5503 339 5558 Ne
362 5506 433 5560 sis
445 5507 620 5575 justus
639 5508 858 5562 multum
890 5507 1058 5582 (Eccl.
1094 5525 1183 5576 vn,
1218 5513 1328 5582 i7).
1359 5512 1440 5566 Ad
1467 5513 1743 5571 sinistram
1767 5515 1853 5572 di-

251 5607 487 5665 vertere,
522 5607 606 5654 est
639 5614 760 5654 cum
801 5602 923 5673 quis
963 5603 1192 5660 luxuria:
1221 5620 1281 5660 se
1315 5605 1477 5660 tradit
1506 5611 1561 5661 et
1589 5606 1762 5673 libini,
1795 5617 1851 5664 et

1951 4757 2151 4812 veritas
2177 4755 2514 4826 explicanda.
2539 4756 2798 4829 Legimus
2825 4755 2880 4812 in
2905 4759 3200 4826 volumine,
3229 4759 3376 4832 quod
3400 4763 3552 4817 Ezrte

1953 4850 2110 4905 titulo
2133 4859 2489 4921 praenotatur,
2519 4865 2583 4907 ex
2610 4863 2844 4920 persona
2867 4853 3036 4922 ipsius
3063 4853 3216 4909 Ezra:
3238 4853 3548 4925 loquentis:

1951 4947 2286 5001 Accesserunt
2317 4946 2386 5000 ad
2406 4955 2486 5000 me”
2515 4947 2801 5019 principes,
2833 4947 3060 5002 dicentes
3092 4965 3110 5004 :
3139 4947 3264 5004 Non
3292 4958 3365 5006 est
3399 4963 3550 5023 sepa-

1949 5049 2095 5094 ratus
2128 5040 2350 5112 papulas
2370 5037 2562 5108 Israel,
2594 5047 2642 5093 et
2673 5040 2971 5095 sacerdotes
2997 5049 3042 5095 et
3068 5040 3264 5096 Levita:
3284 5059 3314 5095 a
3338 5043 3549 5115 populis

1952 5143 2228 5200 terrarum,
2262 5141 2308 5187 et
2329 5133 2393 5187 de
2409 5133 2882 5188 abominationibus
2914 5147 3115 5201 eorum,
3147 5129 3434 5190 Chanantci
3465 5136 3546 5188 oi-

1952 5225 2156 5291 delicet,
2189 5234 2238 5280 et
2270 5223 2464 5292 Etluci,
2495 5234 2539 5280 et
2565 5223 2848 5294 Pheresaei,
2881 5235 2927 5280 et
2959 5225 3192 5281 .lebustei
3217 5271 3230 5296 ,
3261 5237 3310 5281 et
3335 5226 3548 5282 Ammo-

1948 5321 2177 5374 nitarum
2204 5362 2218 5386 ,
2250 5329 2297 5374 et
2335 5318 2716 5386 Moabitarum,
2747 5329 2795 5374 et
2830 5317 3238 5394 /Egyptiorum,
3282 5329 3329 5376 et
3358 5323 3550 5377 Amor-

1948 5415 2228 5471 rlucorum.
2265 5414 2514 5470 Tulerunt
2545 5416 2681 5469 enim
2711 5415 2774 5470 de
2796 5413 3010 5484 ﬁliabus
3038 5427 3220 5469 eorum
3247 5414 3378 5484 sibi,
3410 5417 3458 5470 et
3483 5413 3556 5486 ﬂ.-

1950 5510 2035 5565 liis
2061 5511 2190 5576 suis,
2225 5517 2270 5565 et
2293 5511 2727 5565 commisCuerunt
2752 5525 2922 5566 semen
2943 5517 3178 5564 sanctum
3201 5521 3318 5564 cum
3340 5507 3548 5582 populis

1947 5617 2227 5663 terrarum.
2248 5603 2435 5662 Manus
2457 5607 2612 5662 etiam
2636 5607 2934 5677 principum
2961 5615 3006 5661 et
3028 5607 3424 5676 magistratuum
3449 5603 3548 5678 fuit

253 5692 582 5748 satitdalizat
611 5693 810 5751 multos
840 5696 893 5750 in
929 5696 1050 5768 lege
1083 5713 1094 5751 :
1129 5697 1216 5753 cui
1247 5697 1446 5754 melius
1472 5707 1579 5768 est,
1613 5708 1671 5755 ut
1701 5701 1846 5757 mola
1944 5701 2000 5755 in
2045 5701 2426 5773 trangressione
2452 5697 2548 5754 hac
2577 5700 2766 5772 prima.
2797 5697 3028 5771 Cumque
3057 5699 3318 5756 audissem
3346 5699 3545 5756 sermo-

328 5887 354 5916 α
382 5879 653 5941 Rescribit
685 5881 980 5958 Victorius,
1026 5883 1325 5963 Interroga,
1359 5901 1427 5948 ex
1457 5886 1643 5963 Aegaei
1677 5897 1846 5949 textu.

4038 1749 4039 1844 ξ

4038 1847 4039 1920 l

4037 1925 4039 2072 l

4037 2079 4039 2160 l

4038 5541 4039 5568 ι

4038 5591 4039 5636 l

4037 5645 4039 5774 ἕ
