4056 6342
492 307 515 362 1
528 304 633 362 559

1729 310 1787 365 S.
1832 307 2105 367 EUSEBII
2143 307 2527 369 HIERONYMI

3657 313 3803 373 1560

486 442 600 480 nent
628 428 803 494 istum,
833 428 963 483 scidi
996 427 1221 500 pallium
1254 445 1422 483 meum
1461 438 1509 484 et
1556 429 1785 483 tunicam
1815 469 1829 494 ,
1865 436 1911 483 et
1936 426 2084 483 evelli
2107 426 2164 489 Α
2190 440 2266 484 ter
2294 446 2425 484 unus
2456 430 2689 485 omnium
2730 433 3014 487 nostrum?
3062 430 3133 487 de
3175 429 3448 486 Abraham
3479 431 3560 487 sic
3590 428 3805 486 intelli-

488 519 712 590 capillos
743 522 931 591 capitis
961 523 1057 576 mei
1087 533 1135 577 et
1160 522 1346 586 barbtc,
1382 530 1429 576 et
1459 524 1568 576 sedi
1594 539 1806 577 maerens
1839 521 1893 595 (ι
1924 519 2081 576 Esdr.

491 625 547 664 ix
581 613 605 666 1
638 629 776 684 seqq.
808 614 908 681 )El
942 630 1157 669 rursum
1183 615 1238 669 in
1279 612 2088 685 consequentibus:Inventique

490 712 609 756 sunt
631 704 695 756 de
722 704 847 773 filiis
872 705 1232 769 sacerdotum,
1266 707 1355 775 qui
1382 707 1645 761 duxerunt
1675 721 1866 760 uxores
1895 705 2085 760 alieni-

486 812 647 864 genas
673 798 735 851 de
757 796 881 867 ﬁliis
901 796 1051 865 Jesu,
1082 798 1181 868 ﬁlii
1203 798 1446 863 Josetlec,
1481 810 1529 854 et
1555 802 1739 870 fratres
1767 797 1899 869 ejus,
1932 794 2086 850 Maa-

488 888 591 952 sia,
615 898 666 943 et
686 888 931 957 Eleazar,
960 902 1006 944 et
1029 889 1201 954 Jarib,
1229 890 1537 959 etGodolia,
1561 902 1609 947 et
1630 892 1885 946 dederunt
1901 907 2086 945 manus

490 996 630 1045 suas,
652 990 706 1034 ut
729 981 976 1051 ejicerent
998 999 1186 1038 uxores
1207 1001 1351 1052 suas,
1371 992 1417 1038 et
1441 1002 1534 1053 pro
1552 983 1741 1038 delicto
1764 1000 1857 1037 suo
1874 982 2087 1036 arietem

486 1073 555 1127 de
582 1074 756 1129 oribus
782 1074 1028 1143 offerrent
1061 1080 1078 1147 (
1108 1078 1124 1131 1
1161 1077 1318 1133 Esdr.
1353 1095 1412 1145 x,
1438 1078 1505 1133 18
1528 1122 1543 1145 ,
1574 1076 1693 1148 19).
1725 1077 1783 1133 lu
1817 1076 1925 1132 line
1953 1091 2085 1146 quo-

487 1184 593 1238 que
615 1169 833 1238 capituli
862 1180 985 1239 post
1011 1172 1482 1228 enumerationem
1507 1188 1723 1238 eorum,
1755 1171 1848 1243 qui
1888 1183 2085 1226 uxores

492 1264 831 1335 alienigenas
863 1278 1194 1337 acceperant
1225 1267 1352 1340 [Αι.
1376 1266 1757 1339 acciperent],
1805 1266 2084 1335 Scriptura

490 1368 887 1412 commemorat
919 1376 929 1412 :
968 1356 1158 1412 Omnes
1190 1359 1243 1412 hi
1276 1368 1582 1431 acceperunt
1610 1372 1798 1412 uxores
1838 1356 2087 1427 alienige-

492 1464 588 1501 nas
614 1466 631 1502 :
660 1460 705 1501 et
734 1454 946 1520 fuerunt
978 1466 1041 1503 ex
1068 1453 1142 1504 eis
1174 1451 1413 1505 mulieres
1437 1438 1556 1522 qua?
1586 1457 1892 1521 pepererant
1924 1448 2081 1517 filios.

494 1539 717 1597 Reversi
732 1558 861 1612 ergo
882 1543 947 1597 de
969 1544 1287 1613 captivitate
1302 1543 1629 1614 Babylonia,
1649 1552 1758 1598 tam
1779 1544 2054 1613 principes
2070 1584 2085 1609 ,

487 1636 896 1703 etsacerdotes,
929 1653 991 1693 ac
1012 1636 1239 1706 Levitte,
1272 1654 1434 1709 quam
1455 1637 1701 1709 reliquus
1728 1637 1963 1709 p0pulus
1991 1638 2085 1692 ab-

482 1728 737 1797 jeccrunt
770 1745 972 1786 uxores
1002 1746 1132 1787 suas
1162 1731 1451 1787 Israelitici
1479 1732 1699 1802 generis
1728 1773 1742 1795 ,
1788 1747 1910 1802 qum
1951 1746 2084 1801 pau-

2190 533 2347 595 gunt,
2377 534 2436 580 ut
2465 525 2629 581 etiam
2658 524 2901 597 gentium
2934 536 3145 596 patrem
3178 524 3452 581 Abraham
3484 539 3610 581 esse
3639 539 3802 580 como

2190 628 2514 685 memorent,
2532 618 2832 674 secundum
2853 618 2986 674 illud
3009 618 3155 686 quod
3180 619 3441 689 scriptum
3465 628 3553 675 est
3577 636 3590 673 :
3615 619 3803 674 Potest

2189 706 2330 763 Deus
2355 712 2418 764 de
2443 710 2709 782 lapidibus
2737 711 2851 764 istis
2895 711 3148 765 suscitare
3182 712 3321 781 ﬁlios
3350 710 3576 765 Abrahre
3607 710 3627 781 (
3654 709 3799 766 Mat.

2188 817 2268 869 Ill,
2292 801 2376 867 9)?
2397 800 2494 856 Vel
2526 811 2677 858 certe
2700 818 2869 857 unum
2896 803 3067 858 Deum
3096 803 3313 859 Patrem
3338 803 3613 858 affirmant
3636 803 3800 874 juxta

2189 896 2322 951 illud
2345 896 2488 968 quod
2518 896 2571 952 in
2596 896 3021 952 Deuteronomio
3045 896 3275 968 legimus
3302 913 3317 951 :
3344 895 3536 951 Nonne
3559 898 3659 951 iste
3684 896 3802 967 ipse

2188 1002 2261 1044 est
2279 989 2457 1059 Pater,
2479 992 2568 1062 qui
2592 990 2818 1061 possedit
2837 1002 2913 1059 te,
2938 1001 2989 1048 et
3009 994 3130 1064 fecit
3151 1004 3222 1059 te,
3241 1002 3287 1047 et
3309 993 3497 1047 crearit
3518 1002 3567 1047 te
3600 990 3797 1065 (Deut.

2189 1099 2356 1149 xxx",
2389 1084 2565 1153 6)?Et
2591 1097 2806 1138 rursum
2835 1102 2847 1137 :
2883 1083 3048 1139 Deum
3078 1086 3169 1155 qui
3196 1094 3245 1139 te
3274 1086 3488 1152 creavit,
3520 1084 3787 1155 reliquisti

2189 1173 2381 1246 (Ibid,
2418 1174 2530 1247 18).
2577 1175 2647 1230 Et
2674 1176 2845 1231 alibi:
2882 1173 3054 1231 Filios
3091 1177 3248 1250 genui
3291 1184 3341 1232 et
3381 1175 3608 1232 exaltari
3641 1193 3660 1232 :
3692 1176 3800 1248 ipsi

2187 1277 2363 1322 autem
2391 1267 2715 1339 reliquerunt
2745 1286 2825 1324 me
2857 1267 3011 1342 (Isai.
3041 1285 3097 1336 ι,
3120 1270 3206 1343 2).
3245 1272 3311 1325 lit
3352 1270 3408 1326 in
3449 1269 3799 1329 Psalmorum

2187 1361 2463 1418 volumine
2495 1379 2507 1416 :
2543 1360 2673 1416 Filii
2703 1360 2866 1417 alieni
2897 1364 3097 1417 mentiti
3127 1374 3245 1417 sunt
3273 1363 3402 1417 mihi
3442 1379 3462 1417 :
3502 1362 3606 1432 filii
3632 1363 3799 1419 alieni

2185 1457 2454 1511 inveterati
2483 1466 2605 1512 sunt
2628 1497 2643 1521 ,
2688 1468 2735 1511 et
2762 1457 3185 1512 elaudicaverunt
3216 1474 3248 1510 a
3274 1457 3470 1511 semitis
3497 1458 3608 1511 suis
3648 1456 3671 1531 (
3695 1456 3793 1513 Ps.

2187 1565 2317 1616 xvu,
2348 1549 2466 1619 46).
2499 1548 2666 1621 964
2700 1548 2769 1605 Et
2798 1549 2868 1605 ab
2900 1548 3004 1604 hoc
3034 1564 3145 1604 uno
3175 1558 3331 1618 patre
3352 1592 3367 1616 ,
3402 1550 3495 1619 qui
3528 1564 3799 1619 peccave-

2187 1651 2332 1707 runt,
2368 1641 2710 1705 recedentes,
2744 1640 2945 1696 multos
2967 1642 3223 1696 vitiorum
3250 1655 3474 1696 suorum
3498 1650 3688 1709 patres
3717 1641 3798 1698 fe-

2187 1751 2312 1791 cere
2339 1755 2350 1790 :
2380 1734 2560 1790 Omnis
2592 1736 2727 1789 enim
2748 1736 2837 1805 qui
2859 1734 2983 1802 facit
3006 1743 3291 1806 peccatum,
3322 1734 3387 1789 de
3409 1734 3620 1789 diabolo
3640 1743 3797 1789 natus

488 1832 707 1892 pertate
739 1834 794 1878 et
824 1824 1019 1894 injuria
1052 1826 1313 1896 longioris
1341 1827 1477 1891 viae,
1508 1835 1563 1881 et
1600 1826 1890 1896 fragilitate
1917 1840 2082 1881 sexus
2111 1825 2160 1887 Β
2186 1838 2280 1883 est.
2313 1827 2478 1898 quue
2499 1827 2641 1898 quod
2670 1827 2919 1898 sequitur
2947 1846 2958 1881 :
2988 1827 3166 1894 Quare
3188 1827 3409 1896 despicit
3429 1829 3797 1901 unusquisque

490 1932 599 1973 non
628 1918 865 1975 ferentes
899 1930 925 1957 ει
955 1922 1234 1989 laborem,
1266 1919 1528 1977 confectae
1556 1929 1734 1985 erant,
1768 1928 1823 1975 et
1851 1919 2081 1974 infirmi-

490 2019 652 2066 tatem
687 2026 751 2066 ac
784 2011 1191 2069 deformitatem
1238 2028 1533 2085 corporum
1563 2022 1954 2068 contraxerant
1985 2030 1996 2065 :
2031 2022 2087 2069 et

490 2122 614 2162 cum
644 2107 969 2179 alienigenis
1001 2109 1085 2165 vel
1119 2120 1279 2165 aetate
1319 2108 1643 2165 ﬂorentibus
1674 2108 1757 2165 vel
1785 2109 1932 2163 cultu
1959 2124 2083 2163 cor-

486 2216 684 2268 porum
716 2202 1142 2271 pulchrioribus,
1164 2202 1246 2257 vel
1278 2210 1564 2273 potentum
1591 2216 1657 2257 ac
1685 2202 1917 2257 divitum
1946 2202 2083 2256 tilia-

490 2295 591 2349 bus
610 2296 959 2350 matrimonia
978 2295 1322 2367 capularant.
1338 2293 1579 2365 Corripit
1602 2295 1785 2364 itaque
1806 2310 1901 2351 eos
1918 2295 2085 2352 Ezras

486 2389 770 2459 propheta,
798 2399 853 2445 et
874 2390 941 2444 ad
971 2391 1260 2461 repudium
1285 2405 1549 2446 novarum
1571 2390 1857 2461 conjugum
1885 2405 2085 2461 provo-

486 2492 602 2551 cat,
634 2496 692 2537 ut
724 2499 923 2540 uxores
954 2500 1087 2555 quas
1112 2485 1473 2551 dimiserant,
1507 2484 1773 2555 recipiant
1808 2503 1822 2541 :
1858 2483 2082 2553 l‘v’onne,

492 2577 694 2647 inquit,
727 2587 872 2647 pater
900 2595 1032 2633 unus
1063 2580 1327 2633 Abraham
1358 2580 1588 2634 omnium
1623 2588 1858 2633 nostrum
1881 2582 1992 2634 est?
2016 2580 2083 2634 de

485 2684 594 2738 quo
624 2670 676 2723 in
708 2671 843 2724 Isaia
876 2671 1133 2726 scribitur
1166 2690 1179 2725 :
1231 2673 1488 2744 Respicite
1513 2674 1568 2726 in
1593 2672 1856 2727 Abraham
1881 2683 2084 2744 patrem

486 2770 733 2833 vestrum,
766 2775 816 2818 et
842 2764 896 2816 in
921 2763 1133 2832 Suram,
1167 2782 1283 2835 qua:
1308 2768 1485 2837 genuit
1507 2782 1617 2830 vos,
1648 2766 1767 2835 quia
1796 2783 1929 2819 unus
1951 2776 2082 2837 erat,

486 2864 533 2909 et
566 2856 739 2910 vocavi
768 2874 886 2911 eum
930 2856 1082 2927 (Isai.
1118 2873 1205 2925 LI,
1226 2857 1303 2928 2).
1336 2858 1529 2912 Nonne
1548 2858 1693 2912 Deus
1722 2872 1859 2914 unus
1875 2859 2084 2913 creavit

486 2962 619 3014 nos,
658 2948 751 3018 qui
784 2963 849 3003 ex
882 2948 1157 3004 Abraham
1190 2958 1436 3005 nostrum
1467 2951 1630 3023 963
1665 2952 1831 3022 elegit
1870 2952 2083 3021 genus?

484 3039 664 3107 Quare
687 3058 818 3111 ergo
842 3053 1060 3098 veteres
1085 3058 1286 3098 uxores
1308 3046 1715 3100 contemnimus
1732 3090 1746 3113 ,
1778 3053 1832 3101 et
1854 3045 2080 3099 fratrum

483 3145 800 3189 nostrorum
833 3135 1124 3204 abjicimus
1157 3136 1299 3190 tilias
1322 3179 1337 3202 ,
1369 3146 1429 3191 ut
1457 3137 1837 3206 relinquamus
1862 3146 2083 3207 pactum

2190 1931 2424 1976 nostrum
2450 1921 2663 1992 fratrem
2690 1936 2859 1986 suum,
2893 1919 3096 1974 violans
3123 1931 3335 1992 pectunt
3358 1930 3566 1991 patrum
3589 1929 3797 1977 nostro-

2189 2032 2327 2082 rum,
2361 2014 2441 2069 sic
2472 2014 2815 2085 interpretati
2844 2022 2991 2079 sunt,
3020 2022 3078 2068 ut
3107 2013 3358 2069 dicerent
3380 2032 3394 2069 :
3420 2014 3533 2070 Nos
3560 2024 3796 2072 ctutctos

2189 2105 2257 2160 ab
2286 2120 2393 2160 uno
2418 2112 2572 2174 patre
2600 2114 2912 2175 generatos,
2947 2119 3112 2159 unum
3138 2119 3265 2161 esse
3286 2105 3510 2175 debere,
3544 2116 3599 2161 et
3624 2122 3795 2164 unum

2188 2199 2557 2256 confessionis
2589 2198 2794 2254 habere
2821 2198 3024 2253 fabium
3051 2215 3066 2265 ;
3111 2198 3208 2253 sed
3241 2209 3428 2269 postea
3459 2213 3557 2269 per
3587 2214 3794 2271 super-

2188 2293 2336 2350 biam
2363 2304 2420 2349 et
2440 2291 2863 2348 aediﬁcationem
2894 2291 3065 2347 turris
3086 2302 3276 2347 contra
3304 2292 3475 2347 Deum
3507 2293 3561 2347 in
3592 2295 3797 2350 multas

2189 2389 2399 2459 linguas
2429 2396 2592 2459 atque
2620 2387 2928 2444 sententias
2961 2401 3082 2441 esse
3111 2386 3321 2441 divisos
3348 2385 3509 2459 (Gen.
3542 2389 3659 2460 ιι).
3702 2387 3789 2446 Ad

2188 2481 2591 2553 eleemosynam
2616 2495 2832 2552 quoque
2858 2479 3127 2546 referunt,
3156 2488 3216 2535 ut
3236 2478 3424 2535 dicant
3452 2499 3466 2536 :
3494 2480 3793 2551 Despicere

2191 2589 2292 2630 nos
2319 2574 2519 2629 fratres
2542 2581 2785 2643 nostros,
2817 2573 3038 2645 quando
3070 2589 3178 2628 non
3204 2574 3675 2630 communicamus
3708 2577 3794 2633 eis

2187 2685 2309 2740 quae
2335 2668 2502 2724 aDeo
2530 2668 2599 2723 ad
2649 2666 3069 2723 sustentandam
3113 2668 3281 2723 vitam
3324 2668 3662 2738 accepimus.
3720 2669 3796 2727 Et

2188 2762 2256 2819 ad
2283 2762 2387 2818 hoc
2416 2771 2723 2829 transeunt,
2756 2770 2813 2817 ut
2838 2769 3093 2818 asserant
3121 2760 3348 2817 fratrem
3382 2772 3629 2817 nostrum
3650 2802 3665 2827 ,
3698 2776 3795 2820 se-

2188 2858 2422 2915 cundum
2443 2856 2783 2926 Scripturas,
2801 2856 3085 2912 dominum
3108 2854 3398 2926 appellari,
3419 2858 3511 2925 qui
3532 2857 3798 2928 praecepit

2192 2952 2373 3008 Maria:
2398 2951 2731 3022 Magdalente
2752 2991 2768 3018 ,
2803 2959 2864 3004 ut
2889 2950 3109 3005 nuntiet
3136 2947 3397 3004 fratribus
3422 2950 3539 3004 suis
3556 2994 3569 3017 ,
3608 2950 3797 3005 Domi-

2191 3060 2319 3101 num
2352 3046 2660 3100 surrexisse
2689 3041 2875 3112 (Joan.
2905 3041 3039 3114 xx),
3072 3051 3127 3097 et
3156 3042 3394 3112 loquitur
3434 3042 3488 3096 in
3526 3041 3749 3098 Psalmo
3776 3062 3790 3099 :

2194 3138 2436 3192 Narrabo
2468 3152 2653 3191 nomen
2687 3144 2833 3189 tuum
2864 3134 3115 3206 fratribus
3139 3133 3294 3198 meis,
3324 3133 3378 3187 in
3407 3132 3578 3187 medio
3608 3132 3797 3189 Eccle-

484 3236 700 3296 patriun
732 3234 1066 3294 nostrorum,
1101 3238 1151 3283 et
1189 3245 1296 3284 non
1327 3245 1392 3285 ex
1416 3229 1558 3299 Lege
1589 3228 1922 3301 accipiamus
1954 3242 2086 3284 uxo-
2114 3221 2162 3288 C
2192 3231 2285 3286 site
2312 3228 2531 3284 cantabo
2561 3228 2649 3284 tibi
2679 3227 2801 3301 (Ps.
2830 3244 2945 3294 xxi,
2976 3227 3097 3298 25).
3135 3227 3505 3283 Deseruerunt
3530 3241 3666 3298 ergo
3688 3225 3794 3283 Ju-

486 3322 609 3376 res?
636 3322 1040 3392 Transgressus
1062 3332 1146 3378 est
1165 3322 1303 3377 Juda
1336 3322 1478 3395 (hmc
1502 3323 1644 3379 enim
1670 3324 1843 3378 tribus
1865 3338 2084 3379 reversa

485 3424 568 3469 est
599 3415 667 3470 de
694 3414 974 3487 Babylone
1004 3430 1130 3472 cum
1158 3415 1539 3472 sacerdOtibus
1568 3431 1632 3471 ac
1664 3410 1892 3484 Le’vitis,
1922 3427 1977 3472 et
2021 3431 2082 3471 a-

488 3506 795 3563 bnminatio
825 3509 965 3563 facta
998 3518 1081 3564 est
1112 3510 1163 3563 in
1193 3509 1402 3574 Israel,
1440 3518 1497 3565 et
1530 3510 1584 3565 in
1619 3509 1949 3565 Jerusalem.
1980 3508 2088 3565 Ne-

487 3617 759 3672 quaquam
794 3603 848 3657 in
873 3604 1064 3660 decem
1096 3604 1352 3658 tribubus
1373 3644 1389 3670 ,
1418 3619 1539 3674 quae
1568 3603 1637 3660 ab
1658 3604 1904 3675 Assyriis
1935 3615 2087 3660 tene—

486 3695 714 3762 bantur;
749 3696 845 3752 sed
875 3698 928 3752 in
960 3696 1043 3753 his
1071 3695 1098 3735 δ
1127 3697 1219 3768 qui
1248 3697 1316 3751 ad
1340 3696 1467 3770 Cyri
1497 3699 1640 3768 regis
1668 3699 1961 3768 imperium
1985 3698 2088 3755 sub

489 3787 794 3844 Zorobabel
840 3798 896 3845 et
944 3790 1078 3844 Ezra
1103 3833 1118 3856 ,
1168 3800 1226 3843 et
1260 3788 1484 3845 Neemia
1524 3790 1593 3845 de
1624 3790 1921 3860 Babylonia
1962 3801 2088 3847 sunt

490 3882 720 3937 reversi.
757 3881 894 3949 Quia
925 3883 1297 3938 contaminavit
1326 3883 1471 3937 Juda
1494 3885 1959 3956 sanctiﬁcationem
1980 3885 2089 3941 Do-

491 3975 621 4029 mini
648 4016 661 4038 ,
696 3992 852 4047 quam
877 3976 1062 4031 dilexit
1092 4019 1105 4041 ,
1144 3987 1191 4031 et
1220 3976 1403 4033 habuit
1429 3978 1597 4048 ﬁliam
1622 3978 1722 4033 Dei
1751 3979 1908 4034 alieni
1932 4025 1946 4048 ,
1989 3980 2090 4035 mi-

491 4070 694 4124 scendo
726 4085 851 4124 cum
880 4070 1205 4141 alienigenis
1230 4087 1415 4127 semen
1458 4071 1650 4139 Israel,
1680 4083 1734 4127 et
1764 4073 2043 4143 gentilium
2069 4090 2084 4141 ;

490 4161 542 4215 id
573 4171 676 4230 est,
710 4161 1058 4217 ethnicorum
1085 4163 1244 4230 ﬁlias,
1277 4164 1436 4219 idolis
1462 4165 1790 4229 servientes,
1819 4167 2087 4223 sumendo

495 4269 714 4310 uxores.
745 4254 885 4322 Quia
916 4255 1083 4327 igitur
1123 4256 1227 4311 hoc
1272 4256 1554 4327 fecerunt,
1588 4259 1868 4330 prophetae
1895 4260 1963 4315 ad
1991 4276 2087 4317 eos

490 4362 672 4403 sermo
699 4346 974 4417 dirigitur,
1010 4357 1064 4403 et
1092 4364 1123 4404 a
1158 4359 1380 4415 peccato
1412 4350 1889 4408 maledictionibus
1915 4361 2087 4409 retra-

492 4440 717 4496 huntur.
768 4441 1051 4510 Disperdat
1096 4441 1353 4498 Dominus
1383 4445 1564 4505 ,virum
1606 4446 1694 4515 qui
1740 4446 1921 4518 fecerit
1966 4448 2084 4503 hoc.

493 4533 665 4602 Quam
694 4534 921 4604 pulchre
944 4551 1053 4589 non
1075 4536 1306 4591 abscidit
1328 4537 1508 4592 errori
1532 4537 1768 4601 veniam,
1802 4554 1907 4595 nec
1928 4540 2087 4608 dixit,

2189 3324 2292 3379 daei
2326 3322 2553 3379 fratrem
2581 3336 2738 3377 suum
2758 3363 2773 3389 ,
2804 3331 2861 3377 et
2890 3320 3408 3377 contaminaverunt
3439 3330 3659 3392 pactum
3694 3336 3794 3393 pa-

2189 3428 2334 3473 trum
2363 3430 2590 3472 suorum
2619 3455 2635 3482 ,
2684 3414 2831 3483 quod
2864 3413 3007 3469 Deus
3048 3411 3333 3483 pepigerat
3363 3413 3431 3467 ad
3472 3412 3753 3469 Abraham
3777 3455 3795 3482 ,

2188 3509 2363 3575 Isaac,
2391 3517 2447 3565 et
2466 3507 2657 3574 Jacob,
2693 3519 2749 3561 ut
2780 3507 2833 3562 in
2856 3506 3068 3562 semine
3099 3520 3313 3575 eorum,
3347 3504 3493 3576 quod
3525 3507 3799 3576 interpre-

2192 3613 2338 3659 tatur
2364 3601 2598 3658 Christus
2623 3646 2636 3671 ,
2681 3600 3143 3657 benedicerentur
3181 3612 3377 3654 omnes
3405 3607 3621 3669 gentes.
3667 3597 3799 3655 Haec

2190 3698 2343 3752 varie
2370 3695 2755 3765 suspicantur,
2785 3692 2910 3763 quia
2942 3700 3149 3747 certam
3180 3690 3323 3745 viam
3348 3704 3458 3744 non
3486 3689 3795 3760 reperiunt.

2192 3790 2442 3861 Denique
2472 3798 2526 3845 et
2549 3790 2653 3843 hoc
2669 3785 2816 3858 quod
2839 3785 3086 3856 sequitur
3103 3784 3263 3854 juxta
3288 3781 3433 3839 LXX
3458 3800 3472 3838 :
3500 3780 3798 3838 Derelictus

2192 3896 2262 3941 est
2284 3884 2477 3954 Iudas,
2507 3892 2555 3938 et
2584 3882 2903 3938 abominatio
2933 3883 3074 3953 facta
3095 3891 3167 3935 est
3190 3881 3245 3935 in
3269 3878 3465 3946 Israel,
3492 3889 3542 3933 et
3562 3880 3618 3932 in
3639 3877 3798 3933 Jeru-

2192 3980 2382 4045 salem,
2427 3978 2507 4033 sic
2534 3977 2889 4033 edisseram:
2922 3974 3181 4031 Desertos
3217 3988 3345 4047 esse
3372 3973 3593 4029 Judteos
3618 4014 3634 4039 ,
3668 3975 3797 4044 quia

2192 4072 2717 4143 blaSphemaverunt
2756 4069 3049 4125 Dominum
3095 4068 3482 4136 Salvatorem,
3532 4077 3588 4125 et
3631 4070 3798 4122 susti-

2195 4168 2377 4221 nuisse
2408 4164 2554 4237 quod
2588 4165 2851 4234 scriptum
2884 4169 2969 4217 est
3005 4178 3019 4215 :
3063 4160 3373 4217 Secundum
3402 4159 3794 4215 multitudinem

2191 4262 2517 4333 impietatum
2554 4274 2733 4314 eorum
2762 4256 2968 4329 expelle
2995 4273 3082 4310 eos
3106 4297 3120 4322 ,
3167 4255 3417 4327 quoniam
3457 4256 3795 4309 irritaverant

2196 4362 2265 4419 te,
2297 4352 2520 4407 Domine
2549 4350 2670 4422 (Ps.
2694 4367 2749 4418 ν,
2784 4351 2899 4421 11),
2936 4358 2994 4405 ιιι
3022 4350 3073 4404 in
3104 4356 3329 4403 cunctas
3361 4348 3682 4420 provincias
3705 4364 3795 4403 va-

2193 4451 2269 4517 gi,
2302 4455 2358 4502 et
2385 4446 2595 4516 profugi
2617 4452 3035 4516 spargerentur.
3086 4434 3620 4497 Contaminaverunt
3648 4442 3798 4496 enim

2199 4551 2385 4596 sancta
2421 4539 2669 4607 Domini,
2712 4554 2811 4609 pro
2838 4538 2935 4594 Dei
2961 4537 3103 4593 Filio
3131 4536 3421 4607 diligentes
3441 4580 3455 4605 ,
3486 4543 3541 4591 et
3565 4533 3798 4590 adiuve-

493 4626 783 4682 maledieat
815 4626 1071 4682 Dominus
1102 4628 1154 4683 ei
1179 4629 1270 4698 qui
1302 4628 1429 4684 fecit
1459 4629 1595 4695 hoc;
1629 4630 1723 4685 sed
1755 4630 1846 4701 qui
1874 4630 2087 4699 fecerit,
2118 4618 2170 4676 Ι)
2196 4636 2412 4690 nientes
2440 4634 2547 4689 sibi
2578 4632 2712 4689 deos
2735 4632 2949 4687 alienos
2975 4647 2988 4684 :
3022 4630 3125 4696 Qui
3156 4630 3293 4684 enim
3329 4645 3435 4683 non
3474 4628 3660 4699 recipit
3692 4624 3795 4682 Fi-

496 4722 550 4775 in
592 4721 830 4775 futurum
877 4720 1106 4776 tendens
1146 4721 1585 4778 maledictionem
1613 4764 1630 4791 ,
1675 4732 1732 4779 ut
1773 4735 2090 4794 peccatores

498 4813 564 4868 ad
599 4814 974 4884 paenitentiam
1011 4823 1289 4883 provocet.
1321 4813 1611 4869 Ductorem
1640 4858 1654 4881 ,
1691 4817 1898 4884 inquit,
1930 4827 2092 4888 atque

496 4905 822 4975 discipulum
856 4904 925 4960 de
958 4904 1319 4961 tabernaculis
1350 4905 1539 4973 Jacob,
1569 4907 1683 4961 sive
1714 4907 1804 4961 ille
1832 4909 2092 4964 sacerdos

495 5004 587 5068 sit,
618 5006 732 5058 sive
758 5002 928 5058 laicus
949 5042 964 5068 ,
1001 5018 1108 5057 una
1137 5003 1527 5059 maledictione
1564 5004 1826 5060 ferientur
1852 5048 1866 5071 ,
1900 5014 1954 5061 et
1983 5021 2089 5061 non

494 5098 597 5151 erit
626 5096 679 5150 in
713 5095 792 5150 eis
826 5109 999 5163 pinnae
1028 5096 1353 5163 diversitas,
1388 5098 1442 5152 in
1473 5097 1668 5167 quibus
1711 5107 1929 5167 peccata
1960 5108 2088 5153 sunt

496 5192 667 5261 paria.
717 5191 783 5245 Et
825 5190 1146 5246 offerentem
1184 5205 1381 5247 munus
1421 5192 1650 5246 Domino
1693 5193 2033 5247 exercituum
2070 5211 2082 5246 :

496 5284 839 5349 subauditur,
871 5284 1153 5356 disperdat
1177 5286 1437 5341 Dominus
1465 5296 1518 5342 et
1542 5301 1663 5342 eum
1684 5327 1701 5354 ,
1734 5287 1826 5357 qui
1864 5304 1961 5356 pro
1990 5290 2089 5341 hu-

491 5375 797 5445 juscemodi
832 5375 1145 5431 hominibus
1186 5376 1422 5432 voluerit
1464 5376 1531 5431 ad
1576 5378 1746 5433 altare
1779 5394 1979 5433 munus
2010 5380 2092 5432 of-

492 5468 661 5536 ferre,
695 5484 929 5537 quorum
960 5469 1134 5525 solum
1164 5468 1466 5523 remedium
1497 5480 1603 5537 eSI,
1636 5484 1741 5524 non
1767 5468 1949 5525 facere
1970 5484 2091 5541 quae

495 5563 764 5620 fecerunt.
799 5562 1028 5631 Quidam
1060 5562 1203 5617 hunc
1228 5564 1405 5618 locum
1428 5579 1535 5618 non
1566 5562 1954 5633 intelligemes,
1987 5578 2090 5619 nec

490 5659 727 5714 scientes
760 5656 1004 5713 historiae
1033 5658 1338 5727 veritatem,
1374 5657 1428 5713 id
1459 5657 1603 5729 quod
1628 5658 1703 5714 ait
1734 5675 1747 5713 :
1778 5654 1970 5713 Nonne
1994 5675 2089 5729 pa-

567 5786 592 5848 f‘
634 5776 783 5848 Unus
814 5791 917 5848 ms.
941 5816 958 5843 ,
992 5774 1166 5831 labore
1190 5776 1471 5848 confracta:
1496 5786 1663 5831 erant.

564 5846 805 5919 bkldem,
834 5847 1027 5918 Regio.
1058 5863 1164 5902 ms.
1190 5846 1354 5905 cui’et
1379 5846 1654 5905 Victorius
1677 5849 1970 5919 consentit,
1999 5850 2090 5907 sed

2196 4726 2346 4791 lium,
2380 4742 2483 4780 non
2505 4726 2688 4795 recipit
2713 4723 2950 4790 Patrem,
2972 4724 3063 4795 qui
3084 4722 3228 4776 misit
3248 4736 3369 4777 eum
3392 4719 3548 4789 (Luc.
3572 4735 3651 4788 ιι,
3674 4716 3794 4790 45).

2198 4818 2265 4873 Et
2289 4818 2494 4874 idcirco
2516 4817 2643 4887 quia
2668 4816 2771 4873 hoc
2796 4815 3060 4879 fecerunt.
3098 4814 3306 4870 tamdiu
3326 4811 3600 4882 disperire
3619 4813 3798 4868 donec

2197 4910 2570 4976 humilientur,
2597 4909 2684 4963 vel
2707 4907 3039 4979 captivitatis
3060 4906 3280 4976 injuria,
3310 4904 3399 4960 vel
3416 4904 3487 4960 oh
3504 4903 3795 4958 conscien-

2198 5004 2330 5058 tiam
2370 5008 2721 5072 peccatorum
2757 5019 2768 5054 :
2818 5011 2875 5056 et
2919 4999 3278 5069 projiciantur
3317 4996 3386 5053 de
3425 4994 3795 5052 tabernaculis

2196 5097 2384 5164 Jacob,
2414 5107 2474 5151 ut
2496 5097 2775 5151 destructo
2801 5094 3026 5165 templo,
3053 5106 3217 5163 atque
3239 5091 3425 5155 altari,
3451 5104 3796 5159 nequaquam

2196 5194 2336 5264 apud
2367 5207 2462 5249 eos
2493 5191 2792 5248 offerantur
2816 5191 3006 5246 hostiae
3037 5188 3145 5262 (Al.
3175 5188 3411 5261 bestiae].
3442 5185 3553 5243 Nec
3576 5188 3682 5242 hac
3701 5201 3797 5242 ex-

2199 5286 2507 5357 planatione
2535 5284 2778 5340 contenti
2806 5284 2955 5353 (quia
2980 5281 3153 5336 Iudas
3176 5279 3377 5354 [rimi]
3404 5281 3797 5347 interpretatur

2198 5377 2413 5433 Domini
2451 5376 2750 5450 confessio)
2801 5378 2867 5431 ad
2920 5376 3323 5446 poeniteutem,
3377 5373 3797 5445 intelligentiam

2198 5471 2562 5537 transferunt,
2594 5470 2687 5541 qui
2718 5482 3003 5541 postquam
3033 5469 3317 5523 Dominum
3350 5465 3637 5523 confessus
3664 5474 3752 5520 est
3774 5507 3793 5535 ,

2192 5565 2356 5638 965
2386 5566 2429 5620 si
2462 5564 2803 5633 peccaverit,
2836 5564 3301 5618 abominationem
3342 5560 3474 5617 facit
3497 5561 3550 5615 in
3580 5559 3748 5615 Israel
3774 5600 3793 5627 ,

2196 5674 2250 5714 et
2282 5661 2333 5714 in
2364 5658 2700 5724 Jerusalem,
2733 5659 2785 5712 in
2814 5672 2980 5714 sensu
3003 5657 3227 5714 vidente
3249 5656 3444 5723 Deum,
3479 5654 3608 5711 etin
3631 5653 3799 5709 visio-

2200 5779 2255 5832 iu
2286 5777 2365 5832 Itis
2394 5789 2510 5847 qua
2533 5773 2695 5845 Cyri;
2720 5784 2776 5829 et
2802 5780 3228 5844 consequenter,
3259 5780 3379 5828 sunt
3405 5783 3641 5827 reversae.
