4026 6346
329 302 462 362 1568
1171 294 1826 357 COMMENTARIORUM
1866 290 1931 347 IN
1974 287 2381 346 MALACHIAM
2422 287 2650 345 LIBER.
2693 285 2849 342 CAP.
2892 283 2964 343 ll.
3480 277 3623 339 i562

321 437 392 477 ne
418 421 594 492 pacis.
625 418 829 477 Polluit
848 418 992 475 enim
1019 416 1225 473 Christi
1256 413 1547 489 mysteria,
1581 412 1802 484 indigne
1820 425 1908 466 ac-
1939 412 1994 470 A
2017 405 2269 461 atfectam
2300 404 2702 476 quodammodo
2734 420 2836 459 una
2862 402 3043 458 anima
3075 401 3130 457 in
3157 399 3371 457 duobus
3396 414 3521 456 esse
3544 399 3624 455 vi-

318 516 530 586 cipiens
560 530 760 582 corpus
789 514 905 585 ejus
933 524 987 570 et
1020 512 1339 583 sanguinem
1370 510 1416 584 (l
1443 510 1566 566 Cor.
1593 508 1690 581 xl),
1727 523 1823 579 pro
1848 522 1916 564 eo

316 609 463 680 quod
489 608 746 664 dilexerit
767 609 923 673 vitia,
956 616 1009 662 et
1030 606 1377 661 adinvenerit
1404 603 1506 658 sibi
1530 602 1661 658 deos
1685 601 1912 667 alienos,

315 699 622 754 secundum
673 715 958 755 numerum
995 708 1341 770 peccatorum
1383 695 1590 752 habens
1629 708 1914 750 numerum

315 792 568 849 deorum.
599 793 761 850 Juxta
796 794 1104 863 apostolum
1140 791 1364 847 Paulum
1400 808 1413 845 :
1445 788 1735 844 Voracium
1770 788 1913 843 Deus

314 894 508 942 venter
532 898 611 942 est
644 886 817 959 (Phil.
853 889 978 958 tu),
1008 897 1063 942 et
1092 884 1392 941 secundum
1421 883 1640 939 Petrum
1674 879 1784 953 [ΑΙ.
1815 879 1911 935 Ia-

310 977 559 1052 cobum].
592 978 636 1033 A
664 995 766 1048 quo
789 980 906 1049 quis
932 979 1173 1043 vincitur,
1206 978 1254 1031 ei
1279 966 1553 1050 subjicitur
1575 974 1643 1047 (ll
1676 973 1822 1028 Petr.
1849 988 1908 1039 tt,

311 1069 427 1139 19).
459 1069 526 1127 Ει
547 1072 637 1141 qui
672 1072 774 1128 hoc
796 1071 1009 1134 iecerit,
1039 1070 1497 1127 exterminabitur
1521 1067 1629 1141 [ΑΙ.
1652 1066 1911 1123 extermi-

311 1162 515 1237 natur]
560 1164 629 1220 de
671 1164 914 1220 Ecclesia
940 1210 954 1233 ,
990 1174 1047 1221 et
1074 1163 1145 1220 de
1175 1163 1541 1219 tabernaculis
1570 1160 1775 1225 Jacob,
1815 1158 1908 1230 qui

306 1257 623 1327 supplantat
653 1259 781 1314 vitia
811 1269 978 1329 atque
1011 1268 1254 1327 peccata,
1286 1258 1460 1313 donec
1501 1255 1822 1310 humilietur
1853 1253 1905 1307 in

309 1347 519 1403 bonum
551 1365 752 1417 suum,
783 1360 837 1407 et
866 1349 1130 1405 oﬂeratur
1167 1366 1266 1420 pro
1306 1365 1374 1404 eo
1416 1350 1635 1404 victima
1676 1346 1908 1403 Domino

306 1442 692 1511 omnipotenti.

382 1534 564 1605 (Vers.
604 1537 667 1592 15
695 1536 880 1608 seqq.)
918 1537 986 1592 Et
1013 1539 1110 1592 hoc
1137 1555 1348 1593 rursum
1386 1538 1602 1609 fecistis,
1635 1535 1904 1609 operieba-

304 1628 372 1683 tis
398 1629 647 1699 laerymis
676 1629 843 1683 altare
873 1628 1083 1685 Domini
1111 1633 1261 1702 ﬂetu,
1288 1641 1338 1685 et
1360 1632 1551 1703 gemitu
1581 1628 1761 1702 [Vulg.
1793 1645 1905 1682 mu-

301 1718 460 1792 gitu],
494 1720 567 1774 ita
606 1731 660 1775 ut
691 1739 795 1776 non
837 1722 1110 1794 respiciam
1154 1724 1296 1778 ultra
1329 1724 1397 1777 ad
1426 1722 1766 1793 sacri/icium,
1813 1736 1904 1775 nec

2021 500 2237 568 deatur,
2274 499 2582 572 conjunctis
2604 499 2825 568 spiritu,
2847 503 3029 552 mente
3061 494 3305 550 sociatis.
3336 493 3469 549 Cum
3490 508 3622 564 ergo

2021 609 2159 649 unus
2187 603 2478 665 utrumque
2506 593 2721 661 fecerit,
2755 600 2809 647 et
2841 590 3017 645 virum
3048 597 3105 644 et
3128 588 3414 644 mulierem
3450 606 3462 642 :
3496 602 3624 658 pro-

2019 694 2203 757 pterea
2235 702 2265 741 a
2296 686 2407 743 Deo
2435 687 2571 741 facta
2594 696 2679 741 est
2708 685 2994 755 utriusque
3011 682 3348 754 coitjunctio,
3381 691 3439 736 ut
3462 679 3625 737 liberi

2018 791 2398 835 nascerentur.
2433 778 2588 836 Unus
2619 781 2766 835 enim
2802 778 2968 847 Deus,
3003 776 3132 849 quid
3171 776 3367 848 quaerit
3397 774 3503 831 nisi
3535 789 3625 830 se-

2018 885 2141 925 men
2186 870 2305 937 Dei,
2341 871 2444 926 ltoc
2475 884 2555 927 eSl
2590 870 2734 925 ﬁlios
2764 871 2831 925 de
2864 869 3165 925 Israelitica
3194 870 3365 940 stirpe
3392 882 3623 939 genera-

2018 963 2141 1020 tos?
2169 962 2305 1019 Cum
2337 981 2473 1036 ergo
2510 965 2761 1020 habeatis
2794 963 3055 1019 fecundas
3084 962 3363 1033 conjuges,
3392 973 3449 1017 et
3479 962 3620 1017 libe-

2015 1057 2091 1109 ris
2112 1055 2416 1125 gaudeatis,
2445 1057 2572 1127 quid
2600 1056 3067 1127 pulchritudinem
3092 1069 3322 1111 uxorum
3350 1053 3615 1126 quaeritis,

2014 1162 2136 1216 qua:
2169 1149 2553 1204 meretricibus
2591 1160 2713 1219 apta
2744 1158 2853 1215 est,
2886 1166 2993 1204 non
3036 1148 3332 1204 uxoribus?
3362 1147 3619 1218 Prmcipit

2014 1238 2199 1310 itaque
2232 1256 2329 1309 per
2361 1239 2688 1311 prophetam
2720 1241 2960 1304 Deus,et
2982 1242 3149 1297 dicit:
3176 1240 3617 1312 Custoditespiri-

2014 1340 2121 1385 tum
2136 1344 2379 1393 vestrum:
2394 1351 2458 1390 ne
2472 1335 2679 1390 abduca
2688 1334 2820 1391 mini
2839 1335 3067 1391 libidine
3078 1378 3092 1403 ,
3107 1351 3174 1392 ne
3184 1336 3612 1407 alienigenarum

2012 1442 2201 1483 amore
2223 1428 2544 1485 vincatnini.
2565 1427 2629 1482 Et
2650 1444 2862 1482 uxorem
2881 1427 3360 1484 adolescentitetua:
3384 1429 3490 1482 noli
3523 1428 3615 1482 de-

2011 1520 2236 1590 spicere,
2277 1530 2471 1591 utquae
2491 1520 2585 1575 tibi
2611 1521 2857 1591 virginali
2879 1522 3113 1589 primum
3131 1520 3318 1590 juncta
3331 1520 3612 1575 estntatri-

2011 1610 2221 1682 monio,
2254 1621 2572 1683 perseveret
2604 1612 2850 1684 usquead
2883 1621 3247 1672 senectutem.
3274 1613 3379 1669 Sed
3401 1623 3614 1684 poterat

2010 1703 2150 1772 lieri,
2172 1713 2226 1759 ut
2245 1705 2543 1776 principes,
2562 1705 2896 1775 sacerdotes,
2914 1705 3132 1769 Levitae,
3140 1705 3371 1777 populus
3383 1720 3615 1778 respon-

299 1814 559 1884 accipiam
597 1815 857 1887 placabile
881 1816 1008 1889 quid
1041 1818 1106 1872 de
1134 1834 1291 1872 manu
1320 1825 1510 1874 vestra.
1556 1815 1620 1870 Et
1650 1816 1854 1871 dixistis
1884 1832 1892 1868 ὲ

2008 1796 2201 1853 dereut
2234 1817 2247 1854 :
2280 1798 2548 1869 Praecepit
2573 1799 2713 1854 Deus
2745 1814 2843 1871 per
2872 1799 3180 1873 Moyseu,ut
3199 1814 3322 1855 cum
3350 1799 3480 1855 odio
3508 1799 3607 1855 ha-

297 1921 455 1977 quam
486 1907 549 1960 ob
578 1911 831 1963 causam?
863 1907 1000 1975 Quia
1028 1907 1286 1963 Dominus
1332 1909 1634 1979 testiﬁcatus
1668 1918 1741 1963 est
1772 1909 1906 1963 inter

296 2006 346 2051 te
366 2008 414 2052 et
439 2014 653 2053 uxorem
674 2002 962 2072 pubertatis
990 2013 1110 2069 tute,
1134 2018 1292 2071 quam
1312 2012 1367 2057 tu
1384 2002 1664 2073 despexisti
1691 2011 1771 2056 :et
1795 2001 1905 2056 Ιηιέ

294 2094 552 2166 particeps
582 2104 694 2164 tua,
732 2104 781 2149 et
811 2111 944 2151 uxor
986 2098 1193 2168 foederis
1223 2098 1320 2153 tui.
1365 2096 1556 2152 Nonne
1584 2114 1716 2151 unus
1758 2098 1898 2169 fecit,

291 2193 341 2237 et
370 2186 636 2240 residuum
662 2188 882 2257 spiritus
908 2190 1019 2258 ejus
1047 2192 1161 2244 est?
1189 2199 1237 2245 et
1261 2189 1387 2261 quid
1418 2207 1549 2245 unus
1569 2192 1777 2263 qua'rit,
1801 2191 1902 2243 nisi

290 2293 462 2332 semen
484 2275 620 2332 Dei?
644 2276 912 2335 Custodite
930 2297 1054 2352 ergo
1078 2283 1318 2354 spiritum
1341 2293 1585 2349 vestrum,
1615 2294 1664 2337 et
1690 2299 1900 2338 uxorem

291 2368 660 2425 adolescentia:
699 2381 801 2427 tute
839 2374 951 2428 noli
994 2374 1278 2444 despicere.
1313 2372 1443 2429 Cum
1486 2375 1606 2429 odio
1636 2375 1895 2443 habueris,

289 2461 515 2529 dimitte,
540 2463 665 2517 dicit
691 2463 948 2520 Dominus
976 2465 1111 2520 Deus
1134 2465 1343 2534 Israel;
1375 2467 1568 2541 aperiet
1597 2481 1768 2523 autem
1798 2468 1901 2523 ini-

286 2555 458 2624 quitas
500 2556 856 2612 vestimentum
884 2560 1019 2629 ejus,
1065 2558 1192 2614 dicit
1236 2558 1491 2614 Dominus
1532 2562 1896 2616 exercituum:

287 2648 543 2702 custodite
573 2651 817 2722 spiritum
841 2660 1091 2721 vestrum,
1118 2661 1165 2707 et
1188 2655 1349 2709 nolite
1378 2654 1665 2728 despicere.
1694 2654 1841 2711 LXX
1876 2674 1889 2711 :

288 2740 356 2795 Et
384 2741 495 2797 hate
524 2761 641 2815 qua:
668 2746 901 2812 oderam,
930 2747 1128 2820 fecistis
1153 2764 1174 2804 :
1205 2750 1515 2819 operiebatis
1546 2752 1791 2823 lacryntis
1812 2751 1893 2806 al-

288 2843 399 2888 tare
418 2835 630 2891 Domini
650 2839 863 2910 planctu
882 2850 931 2894 et
944 2842 1158 2911 gemitu,
1186 2843 1249 2896 de
1270 2842 1466 2898 laboris
1483 2844 1655 2898 adhuc
1677 2844 1895 2915 dignum

286 2928 544 3000 respicere
569 2930 906 3001 sacri/icium.
939 2943 1031 2987 aut
1058 2934 1319 3003 suscipere
1346 2936 1666 3004 acceptabile
1695 2938 1758 2989 de
1785 2953 1898 2989 ma-

286 3021 437 3074 nibus
464 3024 662 3079 vestris.
691 3024 761 3080 Et
782 3026 1009 3097 dixistis,
1040 3040 1255 3099 prapter
1280 3032 1448 3102 quid?
1478 3032 1613 3100 Quia
1643 3031 1895 3088 Dominus

286 3114 595 3184 testiﬁcatus
608 3126 679 3171 est
692 3119 827 3174 inter
850 3128 896 3174 te
908 3130 957 3174 et
986 3137 1198 3176 uxorem
1210 3124 1571 3179 adolescentia:
1591 3136 1715 3190 tute,
1738 3143 1894 3197 quant

2009 1891 2287 1948 bueritnus
2317 1907 2540 1963 uxores,
2566 1892 2903 1949 dimittamus
2930 1909 3043 1949 eas.
3075 1894 3138 1949 Et
3157 1894 3448 1965 legendum
3477 1902 3562 1949 est
3591 1909 3606 1949 :

2010 1986 2157 2041 Dicis
2188 1987 2323 2042 tnihi
2352 1989 2618 2061 scriptum
2646 1997 2731 2046 est
2761 2007 2774 2043 :
2807 1989 2936 2045 Cum
2963 1990 3083 2045 odio
3114 1989 3359 2046 habueris
3390 2006 3610 2045 uxorem

2007 2094 2172 2149 tuam,
2189 2084 2412 2149 dimitte,
2438 2084 2562 2139 dicit
2589 2083 2843 2140 Dominus
2871 2085 3007 2141 Deus
3026 2084 3198 2141 Israel
3212 2086 3394 2158 (Deut.
3423 2083 3602 2157 xxiv).

2003 2174 2310 2247 Statimque
2352 2178 2679 2249 respondit:
2711 2180 2815 2235 hoc
2847 2180 3067 2251 quidem
3116 2180 3167 2235 in
3214 2179 3359 2251 Lege
3400 2194 3609 2251 praece-

2005 2279 2153 2339 ptqu
2170 2279 2277 2335 est,
2293 2270 2388 2327 sed
2404 2283 2628 2342 propter
2642 2271 2900 2329 duritiam
2917 2273 3105 2330 cordis
3120 2277 3310 2330 vestri.
3325 2274 3479 2341 Quod
3497 2274 3612 2345 ple-

2004 2363 2124 2418 nius
2150 2363 2411 2421 Dominus
2441 2367 2493 2422 in
2518 2367 2818 2439 Evangelio
2847 2368 3236 2440 prosequitur:
3262 2368 3610 2441 Quicumque

2000 2467 2207 2526 autem,
2246 2472 2471 2531 excepta
2521 2477 2689 2518 causa
2724 2463 3134 2531 fornicationis,
3160 2479 3386 2520 uxorem
3421 2464 3607 2534 inique

2001 2549 2268 2608 dimiserit
2290 2552 2450 2626 (Mat.
2477 2571 2537 2624 v,
2559 2556 2676 2628 52),
2696 2558 2915 2627 operiet
2939 2559 3328 2613 vestimentum
3354 2558 3473 2627 ejus
3503 2556 3607 2612 ini-

2001 2645 2200 2715 quitas,
2227 2646 2396 2715 idest,
2418 2663 2616 2720 corpus
2646 2665 2753 2721 quo
2783 2652 2961 2705 anima
2990 2651 3238 2719 vestitur,
3272 2649 3608 2707 dicitﬂomi-

2001 2756 2103 2795 nus
2120 2741 2467 2797 exercituum
2490 2760 2503 2798 :
2529 2744 2653 2798 utin
2686 2759 2794 2815 quo
2810 2744 3076 2815 peccavit,
3108 2745 3162 2798 iu
3189 2742 3311 2814 ipso
3326 2744 3602 2814 puniatur.

1998 2834 2385 2904 Quapropter,
2436 2834 2537 2891 hac
2588 2836 2984 2906 qua-stiuncula
3028 2836 3328 2905 dissoluta,
3374 2837 3607 2892 incultmt

1995 2924 2159 2997 967
2193 2935 2247 2981 et
2276 2927 2511 2997 replicat
2535 2929 2678 2999 quod
2711 2943 2874 3000 supra
2901 2929 3119 2985 dixerat
3152 2945 3171 2984 :
3203 2928 3469 2983 Custodite
3498 2927 3604 2998 spi«

1995 3019 2153 3072 ritum
2178 3029 2420 3086 vestrum,
2457 3029 2503 3074 et
2528 3023 2688 3077 nolite
2712 3023 2998 3094 despicere,
3034 3023 3120 3077 vel
3151 3021 3456 3077 custodiam
3485 3021 3601 3090 spi-

1995 3110 2137 3168 ritus
2167 3114 2357 3183 vestri,
2387 3115 2474 3170 vel
2509 3129 2656 3172 certe
2680 3132 2931 3183 uxorem,
2956 3118 3000 3172 si
3027 3132 3231 3188 pauper
3257 3124 3362 3183 est,
3395 3123 3487 3170 aut
3507 3114 3605 3170 de-

287 3217 345 3263 tu
388 3211 669 3282 reliquisti,
703 3223 751 3268 et
777 3215 888 3268 hac
918 3216 1178 3289 particeps
1206 3226 1315 3285 tua,
1343 3228 1392 3273 et
1433 3235 1566 3273 uxor
1602 3219 1888 3272 testamenti

1997 3203 2206 3260 l'ormis.
2265 3205 2422 3275 Quod
2483 3223 2581 3264 nos
2613 3210 2929 3279 specialiter
2975 3211 3132 3281 juxta
3198 3210 3355 3265 Ezrae
3396 3209 3599 3265 librum

286 3303 386 3370 tui,
410 3312 456 3357 et
487 3319 589 3358 non
617 3304 758 3360 alius
781 3305 922 3375 fecit,
951 3318 999 3361 et
1028 3310 1263 3380 reliquiae
1288 3312 1501 3382 spiritus
1530 3312 1624 3365 tui.
1653 3309 1722 3364 Et
1751 3312 1888 3366 dixi-

284 3396 380 3450 stis
407 3413 424 3450 :
450 3398 577 3469 quid
605 3398 755 3454 aliud
782 3412 968 3470 prwter
998 3420 1170 3458 semen
1201 3406 1385 3475 quaerit
1419 3404 1595 3460 Deus?
1624 3416 1670 3461 et
1711 3416 1886 3460 custo-

286 3487 393 3544 dite
421 3489 473 3543 in
503 3491 696 3561 spiritu
729 3502 914 3559 vestro,
950 3503 998 3548 et
1042 3513 1255 3551 uxorem
1298 3497 1661 3554 adolescentia:
1696 3508 1799 3554 tute
1824 3517 1889 3555 ne

286 3586 657 3658 derelinquas:
688 3587 781 3642 sed
822 3589 868 3643 si
903 3589 1024 3644 odio
1053 3589 1248 3645 habens
1290 3592 1547 3648 dimiseris
1586 3609 1721 3659 eam,
1760 3594 1891 3648 dicit

286 3678 544 3735 Dominus
561 3681 695 3736 Deus
720 3681 909 3751 Israel,
934 3686 1379 3756 cperietimpietus
1391 3688 1728 3758 cogitationis
1746 3696 1885 3755 tuas,

286 3772 414 3826 dicit
440 3771 699 3827 Dominus
730 3776 1054 3844 omnipotens
1082 3793 1102 3832 :
1130 3788 1179 3832 et
1207 3779 1467 3834 custodite
1502 3780 1557 3834 in
1580 3780 1767 3851 spiritu
1796 3795 1884 3834 ve-

286 3874 415 3931 stro,
439 3874 486 3918 et
513 3864 674 3919 nolite
697 3865 1072 3935 derelinquere.
1103 3868 1541 3939 lnterpretemur
1575 3870 1882 3939 historiam,

287 3966 344 4013 et
369 3958 604 4028 singulis
644 3959 933 4014 versiculis
971 3961 1167 4016 breves
1198 3965 1500 4018 sententias
1538 3973 1882 4034 coaptantes,

286 4050 432 4122 quod
456 4051 614 4107 nobis
634 4052 703 4106 ab
725 4052 971 4109 Hebraeis
994 4055 1066 4109 sit
1089 4056 1372 4121 traditum,
1399 4057 1756 4115 disseramus.
1783 4058 1888 4116 De-

288 4140 501 4198 relictae
546 4159 742 4200 uxores
783 4145 1125 4219 Israeliticae,
1160 4162 1214 4206 et
1257 4151 1308 4206 in
1358 4150 1532 4208 thoris
1564 4153 1883 4209 maritorum

285 4234 589 4291 alienarum
635 4238 882 4309 gentium
929 4239 1160 4297 feminas
1192 4247 1649 4317 contemplantes,
1684 4248 1749 4301 ad
1789 4247 1882 4302 Dei

286 4330 462 4386 solius
473 4333 735 4388 auxilium
750 4335 1171 4407 confugiebant,
1190 4339 1383 4395 diebus
1405 4357 1469 4395 ac
1492 4342 1745 4397 noctibus
1758 4351 1884 4397 ante

285 4425 462 4482 altare
489 4426 702 4482 Domini
723 4428 890 4500 966
910 4431 1221 4500 provoluta:
1251 4432 1529 4504 lacrymis,
1558 4435 1783 4504 gemitu,
1807 4444 1887 4489 at-

285 4532 393 4587 que
422 4516 717 4586 ejulatibns
748 4518 1006 4573 invidiam
1038 4519 1310 4576 iaciebant
1343 4522 1462 4593 ejus
1492 4524 1879 4591 providentim;

1991 3313 2157 3370 super
2187 3301 2828 3371 uxoribus‘exposuimus
2856 3303 3138 3359 derelictis
3159 3321 3171 3357 :
3190 3302 3295 3358 hoc
3310 3303 3406 3357 alii
3423 3318 3563 3374 gene
3579 3332 3598 3344 -

1990 3392 2177 3449 raliter
2201 3404 2393 3449 contra
2416 3410 2513 3451 eos
2533 3393 2740 3450 dictum
2760 3407 2973 3467 putant,
2990 3397 3080 3468 qui
3104 3397 3287 3452 aliena
3302 3395 3596 3467 diripiuttt,

1991 3500 2046 3547 et
2066 3492 2263 3561 injuste
2291 3491 2515 3546 divitias
2543 3502 2970 3562 congregantes,
3005 3491 3210 3548 audent
3241 3492 3441 3547 olIerre
3471 3506 3596 3546 ntu-

1989 3600 2145 3653 nera,
2181 3585 2312 3654 Deo,
2340 3601 2463 3656 quae
2489 3586 2621 3641 dicit
2648 3602 2707 3641 se
2736 3600 3074 3657 nequaquam
3102 3602 3261 3656 posse
3288 3585 3595 3653 suscipere,

1988 3677 2246 3749 lacrymis
2277 3693 2489 3743 eorum,
2523 3678 2614 3748 qui
2648 3680 2843 3732 vastati
2874 3690 3025 3745 sunt,
3055 3689 3107 3734 et
3152 3678 3305 3743 ﬂetu,
3332 3693 3397 3734 ac
3427 3678 3599 3749 gemi-

1991 3768 2138 3822 tibus
2170 3768 2538 3838 prohibitutn,
2572 3779 2629 3823 et
2668 3784 2974 3840 congruere
3006 3771 3187 3825 locum
3217 3771 3381 3825 istum
3411 3769 3493 3825 illi
3520 3779 3599 3824 te-

1988 3861 2250 3915 stimonio
2279 3878 2292 3915 :
2318 3859 2540 3915 Honora
2554 3859 2721 3915 Deum
2741 3861 3091 3933 exjustistuis
3114 3860 3378 3917 laboribus
3406 3859 3593 3932 (Prov.

1988 3970 2066 4020 ιιι,
2096 3953 2175 4025 9).
2204 3954 2309 4010 Sed
2334 3965 2387 4010 et
2417 3955 2580 4010 istum
2614 3971 2834 4010 sensum
2860 3957 3209 4023 iuterserunt,
3231 3970 3328 4011 eos
3350 3957 3444 4027 qui
3472 3972 3599 4026 pro-

1986 4061 2109 4121 pter
2138 4051 2216 4105 rei
2246 4050 2531 4105 familiaris
2572 4052 2951 4117 amissionem,
2986 4063 3041 4107 et
3074 4052 3351 4107 interitum
3386 4051 3593 4106 libero-

1989 4159 2126 4209 rum,
2162 4154 2215 4197 et
2242 4142 2606 4215 naufragium,
2630 4156 2683 4201 et
2706 4156 2901 4200 caetera
2931 4160 3052 4216 qua:
3082 4145 3148 4201 ad
3179 4146 3436 4201 damnum
3470 4159 3595 4215 per-

1989 4238 2166 4293 tinent
2193 4255 2373 4294 rerum
2407 4240 2770 4305 sa-cularium,
2808 4251 3098 4294 vertuntur
3130 4239 3183 4293 in
3207 4238 3386 4304 lletns,
3417 4248 3472 4294 et
3514 4250 3596 4293 to-

1989 4344 2072 4388 tos
2123 4348 2183 4387 se
2232 4334 2451 4388 tradunt
2496 4333 2763 4404 planctui,
2816 4343 2873 4388 et
2911 4331 3255 4404 gemitibus:
3289 4346 3388 4386 nec
3419 4332 3589 4386 auitni

1989 4427 2221 4492 robore,
2280 4437 2336 4482 et
2420 4442 2522 4497 spe
2575 4427 2629 4481 in
2682 4430 2885 4493 neum,
2952 4437 3008 4481 et
3065 4425 3301 4495 prazmiis
3375 4424 3592 4480 futuro-

1986 4535 2107 4574 rum
2174 4529 2372 4574 cuncta
2445 4528 2805 4574 contemnunt
2858 4536 2870 4571 :
2930 4518 3146 4573 etiamsi
3220 4515 3459 4586 dirigant
3525 4516 3593 4572 ad

286 4612 430 4680 quod
445 4625 549 4665 non
569 4610 1143 4681 respicerethumana,
1173 4621 1227 4668 et
1257 4612 1365 4686 [ΑΙ.
1396 4614 1616 4686 misera]
1635 4616 1881 4671 miserias
1913 4596 1960 4655 ί)
1988 4614 2157 4669 Deum
2187 4616 2520 4682 oralionem,
2548 4631 2653 4669 non
2682 4614 2883 4682 suscipi
2923 4612 2992 4667 ab
3018 4628 3106 4680 eo,
3142 4612 3266 4683 quia
3314 4611 3594 4667 indecoris

286 4718 394 4757 non
417 4703 649 4773 juvaret.
682 4702 839 4759 Unde
859 4703 989 4760 dicit
1014 4705 1179 4772 Deus,
1206 4705 1534 4761 sacriﬁcium
1558 4716 1612 4761 et
1645 4706 1877 4762 hostiam

285 4795 1108 4870 demanibussacerdotum,qui
1135 4803 1232 4854 ista
1256 4802 1673 4867 commiserunt,
1698 4818 1759 4857 se
1789 4819 1879 4857 ac-

285 4891 589 4959 ciperenon
609 4904 790 4959 posse,
811 4905 1042 4945 uxorum
1063 4890 1194 4947 lletu
1216 4901 1270 4947 et
1286 4892 1597 4963 planctibus
1632 4894 1871 4963 impedi-

287 4992 423 5049 tutn,
441 4992 497 5038 et
514 4984 739 5053 insuper
759 4999 857 5038 eos
879 4999 1126 5053 quaerere
1148 4998 1333 5055 :quam
1349 4985 1419 5039 ob
1437 5001 1656 5040 causam
1671 4986 1739 5042 de
1757 5002 1876 5041 ma-

288 5076 447 5133 nibus
471 5092 660 5133 eorum
682 5092 792 5133 non
814 5078 1057 5148 accipiat
1082 5078 1441 5145 sacriﬁcium,
1470 5079 1766 5149 statimque
1800 5081 1883 5134 in-

287 5168 390 5223 fert
425 5187 438 5222 :
467 5168 601 5237 Quia
635 5168 905 5224 Dominus
936 5170 1363 5225 testilicatusest
1384 5173 1526 5225 inter
1555 5181 1627 5239 te,
1661 5183 1716 5227 et
1744 5189 1884 5226 uxo-

287 5278 403 5318 rem
446 5263 754 5333 pubertatis
803 5274 932 5328 tute,
982 5279 1142 5333 quam
1190 5272 1245 5317 tu
1293 5265 1618 5335 despexisti,
1650 5267 1884 5321 dicens:

286 5355 513 5427 Propter
533 5358 629 5411 hoc
646 5355 899 5426 relinquet
925 5356 1076 5410 homo
1098 5368 1293 5429 patrem
1311 5368 1359 5412 et
1381 5371 1615 5422 matrem,
1639 5369 1687 5411 et
1707 5360 1885 5414 adlue-

285 5451 414 5506 rebit
444 5449 597 5503 uxori
628 5465 758 5515 sate,
785 5458 834 5503 et
862 5458 1011 5503 erunt
1051 5451 1156 5503 duo
1188 5450 1240 5503 in
1272 5467 1303 5503 u
1327 5468 1377 5503 .a
1399 5468 1555 5504 carne
1576 5447 1786 5521 (Genes.
1821 5467 1885 5517 ιι,

283 5543 377 5614 24)
412 5560 427 5599 :
458 5552 513 5598 et
552 5541 759 5597 idcirco
788 5543 1067 5614 particeps
1114 5542 1335 5610 dicitur,
1385 5555 1436 5599 et
1464 5559 1602 5599 uxor
1640 5544 1881 5615 eonjun-

285 5635 511 5700 ctionis,
534 5644 588 5689 et
612 5633 858 5702 hederis,
885 5651 1004 5706 qua:
1028 5650 1059 5691 a
1080 5635 1192 5690 Deo
1222 5635 1290 5691 de
1311 5646 1467 5691 costa
1496 5638 1593 5691 viri
1620 5635 1761 5692 facta
1776 5651 1878 5695 esu

287 5729 353 5785 Et
387 5726 668 5784 residuum
712 5728 937 5797 spiritus
968 5728 1112 5799 ejus,
1142 5730 1265 5785 sive
1290 5729 1409 5795 Dei,
1443 5739 1501 5785 ut
1527 5731 1747 5801 quidam
1778 5747 1876 5803 pu-

288 5834 428 5892 tant,
454 5822 568 5878 sive
600 5823 810 5889 mariti,
844 5834 901 5878 ut
929 5821 1024 5878 alii
1065 5825 1440 5897 suspicantur,
1476 5827 1622 5895 quod
1657 5840 1883 5898 prepter

1987 4717 2037 4759 et
2058 4705 2372 4777 incongruis
2392 4709 2511 4761 viro
2534 4706 2844 4776 planctibus
2866 4705 3255 4774 deturpentur.
3280 4703 3394 4760 Hoc
3410 4712 3591 4759 autent

1986 4798 2128 4870 quod
2158 4800 2406 4870 sequitur
2440 4817 2453 4854 :
2482 4800 2619 4865 Quia
2654 4798 2905 4852 Dominus
2930 4799 3229 4865 testificatus
3258 4805 3330 4851 est
3362 4799 3494 4851 inter
3521 4808 3591 4863 te,

1983 4901 2031 4944 et
2064 4908 2278 4946 uxorem
2310 4892 2594 4961 pubertatis
2626 4902 2748 4957 tuae,
2792 4892 2908 4946 sive
2950 4890 3317 4945 adolescentia:
3345 4906 3501 4961 quam
3532 4903 3589 4945 tu

1984 4985 2265 5056 despexisti
2292 5002 2309 5039 :
2341 4995 2387 5041 et
2411 4985 2522 5040 htec
2544 4995 2617 5040 est
2641 4985 2901 5056 particeps
2931 4982 3044 5055 [AL
3068 4981 3216 5055 pars]
3240 4992 3350 5048 tua,
3377 4993 3425 5037 et
3454 4998 3592 5036 uxor

1988 5083 2146 5149 pacti,
2176 5082 2261 5136 vel
2280 5084 2571 5137 testamenti
2596 5084 2705 5150 tui;
2734 5093 2778 5136 et
2802 5100 2902 5136 non
2922 5084 3061 5135 alius
3087 5082 3206 5151 fecit
3231 5096 3249 5135 :
3274 5089 3323 5133 et
3354 5078 3592 5149 reliquid:

1982 5177 2195 5249 spiritus
2224 5179 2323 5245 tui,
2353 5179 2430 5233 sic
2454 5180 2906 5249 interpretantur,
2934 5186 2991 5231 ut
3018 5190 3248 5231 uxorem
3278 5174 3593 5229 adolescen-

1984 5272 2074 5324 tiae
2109 5270 2412 5325 naturalem
2469 5272 2655 5326 dicant
2694 5269 3151 5340 intelligentiam,
3195 5279 3250 5322 et
3310 5268 3482 5337 legem
3534 5265 3588 5321 itt

1981 5365 2146 5419 corde
2176 5366 2563 5437 perscriptam,
2602 5381 2725 5437 qua:
2767 5365 3024 5419 onmihus
3064 5361 3377 5417 hominibus
3422 5360 3586 5416 insita

1983 5469 2085 5514 est.
2124 5458 2275 5515 Unde
2306 5468 2359 5513 ct
2387 5472 2580 5529 gentes
2605 5478 2712 5514 nott
2747 5461 3007 5514 habentes
3032 5461 3205 5529 legent
3231 5456 3350 5523 Dei,
3380 5470 3442 5511 ea
3465 5470 3590 5526 quae

1983 5560 2109 5605 Sllltl
2131 5553 2316 5623 Legis,
2349 5566 2669 5623 operantur.
2701 5553 2767 5609 Et
2793 5554 2861 5609 de
2887 5557 2984 5607 hac
3011 5551 3245 5621 conjuge
3269 5550 3322 5603 in
3355 5548 3593 5605 Prover-

1985 5643 2086 5699 biis
2117 5644 2407 5715 prtrdicari
2438 5662 2450 5698 ε
2477 5645 2519 5698 Α
2562 5643 2671 5699 Deo
2719 5647 3060 5719 conjungitur
3099 5660 3233 5699 uxor
3260 5643 3368 5696 viro
3397 5640 3583 5715 (Prov.

1984 5752 2107 5806 xxx,
2136 5740 2257 5809 24);
2294 5738 2623 5809 etjubemur
2656 5738 2803 5797 uttle
2825 5738 3038 5795 n0stris
3064 5736 3219 5809 aquis
3250 5736 3499 5793 bibamus
3530 5746 3586 5793 et

1983 5830 2221 5889 fontibus
2256 5847 2267 5885 :
2299 5831 2589 5905 nullusque
2621 5833 2679 5889 in
2711 5833 2951 5905 potando
2995 5833 3068 5889 sit
3110 5829 3409 5904 particeps,
3444 5837 3501 5887 et
3526 5836 3585 5887 ut

3981 5065 3983 5165 ί

3976 5200 3981 5265 Ὗ

3974 5400 3977 5463 l

3974 5470 3975 5561 ι
