4056 6342
298 288 442 350 1565

1055 285 1705 348 couttuurstttonuu
1746 284 1812 344 IN
1853 285 2266 345 MALACHIAM
2307 284 2533 344 usus.
2573 269 2728 344 cur.
2771 287 2859 343 Ill.

3448 285 3590 347 ’1566

296 410 504 467 Judaue
534 408 837 482 pradicare
875 408 1202 480 baptismum
1233 408 1594 480 pmnitentite,
1619 407 1672 466 in
1698 407 1895 464 remis-
1921 412 1976 472 Α
1999 409 2266 476 adulteris,
2304 417 2351 464 et
2392 411 2637 484 perjuris,
2675 420 2722 465 et
2752 411 2840 482 qui
2887 410 3270 467 calumniantur
3317 414 3599 470 mercedem

297 505 513 560 sionem
555 513 934 573 peccatorum.
979 502 1135 571 Quod
1167 511 1345 558 autem
1371 503 1619 572 sequitur
1649 518 1663 556 :
1691 501 1756 557 Et
1783 512 1895 556 sta-

298 599 391 653 tim
415 599 577 653 ueniet
607 596 675 650 ad
701 595 950 668 templum
971 611 1125 651 suum
1152 595 1447 650 dominator
1471 611 1622 666 quem
1642 611 1730 650 vos
1757 611 1901 666 qutu-

296 692 436 760 ritis,
466 700 514 745 et
539 690 754 762 angelus
782 690 1076 745 testamenti
1119 705 1272 762 quem
1322 693 1409 744 vas
1437 689 1610 755 vultis,
1645 690 1714 746 ita
1745 688 1814 744 de
1839 703 1899 745 se

299 784 454 858 quasi
480 785 548 840 de
573 784 748 840 altero
780 785 1037 855 loquitur,
1057 783 1212 854 juxta
1242 782 1696 838 consuetudinem
1744 781 1898 837 Scri-

299 887 610 950 pturarum.
635 876 917 947 Nullisque
948 875 1171 931 dubium
1200 877 1424 948 estquin
1449 875 1766 930 Dominator
1797 876 1901 931 iste

299 971 538 1028 salvator
583 970 675 1037 sit,
724 970 816 1040 qui
868 968 1095 1025 Creator
1154 979 1240 1025 est
1285 969 1554 1036 omnium,
1589 978 1642 1024 et
1669 969 1898 1040 angelus

299 1063 633 1128 testamenti,
659 1071 712 1118 et
735 1063 914 1133 magni
937 1063 1152 1118 consilii
1171 1064 1407 1134 Angelus
1431 1063 1762 1133 appellatur.
1793 1061 1898 1118 Alii

297 1173 429 1215 vero
459 1158 562 1212 boc
591 1157 734 1228 quod
762 1157 962 1213 dicitur
994 1157 1158 1213 :Ecce
1176 1175 1269 1229 ego
1293 1159 1437 1212 mitto
1463 1160 1706 1228 angelum
1727 1173 1898 1212 meum

298 1264 346 1309 et
408 1251 720 1324 prteparabit
779 1252 916 1307 uiam
966 1264 1087 1307 ante
1123 1253 1310 1321 [aciem
1350 1268 1538 1318 meam,
1567 1268 1630 1308 ex
1662 1266 1898 1322 persona

301 1346 478 1404 Patris
506 1345 708 1402 dictum
739 1354 930 1416 putant
962 1363 975 1400 :
1006 1356 1060 1403 et
1088 1348 1232 1418 quod
1263 1347 1511 1418 sequitur
1540 1364 1555 1402 :
1592 1346 1785 1403 Statim
1815 1362 1900 1403 ve-

298 1441 404 1495 niet
430 1441 500 1494 ad
520 1440 770 1511 templum
795 1457 945 1495 suum
992 1443 1288 1496 dominator
1324 1457 1475 1512 quem
1527 1457 1614 1494 vos
1642 1443 1893 1512 quaeritis,

299 1545 346 1588 et
375 1533 592 1605 angelus
610 1534 904 1590 testamenti
923 1549 1073 1603 quem
1101 1550 1189 1589 vos
1215 1535 1392 1599 vultis,
1422 1533 1492 1590 de
1520 1533 1753 1589 Domino
1778 1535 1898 1591 Sal-

298 1637 490 1684 vatore
516 1627 583 1683 ab
627 1643 693 1684 eo
746 1629 952 1684 dictum
1005 1628 1334 1701 intelligunt.
1382 1630 1659 1700 Prmparat
1702 1639 1885 1686 autem

298 1723 440 1777 viam
479 1721 738 1787 Joannes,
771 1730 824 1777 et
856 1731 1030 1778 rectas
1064 1723 1199 1779 facit
1236 1723 1458 1779 semitas
1502 1724 1592 1780 Dei
1618 1725 1791 1780 nostri
1823 1726 1876 1780 in

2000 502 2328 570 mercenarii,
2386 501 2568 558 viduas
2598 512 2644 559 et
2674 502 2920 575 pupillos,
2950 513 3002 560 et
3030 507 3328 579 opprimunt
3373 511 3602 582 peregri-

1998 615 2118 652 num
2139 617 2156 654 :
2177 615 2267 653 nec
2289 599 2563 653 timuerunt
2585 615 2684 665 me,
2708 601 2830 654 dicit
2855 600 3107 656 Dominus
3129 604 3462 661 exercituum.
3487 604 3600 676 Ego

1999 693 2133 746 enim
2161 689 2440 758 Dominus,
2471 701 2641 746 etnon
2667 703 2852 748 mutor.
2887 693 3029 749 LXX
3062 711 3076 748 :
3116 693 3248 750 Ecce
3293 698 3455 751 veniet
3488 696 3598 768 [AL

1999 785 2179 856 venit],
2207 785 2329 840 dicit
2347 783 2600 839 Dominus
2623 787 2964 860 omnipotens,
2988 788 3160 860 etquis
3181 789 3443 844 sustinebit
3464 789 3604 844 diem

2000 881 2241 936 introitus
2261 882 2416 953 ejus?
2441 888 2529 934 aut
2545 881 2658 951 quis
2681 884 2818 951 ferre
2844 885 3032 951 poterit
3077 894 3133 938 ut
3180 885 3396 955 aspiciat
3437 901 3554 939 eum
3578 886 3604 941 .’

2003 972 2138 1040 Quia
2184 975 2298 1043 ipse
2347 971 2636 1044 ingreditur
2680 977 2826 1043 quasi
2856 977 2994 1048 ignis
3019 979 3335 1049 conﬂatorii,
3367 987 3416 1033 et
3452 980 3604 1049 quasi

2001 1066 2154 1120 herba
2176 1068 2498 1123 lavantium:
2533 1077 2580 1122 et
2602 1068 2794 1124 sedebit
2827 1074 3059 1141 con/laus
3085 1079 3132 1127 et
3163 1073 3448 1128 emundans
3469 1075 3604 1128 sicut

1999 1168 2284 1230 argentum,
2311 1168 2360 1213 et
2384 1161 2511 1214 sicut
2552 1177 2766 1228 aurum,
2801 1172 2848 1216 et
2883 1163 3182 1219 emundabit
3212 1165 3350 1235 ﬁlios
3381 1166 3523 1230 Levi,
3552 1177 3600 1223 et

2001 1251 2182 1322 fundet
2220 1267 2305 1306 eos
2335 1253 2466 1306 sicut
2487 1268 2674 1306 aurum
2706 1262 2751 1307 et
2779 1253 2912 1308 sicut
2934 1265 3223 1326 argentum,
3249 1268 3294 1312 et
3325 1270 3472 1313 erunt
3498 1259 3603 1314 Do-

2001 1344 2138 1397 mino
2167 1341 2436 1410 o/Ierentes
2464 1345 2659 1400 hostias
2687 1346 2739 1400 in
2753 1347 2964 1418 justitia
2991 1347 3098 1418 [AL
3122 1349 3352 1421 justitia]
3383 1367 3400 1404 :
3427 1352 3603 1422 etpla-

2000 1439 2128 1492 cebit
2170 1437 2391 1492 Domino
2414 1440 2725 1509 sacri/icium
2751 1438 2896 1494 Juda
2925 1452 2970 1495 et
2998 1441 3310 1509 Jerusalem,
3337 1445 3470 1500 sicut
3494 1447 3604 1501 die-

1999 1532 2091 1583 bus
2121 1531 2372 1598 pristinis,
2400 1540 2448 1585 et
2477 1533 2611 1586 sicut
2645 1533 2797 1587 anuis
2827 1533 3109 1604 prioribus.
3150 1533 3219 1588 Et
3245 1538 3490 1592 accedam
3533 1539 3602 1594 ad

1999 1643 2088 1681 vos
2115 1627 2166 1679 in
2187 1627 2405 1694 iudicio,
2436 1636 2486 1682 et
2507 1644 2593 1682 ero
2615 1629 2757 1684 testis
2775 1630 2924 1684 velox
2945 1647 3102 1701 super
3122 1633 3405 1703 maleﬁcos,
3439 1643 3487 1688 et
3515 1651 3603 1689 stt-

1999 1735 2090 1791 per
2105 1721 2396 1785 adulteros,
2441 1730 2488 1775 et
2515 1737 2671 1792 super
2701 1737 2785 1776 eos
2829 1723 2918 1792 qui
2949 1725 3132 1795 jurant
3160 1723 3213 1777 in
3243 1726 3450 1780 nomine
3492 1744 3604 1782 meo

299 1811 557 1868 cordibus
585 1812 944 1882 credentium,
975 1815 1030 1870 in
1058 1815 1252 1886 quibus
1294 1825 1522 1886 propter
1548 1818 1890 1887 pravitatem,
1929 1808 1978 1869 B
2006 1814 2346 1868 mendaciter.
2397 1812 2466 1867 Et
2496 1816 2584 1876 qui
2609 1816 2857 1886 fraudant
2897 1816 3130 1870 mercede
3163 1818 3527 1885 mercenaries,
3557 1828 3602 1874 et

300 1919 353 1964 et
383 1908 836 1976 incredulitatem,
868 1910 1020 1980 prius
1063 1911 1200 1966 Deus
1223 1911 1504 1966 ambulare
1528 1927 1635 1968 non
1659 1922 1894 1983 poterat.

299 2002 582 2072 Templum
624 2010 802 2058 autem
838 2003 923 2059 vel
952 2003 1251 2060 Ecclesium
1302 2004 1755 2075 interpretantur,
1807 2007 1896 2062 vel

300 2109 744 2166 unumquemque
770 2096 1110 2152 credentium
1138 2097 1192 2152 in
1219 2097 1459 2154 Ecclesia
1489 2116 1501 2152 :
1531 2098 1902 2168 rE’di/icamini

304 2189 482 2243 domos
530 2189 850 2258 spirituum,
903 2191 1248 2244 sacerdotium
1311 2203 1589 2246 sanctum:
1623 2191 1898 2260 offerentes

299 2283 601 2354 spirituales
619 2285 880 2349 victimas,
913 2293 962 2338 et
991 2286 1337 2354 acceptabiles
1367 2284 1478 2340 Deo
1509 2303 1600 2353 per
1628 2284 1898 2342 Christum

301 2376 482 2432 Iesum
511 2375 553 2448 (l
589 2376 730 2431 Patr.
757 2393 820 2441 ll,
845 2377 922 2447 5).
953 2378 1056 2433 Eos
1081 2394 1213 2434 vero
1245 2381 1334 2449 qui
1356 2378 1698 2434 crediderint
1732 2397 1745 2432 :
1784 2379 1900 2433 Ne-

301 2471 445 2524 scitis
465 2469 604 2542 quod
628 2471 872 2540 templum
894 2470 990 2525 Dei
1012 2471 1154 2539 estis,
1203 2481 1247 2524 et
1287 2472 1504 2542 spiritus
1557 2470 1655 2526 Dei
1706 2471 1902 2526 habitat

301 2565 356 2620 in
378 2565 559 2634 uobis(
587 2563 748 2620 ἰσων.
805 2579 884 2630 Ill,
938 2567 1004 2620 l6
1033 2565 1092 2636 )‘l
1119 2565 1291 2621 Judaei
1343 2565 1445 2621 hoc
1475 2567 1615 2636 quod
1648 2566 1852 2621 dicitur
1882 2583 1896 2621 :

302 2655 440 2712 Ecce
468 2671 562 2729 ego
587 2657 736 2712 mitto
761 2658 1006 2730 angelum
1031 2673 1228 2725 meum,
1261 2658 1328 2713 de
1358 2657 1474 2712 Elia
1509 2658 1771 2729 propheta
1814 2658 1899 2714 di-

303 2759 450 2806 ctum
480 2751 815 2821 intelligunt,
840 2761 893 2806 et
914 2752 1058 2822 quod
1085 2753 1329 2824 sequitur
1355 2771 1365 2806 :
1397 2752 1588 2808 Statim
1642 2753 1805 2808 veniet
1833 2754 1903 2808 ad

306 2843 554 2914 templum
581 2859 732 2898 suum
764 2845 1058 2900 dominator
1079 2863 1230 2916 quem
1256 2862 1344 2901 vos
1371 2848 1642 2918 qutt'rilis,‘
1671 2857 1719 2901 et
1745 2865 1902 2919 ange-

305 2939 386 2993 lus
415 2940 708 2994 testamenti
742 2956 891 3011 quem
936 2957 1024 2995 vos
1054 2943 1229 3010 vultis,
1290 2941 1542 2997 referunt
1584 2944 1899 3018 ἡλειμμένον,

2005 1909 2304 1978 opprimunt
2326 1923 2415 1978 per
2447 1910 2723 1974 potentiam
2757 1908 2959 1974 viduas,
2985 1918 3034 1964 et
3051 1911 3339 1977 percutiunt
3371 1912 3602 1983 pupillos

2005 2009 2052 2054 et
2082 2009 2377 2070 pervertunt
2419 2001 2679 2073 judicium
2734 2001 2968 2068 aduentv,
2995 2003 3146 2074 etqui
3165 2017 3267 2056 non
3291 2003 3469 2056 timent
3502 2019 3599 2073 me,

2005 2097 2129 2149 dicit
2159 2095 2415 2150 Dominus
2453 2097 2616 2169 972
2643 2097 2964 2166 omnipotens
2996 2113 3013 2151 :
3037 2097 3281 2166 quoniam
3307 2114 3398 2171 ego
3419 2095 3605 2152 Domi-

2005 2205 2103 2243 nus
2137 2188 2273 2260 Deus
2299 2197 2484 2257 vester,
2515 2198 2686 2244 etnon
2714 2198 2904 2244 mutor.
2936 2188 3110 2259 Supra
3145 2188 3370 2260 legimus
3399 2199 3599 2246 motam

2007 2282 2238 2337 Domino
2284 2281 2644 2352 quaestionem
2673 2283 2740 2337 ab
2775 2282 2858 2337 his
2885 2283 2974 2353 qui
3019 2283 3206 2339 dicunt
3239 2283 3469 2338 :Omnis
3502 2284 3601 2356 qui

2007 2377 2134 2432 facit
2185 2377 2408 2444 malum,
2437 2378 2610 2433 bonus
2637 2385 2720 2432 est
2762 2378 2812 2430 in
2845 2386 3140 2446 conspectu
3173 2376 3408 2443 Domini,
3438 2387 3493 2433 et
3521 2386 3603 2432 ta-

2007 2471 2088 2527 les
2113 2472 2164 2527 ei
2192 2471 2422 2540 placent,
2474 2480 2568 2526 aut
2626 2480 2776 2526 certe
2805 2471 2848 2526 si
2876 2469 3188 2541 displicent,
3220 2471 3310 2528 ubi
3340 2481 3422 2528 est
3459 2471 3602 2531 Deus

2001 2565 2229 2635 judicii?
2257 2563 2360 2619 hoc
2384 2576 2490 2629 eet,
2525 2564 2618 2618 ubi
2679 2572 2761 2619 est
2787 2563 3017 2634 justitiae
3059 2565 3302 2619 veritas?
3331 2564 3412 2618 Ad
3439 2578 3603 2635 quam

2006 2656 2408 2712 dissolvendam
2441 2657 2650 2711 Domini
2679 2671 2861 2711 sermo
2907 2655 3187 2726 reSpondit
3217 2674 3230 2710 :
3260 2655 3466 2712 Mittam
3501 2669 3601 2711 au-

2006 2751 2186 2820 gelum
2215 2765 2417 2816 meum,
2449 2749 2538 2819 qui
2572 2747 2897 2820 praeparabit
2937 2749 3078 2803 viam
3111 2763 3308 2815 meam,
3342 2757 3395 2804 et
3419 2748 3607 2804 veniet

2007 2842 2070 2898 ad
2101 2842 2360 2912 templum
2388 2855 2542 2896 suum
2571 2843 2877 2896 dominator
2906 2857 3066 2912 quem
3099 2855 3194 2898 vos
3217 2841 3482 2912 quaeritis,
3516 2841 3606 2911 qui

2001 2934 2166 3005 judex
2187 2945 2268 2988 est
2299 2933 2564 3001 veritatis,
2589 2933 2657 2989 de
2687 2950 2794 3004 quo
2825 2933 3028 2989 dicitur
3053 2934 3105 2988 in
3137 2934 3356 2989 Psalmo
3391 2953 3403 2987 :
3444 2933 3604 3000 Deus,

306 3031 805 3101 hocest,Christum
833 3048 1199 3105 suttnt,quem
1221 3033 1413 3089 dicunt
1440 3035 1630 3090 ultimo
1658 3015 1901 3106 tempore
1996 3029 2259 3100 judicium
2305 3037 2447 3080 mum
2493 3028 2604 3097 regi
2649 3028 2831 3082 du:et
2851 3027 3113 3099 justitiam
3161 3034 3302 3080 luam
3332 3015 3715 3111 ﬁliole!!!"

307 3139 429 3180 esse
448 3133 760 3181 venturum.
786 3124 895 3181 Sed
920 3126 1090 3181 miror
1110 3126 1384 3196 quomodo
1397 3141 1494 3182 eos
1509 3143 1690 3182 rerum
1723 3129 1902 3183 exitus

2009 3122 2180 3195 (Psal.
2214 3139 2360 3188 Lxxt,
2386 3123 2446 3193 ι).
2482 3121 2603 3176 Non
2636 3124 2772 3177 enim
2797 3121 2957 3177 Pater
2994 3123 3202 3196 judicat
3249 3137 3600 3193 quemquam;

307 3236 416 3276 non
448 3219 644 3276 doceat
673 3221 980 3277 veritatem.
1032 3220 1187 3288 Quod
1239 3224 1381 3276 enim
1435 3224 1692 3291 templum
1736 3223 1898 3296 971
1931 3208 1976 3270 C
2009 3221 2098 3270 sed
2119 3216 2384 3289 judicium
2418 3231 2564 3269 cuiue
2611 3216 2750 3270 dedit
2796 3215 2937 3270 Filio
2965 3213 3146 3288 (Joan.
3178 3229 3226 3281 ν,
3250 3216 3369 3286 22).
3409 3215 3472 3269 Et
3514 3214 3606 3270 ille

308 3328 463 3369 suum
491 3313 730 3369 inveniet
759 3314 1090 3380 dominator,
1110 3314 1253 3384 quod
1275 3314 1522 3384 usquead
1553 3313 1900 3369 fundamenta

311 3407 647 3462 destructum
680 3417 783 3472 est,
807 3417 900 3462 aut
927 3407 972 3462 si
1005 3407 1072 3462 ab
1103 3408 1210 3463 alio
1239 3409 1628 3464 exstruendnnt
1680 3416 1763 3462 cst
1809 3423 1904 3462 an-

318 3509 534 3571 tequam
557 3498 805 3556 Christus
827 3499 1103 3568 adveniat,
1137 3502 1262 3572 quid
1289 3501 1538 3558 Christus
1568 3518 1757 3557 eorum
1784 3515 1901 3556 am-

312 3595 454 3666 plius
482 3593 723 3649 facturus
748 3602 852 3657 est,
878 3609 1000 3650 cum
1025 3595 1096 3648 ab
1125 3595 1234 3651 alio
1260 3599 1511 3652 restituta
1541 3598 1649 3652 sint
1677 3599 1857 3653 omnia
1883 3599 1908 3653 ἲ

314 3688 574 3744 Dominus
599 3697 784 3743 noster
806 3687 859 3742 in
877 3688 1180 3759 Evangelio
1193 3687 1366 3744 Eliam
1384 3689 1698 3761 prophetam
1711 3735 1724 3757 ,
1742 3689 1904 3746 Joan-

314 3795 441 3836 nem
465 3780 758 3850 Baptistam
784 3779 1154 3850 interpretans
1178 3781 1417 3852 loquitur
1443 3800 1455 3836 :
1482 3782 1544 3838 Si
1567 3782 1720 3838 vultis
1747 3786 1903 3854 scire,

316 3874 426 3946 ipse
463 3884 536 3928 est
585 3873 733 3928 Elius
762 3875 853 3944 qui
878 3882 1122 3928 venttmts
1153 3883 1226 3928 est
1253 3875 1410 3943 (Mat.
1443 3892 1522 3944 ιι,
1560 3877 1670 3947 Μ),
1702 3878 1770 3934 de
1799 3895 1906 3950 quo

313 3975 369 4023 et
393 3967 479 4020 hic
512 3965 652 4022 idem
673 3967 936 4036 propheta
963 3981 1126 4036 quem
1155 3979 1294 4021 ntmc
1323 3966 1701 4034 disseruimus,
1719 3970 1906 4025 scribit

314 4059 370 4114 in
402 4058 546 4114 fine:
577 4056 819 4131 Ecceego
847 4059 992 4112 mitto
1021 4057 1162 4113 vobis
1193 4058 1364 4114 Eliam
1395 4063 1718 4133 prophetam,
1766 4073 1909 4118 ante-

316 4165 472 4222 quam
516 4151 686 4206 veniat
722 4151 832 4207 dies
876 4150 1088 4206 Domini
1134 4169 1350 4223 magnus
1371 4163 1420 4207 et
1444 4153 1705 4208 horribilis
1735 4153 1910 4227 (Infra

320 4259 394 4315 tv,
420 4243 500 4317 5).
530 4245 814 4314 Quomodo
836 4257 1020 4303 autem
1056 4247 1203 4302 Elias
1231 4245 1470 4305 Joannes
1499 4251 1592 4317 sit,
1634 4251 1785 4305 dedit
1815 4267 1914 4305 no-

322 4340 405 4398 bis
434 4341 576 4396 viam
603 4339 994 4412 intelligentiae,
1022 4341 1074 4396 in
1094 4342 1296 4398 virtute
1322 4349 1377 4398 et
1406 4341 1603 4414 spiritu
1631 4343 1766 4398 Elia:
1787 4359 1910 4400 eum

321 4436 560 4504 venisse,
592 4451 1048 4492 commemorans.

392 4530 574 4603 (Vers.
604 4530 658 4585 2.
691 4531 874 4601 seqq.)
916 4529 1050 4586 Ecce
1088 4533 1244 4599 venit,
1279 4534 1406 4587 dicit
1435 4532 1691 4589 Dominus
1720 4535 1916 4590 exerci-

2007 3320 2091 3363 cst
2120 3309 2346 3378 angelus
2377 3309 2687 3363 testamenti
2718 3324 2877 3374 quem
2910 3321 3013 3363 vos
3044 3308 3306 3378 quaeritis,
3351 3306 3437 3362 cui
3467 3306 3606 3362 mala

2008 3419 2113 3457 non
2147 3404 2377 3472 placent,
2421 3403 2512 3471 qtti
2555 3417 2841 3472 personam
2895 3402 2947 3456 in
2983 3401 3189 3471 judicio
3249 3383 3605 3470 nt)‘l}‘_,aC('i|til

2009 3497 2232 3568 (Coloss.
2268 3513 2348 3565 ttt,
2371 3497 2484 3568 25),
2513 3497 2606 3568 qui
2648 3497 2793 3553 nulla
2826 3513 2927 3552 nec.
2961 3496 3349 3562 misericordia,
3376 3511 3475 3551 nec
3508 3511 3598 3552 se-

2009 3593 2238 3648 veritate
2293 3600 2533 3647 mutatur
2561 3610 2572 3645 :
2607 3591 2759 3647 Catia:
2799 3594 2932 3647 enim
2981 3593 3031 3644 in
3065 3607 3220 3645 manu
3250 3571 3468 3645 Domini
3500 3590 3606 3645 vini
3662 3659 3670 3667 _

2010 3688 2139 3742 meri
2167 3688 2350 3760 plenus
2399 3688 2580 3751 mixto,
2635 3695 2682 3740 et
2704 3686 2968 3740 inclinavit
2999 3701 3064 3740 ex
3087 3684 3256 3739 hocin
3285 3686 3379 3738 hoc
3435 3682 3600 3748 tPsal.

2011 3799 2191 3852 Lutv,
2224 3783 2304 3854 9),
2343 3782 2397 3837 id
2419 3792 2525 3848 est,
2560 3780 2935 3837 misericordia
2959 3779 3222 3850 justitiam
3242 3787 3526 3848 temperat,
3554 3785 3610 3834 et

2006 3878 2214 3949 justitia
2250 3875 2715 3934 misericordiam.
2748 3876 2851 3930 Iste
2875 3875 3036 3946 igitur
3056 3875 3237 3929 statim
3271 3883 3323 3929 et
3346 3873 3608 3927 velociter

2012 3972 2194 4027 veniet
2221 3970 2288 4025 ad
2312 3970 2576 4039 templum
2616 3983 2793 4032 suum,
2828 3968 2876 4021 id
2915 3976 3018 4036 est,
3047 3966 3371 4022 Ecclesium.
3406 3963 3473 4018 Et
3495 3964 3610 4035 quis

2013 4063 2204 4136 poterit
2235 4065 2464 4136 cegitare
2491 4064 2627 4116 diem
2657 4062 2902 4116 adventus
2933 4062 3047 4130 ejus
3074 4062 3097 4115 ?
3120 4060 3178 4115 Si
3223 4059 3469 4129 cogitare
3498 4071 3610 4136 ρεω

2013 4115 2254 4233 potentis
2286 4115 2591 4229 majestatis
2615 4157 2734 4227 ejus
2777 4169 2939 4211 nemo
2963 4164 3160 4226 potest,
3197 4151 3341 4210 ferre
3358 4153 3480 4224 quis
3513 4115 3766 4222 {itf-

2015 4254 2180 4310 terit?
2210 4253 2278 4308 Et
2304 4252 2428 4324 quis
2450 4251 2614 4305 stabit
2637 4249 2702 4304 ad
2733 4249 3024 4304 videndum
3051 4262 3199 4310 eum,
3232 4247 3333 4301 ltoc
3357 4252 3461 4311 est,
3487 4246 3609 4316 quis

2013 4362 2135 4403 eum
2169 4347 2367 4417 poterit
2391 4341 2743 4414 lippientibus
2773 4353 2800 4380 ι
2827 4352 2879 4398 et
2907 4341 3322 4397 cmcutientibus
3353 4339 3527 4396 oculis
3550 4339 3604 4393 in

2016 4455 2111 4496 sua
2134 4439 2381 4494 claritate
2401 4437 2742 4506 conspicere,
2761 4435 2948 4506 quiest
2977 4435 3056 4489 sol
3083 4431 3330 4504 justitite,
3351 4439 3406 4487 et
3435 4432 3487 4486 in
3515 4446 3611 4486 cu-

2016 4535 2104 4604 jus
2136 4532 2330 4604 pennis
2381 4537 2468 4587 est
2492 4529 2732 4585 sanitas?
2758 4529 2877 4598 ipse
2899 4529 3077 4584 veniet
3117 4527 3273 4598 quasi
3320 4526 3458 4597 ignis
3486 4539 3612 4580 con-

319 4636 484 4692 tuum,
526 4631 572 4678 et
616 4623 729 4695 quis
757 4623 948 4696 poterit
972 4626 1203 4697 cogitare
1222 4626 1358 4680 diem
1384 4627 1630 4682 adventus
1652 4631 1814 4701 ejus?
1844 4627 1912 4682 Et
1940 4615 1993 4676 D
2020 4626 2176 4694 flans,
2207 4633 2263 4680 et
2291 4625 2444 4696 quasi
2471 4624 2638 4679 herba
2693 4621 2956 4677 fullonum
2987 4619 3117 4693 (Inf.
3141 4619 3200 4693 2)
3227 4638 3240 4674 :
3270 4619 3416 4692 Ignis
3466 4617 3610 4674 enim

319 4719 434 4789 quis
457 4717 610 4772 stabit
654 4716 723 4769 ad
773 4715 1048 4772 videndum
1099 4735 1215 4773 eum
1240 4719 1264 4772 τ’
1287 4718 1406 4792 Ipse
1433 4721 1572 4774 enim
1601 4717 1750 4790 quasi
1780 4722 1917 4793 ignis

321 4813 576 4881 conﬂans,
605 4819 652 4864 et
678 4811 824 4881 quasi
844 4810 1003 4866 herba
1030 4811 1314 4884 fullonum.
1353 4811 1418 4867 Et
1439 4814 1630 4869 sedebit
1654 4818 1912 4886 con/laus,

321 4916 369 4962 et
417 4905 703 4961 emundans
749 4905 902 4976 quasi
952 4905 1154 4978 [Vulg.
1192 4915 1333 4963 tacet
1361 4907 1529 4983 quasi]
1552 4921 1846 4982 argentum,
1873 4919 1922 4966 et

323 4999 564 5070 purgabit
585 4997 722 5068 ﬁlios
745 4996 889 5064 Levi,
917 5008 965 5054 et
985 4999 1176 5054 celabit
1195 5016 1282 5056 eos
1311 5003 1462 5071 quasi
1482 5019 1670 5057 aurum
1698 5011 1745 5057 et
1769 5000 1918 5076 quasi

323 5102 598 5167 argentum
621 5110 640 5148 :
661 5101 708 5148 et
737 5104 888 5148 erunt
926 5093 1150 5150 Domino
1168 5095 1439 5164 offerentes
1464 5099 1725 5170 sacriﬁcia
1752 5101 1804 5154 in
1819 5103 1916 5174 ju-

325 5189 482 5246 stitia.
513 5189 578 5244 Et
602 5188 821 5262 placebit
845 5188 1064 5245 Domino
1082 5191 1396 5260 sacri/icium
1426 5191 1590 5260 Judu,
1616 5203 1662 5248 et
1704 5194 1916 5248 Jerusa-

325 5282 446 5352 lem,
497 5284 631 5338 sicut
670 5282 778 5337 dies
809 5283 1007 5349 steculi,
1031 5292 1076 5337 et
1102 5283 1236 5337 sicut
1267 5285 1394 5337 anni
1421 5285 1637 5355 antiqui.
1676 5285 1740 5338 Et
1771 5301 1919 5340 acce-

326 5377 449 5432 dant
495 5377 564 5432 ad
593 5393 684 5433 vos
726 5375 782 5432 in
803 5375 1024 5450 judicio,
1054 5383 1100 5431 et
1126 5392 1216 5431 ero
1237 5375 1376 5432 testis
1424 5377 1570 5432 velox
1599 5377 1845 5449 maleﬁcis
1875 5387 1926 5435 et

401 5561 421 5582 ⁸
461 5559 656 5630 Regia.
681 5573 809 5628 ms.,
844 5557 1180 5629 lippientibus
1203 5557 1388 5627 oculis,
1404 5568 1452 5614 et
1480 5560 1628 5615 caecis
1649 5561 1905 5618 mentibus

327 5635 384 5690 in
417 5649 519 5687 una
548 5631 799 5698 claritate,
832 5641 938 5688 etc.

403 5704 430 5742 ι’
471 5704 744 5759 [neodem
777 5719 902 5770 ms.,
939 5703 1228 5758 trahentur.
1275 5701 1567 5771 Victorius,
1601 5703 1805 5771 Allndi,
1833 5705 1914 5762 in-

331 5775 472 5854 quit,
508 5789 635 5854 reor
671 5775 736 5854 ad
765 5775 894 5854 illud
925 5775 1161 5832 Danielis
1187 5789 1260 5854 vtt
1295 5789 1308 5830 :
1339 5773 1397 5832 '0
1423 5775 1593 5854 θρόνος
1626 5779 1779 5854 αὐτοῦ
1802 5779 1918 5854 φξλξ

331 5846 515 5912 «rubor
549 5848 594 5903 οἱ
623 5846 810 5924 τρόχοι
836 5849 990 5908 αὐτοῦ
1016 5855 1124 5933 πῦρ
1153 5848 1348 5929 φλέγονθ
1381 5846 1613 5924 ποίταμὸς
1634 5846 1922 5932 nupserat-

2020 4725 2074 4778 in
2113 4731 2405 4794 conspectu
2432 4719 2548 4792 ejus
2577 4717 2813 4785 ardebit,
2843 4727 2897 4774 et
2923 4717 2974 4772 in
2999 4717 3225 4772 circuitu
3264 4716 3383 4786 ejus
3408 4723 3616 4785 tempe~

2019 4827 2130 4874 stas
2159 4817 2336 4872 valida
2362 4811 2478 4888 (Ps.
2515 4815 2682 4883 χιιι).
2713 4810 2866 4868 Tunc
2893 4809 3109 4866 vocabit.
3127 4809 3322 4865 caelum
3353 4807 3611 4878 desuper,

2021 4921 2075 4968 et
2107 4920 2309 4966 terram
2334 4915 2394 4963 ut
2429 4905 2694 4978 dijudicet
2727 4903 2984 4975 populum
3010 4917 3199 4972 suum,
3235 4900 3453 4956 flumina
3481 4901 3619 4971 ignis

2019 5005 2280 5060 1ttrahent
2324 5011 2448 5058 ante
2497 5015 2643 5068 eum,
2680 5009 2995 5070 peccatores
3047 5007 3291 5067 quosque
3317 4994 3609 5050 volventia.

2025 5097 2169 5168 Ignis
2210 5103 2390 5150 autem
2425 5093 2623 5147 dicitur
2671 5091 2956 5156 Dominus,
3004 5097 3058 5144 et
3103 5088 3241 5158 ignis
3284 5099 3616 5141 consumens

2026 5192 2206 5263 (Deut.
2234 5188 2333 5258 tv),
2361 5196 2418 5243 ut
2446 5187 2591 5258 ligna
2620 5193 2827 5252 nostra,
2847 5185 3053 5250 fenum,
3081 5182 3448 5252 stipulamque
3467 5195 3621 5236 com-

2027 5286 2208 5340 burat.
2246 5283 2308 5337 Et
2343 5297 2447 5336 non
2481 5280 2661 5335 solum
2690 5279 2859 5350 ignis;
2894 5276 2988 5333 sed
3027 5281 3082 5332 et
3107 5275 3276 5331 herba
3329 5275 3618 5343 fullonum,

2027 5394 2148 5450 qua:
2169 5376 2430 5434 Hebraice
2443 5388 2640 5431 nostra
2658 5369 2869 5446 (nt-in)
2890 5368 3214 5441 appellatur,
3241 5376 3296 5424 et
3324 5366 3470 5424 LXX
3492 5367 3626 5426 πόαν

2015 5585 2096 5618 κεν
2126 5561 2528 5639 ἐκπορειζὸμενος
2549 5558 2836 5639 {tango-605v
2861 5555 3316 5639 _ubroG.J'ltrOtttts
3347 5557 3629 5639 ejus/lant-

2019 5652 2104 5688 ma
2143 5625 2454 5707 ignt's.»Rota
2479 5625 2748 5707 ejusig'nis
2775 5628 2961 5707 ardens
2984 5625 3250 5707 :_luvius
3273 5625 3408 5707 ignis
3440 5626 3633 5707 ntro/te-

2024 5707 2106 5760 bat
2155 5695 2652 5780 Egrediensa'facie'
2697 5704 2828 5775 ejus.
2884 5700 3164 5780 Trahebat,
3209 5695 3405 5780 inquit,
3440 5695 3634 5754 Hiero-

2026 5771 2240 5850 nymu's,
2271 5771 2565 5852 peccatores
2596 5771 2843 5846 quosque,
2869 5773 3095 5848 ﬂammis
3142 5787 3228 5832 eos
3249 5771 3530 5830 involvens.
