4026 6346
429 269 567 327 1567

1663 273 1725 330 S.
1768 270 2041 328 EUSEBII
2079 270 2464 334 HIERONYMI

3586 281 3736 343 1568

426 387 480 444 id
511 397 616 456 est,
642 386 866 445 herbam
899 388 1188 456 fullonum,
1234 400 1470 448 vertunt.
1523 391 1645 462 Ipse
1674 390 1758 445 his
1788 389 1878 460 qui
1908 403 2028 461 pec-
2055 393 2106 455 Α
2129 392 2290 461 ﬂans,
2328 402 2376 446 et
2401 395 2553 466 quasi
2580 394 2738 451 herba
2779 395 3064 469 fullonum,
3099 412 3168 456 ne
3194 406 3449 469 putemus
3489 413 3616 457 eum
3641 400 3730 455 di-

422 493 550 539 cant
571 484 836 556 graviter,
862 483 1004 556 ignis
1039 486 1284 546 conﬁans.
1310 495 1418 556 est,
1448 494 1609 558 atque
1639 498 1968 540 consumens
2000 501 2014 536 :

426 577 519 646 qui
546 585 726 634 autem
766 577 902 634 levia
959 587 1180 650 peccata
1231 581 1598 646 committunt,
1641 577 1809 634 herba
1861 576 2022 632 fullo-

427 686 588 734 num,
665 680 720 727 ut
785 672 909 728 lotis
978 673 1298 729 munditiam
1363 675 1653 744 restituat,
1721 671 2021 728 secundum

423 763 588 836 973
613 763 744 819 illud
775 763 922 836 quod
946 765 1206 836 scriptum
1247 774 1331 822 est
1357 765 1412 822 in
1440 765 1576 821 Isaia
1612 783 1627 820 :
1659 765 1873 821 Lavab-it
1915 763 2025 820 Do-

423 860 595 912 minus
619 860 796 914 sordes
841 860 1074 929 filiorum
1103 869 1149 915 et
1177 860 1407 932 ﬁliarum
1438 859 1594 927 Sion,
1635 868 1683 915 et
1722 860 2023 932 sanguinem

422 953 722 1008 emundabit
751 954 814 1006 de
847 953 1018 1008 medio
1063 970 1262 1018 eorum,
1292 954 1478 1024 spiritu
1507 953 1716 1024 iudicii,
1759 963 1807 1007 et
1835 953 2022 1023 spiritu

421 1046 789 1103 combustionis
821 1046 978 1121 (Isai.
1010 1064 1084 1112 tv,
1117 1049 1199 1118 4).
1224 1049 1329 1118 Qui
1359 1048 1550 1104 sordes
1579 1048 1798 1112 habent,
1829 1049 2020 1117 spiritu

416 1137 611 1208 judicii
672 1139 938 1212 indigent,
975 1149 1033 1195 ut
1081 1141 1376 1197 laventur:
1426 1141 1521 1212 qui
1565 1141 1830 1212 sanguine
1873 1141 2021 1212 pleni

420 1238 572 1292 sunt,
601 1231 796 1302 spiritu
824 1232 1246 1302 combustionis,
1281 1244 1338 1288 ut
1367 1233 1589 1305 sanguis
1615 1232 1708 1304 qui
1739 1234 1792 1288 in
1820 1233 1902 1288 eis
1922 1248 2020 1288 ex-

421 1323 697 1379 trinsecus
726 1325 856 1380 litus
886 1336 992 1385 est.
1023 1325 1319 1382 auferatur.
1364 1326 1431 1381 Et
1456 1324 1669 1382 sedebit
1705 1325 1948 1380 conﬁans
1967 1333 2022 1381 et

420 1415 726 1472 emundans
751 1418 893 1474 sicut
917 1430 1232 1490 argentum,
1263 1430 1320 1474 ιιι
1347 1419 1645 1476 secundum
1677 1419 2017 1476 Ezechielem

423 1511 573 1585 (Cap.
606 1515 764 1584 χχιι),
793 1514 1054 1585 quidquid
1102 1514 1156 1570 in
1190 1529 1328 1570 auro
1358 1524 1551 1570 nostro
1581 1523 1636 1571 et
1687 1525 1933 1586 argento,
1967 1513 2019 1570 id

422 1617 530 1673 est,
562 1621 730 1663 sensu
757 1618 811 1664 et
836 1609 1224 1680 eloquio,:ere.
1255 1619 1476 1676 stanno,
1493 1608 1660 1678 ferro,
1690 1609 2020 1680 plumboque

421 1700 777 1756 commixtum
809 1710 915 1770 est,
952 1702 1004 1757 in
1036 1705 1256 1758 camino
1299 1702 1512 1758 Domini
1539 1711 1928 1774 percoquatur,
1961 1711 2018 1756 ut

2131 485 2378 542 vinitatis
2425 497 2634 545 mutare
2662 499 2934 556 naturam,
2973 506 3138 562 quum
3181 507 3278 561 pro
3313 505 3412 561 pro
3438 491 3601 548 nobis
3633 501 3731 548 aut

2127 580 2376 648 angelus,
2405 591 2499 636 aut
2527 582 2688 653 ignis,
2726 591 2820 638 aut
2849 599 3046 640 nonI-ru
3067 585 3399 641 nominatur.

2197 671 2383 744 (Vers,
2414 672 2496 745 6.)
2524 673 2592 729 Et
2615 689 2728 742 vos,
2768 675 2868 744 filii
2905 674 3090 745 Jacob,
3121 694 3226 732 non
3245 677 3369 732 estis
3408 678 3724 750 consumpti.

2126 764 2170 818 Α
2198 765 2376 820 diebus
2397 767 2532 821 enim
2561 779 2768 838 patrum
2797 779 3080 825 vestrorum
3107 771 3386 826 recessistis
3413 789 3447 825 a
3485 770 3727 844 legitimis

2129 857 2274 920 meis,
2305 865 2352 911 et
2381 875 2483 913 non
2509 861 2824 916 custodistis.
2851 860 3032 917 LXX:
3056 860 3127 916 Et
3154 880 3263 928 vos,
3287 861 3388 933 filii
3415 861 3609 930 Iacob,
3627 881 3730 920 non

2125 950 2409 1004 recessistis
2439 968 2471 1005 a
2500 955 2724 1024 peccatis
2756 962 2961 1021 patrum
3006 965 3317 1023 vestrorum,
3355 955 3656 1012 destinastis
3696 973 3733 1012 α

2126 1041 2368 1114 legitimis
2395 1045 2544 1112 meis,
2575 1057 2623 1100 et
2648 1063 2751 1101 non
2778 1048 3100 1103 custodistis.
3131 1047 3306 1118 Supra
3336 1049 3584 1105 dixerat:
3621 1050 3730 1106 Ero

2125 1137 2278 1193 testis
2306 1138 2465 1194 velox
2496 1139 2780 1208 maleﬁcis,
2824 1150 2882 1197 et
2920 1142 3204 1211 adulteris,
3249 1152 3304 1199 et
3357 1143 3620 1215 periuris,
3660 1156 3718 1202 et

2123 1230 2214 1302 qui
2265 1231 2666 1288 calumniantur
2716 1235 3024 1291 mercedem
3074 1236 3422 1303 mercenarii,
3452 1236 3650 1294 viduas
3674 1246 3730 1294 et

2125 1323 2379 1394 pupillos,
2429 1335 2484 1382 et
2512 1327 2824 1399 opprimunt
2856 1329 3230 1400 peregrinum,
3283 1343 3386 1386 nec
3425 1330 3728 1388 timuerunt

2125 1432 2234 1484 me,
2267 1416 2400 1473 dicit
2433 1419 2691 1476 Dominus
2719 1421 3076 1476 exercituum.
3121 1420 3452 1492 iustumque
3480 1421 3725 1492 judicem

2123 1525 2248 1566 esse
2287 1525 2347 1567 se
2376 1511 2603 1568 dicens:
2637 1514 2780 1583 quod
2825 1529 2930 1570 non
2971 1515 3202 1586 accipiat
3231 1531 3519 1587 personam
3554 1517 3616 1574 in
3641 1518 3728 1588 ju-

2123 1603 2290 1670 dicio,
2343 1605 2574 1662 intulit:
2619 1604 2736 1679 Ego
2777 1605 3034 1663 Dominus
3081 1618 3129 1664 et
3157 1625 3262 1664 non
3299 1618 3496 1665 mutor.
3532 1611 3600 1666 Et
3643 1619 3728 1668 est

2125 1709 2350 1752 sensus:
2379 1696 2486 1753 Vos
2517 1712 2614 1769 per
2643 1698 2930 1768 maleﬁcia,
2960 1710 3014 1756 et
3052 1701 3345 1770 adulteria,
3377 1712 3434 1758 et
3458 1703 3725 1773 perjuria,

419 1807 615 1862 purum
647 1809 838 1850 aurum
871 1803 1170 1863 remaneat,
1203 1805 1260 1851 et,
1303 1804 1612 1865 argentum.
1647 1795 1802 1852 Unde
1827 1805 1884 1852 et
1915 1795 2018 1850 Do-
2053 1795 2102 1855 B
2125 1799 2180 1844 et
2219 1789 2540 1856 calumnias,
2570 1802 2623 1847 et
2649 1792 2960 1848 violentiam
2991 1793 3236 1863 quotidie
3275 1794 3593 1861 mutamini,
3623 1811 3728 1866 ego

421 1883 602 1940 minus
618 1884 671 1938 in
698 1885 990 1956 Evangelia
1013 1887 1279 1956 loquitur:
1301 1885 1486 1958 Ignem
1505 1887 1621 1942 veni
1642 1887 1846 1942 mittere
1862 1903 2018 1957 super

418 1985 691 2042 terram,et
712 1994 868 2050 quam
899 1977 1003 2050 [AL
1019 1977 1191 2051 quem]
1215 1963 1329 2034 volo
1342 1990 1398 2034 ut
1420 1978 1766 2052 ardeat(Luc.
1789 1995 1886 2046 xu,
1901 1978 2016 2050 49);

418 2076 477 2123 et
503 2069 753 2140 purgabit
782 2069 919 2125 ﬁlios
959 2071 1118 2126 Levi.
1151 2070 1382 2143 Tempus
1412 2081 1486 2127 est
1513 2074 1648 2128 enim
1673 2081 1730 2126 ut
1754 2071 2018 2144 judicium

415 2159 633 2231 incipiat
659 2177 692 2214 a
719 2161 870 2216 domo
901 2159 998 2217 Dei
1026 2163 1070 2236 (Ι
1098 2162 1246 2218 Patr.
1292 2179 1366 2232 tv,
1397 2164 1508 2235 i7).
1541 2165 1605 2219 Et
1647 2164 1775 2220 alibi
1825 2163 2020 2219 scribi-

422 2263 508 2309 tur
541 2273 555 2309 :
583 2254 627 2309 Α
656 2258 850 2311 sanctis
898 2257 1022 2312 meis
1064 2258 1277 2329 incipite
1313 2258 1534 2332 (Ezech.
1567 2275 1643 2325 rx,
1675 2258 1756 2330 6).
1793 2257 1852 2314 In
1893 2258 2018 2314 ﬁliis

421 2357 603 2405 autem
643 2348 771 2406 Levi
801 2369 814 2406 :
845 2367 1060 2409 omnem
1091 2352 1488 2410 sacerdotalem
1524 2352 1767 2424 intellige
1787 2352 2018 2424 dignita-

427 2451 558 2498 tem.
584 2441 641 2499 Si
672 2453 853 2500 autem
895 2447 1213 2503 sacerdotes
1245 2446 1505 2519 purgandi
1537 2454 1666 2502 sunt
1695 2455 1750 2502 et
1774 2447 2015 2514 colandi,

419 2547 477 2592 ut
510 2554 701 2609 purum
729 2555 921 2595 aurum
945 2549 1230 2598 remaneat
1253 2552 1308 2598 et
1333 2550 1639 2613 argentum,
1671 2540 1800 2613 quid
1825 2541 1891 2596 de
1911 2556 2018 2595 ca:-

420 2631 552 2686 teris
589 2640 673 2687 est
707 2631 1037 2688 dicendum?
1072 2633 1174 2702 Qui
1221 2649 1344 2690 cum
1388 2635 1668 2690 emundati
1722 2633 1926 2689 fuerint
1962 2643 2018 2689 et

417 2721 609 2789 colati,
635 2731 764 2780 tunc
790 2724 1024 2782 oll‘erent
1046 2726 1281 2782 Domino
1301 2727 1452 2798 justa
1480 2728 1772 2796 sacriﬁcia,
1810 2737 1866 2783 et
1904 2729 2017 2799 pla-

416 2813 562 2870 cebit
583 2816 914 2873 sacriﬁcium
947 2834 1160 2886 eorum,
1184 2820 1330 2891 quod
1359 2820 1596 2877 oﬁ'erunt
1625 2838 1722 2892 pro
1769 2822 1930 2890 Juda,
1961 2833 2016 2879 et

414 2905 744 2974 Jerusalem,
780 2909 883 2966 hoc
912 2921 1018 2976 est,
1043 2927 1144 2984 pro
1177 2911 1258 2968 his
1281 2912 1376 2984 qui
1410 2914 1696 2970 Dominum
1742 2916 2014 2971 conﬁten-

415 3009 528 3067 tur,
560 3009 616 3056 et
645 3016 828 3071 pacem
860 3003 980 3074 ejus
1002 3015 1186 3061 mente
1216 3007 1584 3076 conspiciunt,
1613 3009 1745 3064 sicut
1768 3010 1879 3064 dies
1917 3027 2016 3065 sce-

413 3094 542 3164 culi,
577 3106 622 3151 et
667 3098 801 3153 sicut
829 3101 954 3155 anni
981 3103 1212 3171 antiqui;
1243 3113 1300 3158 ut
1341 3104 1618 3174 quomodo
1645 3106 1696 3161 in
1742 3107 2013 3177 principio

2129 1881 2182 1935 in
2228 1879 2434 1949 judicio
2477 1883 2625 1939 nulla
2676 1897 3030 1954 personarum
3077 1885 3344 1942 varietate
3392 1897 3724 1945 commutur.

2125 1971 2372 2044 Cumque
2393 1989 2670 2043 severum,
2693 1987 2748 2032 et
2755 1976 2964 2048 justum
2982 1978 3222 2047 judicent
3255 1993 3382 2035 esse
3413 1995 3502 2035 me
3529 1979 3722 2051 latenr,

2126 2083 2160 2122 ο
2191 2068 2288 2124 lilii
2315 2067 2522 2126 Jacob:
2555 2079 2735 2126 tamen
2767 2086 2873 2128 non
2899 2073 3031 2129 estis
3058 2081 3451 2131 tormentorum
3492 2075 3728 2134 diversi-

2127 2168 2235 2216 tate
2258 2163 2588 2233 consumpti,
2611 2163 2766 2234 juxta
2798 2164 2930 2220 illud
2975 2165 3122 2236 quod
3149 2165 3415 2239 scripturn
3439 2179 3525 2226 est
3553 2170 3608 2226 in
3635 2169 3727 2227 Je-

2125 2254 2324 2308 remia:
2359 2255 2486 2310 Sine
2511 2271 2668 2310 causa
2697 2259 2930 2329 percussi
2959 2257 3098 2328 ﬁlios
3125 2269 3341 2326 vestros,
3384 2261 3724 2334 disciplinam

2124 2363 2230 2401 non
2271 2349 2530 2417 recepistis
2559 2348 2696 2421 (Jer.
2747 2366 2806 2416 It,
2839 2350 2972 2421 30):
3007 2366 3107 2408 nec
3153 2351 3258 2408 hoc
3303 2368 3481 2425 nuper
3521 2356 3720 2424 facitis,

2125 2455 2228 2496 uec
2253 2443 2444 2511 semel,
2477 2453 2536 2498 ut
2568 2445 2776 2500 erroris
2817 2445 3158 2514 mereamini,
3194 2447 3434 2516 veniam,
3483 2448 3580 2505 sed
3612 2449 3724 2504 ha:-

2123 2533 2436 2589 reditariam
2490 2534 2718 2592 habebis
2769 2538 3135 2608 impietatem,
3167 2553 3235 2594 ex
3265 2539 3462 2597 diebus
3503 2549 3722 2613 patrum

2125 2637 2430 2683 vestrorum
2459 2645 2487 2682 a
2511 2629 2782 2700 legitimis,
2800 2632 2934 2686 meis
2961 2632 3291 2697 recedendo.
3309 2641 3379 2690 et
3410 2647 3520 2690 non
3541 2645 3725 2691 custo—

2122 2720 2322 2777 diendo
2365 2738 2486 2794 quae
2523 2725 2774 2797 prmcepi.
2809 2724 2982 2782 Filios
3013 2737 3192 2782 autem
3221 2725 3392 2783 Jacob
3421 2729 3722 2786 secundum

2120 2818 2381 2892 ἀναγωγήν
2425 2817 2876 2888 supplantatoris,
2922 2828 2978 2875 et
3021 2820 3269 2890 germani
3318 2821 3597 2891 primitiva
3638 2838 3726 2878 ra-

2123 2911 2342 2980 pientis,
2366 2912 2456 2982 qui
2491 2927 2598 2966 non
2623 2913 2882 2968 recedant
2911 2928 2940 2968 a
2969 2913 3209 2984 peccatis
3237 2922 3454 2985 patrum
3475 2928 3720 2980 suorum,

2121 3011 2177 3058 et
2205 3003 2482 3059 declinent
2509 3020 2536 3056 a
2568 3004 2845 3075 legitimis,
2879 3014 2934 3062 et
2966 3021 3075 3060 non
3100 3005 3410 3062 custodiant
3431 3022 3555 3077 quin
3585 3023 3724 3076 prte-

2120 3105 2278 3168 cepta
2325 3106 2476 3162 sunt,
2508 3098 2876 3170 intelligamus
2905 3115 2998 3154 eos
3020 3100 3112 3171 qui
3147 3099 3202 3154 in
3246 3099 3492 3156 Ecclesia
3517 3101 3723 3158 consti-

401 3187 738 3258 -placuerunt
783 3193 916 3259 Deo,
967 3194 1047 3250 sic
1077 3207 1202 3265 post
1235 3206 1519 3266 peccatum
1553 3208 1606 3254 et
1637 3201 2010 3270 paenitentiam
2043 3193 2088 3256 C
2122 3193 2220 3246 ῑυιῖ
2257 3207 2363 3248 non
2396 3191 2657 3247 recedunt
2685 3207 2716 3248 ³
2761 3192 2933 3260 Villis;
2967 3202 3024 3249 el
3071 3192 3267 3249 falsum
3297 3192 3401 3249 Sibi
3434 3193 3719 3266 religionis

415 3283 636 3353 placere
685 3287 974 3358 incipiant;
1027 3304 1151 3344 cum
1205 3291 1351 3346 omni
1407 3290 1610 3348 fuerint
1663 3305 2010 3363 peccatorum

414 3377 580 3434 sorde
614 3383 840 3450 purgati.
864 3380 934 3436 Et
964 3381 1231 3451 accedam,
1261 3385 1458 3455 inquit,
1489 3386 1558 3440 ad
1585 3402 1670 3441 vos
1693 3387 1745 3441 in
1777 3389 2008 3460 judicio,

413 3478 460 3523 et
490 3486 578 3524 ero
607 3471 749 3525 testis
771 3474 939 3527 velox.
973 3475 1186 3542 Quanta
1221 3475 1453 3531 formido
1475 3476 1691 3548 judicii,
1727 3495 1848 3534 cum
1898 3481 2013 3550 ipse

413 3565 488 3620 sit
521 3565 671 3619 leslis
695 3576 748 3621 et
767 3566 962 3635 judes.
988 3567 1168 3624 Testis
1189 3578 1282 3625 est
1309 3576 1488 3625 autem
1517 3571 1723 3627 cunctis
1750 3573 2012 3631 maleticis

411 3663 467 3709 et
485 3655 772 3727 adulteris,
800 3659 912 3714 haec
928 3661 1074 3716 enim
1099 3659 1333 3716 crimina
1360 3671 1749 3733 perpetrantur
1774 3669 2008 3737 occulte,

411 3759 466 3804 et
497 3749 619 3804 ideo
641 3751 1002 3821 proferuntur
1035 3754 1086 3809 in
1117 3755 1378 3826 medium,
1411 3771 1478 3812 ne
1503 3757 1593 3812 diu
1629 3758 1848 3814 lateant.
1885 3761 2012 3816 Post

413 3844 693 3902 maleﬁcos
723 3857 999 3916 ponuntur
1021 3849 1286 3904 adulteri:
1315 3859 1435 3919 post
1464 3850 1742 3908 adulteros
1775 3855 2005 3925 perjnri:

411 3945 537 4007 post
563 3939 831 4010 perjuros,
866 3943 955 4011 qui
998 3942 1402 4000 calumniantur
1435 3946 1746 4003 mercedem
1795 3964 2007 4004 merac-

411 4032 577 4094 narii,
607 4043 662 4088 et
685 4035 878 4090 nolunt
914 4035 1148 4094 reddere
1181 4053 1279 4107 pro
1320 4041 1506 4108 opt-ris
1541 4039 1724 4096 labore
1746 4041 1888 4111 quod
1917 4042 2011 4096 dc-

411 4126 563 4182 beut.
612 4127 812 4185 Viduas
840 4147 1064 4200 quoque
1096 4141 1151 4188 et
1172 4134 1431 4203 pupillos,
1463 4135 1792 4191 subauditur
1807 4138 2010 4193 calum-

410 4219 651 4288 niantur,
685 4231 738 4276 et
775 4224 1095 4294 opprimunt
1127 4228 1478 4297 peregrinum
1523 4240 1578 4285 et
1619 4230 2004 4301 alienigenam,

408 4312 494 4370 vel
543 4322 691 4370 certe
736 4315 1220 4387 catechumenum,
1269 4320 1361 4390 qui
1412 4321 1642 4378 necdum
1687 4324 1743 4379 in
1789 4326 2008 4381 civitate

405 4403 608 4460 Christi
638 4408 778 4462 civis
808 4407 1034 4465 eﬁ'ecms
1066 4422 1170 4466 est.
1205 4412 1273 4468 Et
1302 4414 1347 4468 si
1377 4413 1478 4470 ista
1505 4416 1761 4472 universa
1789 4432 1899 4473 non
1929 4418 2006 4474 te-

404 4497 604 4560 cerint,
651 4498 851 4555 sufﬁcit
885 4501 965 4555 eis
1013 4502 1188 4558 solum
1234 4504 1442 4560 crimen
1481 4504 1552 4562 ad
1581 4521 1821 4577 pcenam,
1856 4509 2002 4580 quod

2117 3284 2444 3342 Christianm
2471 3301 2664 3341 nomen
2690 3295 2998 3340 assumunt.
3351 3348 3362 3351 _

2189 3378 2367 3449 (Vera.
2396 3380 2428 3436 7
2461 3377 2641 3448 seqq.)
2693 3377 3027 3433 Revertimini
3075 3378 3143 3432 ad
3171 3393 3274 3444 me,
3304 3385 3356 3431 et
3391 3387 3620 3434 revertar
3641 3378 3708 3434 ad

2115 3491 2225 3539 vos,
2253 3473 2377 3527 dicit
2411 3473 2666 3528 Dominus
2692 3475 3037 3529 exercituum.
3059 3473 3128 3526 Et
3154 3471 3383 3541 dixistis,
3415 3473 3469 3527 in
3494 3489 3600 3542 quo
3628 3489 3714 3528 re-

2113 3571 2404 3624 vertemur?
2429 3569 2488 3624 Si
2529 3569 2710 3640 afﬁget
2741 3571 2895 3622 homo
2927 3566 3119 3634 Deum,
3165 3570 3292 3640 quia
3337 3585 3425 3625 vos
3455 3570 3714 3642 conligitis

2114 3664 2233 3716 me?
2259 3660 2326 3716 Et
2357 3661 2600 3716 dixistis:
2633 3659 2698 3714 In
2722 3660 2886 3734 975
2905 3677 3006 3733 quo
3039 3669 3064 3697 ι
3093 3661 3404 3729 conﬁximus
3434 3650 3532 3718 te?
3557 3662 3610 3716 in
3637 3663 3720 3717 de.

2113 3755 2258 3810 cimis
2289 3764 2337 3809 et
2355 3755 2650 3826 primitivis.
2683 3753 2748 3808 In
2778 3754 2958 3826 [Vulg.
2984 3753 3052 3808 Et
3081 3753 3156 3826 in]
3189 3754 3407 3825 penuria
3428 3770 3519 3808 vos
3549 3755 3712 3809 male-

2114 3849 2242 3903 dicti
2270 3849 2410 3914 estis,
2459 3857 2508 3901 et
2552 3864 2633 3900 me
2661 3864 2750 3902 vos
2795 3848 3109 3917 conﬁxistis,
3161 3864 3285 3916 gens
3334 3854 3466 3903 tota.
3517 3843 3715 3919 Inferte

2114 3956 2317 3995 omnem
2333 3941 2586 3996 decimam
2611 3940 2663 3993 in
2685 3939 2953 4003 horreum,
2985 3949 3034 3994 et
3063 3940 3128 3994 sit
3147 3940 3291 3993 cibus
3321 3945 3376 3994 in
3399 3941 3557 3996 domo
3581 3957 3711 4008 mea,

2114 4042 2160 4088 et
2185 4033 2396 4105 probate
2423 4050 2500 4086 me
2521 4048 2678 4100 super
2705 4032 2823 4100 hoc,
2860 4033 2984 4086 dicit
3018 4031 3274 4087 Dominus
3314 4048 3334 4087 :
3377 4033 3425 4087 si
3459 4049 3569 4088 non
3594 4051 3713 4104 ape-

2112 4145 2267 4184 ruero
2297 4131 2434 4183 vobis
2464 4136 2754 4183 cataractas
2783 4128 2919 4195 caeli,
2945 4136 2994 4182 et
3032 4125 3265 4194 eﬁ'udero
3288 4127 3431 4181 vobis
3479 4128 3716 4183 benedic-

2113 4223 2300 4276 tionem
2330 4238 2490 4292 usque
2529 4221 2598 4274 ad
2628 4220 3020 4275 abundantiam.
3056 4218 3124 4273 Et
3151 4219 3433 4290 increpabo
3454 4237 3550 4289 pro
3579 4222 3716 4277 vobis

2111 4315 2464 4382 devorantem,
2484 4324 2531 4368 et
2556 4330 2657 4369 non
2679 4324 2969 4386 corrumpet
2992 4316 3222 4384 fructum
3235 4310 3514 4384 terrtc[Al.
3532 4312 3713 4385 vincte]

2110 4416 2312 4473 vestiat,
2357 4423 2447 4461 nec
2490 4407 2584 4462 erit
2607 4407 2801 4462 sterilis
2831 4407 2979 4460 vinea
3022 4407 3076 4460 in
3104 4423 3252 4480 agro,
3284 4407 3412 4460 dicit
3450 4405 3708 4462 Dominus

2110 4504 2442 4557 exercituum.
2471 4501 2539 4556 Et
2567 4502 2740 4556 beatos
2768 4518 2856 4556 vos
2887 4502 3061 4556 dicent
3105 4517 3282 4556 omnes
3319 4510 3497 4575 gentes
3520 4519 3541 4557 :
3571 4501 3711 4557 eritis

403 4603 512 4644 non
564 4589 863 4648 timuerunt
901 4593 1213 4650 Dominum.
1259 4595 1610 4668 Nequaquam
1658 4599 1819 4670 igitur
1861 4601 2003 4657 levia
2033 4589 2086 4650 Β
2110 4598 2246 4652 enim
2268 4613 2355 4650 vos
2377 4605 2515 4650 terra
2537 4595 2919 4664 desiderabilis,
2943 4594 3070 4648 dicit
3088 4592 3345 4650 Dominus
3365 4595 3710 4652 exercituum.

406 4692 658 4752 putemus
675 4699 796 4740 esse
828 4698 1048 4753 peccata
1073 4689 1393 4758 perjurium,
1423 4701 1479 4744 et
1510 4691 1818 4747 mercedem
1837 4691 2006 4765 974.

406 4793 514 4833 non
546 4777 776 4834 reddere
808 4779 1101 4847 laboranti,
1133 4792 1189 4838 et
1219 4783 1543 4838 calumniari
1575 4783 1788 4840 viduam
1821 4798 1874 4840 et
1908 4802 2006 4855 pu-

405 4873 616 4942 pillum,
663 4882 720 4929 et
760 4875 1072 4946 opprimere
1103 4877 1468 4948 alienigenam
1513 4887 1566 4935 et
1608 4881 2000 4949 peregrinum:

400 4985 522 5040 qua:
538 4969 828 5035 maleﬁcio,
846 4983 900 5025 et
915 4970 1214 5034 veneﬁciis,
1235 4972 1573 5028 etadulterio
1586 4984 1998 5043 comparantur.

405 5061 534 5117 lltnc
554 5063 776 5134 etjuxta
804 5066 1111 5135 historiam,
1145 5078 1193 5121 et
1217 5066 1372 5137 juxta
1403 5069 1766 5140 tropologiam
1801 5071 2000 5125 intelli-

399 5159 604 5224 gimus,
639 5165 696 5211 ut
739 5159 879 5225 quod
909 5174 974 5214 eo
1004 5169 1251 5229 tempore
1291 5160 1578 5216 dicebatur
1615 5161 1682 5216 ad
1729 5163 2003 5232 principes

399 5248 738 5312 Judasornm,
789 5267 928 5306 nunc
956 5252 1172 5306 dicatur
1199 5253 1265 5306 ad
1303 5255 1576 5323 principes
1611 5255 1999 5311 Ecclesiarnm.

403 5340 671 5413 Quodque
696 5343 939 5414 Sequitur
972 5360 985 5397 :
1033 5343 1140 5418 Ego
1185 5345 1425 5400 dominus
1454 5358 1502 5401 ct
1535 5365 1634 5401 non
1684 5359 1872 5414 mutor,
1917 5349 2002 5404 id-

404 5435 553 5492 circo
583 5437 758 5509 punit,
783 5437 909 5509 quia
941 5452 1105 5509 supra
1131 5438 1382 5495 dixerat:
1409 5441 1518 5513 ipse
1547 5441 1693 5512 quasi
1721 5441 1854 5510 ignis
1879 5459 2003 5498 con-

475 5604 501 5633 τι
525 5597 696 5673 Antea
722 5606 842 5673 erat
878 5597 1209 5673 conﬁgintus,
1235 5607 1291 5654 et
1318 5601 1582 5673 primitiis,
1605 5609 1662 5656 et
1698 5600 1994 5671 conﬁgitis:

400 5682 538 5744 quas
570 5667 736 5744 verba
789 5667 1137 5744 Regin._ms.
1184 5667 1344 5740 juxta
1401 5672 1684 5744 Vulgatam
1743 5667 1992 5743 ca'siigat,

402 5739 731 5815 con/inimus,
755 5749 810 5815 et
851 5741 1145 5815 primitivis,
1179 5739 1236 5799 et
1275 5739 1584 5815 conﬁxistis.
1632 5745 1750 5799 Mox
1780 5739 1997 5815 quoque

403 5808 724 5882 legebatur,
757 5812 811 5865 in
853 5811 1093 5868 horreum
1134 5808 1333 5880 meum,
1371 5808 1468 5886 pro
1511 5831 1622 5874 uno
1650 5808 1843 5887 Regio.
1888 5808 1991 5871 ms.

2111 4687 2257 4744 LXX
2297 4703 2311 4742 :
2371 4687 2707 4743 Revertimini
2749 4687 2819 4742 ad
2851 4704 2950 4753 me,
2981 4698 3030 4742 et
3069 4695 3302 4741 revertar
3345 4688 3414 4740 ad
3440 4704 3551 4755 vos,
3585 4687 3711 4743 dicit

2111 4782 2370 4836 Dominus
2401 4781 2742 4851 onmipotcns.
2770 4780 2836 4834 Et
2867 4780 3098 4847 dixistis,
3128 4780 3183 4834 in
3227 4797 3330 4851 quo
3361 4783 3710 4836 revertemur?

2112 4875 2173 4932 Si
2197 4878 2497 4948 supplantat
2525 4875 2677 4928 homo
2711 4873 2898 4937 Deum,
2931 4873 3054 4944 quia
3081 4889 3167 4926 vos
3189 4873 3570 4945 supplantastis
3594 4875 3710 4929 me?

2110 4967 2178 5022 Et
2200 4968 2404 5023 dixistis
2439 4985 2457 5023 :
2483 4970 2536 5022 in
2560 4985 2662 5038 quo
2704 4966 3150 5041 supplantat-imus
3167 4968 3253 5021 te?
3277 4968 3400 5038 quia
3421 4968 3637 5022 decimw
3665 4978 3710 5022 et

2112 5062 2356 5130 primitiw
2379 5062 2637 5116 vobiscum
2658 5072 2799 5128 sunt,
2825 5071 2872 5115 et
2893 5076 2978 5114 vos
2999 5061 3228 5114 videntes
3252 5059 3534 5130 respicitis,
3563 5069 3610 5115 et
3636 5076 3712 5115 me

2108 5170 2196 5208 vos
2213 5156 2565 5222 supplantatis
2583 5155 2687 5226 [AL
2711 5153 3110 5226 supplantastis]
3128 5172 3140 5207 :
3161 5170 3327 5208 annus
3343 5154 3588 5226 impletus
3612 5162 3707 5219 est,

2108 5261 2156 5304 et
2178 5251 2426 5304 intulistis
2451 5254 2654 5321 fructus
2694 5253 2747 5304 in
2775 5248 3067 5316 thesauros,
3100 5261 3146 5304 et
3174 5252 3272 5304 erit
3301 5250 3486 5320 rapina
3523 5249 3580 5303 in
3609 5249 3705 5303 do-

2105 5346 2272 5398 mibus
2300 5346 2498 5400 vestris.
2531 5343 2864 5399 Revertimini
2909 5361 3029 5416 ergo
3055 5345 3107 5398 in
3137 5343 3255 5410 hoc,
3300 5343 3429 5397 dicit
3452 5340 3708 5397 Dominus

2107 5439 2429 5509 omnipotens
2470 5455 2486 5492 :
2538 5437 2658 5494 Nisi
2684 5454 2936 5509 apcrnero
2967 5437 3106 5492 vobis
3135 5446 3427 5492 cataractas
3477 5437 3616 5506 coeli,
3660 5443 3708 5490 et

2109 5607 2316 5654 tantum
2364 5599 2526 5655 habet
2566 5601 2619 5654 in
2652 5598 2860 5653 horrea.
2891 5597 3000 5654 Nos
3039 5613 3210 5652 meum
3236 5597 3546 5653 indusimus
3588 5605 3707 5668 post

2113 5673 2438 5738 Vicwrium,
2460 5671 2605 5744 quod
2630 5674 2852 5744 veritum
2897 5671 3113 5744 nedum
3136 5669 3190 5724 in
3225 5669 3323 5725 illo
3353 5685 3456 5727 ms.
3489 5671 3584 5729 sed
3614 5686 3705 5725 ne-

2103 5761 2210 5818 que
2238 5746 2292 5802 in
2321 5741 2590 5803 Hebraico
2612 5754 2706 5802 aut
2727 5743 2957 5815 Vulgata
2987 5741 3228 5800 editione
3254 5743 3348 5800 sit.
