4056 6342
284 311 433 371 1569

1023 307 1686 368 COMMENTAMORUM
1726 303 1791 361 ΙΝ
1834 301 2243 363 MALACHIAM
2282 304 2507 363 LIBER.
2548 304 2703 363 CAP.
2744 303 2831 363 lll.

3444 306 3588 366 1570

286 426 522 495 effudere
552 427 689 483 vobis
714 426 1117 484 benedictionem
1170 446 1337 485 meum
1366 447 1528 503 usque
1564 429 1690 483 dum
1728 427 1880 497 sufﬁ-
1906 426 1961 488 Α
1985 419 2052 474 ad
2084 420 2339 489 reditum,
2364 431 2420 477 ut
2442 424 2559 494 ipse
2578 439 2790 494 quoque
2812 423 2878 478 ad
2902 422 3226 479 eos'redeat.
3245 422 3350 492 Qui
3368 438 3473 480 non
3506 425 3589 479 itt-

285 523 413 587 ciat,
442 532 490 577 et
515 522 743 577 dividam
774 522 912 578 vobis
939 524 1107 589 cibos,
1139 537 1184 579 et
1213 543 1316 580 non
1336 525 1629 595 disperdam
1653 526 1881 595 fructum

286 624 441 673 terra:
468 626 667 685 uestrae,
703 627 750 671 et
778 634 880 672 non
909 618 1262 688 inﬁrmabitur
1286 621 1433 674 vinea
1454 629 1623 674 vestra
1649 620 1701 672 in
1727 635 1877 691 agro,

288 708 413 764 dicit
446 708 702 765 Dominus
729 710 1053 781 omnipotens
1073 728 1091 765 :
1114 721 1162 766 et
1193 712 1365 767 beatos
1392 728 1478 767 vos
1504 712 1675 766 dicent
1706 726 1880 765 omnes

286 812 481 876 gentes,
511 804 633 874 quia
658 805 800 858 eritis
821 820 907 859 vos
930 813 955 842 α
978 813 1113 859 terra
1130 807 1444 872 voluntaria,
1470 807 1595 860 dicit
1629 805 1881 861 Dominus

286 898 632 969 omnipotens.
666 897 733 953 Et
781 898 838 953 in
877 900 1141 970 principio
1172 900 1438 969 diximus,
1472 901 1709 957 Malachi
1756 915 1884 972 pro-

285 995 506 1063 phetam
547 992 740 1047 Ezram
766 992 1107 1048 sacerdotem
1138 992 1339 1050 debere
1365 993 1631 1065 intelligi;
1675 994 1885 1048 omnia-

287 1100 393 1157 que
423 1100 539 1156 quae
566 1083 623 1141 in
649 1084 793 1141 illius
832 1086 1146 1142 scribuntur
1174 1086 1419 1155 historia,
1450 1088 1502 1142 in
1536 1086 1641 1143 hoc
1668 1102 1885 1158 quoque

286 1179 563 1234 volumine
605 1179 872 1235 contineri
918 1196 932 1233 :
978 1188 1035 1235 et
1080 1196 1224 1237 nunc
1263 1182 1518 1246 dicimus,
1550 1181 1884 1251 temporibus

287 1272 407 1343 ejus
426 1280 483 1327 et
502 1271 739 1328 Neemiae
766 1270 928 1345 (quos
959 1273 1127 1329 simul
1157 1275 1362 1330 vixisse
1393 1274 1743 1330 manifestum
1775 1272 1882 1344 est)

286 1361 487 1419 famem
501 1362 676 1420 fuisse
700 1364 1103 1434 gravissimam,
1135 1375 1193 1422 et
1213 1366 1283 1421 ob
1307 1366 1505 1422 famem
1531 1367 1880 1432 seditionem,

286 1464 344 1512 et
374 1471 643 1528 pauperes
673 1474 852 1513 rerum
886 1460 1210 1516 necessitate
1228 1460 1568 1530 compulsos,
1596 1460 1733 1517 ﬁlios
1755 1476 1885 1517 suos

284 1560 340 1607 et
362 1551 522 1619 ﬁlias,
543 1562 600 1609 et
624 1568 839 1608 omnem
866 1553 1298 1623 possessionem,
1320 1554 1740 1623 universumque
1755 1556 1888 1611 sub-

285 1644 545 1699 stantiam
574 1644 907 1700 vendidisse.
939 1646 1180 1717 Denique
1206 1646 1432 1701 dicunt:
1464 1644 1595 1700 Filii
1618 1647 1803 1715 nostri,
1837 1656 1886 1702 et

286 1738 413 1810 ﬁlia:
463 1748 650 1794 nostra:
672 1738 849 1795 multa:
886 1750 1005 1795 sunt
1043 1741 1217 1807 nimis,
1252 1741 1567 1811 accipiamus
1599 1757 1692 1807 pro
1720 1740 1886 1810 pretio

1985 512 2286 583 telligentes
2310 530 2368 570 se
2390 530 2419 570 a
2449 515 2680 571 Domino
2710 517 3028 581 recessisse,
3063 517 3403 587 impudenter
3427 518 3593 572 inter-

1982 603 2296 675 rogantzln
2330 622 2431 674 quo
2460 609 2807 661 revertemur?
2857 608 2921 662 Et
2955 607 3418 675 dicunt:Quando
3442 610 3589 662 enim

1983 698 2334 768 recessimus,
2363 712 2420 755 ut
2447 708 2644 757 merito
2671 702 2853 758 redire
2881 703 3187 773 cogamur?
3218 702 3479 758 Dominus
3503 718 3591 758 re-

1982 793 2203 862 Spondit
2236 811 2248 846 :
2282 795 2343 849 Si
2374 794 2552 864 afﬁget
2581 794 2689 867 [ΑΙ.
2718 794 2912 869 affigit]
2942 794 3094 850 homo
3138 794 3327 863 Deum,
3357 797 3482 866 quia
3506 810 3593 848 vos

1984 886 2240 960 conﬁgitis
2268 892 2388 943 me?
2415 889 2649 945 Verbum
2688 889 3034 959 Hebraicum,
3075 889 3101 929 δ
3141 894 3285 963 quod
3336 890 3592 947 scribitur

1984 994 2217 1036 HAJECDA
2240 982 2485 1069 (mpm),
2503 981 2647 1037 LXX
2677 985 3016 1054 interpretati
3040 993 3169 1039 sunt
3186 985 3233 1037 si
3257 985 3594 1055 supplantat:

1984 1087 2085 1143 pro
2111 1088 2218 1144 quo
2237 1076 2452 1145 Aquila,
2484 1086 2539 1131 et
2568 1076 2953 1148 Symmachus,
2982 1088 3036 1133 et
3060 1077 3362 1134 Theodotio
3389 1092 3591 1148 posue-

1985 1176 2135 1233 runt,
2189 1167 2233 1219 si
2276 1168 2512 1237 fraudat,
2567 1182 2627 1224 ut
2671 1171 2743 1224 sit
2767 1185 2961 1226 sensus
3000 1186 3013 1223 :
3074 1171 3133 1227 Si
3156 1170 3371 1225 fraudat
3417 1171 3583 1224 homo

1986 1259 2180 1328 Deum,
2218 1262 2344 1331 quia
2370 1278 2465 1317 vos
2508 1263 2800 1319 fraudastis
2848 1262 2959 1337 [Αι.
3015 1264 3304 1335 fraudatis]
3350 1264 3479 1320 me?
3518 1264 3587 1320 Et

1985 1369 2177 1410 revera
2226 1358 2527 1411 secundum
2560 1358 2805 1413 historiae
2857 1358 3131 1425 ordinem,
3180 1359 3308 1429 quia
3348 1356 3590 1414 decimas

1986 1460 2040 1505 et
2089 1451 2353 1519 primitias
2399 1451 2611 1508 Levitis
2654 1454 2887 1524 populus
2918 1470 3024 1510 non
3079 1454 3374 1523 reddebat,
3424 1456 3585 1527 977

1985 1547 2225 1615 seipsum
2259 1546 2526 1616 fraudem,
2572 1548 2706 1604 dicit
2749 1549 3037 1618 Dominus,
3088 1551 3363 1605 sustinere
3386 1592 3400 1616 ,
3433 1550 3590 1620 cujus

1986 1638 2219 1693 ministri
2277 1638 2418 1697 fame
2471 1651 2494 1680 ο
2545 1643 2766 1708 coacti,
2816 1652 2872 1698 et
2913 1642 3139 1714 penuria
3186 1644 3442 1713 templum
3492 1643 3587 1698 de-

1986 1730 2287 1787 seruerint.
2317 1731 2372 1789 Si
2397 1734 2543 1788 enim
2582 1748 2679 1805 per
2706 1734 2844 1790 alios
2874 1735 3123 1791 visitatur
3168 1736 3221 1791 in
3253 1750 3497 1804 carcere,
3532 1744 3589 1791 et

285 1849 463 1889 eorum
481 1838 818 1907 frumentum,
850 1842 895 1889 et
926 1833 1255 1889 comedamus
1280 1845 1330 1888 et
1372 1834 1617 1889 vivamus.
1645 1834 1712 1888 Et
1739 1844 1883 1889 erant
1911 1814 1963 1877 Β
1988 1833 2229 1896 aegrotus
2263 1827 2581 1897 SllSCiPillﬂ‘.
2612 1835 2668 1882 ει
2690 1828 2942 1884 esuriens
2964 1829 3262 1898 sitiensque
3287 1826 3470 1910 Cibum.
3496 1843 3589 1883 ac"

286 1927 379 1998 qui
400 1927 625 1981 dicerent
651 1943 670 1981 :
698 1926 863 1999 Agros
882 1935 1087 1981 uestros
1108 1937 1154 1981 et
1177 1927 1373 1992 vineas,
1404 1936 1449 1981 et
1475 1926 1654 1981 domos
1682 1938 1882 1981 nostras

288 2036 634 2091 apponamus,
663 2028 711 2074 et
733 2020 1053 2089 accipiamus
1073 2023 1395 2091 frumentum
1422 2021 1477 2073 in
1500 2020 1655 2091 fame.
1681 2018 1750 2073 Et
1776 2020 1884 2074 ira-

289 2121 372 2166 tus
399 2128 535 2178 sum,
568 2110 741 2181 inquit
766 2111 952 2166 Ezras.
984 2111 1138 2165 nimis
1166 2127 1280 2165 cum
1306 2109 1575 2165 audissem
1603 2111 1882 2166 clamorem

288 2218 465 2257 eorum
504 2205 786 2258 secundum
832 2203 983 2259 verba
1006 2203 1161 2259 lucc:
1206 2203 1546 2276 cogitavitque
1591 2204 1757 2275 976
1784 2203 1884 2275 ἶσοι·

289 2311 459 2350 meum
489 2310 708 2360 mecum,
757 2304 803 2351 et
846 2296 1105 2369 increpavi
1142 2299 1410 2369 optimates
1455 2306 1506 2352 et
1551 2300 1884 2370 magistratus

290 2388 482 2461 (Num.
515 2407 566 2458 v,
598 2391 635 2443 2
666 2390 853 2462 seqq.),
885 2391 1196 2461 etreliqua:
1230 2392 1412 2447 Famis
1446 2392 1607 2461 igitur
1641 2403 1885 2461 tempore

298 2498 515 2539 annona
535 2483 877 2553 charissima,
908 2483 1201 2553 intantum,
1235 2496 1293 2541 ut
1320 2501 1449 2542 suos
1476 2486 1614 2543 ﬁlios
1643 2487 1884 2542 vendere

294 2586 644 2650 cogerentur,
688 2588 744 2635 et
793 2578 846 2634 hi
889 2581 980 2651 qui
1030 2595 1216 2651 parum
1260 2580 1553 2646 habebant,
1602 2592 1659 2637 et
1694 2584 1783 2653 qtti
1829 2582 1881 2636 in

294 2670 491 2728 horrea
522 2672 723 2728 multas
760 2672 939 2745 fruges
963 2684 1379 2744 congesserant,
1415 2690 1512 2747 pro
1553 2678 1885 2732 necessitate

293 2765 381 2822 vel
411 2780 509 2837 pro
532 2766 692 2837 pretii
723 2767 1096 2839 magnitudine
1121 2767 1325 2825 Levitis
1353 2768 1597 2825 decimas
1628 2769 1886 2827 nolebant

293 2856 547 2928 reddere,
575 2857 666 2928 qui
695 2872 801 2914 non
833 2858 1110 2915 habebant
1135 2873 1344 2930 partem
1368 2862 1420 2915 in
1453 2861 1772 2917 haereditate
1793 2860 1884 2917 Ju-

291 2949 455 3017 datte;
496 2951 593 3007 sed
640 2951 892 3021 primitiae
920 2961 975 3009 et
1017 2951 1244 3009 decima:
1276 2963 1430 3009 erant
1478 2954 1766 3009 htereditas
1794 2968 1885 3008 eo-

294 3057 435 3099 rum.
468 3043 623 3109 Quod
647 3058 714 3100 ne
743 3053 964 3115 putetur
994 3053 1243 3101 nostrum
1276 3060 1423 3113 esse,
1446 3061 1712 3117 ponamus
1733 3047 1886 3102 Ezrte

296 3134 697 3191 testimonium:
727 3134 797 3189 Et
823 3152 917 3208 ego
948 3138 1181 3210 cognovi.
1210 3138 1404 3208 inquit,
1437 3140 1681 3209 quoniam
1712 3149 1886 3211 partes

1989 1919 2120 1989 cipit
2152 1928 2315 1991 atque
2362 1930 2599 1991 potatur,
2634 1936 2733 1976 cur
2763 1935 2871 1976 non
2923 1922 2976 1975 in
3008 1922 3275 1976 ministris
3320 1922 3437 1977 suis
3470 1922 3588 1991 ipse

1987 2010 2227 2066 decimas
2256 2011 2511 2082 accipiat,
2542 2020 2599 2068 et
2648 2013 2692 2067 si
2726 2028 2834 2068 non
2873 2013 3095 2082 dentur,
3128 2023 3284 2083 parte
3326 2027 3423 2069 sua
3471 2014 3587 2078 ipse

1986 2102 2281 2171 privetur?
2313 2101 2339 2139 ἀ
2369 2105 2482 2160 Hoc
2528 2104 2673 2175 quod
2702 2103 2938 2161 diximus
2984 2120 3240 2173 nassam,
3274 2107 3453 2177 lingua
3483 2105 3585 2177 Sy-

1987 2212 2170 2252 rorum
2222 2209 2277 2253 et
2326 2197 2709 2255 Chaldaeorum
2772 2200 3185 2271 interpretatur,
3242 2201 3288 2255 si
3342 2200 3510 2271 afﬁget
3567 2215 3588 2255 :

1989 2289 2133 2344 unde
2162 2300 2218 2345 et
2246 2305 2345 2347 nos
2369 2299 2496 2348 ante
2523 2307 2695 2347 annos
2747 2293 3011 2363 plurimos
3040 2294 3110 2347 ita
3146 2293 3432 2361 vertimus,
3463 2307 3578 2347 ma-

1988 2384 2067 2454 gis
2097 2384 2163 2438 ad
2195 2386 2513 2456 mysterium
2548 2386 2840 2441 Dominicaa
2870 2386 3161 2456 passionis,
3208 2387 3258 2439 in
3312 2400 3422 2456 qua
3477 2384 3579 2439 ho-

1987 2479 2163 2532 mines
2206 2477 2594 2534 crucitixerunt
2651 2480 2842 2546 Deum,
2899 2495 3061 2549 quam
3123 2478 3190 2534 ad
3239 2478 3487 2534 decimas
3525 2492 3590 2533 ac

1987 2569 2259 2640 primitias
2294 2570 2346 2641 (θ
2371 2570 2569 2641 quibus
2601 2572 2852 2627 visitatur
2881 2571 2934 2626 in
2961 2585 3205 2635 carcere,
3238 2579 3293 2626 et
3348 2578 3587 2641 aegrotus

1989 2661 2305 2732 suscipitur,
2338 2669 2393 2717 et
2422 2660 2673 2717 esuriens
2707 2664 3010 2734 sitiensque
3040 2664 3222 2718 cibum
3254 2663 3472 2733 accipit,
3505 2671 3589 2717 at-

1988 2773 2096 2829 que
2152 2766 2394 2829 potatur)
2442 2760 2649 2829 scripta
2698 2756 3019 2815 referentes.
3068 2758 3288 2827 Quaerat
3343 2757 3585 2828 prudens

1990 2850 2163 2906 lector
2203 2851 2478 2921 quomodo
2519 2860 2707 2906 nostra
2737 2849 3121 2922 interpretatio
3142 2866 3263 2907 cum
3311 2849 3394 2905 his
3444 2864 3579 2907 con-

1988 2955 2169 3015 gruat,
2195 2961 2314 3015 qua:
2345 2956 2691 3016 sequuntur:
2718 2942 2786 2999 In
2817 2947 3029 2999 decimis
3049 2953 3095 3000 et
3124 2945 3390 3015 primitiis,
3422 2953 3479 3000 et
3504 2944 3584 2998 vi-

1991 3040 2118 3094 deat
2145 3054 2211 3093 an
2238 3039 2508 3109 possimus
2533 3040 2649 3093 tunc
2667 3038 2891 3093 dicere:
2924 3036 2993 3092 Ut
3014 3053 3092 3090 me
3112 3036 3384 3108 affigeretis
3413 3037 3591 3090 cruci:

1990 3141 2048 3186 ut
2073 3130 2373 3187 sceleratas
2406 3146 2597 3186 manus
2628 3130 2925 3201 injiceretis
2981 3130 3092 3185 Deo
3137 3140 3343 3195 vestro,
3392 3130 3589 3184 multa-

294 3228 596 3284 Levitarum
634 3245 736 3283 non
777 3230 995 3299 fuissent
1012 3208 1183 3295 Vdatte,
1216 3240 1262 3285 et
1295 3231 1509 3305 fugisset
1540 3208 1887 3303 unusquisque
1918 3208 1965 3274 Ο
1995 3240 2115 3281 rum
2145 3233 2270 3280 ante
2300 3239 2484 3281 rerum
2530 3223 2882 3279 meditatione
2936 3223 3163 3287 fecistis,
3208 3224 3586 3280 subtrahendo

295 3324 351 3377 in
387 3325 651 3395 regionem
681 3342 829 3379 suam
856 3326 918 3380 de
946 3324 1163 3392 Levitis,
1189 3336 1238 3381 et
1266 3327 1330 3380 de
1360 3327 1679 3395 cantoribus,
1732 3336 1778 3383 et
1827 3328 1891 3382 de

294 3417 374 3473 Itis
401 3418 488 3487 qui
534 3418 945 3474 ministrabant:
993 3428 1040 3473 et
1082 3420 1163 3492 egi
1223 3436 1432 3474 causam
1463 3409 1734 3476 aduersum
1780 3439 1891 3475 mu-

296 3509 562 3581 gistratus,
595 3520 641 3566 et
684 3511 796 3565 dixi
824 3527 843 3566 :
880 3510 1053 3579 Quare
1100 3512 1471 3583 dereliquimus
1514 3513 1724 3567 domum
1756 3513 1892 3569 Dei?

297 3600 369 3654 Et
394 3603 699 3675 congregavi
726 3619 832 3669 eos,
866 3613 912 3658 et
941 3604 1040 3673 feci
1064 3613 1204 3659 stare
1248 3606 1302 3658 in
1326 3606 1637 3660 stationibus
1661 3606 1790 3660 suis.
1822 3605 1890 3660 Et

298 3696 465 3749 omnis
493 3672 649 3749 vjuda
670 3672 979 3767 apportabat
1008 3696 1232 3751 decimas
1249 3696 1516 3767 frumenti,
1546 3699 1653 3752 vini
1700 3708 1745 3753 et
1791 3699 1892 3753 olei

297 3788 353 3842 in
383 3788 589 3855 horrea,
622 3798 668 3842 et
698 3788 1055 3844 constituimus
1080 3806 1238 3860 super
1262 3788 1449 3845 horrea
1492 3791 1772 3847 Selentiam
1799 3809 1888 3847 sa-

296 3879 578 3948 cerdotem,
612 3889 659 3935 et
687 3879 897 3936 Sadoch
924 3881 1144 3935 scribam
1174 3881 1381 3955 (Neam.
1436 3900 1552 3950 xm,
1603 3884 1671 3941 10
1699 3886 1887 3958 seqq.),

297 3979 356 4028 et
382 3980 604 4027 caetera.
648 3971 975 4028 Audivimus
1023 3972 1181 4029 Ezraa
1214 3975 1522 4043 historiam,
1573 3994 1715 4033 nunc
1765 3995 1892 4049 pro-

300 4063 479 4135 pheta:
531 4064 694 4120 verba
747 4074 1081 4135 repetamus,
1136 4067 1451 4139 diligentius
1502 4071 1778 4129 intuentes
1824 4089 1892 4129 an

298 4156 584 4228 prophetia
614 4156 953 4229 historiaque
994 4160 1346 4217 concordent.
1389 4163 1617 4230 Quando
1654 4164 1889 4221 dicitur:

297 4250 658 4307 Revertimini
700 4251 766 4306 ad
791 4267 901 4323 me,
929 4262 985 4308 et
1006 4268 1104 4326 ego
1121 4263 1371 4311 revertar
1390 4256 1455 4311 ad
1488 4272 1609 4327 vos,
1634 4258 1768 4315 dicit
1792 4261 1893 4314 Do-

298 4346 482 4402 minus
525 4348 891 4416 omnipotens,
925 4364 1061 4419 quos
1102 4348 1356 4405 hortatur
1386 4362 1443 4405 ut
1476 4352 1720 4421 redeant,
1770 4369 1894 4424 per-

298 4441 546 4513 spicuum
564 4449 648 4497 est
666 4456 698 4497 a
722 4442 947 4499 Domino
974 4445 1288 4501 recessisse.
1310 4444 1378 4501 Et
1399 4446 1523 4501 vide
1543 4447 1891 4504 clementiam

299 4537 542 4608 Domini,
575 4554 672 4610 par
718 4542 833 4611 pari
886 4541 1239 4610 repromittit,
1284 4551 1339 4596 ιιι
1382 4542 1435 4596 in
1475 4558 1587 4614 qua
1635 4558 1889 4599 mensura

1999 3320 2246 3377 decimas
2281 3331 2335 3377 et
2366 3320 2653 3391 primitias,
2685 3335 2792 3375 non
2823 3320 2942 3375 dico
2973 3318 3348 3376 sacerdotibus
3378 3319 3513 3376 meis
3533 3329 3589 3375 et

1998 3413 2233 3480 Levitis,
2260 3414 2355 3469 sed
2382 3416 2534 3483 mihi,
2558 3415 2647 3485 qui
2679 3428 2773 3470 eas
2802 3429 2899 3485 per
2923 3415 3143 3487 Moysen
3168 3414 3303 3484 jussi
3328 3414 3445 3470 dari
3471 3412 3583 3487 [ΑΙ.

2000 3505 2154 3578 dare]
2177 3506 2379 3581 (Exod.
2398 3506 2575 3579 XXIII).
2602 3509 2715 3563 Hoc
2737 3508 2806 3564 de
2823 3508 2989 3564 verbo
3010 3524 3119 3564 uno
3135 3525 3166 3562 a
3190 3504 3348 3564 nobis
3377 3508 3583 3564 dictum

2003 3599 2096 3668 sit,
2118 3601 2339 3655 lectoris
2361 3600 2588 3656 arbitrio
2611 3601 2983 3671 intelligentiae
3001 3601 3261 3672 judicium
3282 3601 3592 3673 relinquen-

1998 3691 2172 3761 tihus;
2235 3709 2378 3749 nunc
2426 3708 2720 3765 sequamur
2771 3693 3018 3749 ordinem
3073 3694 3396 3766 praphetize.
3448 3694 3586 3763 Quia

1997 3787 2129 3841 mihi
2158 3801 2264 3841 non
2295 3786 2611 3843 reddidistis
2665 3786 2904 3843 decimas
2945 3797 2998 3842 et
3048 3786 3335 3857 primitias,
3363 3786 3587 3855 {idcirco

1995 3879 2049 3934 in
2077 3879 2219 3945 fame
2248 3889 2302 3936 et
2334 3880 2558 3951 penuria
2594 3879 2868 3935 maledicti
2896 3879 3053 3947 estis,
3111 3890 3167 3936 et
3193 3895 3291 3935 vos
3322 3896 3411 3937 me
3460 3895 3590 3951 snp-

1998 3972 2274 4042 plantatis,
2308 3973 2422 4028 sive
2448 3971 2709 4027 fraudatis
2755 3982 2920 4043 atque
2979 3972 3222 4041 privatis,
3272 3987 3406 4042 gens
3449 3979 3565 4027 tota

1995 4064 2102 4120 Pro
2149 4074 2316 4136 gente,
2368 4081 2488 4136 qum
2516 4065 2568 4118 in
2603 4063 2875 4119 Hebraico
2904 4063 3162 4120 scribitur
3216 4080 3369 4122 accc!
3400 4066 3587 4139 (mn),

2001 4174 2200 4212 annum
2227 4156 2243 4195 ί
2270 4158 2625 4229 Septuaginta
2649 4157 2988 4228 interpretati
3008 4166 3138 4212 sunt
3160 4154 3273 4219 ἔτος
3303 4172 3400 4228 pro
3423 4156 3585 4221 ἔθνος.

1998 4253 2068 4309 Ει
2104 4261 2188 4308 est
2218 4265 2434 4307 sensus.
2464 4249 2608 4308 Ecce
2634 4265 2810 4306 annus
2840 4250 3089 4321 expletus
3112 4258 3215 4317 est,
3248 4260 3305 4306 et
3355 4249 3493 4306 nihil
3532 4249 3588 4307 in

1997 4360 2147 4400 meos
2181 4342 2501 4413 thesauros,
2533 4343 2628 4400 sed
2654 4344 2706 4398 in
2742 4354 2921 4398 vestra
2954 4344 3149 4399 horrea
3176 4346 3591 4414 comportastis:

1997 4438 2066 4494 Et
2103 4452 2201 4509 pro
2239 4436 2470 4493 decimis
2520 4445 2577 4492 et
2623 4435 2907 4506 primitivis
2938 4435 3061 4508 [ΑΙ.
3113 4436 3409 4512 primitiis],
3470 4455 3591 4510 quae

1998 4546 2162 4603 parva
2204 4539 2390 4599 erant,
2423 4530 2531 4585 sia
2559 4529 2712 4585 vobis
2761 4529 3055 4601 darentur],
3114 4530 3416 4588 ubertatem
3461 4548 3589 4605 pos-

299 4634 472 4690 mensi
528 4604 751 4700 fuerint,
794 4604 1150 4690 rementiatur
1178 4604 1257 4690 eis
1306 4604 1525 4704 (Manli.
1568 4652 1664 4704 vn,
1713 4637 1791 4709 1).
1828 4638 1888 4693 Et

2014 4614 2318 4681 sessionum
2345 4635 2667 4692 vestrarum,
2695 4632 2751 4681 et
2782 4640 2997 4681 onmem
3043 4624 3257 4698 frugum
3308 4628 3592 4684 abundau-

299 4726 439 4783 sicut
482 4726 537 4782 in
581 4726 821 4783 Levitico
849 4726 1104 4784 scribitur
1141 4743 1157 4784 :
1190 4727 1252 4783 Si
1290 4728 1675 4784 ambulaveritis
1702 4732 1772 4785 ad
1813 4746 1893 4784 me

299 4817 540 4889 perversi,
586 4827 634 4873 et
660 4834 753 4892 ego
780 4817 1053 4874 ambulabo
1094 4828 1274 4875 contra
1320 4837 1409 4877 vos
1438 4826 1616 4893 furore
1656 4842 1892 4898 perverso

300 4910 447 4985 (Leo.
480 4925 597 4981 xvr,
622 4911 717 4981 27,
750 4912 872 4983 28).
905 4912 997 4970 Sic
1025 4922 1081 4969 et
1109 4927 1255 4969 nunc
1284 4915 1545 4986 pupulum
1577 4918 1893 4977 cohortatur

378 5100 403 5129 ⁸
444 5091 581 5149 Hinc
606 5108 829 5167 quoque
858 5103 922 5170 ut
944 5099 1191 5153 voculam
1222 5100 1546 5170 amovimus,
1578 5103 1767 5159 eodem
1801 5122 1903 5162 ms.

312 5162 608 5238 Graecoque
624 5162 791 5223 textu
812 5182 872 5223 su
881 5167 1251 5238 ﬂ'ragantibus.

377 5234 405 5275 ι)
433 5234 567 5311 [huc
588 5239 776 5307 verba,
820 5240 962 5311 quod
983 5234 1244 5309 scribitur,
1273 5241 1549 5300 Victorius
1573 5255 1735 5305 tacet.

382 5318 403 5345 ε
438 5307 629 5380 Regin.
662 5325 789 5378 ms.,
824 5307 959 5382 fame
986 5313 1214 5381 quotidie
1232 5307 1366 5384 iacti,
1396 5326 1442 5370 et
1490 5321 1707 5388 penuria
1728 5362 1742 5385 ,
1792 5330 1899 5377 etc.

386 5396 413 5437 ἀ
446 5400 680 5477 ldipsum
711 5403 958 5477 invenies
979 5404 1035 5477 in
1059 5404 1256 5477 LexiCo
1285 5409 1642 5477 pentaglolto,
1675 5411 1763 5465 ubi
1817 5429 1901 5467 ra—

312 5473 402 5529 dix
432 5483 550 5563 mp
580 5474 737 5539 Caba,
760 5477 875 5531 sive
897 5473 1055 5542 Ceba,
1084 5473 1353 5546 significat
1383 5473 1518 5547 ﬁxit,
1543 5481 1737 5550 inﬁxit,
1772 5500 1897 5538 con.

309 5566 748 5664 fixitLaffixitEt
775 5568 916 5639 apud
937 5569 1111 5641 Syros
1132 5570 1317 5626 Colos.
1348 5588 1409 5638 ιι,
1432 5584 1610 5664 nynp't
1649 5574 1900 5647 Vecabelt,

305 5661 593 5743 significat.
623 5660 869 5743 Etaﬂixit
900 5664 1031 5719 illud
1059 5666 1113 5719 in
1135 5682 1285 5743 cruce
1324 5660 1561 5743 suasEx'
1582 5687 1692 5743 quo
1728 5675 1901 5729 mani-

306 5731 505 5811 festum
555 5731 1371 5811 estﬁHieronymumAcalluisse
1430 5731 1666 5811 lingna'm
1738 5744 1901 5801 Chal-

308 5803 554 5884 daeorum
577 5803 946 5886 etSyrorum.
982 5809 1238 5880 quidquid
1266 5811 1396 5866 velit
1434 5803 1716 5883 imperitus
1752 5833 1903 5886 quae-

308 5876 547 5936 ationum
595 5876 1143 5949 llicronymianaruni
1182 5890 1369 5940 auctor
1407 5876 1665 5957 nuperos.
1719 5876 1899 5946 Mler.

2005 4720 2134 4774 tiam
2170 4719 2503 4789 perdidistis.
2533 4717 2600 4775 Ut
2636 4726 2819 4774 autem
2848 4719 3054 4788 sciatis,
3078 4736 3165 4776 me
3200 4721 3302 4778 hoc
3328 4723 3595 4780 irascente

2002 4819 2329 4889 perlectum,
2359 4817 2485 4887 quia
2541 4815 2834 4872 fraudastis
2878 4832 2966 4873 me
2992 4818 3169 4889 [parte
3213 4834 3353 4885 mea,
3404 4819 3594 4877 hortor

2002 4929 2100 4970 vos
2119 4956 2134 4983 ,
2171 4921 2333 4984 atque
2359 4925 2704 4979 commoneo,
2738 4921 2797 4969 ut
2823 4911 3067 4970 inferatis
3096 4912 3336 4971 decimas
3380 4914 3437 4971 in
3466 4914 3596 4972 hor-

2092 5112 2116 5140 ο
2143 5100 2320 5156 Malim
2350 5101 2533 5170 utique
2554 5101 2620 5156 ad
2651 5100 2891 5169 ejusdem
2921 5115 3023 5156 ms.
3054 5100 3236 5167 fidem,
3264 5103 3434 5159 tribus
3469 5118 3592 5160 ver-

2007 5174 2350 5243 sibus,quos
2412 5173 2722 5242 parenthesi
2778 5172 3116 5235 inclusimus,
3191 5173 3316 5230 hinc
3371 5177 3589 5243 amotis,

2010 5258 2195 5315 utpote
2224 5245 2312 5315 qui
2333 5244 2596 5299 orationis
2650 5254 2858 5300 reetam
2918 5245 3237 5315 perturbant
3265 5244 3483 5313 seriem,
3513 5247 3590 5301 vi-

2006 5317 2309 5385 denturque
2332 5318 2552 5369 omnino
2582 5315 2885 5372 scribarum
2929 5331 3115 5371 errore
3144 5316 3365 5372 totidem
3413 5317 3595 5373 verbis

2007 5405 2073 5443 ex
2106 5389 2263 5456 paulo
2308 5386 2582 5460 superiori
2601 5396 2857 5442 contextu
2884 5389 3120 5456 repetiti,
3150 5389 3403 5443 continuo
3433 5388 3586 5460 legis,

2006 5461 2074 5513 ad
2090 5460 2317 5532 decimas
2347 5468 2393 5512 et
2430 5459 2706 5532 prjmitias,
2736 5472 2853 5529 qua:
2875 5468 2995 5513 sunt
3018 5460 3211 5532 scripta
3235 5459 3528 5532 referentes.

2086 5529 2102 5567 ί
2148 5530 2340 5597 Liquet
2369 5544 2433 5585 ex
2463 5529 2773 5585 Graecarum
2803 5546 3017 5597 vocum,
3043 5529 3199 5597 ἕθνὸς,
3242 5529 3304 5586 et
3344 5531 3478 5596 ἔτος,
3518 5530 3593 5585 si-

2016 5599 2340 5669 militudine,
2376 5616 2481 5656 non
2521 5602 2665 5671 ipsos
2690 5599 2834 5657 LXX
2866 5602 3190 5670 interpretes
3214 5602 3383 5660 falsos
3429 5610 3478 5656 ιιι
3510 5604 3592 5657 in-

2005 5673 2351 5744 terpretando
2373 5687 2515 5745 eSse,
2570 5673 2660 5741 qui
2710 5683 2828 5733 ruat
2869 5672 3097 5745 legerint
3136 5689 3238 5743 pro
3292 5682 3424 5744 tun,
3475 5691 3595 5745 qua:

2002 5743 2125 5800 duce
2169 5760 2330 5800 voces
2381 5744 2522 5799 inter
2550 5760 2608 5799 se
2641 5745 2875 5815 immane
2932 5743 3190 5799 diﬂ'erunt
3238 5764 3249 5800 :
3286 5750 3380 5803 sed
3410 5743 3592 5815 potius

2006 5818 2179 5873 Graeci
2210 5816 2413 5872 codicis
2438 5815 2805 5888 descriptores
2846 5814 2989 5880 ἔθνος
3026 5831 3127 5888 pro
3150 5815 3264 5882 ἔτος
3304 5814 3590 5891 perperam

2010 5904 2276 5961 posuisse.
