4026 6346
493 306 624 370 1571

1733 312 1792 369 S.
1834 308 2109 369 EUSEBH
2148 306 2534 369 illERONYMl

3650 310 3675 372 l
3687 311 3792 372 579

490 444 605 493 rea,
638 426 737 482 hoc
763 436 870 494 e5t,
904 426 960 482 in
996 425 1286 483 thesauros
1308 427 1520 499 templi,
1549 433 1603 483 et
1636 428 1871 483 habeant
1901 442 2080 483 sacci»
2113 430 2161 490 Λ
2194 429 2427 500 loquitur
2478 430 2801 484 audientium
2856 427 3048 500 (Eccl.
3104 428 3253 503 xxv).
3305 428 3537 487 Levabit
3570 445 3789 502 quoque

494 520 649 575 doles
676 529 841 589 atque
869 521 1092 587 Leviltc,
1127 522 1219 593 qui
1246 521 1377 576 tnihi
1408 521 1740 588 ministrant,
1783 520 1936 577 cibos
1973 538 1984 574 :
2034 530 2087 574 et

491 614 660 684 978
686 614 916 683 probate
967 630 1074 681 me,
1105 615 1148 668 si
1196 631 1302 669 non
1330 622 1510 669 tantas
1538 612 1750 685 pluvias
1775 612 2083 679 elfundero,

492 716 548 761 ut
576 716 864 763 cataractae
879 709 1002 764 creti
1022 716 1223 781 apert-.e
1248 723 1371 765 esse
1393 708 1707 765 credantur.
1738 708 1801 763 Et
1820 708 2087 776 effundam

492 802 630 855 vobis
660 801 1069 857 benedictionem
1095 818 1253 871 usque
1294 802 1362 856 ad
1406 803 1805 857 abundantiam.
1853 800 2086 856 Verbum

492 894 799 960 elTuaionis,
828 894 1320 967 nomcnlargitatis
1338 894 1599 950 ostendit.
1632 894 1739 951 Sed
1772 893 1886 949 ﬁeri
1912 901 2088 964 potest

478 998 547 1041 ut
577 1002 739 1058 agros
770 988 1129 1058 irrigantibus
1162 988 1379 1059 pluviis,
1413 989 1485 1044 sit
1516 988 1739 1059 quidem
1793 987 2083 1053 fertilitas;

491 1095 681 1135 verum
736 1088 830 1135 aut
861 1081 1119 1136 slocusta
1185 1090 1277 1135 aut
1325 1079 1583 1143 bruchus,
1640 1089 1734 1136 aut
1773 1094 1943 1151 erugo
1997 1090 2089 1134 aut

490 1185 656 1226 eruca
713 1172 1017 1241 destruant,
1076 1181 1131 1227 et
1187 1172 1406 1227 labores
1481 1173 1763 1229 hominum
1821 1180 2086 1242 pereant;

491 1273 779 1335 propterea
806 1264 985 1336 jungit
1012 1276 1067 1321 et
1089 1265 1222 1321 dicit
1247 1282 1259 1318 :
1298 1263 1367 1319 Et
1398 1265 1675 1335 increpabo
1710 1280 1805 1337 pro
1831 1264 1973 1319 vobis
2000 1265 2090 1319 de-

490 1370 777 1425 vorantem,
804 1359 1072 1415 locustam
1118 1359 1395 1427 videlicet,
1426 1370 1480 1415 et
1527 1359 1733 1430 reliqua
1783 1373 1907 1430 quae
1945 1358 2088 1413 dixi-

494 1469 669 1511 tnus:
738 1462 791 1510 et
847 1468 952 1509 non
995 1464 1317 1524 corrumpet
1368 1454 1606 1510 fructum
1652 1462 1809 1510 terra!
1868 1464 2085 1509 vestra).

493 1546 664 1603 Vinea
713 1562 931 1619 quoque
958 1547 1210 1618 implebit
1238 1548 1558 1617 toreularia,
1615 1558 1670 1604 et
1722 1556 1937 1603 cunctrc
1994 1562 2089 1617 per

417 1662 423 1668 ·
489 1642 776 1697 circuitum
834 1642 1090 1699 nationes
1146 1641 1494 1698 mirabuntur
1551 1642 1893 1699 fertilitatem
1924 1650 2091 1697 terra:

487 1745 706 1805 vestrae,
742 1736 1013 1790 intantum
1046 1745 1101 1790 ut
1133 1750 1327 1792 omnes
1361 1737 1414 1789 in
1470 1750 1536 1791 ea
1584 1735 1832 1791 habitare
1873 1734 2090 1791 deside-

488 1838 635 1898 rent,
667 1838 724 1887 et
773 1830 1106 1887 abundantia
1150 1846 1335 1886 rerum
1398 1832 1641 1886 omnium
1693 1832 1906 1886 cunctis
1957 1844 2083 1899 gen-

2195 523 2386 578 ocnlos
2417 538 2571 588 suos,
2603 531 2660 579 et
2685 522 2890 579 videbit
2918 522 3198 595 regiones,
3229 525 3486 594 quoniam
3510 523 3626 594 jam
3654 524 3789 578 allia:

2188 626 2317 670 sunt
2344 616 2410 669 ad
2442 616 2757 672 metendum
2795 616 2987 689 (loau.
3017 632 3067 671 tv
3093 618 3151 688 ):
3200 628 3255 673 et
3304 617 3535 688 colliget
3586 615 3789 672 fructus

2190 708 2245 762 in
2276 709 2446 763 vitam
2496 718 2777 765 :cternant.
2830 709 2942 765 Nec
2982 710 3088 764 erit
3126 708 3338 764 sterilis
3368 708 3529 765 vinea
3579 707 3635 764 in
3663 724 3791 779 agro

2189 800 2334 870 ejus,
2362 800 2453 856 ille
2480 802 2574 871 qui
2599 802 2731 856 dicit
2760 802 2813 856 in
2846 800 3170 872 Evangelio:
3191 800 3304 872 Ego
3329 817 3443 855 sunt
3462 802 3581 856 vitis
3605 800 3788 873 (Joan.

2194 910 2291 963 xv,
2322 894 2397 966 Ι).
2428 896 2498 951 Ει
2519 898 2611 967 qui
2643 896 2887 967 loquitur
2911 912 3010 968 per
3033 897 3351 968 prophetam
3385 914 3399 953 :
3434 896 3550 969 Ego
3572 908 3622 952 te
3645 899 3792 968 plan-

2189 989 2295 1042 tavi
2324 989 2526 1043 vineam
2572 991 2900 1061 frugiferam,
2934 1006 3136 1045 omnem
3157 1006 3329 1045 suam
3376 990 3513 1061 (Jer.
3553 1007 3614 1060 ιι,
3662 991 3787 1064 2ης

2191 1093 2245 1139 et
2278 1094 2480 1139 tantam
2507 1084 2625 1156 (per
2654 1086 2982 1141 tittntilitutis
3018 1085 3451 1155 confessionem,
3482 1097 3538 1142 et
3586 1088 3790 1159 gratia-

2191 1191 2310 1231 rum
2339 1178 2617 1234 actionem
2646 1182 2698 1234 in
2730 1179 2923 1246 Deum,
2955 1193 3021 1233 ac
3048 1178 3345 1249 magistros
3367 1178 3630 1235 Ecclesiae
3653 1177 3788 1250 eius)

2192 1270 2586 1328 beatitudinem
2620 1281 2988 1344 consequetur
3038 1281 3100 1327 ut
3146 1287 3341 1328 omnes
3386 1273 3607 1328 beatum
3639 1273 3785 1328 illum

2191 1363 2380 1421 dicant
2401 1374 2612 1435 gentes,
2647 1374 2704 1422 et
2752 1368 2807 1421 in
2841 1376 2985 1423 terra
3009 1366 3129 1437 ejus
3170 1374 3335 1438 atque
3358 1366 3609 1423 doctrina
3642 1365 3789 1422 habi-

2193 1465 2311 1513 tare
2364 1458 2704 1525 desiderent,
2764 1460 2853 1531 qui
2913 1460 3064 1514 illum
3106 1461 3160 1514 in
3210 1461 3451 1517 Ecclesia
3509 1460 3781 1517 audierint

2193 1549 2590 1621 disputantem.

2274 1643 2476 1715 (Vers.
2521 1646 2607 1712 15,
2664 1645 2846 1717 seqq.)
2902 1644 3243 1702 Inualuerunt
3293 1660 3453 1716 super
3508 1662 3590 1700 nte
3644 1644 3790 1701 verba

2193 1750 2379 1807 uestra,
2415 1740 2538 1794 dicit
2582 1739 2857 1807 Dominus,
2880 1752 2930 1796 et
2955 1742 3164 1797 dixistis
3198 1758 3216 1794 :
3254 1743 3383 1813 quid
3411 1743 3575 1797 locuti
3614 1758 3788 1799 sum

2192 1843 2373 1887 contra
2404 1844 2451 1887 te
2474 1834 2500 1887 7
2524 1832 2768 1901 Dixistis,
2798 1850 2961 1889 uanus
2986 1846 3059 1889 est
3084 1836 3176 1907 qui
3203 1836 3359 1890 servit
3391 1833 3527 1901 Deo,
3556 1846 3609 1891 et
3656 1836 3790 1904 quod

490 1924 633 1980 tibus
662 1925 781 1979 sitis
807 1925 1086 1995 exemplo.
1145 1925 1299 1992 Quod
1332 1924 1399 1979 de
1446 1923 1677 1980 decimis
1724 1922 2086 1993 primitiisque
2117 1924 2166 1985 B
2192 1927 2617 1993 emolumentum,
2676 1928 2797 1996 quin
2851 1928 3219 1982 custodit-intus
3252 1936 3513 2001 pra-cepta
3557 1928 3693 1998 ejus,
3747 1936 3789 1981 et

488 2019 747 2085 diximus,
782 2035 904 2090 qum
936 2020 1070 2074 olim
1118 2020 1394 2075 dabantur
1422 2034 1451 2073 a
1483 2018 1684 2089 populo
1710 2017 2088 2073 sacerdotibus

494 2127 557 2169 ac
586 2114 813 2181 Levitis,
849 2113 902 2168 in
935 2113 1195 2170 Ecclesia:
1219 2127 1439 2185 quoque
1493 2111 1709 2183 populis
1762 2110 2082 2181 intelligite,

503 2208 700 2276 quibus
734 2218 1062 2279 praeceptum
1094 2218 1199 2273 est,
1245 2224 1351 2262 non
1386 2208 1566 2262 solum
1609 2205 1849 2261 decimas
1873 2204 2004 2259 dare
2030 2213 2089 2259 et

490 2300 787 2371 primitias;
836 2301 929 2355 sed
989 2311 1043 2355 ct
1093 2300 1333 2356 vendere
1387 2301 1571 2356 omnia
1601 2315 1721 2371 qua:
1778 2298 2002 2364 habent,
2031 2307 2087 2353 et

492 2394 625 2449 dare
683 2394 1034 2465 pauperibus.
1089 2402 1144 2450 et
1199 2393 1357 2465 sequi
1415 2394 1701 2448 Dominum
1751 2393 2088 2449 Salvatorem

491 2486 726 2558 (Matth.
770 2502 883 2553 χιχ,
912 2496 959 2541 et
986 2486 1155 2541 Marc.
1210 2487 1284 2559 Χ).
1320 2487 1475 2554 Quod
1508 2488 1551 2541 si
1578 2487 1763 2543 facere
1809 2487 2083 2553 nolumus,

493 2580 684 2635 saltem
712 2580 1021 2636 Judaeorum
1064 2580 1343 2637 imitemur
1372 2579 1619 2646 exordia,
1653 2590 1708 2635 ut
1758 2580 2085 2652 pauperibus

490 2680 697 2743 partem
729 2673 921 2730 demus
964 2688 1029 2729 ex
1070 2681 1204 2743 toto,
1260 2681 1315 2728 ct
1344 2673 1723 2730 sacerdotibus
1763 2688 1827 2729 ac
1879 2672 2085 2728 Levitis

489 2766 753 2823 honorem
808 2767 1048 2821 debitum
1105 2766 1437 2822 deferamus.
1490 2767 1645 2823 Unde
1685 2766 1818 2821 dicit
1855 2773 1912 2822 et
1938 2766 2086 2836 Apo-

488 2861 662 2916 stolus
694 2877 705 2914 :
737 2858 953 2914 Honora
979 2861 1316 2929 uitluas,qua:
1332 2876 1445 2914 vere
1460 2860 1631 2916 vidua:
1654 2870 1771 2914 sunt
1794 2859 1840 2932 (Ι
1868 2859 2002 2913 Tim.
2031 2874 2082 2928 ν,

427 2988 430 2992 ~
488 2953 587 3023 5):
628 2961 682 3008 et
724 2952 1101 3024 presbyterum
1161 2952 1365 3024 duplici
1406 2952 1616 3009 honore
1676 2952 2083 3019 honorandum,

487 3046 723 3102 maxime
764 3048 857 3116 qui
884 3046 1097 3101 laborat
1128 3046 1181 3100 in
1214 3046 1383 3102 verbo
1414 3053 1468 3101 et
1496 3045 1742 3101 doctrina
1786 3046 1899 3101 Dei.
1931 3044 2086 3113 Quod

488 3138 583 3209 qui
615 3155 723 3194 non
756 3138 969 3207 fecerit,
1014 3140 1185 3194 Deum
1214 3139 1467 3194 fraudare
1496 3146 1549 3194 et
1577 3140 1930 3209 supplantare
1956 3153 2087 3193 con-

485 3234 744 3305 vincitur,
797 3242 855 3289 et
904 3234 1247 3290 maledicitur
1276 3233 1324 3288 ei
1358 3234 1410 3288 in
1467 3233 1694 3304 penuria
1734 3248 1915 3289 rerum
1964 3247 2083 3287 om-

484 3326 660 3381 nium:
682 3335 738 3381 ut
763 3329 853 3397 qui
880 3341 1039 3396 parce
1065 3327 1285 3392 severit,
1319 3340 1486 3396 parce
1517 3336 1571 3381 et.
1597 3334 1803 3390 metat;
1837 3333 1892 3379 et
1910 3324 2001 3395 qui
2026 3324 2079 3378 in

492 3417 871 3475 benedictione
899 3418 1269 3483 seminaverit,
1295 3420 1348 3473 in
1379 3418 1849 3473 benedictionibus
1872 3418 2081 3472 fructus

484 3512 711 3582 colligat
733 3512 1075 3567 abundanter
1106 3512 1180 3581 (ll
1210 3510 1328 3566 Cor.
1363 3527 1438 3579 ιιι,
1463 3511 1543 3582 6).
1577 3510 1634 3566 Si
1662 3510 1881 3581 quando
1907 3512 2080 3566 fames

481 3614 536 3659 et
566 3607 813 3675 penuria,
874 3614 931 3661 et
967 3620 1150 3661 rerum
1202 3605 1447 3660 omnium
1496 3615 1711 3677 egestas
1760 3606 2081 3676 oppritnunt

486 3698 744 3753 mundum
779 3718 789 3751 :
826 3697 1063 3754 sciamus
1092 3697 1197 3752 hoc
1226 3712 1293 3753 ex
1325 3698 1424 3753 Dei
1459 3698 1537 3753 ira
1584 3698 1945 3765 descendere,
1986 3699 2076 3770 qui

485 3792 540 3847 in
575 3792 923 3863 pauperibus,
946 3793 994 3847 si
1028 3808 1135 3847 non
1168 3791 1444 3862 accipiant
1472 3794 1901 3865 eleemosynam,
1938 3792 2081 3847 frau—

484 3889 601 3944 dari
643 3902 701 3944 se
750 3888 1016 3959 loquitur,
1050 3897 1105 3943 et
1136 3903 1230 3941 sua
1264 3888 1514 3957 portione
1541 3886 1561 3960 ι
1586 3887 1670 3941 Al.
1704 3886 2078 3959 possessione]

484 3983 710 4054 privari.
742 3982 1043 4038 Possumus
1071 3982 1313 4037 decimas
1340 3990 1394 4036 et
1427 3982 1692 4051 primitias
1721 3990 1774 4037 et
1805 3983 1884 4037 sic
1911 3982 2079 4037 inter-

483 4077 714 4148 pretari:
744 4075 803 4131 Si
843 4077 961 4147 quis
990 4074 1183 4130 doctus
1210 4085 1261 4128 et
1294 4074 1540 4130 eruditus
1570 4074 1621 4129 in
1656 4075 1797 4145 Lege
1840 4073 1861 4147 [
1888 4076 1974 4129 Al.
2004 4076 2081 4130 le-

480 4169 625 4241 gem]
668 4170 787 4236 Dei,
828 4177 1005 4237 potest
1055 4179 1282 4223 caetcros
1339 4169 1584 4235 erudire,
1616 4184 1721 4223 non
1769 4168 1934 4223 debet
1965 4183 2078 4224 sua:

478 4265 759 4337 assignare
789 4264 1113 4335 prudentite,
1145 4262 1478 4334 ingenioque
1519 4261 1663 4333 quod
1689 4262 1957 4332 possidet:
1982 4262 2077 4317 sed

478 4360 681 4433 gratias
712 4365 832 4429 agat
856 4355 1022 4429 979
1053 4355 1282 4427 primum
1304 4354 1440 4422 Deo,
1469 4355 1559 4426 qui
1591 4366 1787 4411 cuncta
1816 4354 2071 4425 largitur;

477 4452 676 4511 deinde
744 4450 1123 4507 sacerdotibus
1178 4450 1295 4520 ejus
1353 4464 1417 4505 ac
1468 4449 1768 4520 magistris,
1812 4449 2074 4519 aquibus

475 4546 670 4604 doctus
693 4554 793 4601 est.
822 4545 879 4601 Si
905 4543 1049 4599 enim
1075 4558 1181 4598 non
1204 4543 1381 4614 egerit
1398 4541 1623 4611 gratias,
1650 4541 1746 4596 sed
1769 4542 1870 4597 sibi
1896 4542 2074 4597 scien-

476 4640 608 4694 tiam
651 4636 1029 4704 vindicaverit,
1097 4635 1150 4690 in
1202 4636 1428 4704 penuria
1478 4633 1856 4689 maledicetur.
1915 4633 2071 4700 Quod

473 4731 520 4789 si
549 4730 857 4801 intelligens
888 4730 1203 4801 largitorem
1234 4729 1427 4795 Deum,
1453 4740 1508 4784 et
1542 4729 1626 4784 his
1655 4743 1820 4798 agens
1841 4730 2065 4799 gratias,

470 4842 571 4901 per
599 4841 738 4897 quos
767 4840 795 4879 a
828 4826 938 4880 Deo
965 4824 1214 4880 eruditus
1260 4831 1367 4893 est,
1402 4823 1771 4879 humiliaverit
1817 4837 1897 4890 se,
1932 4833 1985 4878 et
2014 4822 2068 4877 in

472 4920 735 4977 horreum
794 4918 889 4973 Dei
950 4916 1196 4972 intulerit
1236 4916 1411 4985 cibos,
1456 4915 1562 4971 hoc
1602 4924 1714 4980 est,
1773 4916 2072 4986 Scriptura:

468 5021 671 5068 sancta:
701 5011 965 5065 alimenta
996 5010 1050 5063 in
1084 5008 1329 5064 Ecclesia
1361 5009 1580 5079 populis
1635 5009 2064 5065 ministraverit:

466 5106 649 5160 statim
678 5105 999 5174 aperientur
1030 5116 1196 5171 super
1224 5115 1347 5156 eum
1378 5110 1667 5157 cataractae
1705 5101 1863 5171 εαξη,
1892 5113 1949 5158 et
1988 5104 2067 5158 el-

466 5194 729 5250 l‘undetur
785 5194 968 5264 pluvia
1010 5190 1337 5263 spiritualis,
1369 5200 1423 5245 ct
1454 5190 1734 5246 mandahit
1774 5190 1919 5247 Deus
1959 5208 2063 5247 nu-

463 5285 625 5343 bibus
654 5286 792 5351 suis,
818 5295 875 5339 ut
903 5285 1092 5355 pluant
1132 5299 1299 5355 super
1328 5299 1454 5339 eum
1489 5283 1739 5349 imbrem,
1792 5293 1850 5341 et
1894 5285 2065 5342 abun-

467 5379 651 5436 dantia
710 5394 899 5434 rerum
957 5378 1203 5432 omnium
1262 5380 1596 5447 perfruetur,
1655 5389 1711 5434 et
1768 5381 2070 5450 increpabit

469 5477 632 5531 etiam
665 5488 759 5544 pro
786 5487 852 5527 eo
880 5469 1259 5541 devorantem,
1293 5470 1597 5525 contrarias
1652 5470 1862 5527 scilicet
1909 5469 2061 5528 forti-

464 5568 705 5635 tudines,
731 5576 786 5623 et
814 5567 969 5622 labor
999 5565 1171 5637 ipsius
1223 5562 1420 5621 ederet
1466 5564 1733 5631 fructum,
1775 5575 1831 5622 et
1868 5582 2061 5626 conse-

461 5674 659 5733 quetur
702 5660 832 5723 illud
859 5658 1000 5729 quod
1032 5660 1299 5731 scriptum
1326 5667 1411 5717 est
1444 5677 1459 5716 :
1498 5658 1688 5717 Beatus
1713 5662 1802 5727 qui
1834 5662 1887 5717 in
1909 5678 2058 5719 aures

2108 3282 2153 3345 C

2190 2018 2313 2088 quia
2341 2018 2720 2073 ambularimus
2752 2020 2923 2075 tristes
2950 2036 3126 2074 coram
3158 2020 3385 2074 Domino
3420 2019 3791 2075 exercitum?

2191 2112 2335 2183 Ergo
2366 2128 2504 2166 nunc
2531 2113 2708 2168 beatos
2739 2115 2961 2169 dicimus
2996 2123 3331 2186 arrogantes,
3366 2114 3629 2185 siquidm
3658 2112 3791 2167 cedi-

2190 2206 2335 2276 ﬁcati
2360 2219 2480 2263 sunt
2507 2208 2751 2278 facientes
2782 2210 3097 2280 impietatem
3127 2223 3147 2263 :
3175 2217 3221 2262 et
3247 2216 3573 2262 tentaoerunt
3598 2207 3785 2273 Deum,

2188 2311 2235 2357 et
2261 2305 2397 2358 salvi
2425 2306 2551 2375 facti
2580 2314 2720 2358 sunt.
2766 2301 2944 2357 LXX:
2979 2301 3303 2375 Ingravastis
3326 2318 3483 2373 super
3530 2318 3611 2356 me
3641 2301 3789 2355 verba

2187 2404 2376 2465 vestra,
2405 2397 2529 2451 dicit
2554 2395 2829 2451 Dominus.
2859 2395 2924 2450 Et
2956 2396 3186 2466 dixistis,
3215 2397 3268 2450 in
3297 2411 3399 2468 quo
3423 2395 3586 2450 locuti
3611 2409 3787 2449 attines

2189 2499 2371 2543 contra
2403 2498 2452 2544 te
2474 2492 2497 2544 ?
2519 2486 2587 2542 Et
2629 2491 2861 2556 dixistis,
2894 2506 3056 2543 vanus
3097 2500 3167 2544 est
3197 2490 3288 2559 qui
3344 2492 3494 2545 servit
3534 2486 3650 2544 Deo
3680 2503 3697 2540 :
3743 2497 3789 2541 et

2187 2583 2313 2650 quid
2342 2583 2597 2652 amplius,
2620 2583 2740 2650 quia
2766 2583 3136 2637 custodirimus
3166 2583 3417 2637 mandata
3433 2585 3567 2656 ejus,
3596 2590 3647 2637 et
3672 2580 3788 2651 quia

2184 2675 2563 2730 ambulavimus
2612 2678 2871 2749 supplices
2902 2686 3021 2732 ante
3049 2678 3237 2749 faciem
3282 2676 3497 2731 Domini
3550 2678 3789 2747 omnipo-

2186 2772 2386 2824 tentis?
2416 2770 2486 2825 Et
2516 2788 2660 2826 nunc
2689 2788 2782 2827 nos
2823 2772 2996 2827 (lentos
3031 2773 3252 2827 dicimus
3282 2773 3501 2842 alienos,
3537 2780 3585 2826 et
3614 2770 3788 2839 adiﬁ-

2187 2873 2369 2917 cantur
2410 2880 2587 2919 omnes
2608 2865 2698 2935 qui
2730 2865 2936 2935 faciunt
2991 2866 3338 2937 iniquitatem,
3379 2875 3429 2920 et
3482 2864 3784 2919 restiterunt

2191 2954 2320 3023 Deo,
2356 2966 2406 3010 et
2435 2958 2567 3011 salui
2596 2959 2721 3028 facti
2750 2969 2890 3013 sunt.
2932 2957 3092 3013 Prius
3113 2959 3366 3014 dixerat:
3402 2957 3682 3013 Laborare
3710 2955 3788 3010 fe-

2187 3048 2341 3103 cistis
2366 3049 2657 3105 Dominum
2693 3052 2746 3105 in
2777 3053 3120 3107 sermonibus
3165 3052 3387 3115 vestris,
3444 3058 3499 3105 et
3547 3049 3783 3113 dixistis,

2187 3140 2243 3193 in
2271 3156 2381 3211 quo
2411 3155 2532 3196 eum
2566 3141 2801 3197 fecimus
2830 3143 3125 3198 laborare?
3155 3142 3210 3197 lu
3258 3157 3326 3198 eo
3354 3158 3477 3197 cum
3505 3140 3678 3214 999
3703 3140 3783 3195 di-

2187 3231 2386 3287 ceretis
2419 3250 2430 3286 :
2464 3233 2653 3288 Omnis
2682 3235 2774 3305 qui
2804 3233 2929 3290 facit
2966 3235 3203 3303 malum,
3243 3234 3420 3290 bonus
3446 3243 3532 3289 est
3566 3236 3621 3288 in
3654 3247 3783 3290 con-

2185 3334 2373 3395 Spectu
2406 3326 2652 3392 Domini,
2682 3334 2738 3382 et
2768 3328 2908 3383 tales
2937 3330 2986 3383 ei
3013 3329 3264 3399 placent:
3291 3337 3385 3382 aut
3405 3336 3555 3383 certe
3584 3328 3680 3383 ubi
3705 3334 3784 3383 est

2187 3418 2328 3474 Deus
2366 3418 2598 3489 judicii?
2628 3435 2771 3475 nunc
2801 3421 2945 3476 idem
2999 3422 3213 3491 plenius
3256 3421 3501 3491 repetit:
3546 3420 3784 3491 Populus

2184 3512 2325 3567 enim
2360 3514 2452 3583 qui
2493 3514 2562 3568 de
2612 3514 2890 3586 Babylone
2939 3529 3197 3570 reversus
3240 3514 3529 3570 videbatur
3559 3515 3655 3570 Dei
3695 3514 3785 3570 ha-

2185 3603 2315 3660 bere
2360 3606 2632 3669 notitiam,
2686 3615 2742 3661 et
2804 3608 3099 3662 observare
3130 3609 3329 3679 legem,
3382 3616 3438 3662 et
3476 3607 3785 3677 intelligere

2185 3707 2467 3767 peccatum
2518 3714 2699 3760 suum,
2731 3706 2793 3753 et
2839 3713 2940 3769 pro
2988 3708 3211 3768 peccato
3260 3699 3461 3755 oﬂ'erre
3501 3699 3780 3762 victimas,

2182 3791 2425 3846 decimas
2451 3790 2703 3859 reddere,
2763 3792 3058 3848 observare
3106 3792 3417 3860 sabbatum,
3474 3802 3533 3849 et
3586 3800 3781 3848 czetera

2183 3900 2303 3955 quae
2336 3885 2431 3940 Dei
2464 3886 2606 3957 Lege
2639 3896 2907 3956 przecepta
2967 3895 3112 3955 sunt,
3160 3901 3398 3943 cernens
3450 3897 3679 3942 cunctas
3729 3886 3781 3941 in

2180 3980 2407 4035 circuitu
2436 3981 2689 4035 nationes
2743 3981 2907 4036 rebus
2959 3981 3214 4036 omnibus
3266 3981 3572 4046 abundare,
3622 3994 3683 4035 se
3727 3980 3777 4033 in

2180 4075 2436 4144 penuria,
2470 4084 2524 4129 et
2565 4074 2727 4137 fante,
2775 4084 2831 4130 et
2877 4075 3097 4130 miseria
3129 4076 3513 4143 constitutum,
3550 4074 3781 4131 scanda-

2181 4166 2446 4221 lizahatur
2472 4167 2535 4220 ad
2559 4166 2793 4237 singula,
2826 4175 2991 4237 atque
3017 4167 3235 4223 dicebat
3264 4187 3275 4222 ε
3305 4167 3448 4236 Quid
3487 4166 3625 4221 mihi
3658 4180 3779 4237 pro-

2179 4260 2321 4326 dest,
2353 4260 2479 4330 quia
2536 4276 2698 4315 unum
2746 4270 2801 4315 et
2833 4275 3025 4316 verum
3081 4261 3251 4317 Deum
3313 4260 3775 4328 colo,abominor

2184 4353 2351 4419 idola,
2389 4362 2444 4409 et
2472 4362 2840 4423 compunctus
2875 4354 3216 4410 conscientia
3257 4354 3607 4421 delictorum,
3648 4362 3771 4409 ante

2181 4448 2348 4502 Deum
2374 4449 2543 4501 tristis
2569 4447 2762 4503 incedo
2785 4448 2807 4501 ἲ
2827 4448 2999 4516 Quem
3031 4449 3211 4504 locum
3234 4455 3291 4502 ut
3320 4463 3483 4518 supra
3509 4448 3768 4513 diximus,

2176 4541 2611 4611 septuagesimus
2625 4550 2677 4595 et
2698 4540 2969 4597 secundus
2988 4539 3235 4596 Psalmus
3254 4542 3480 4611 plenius
3503 4540 3769 4611 latiusque

2175 4633 2545 4705 prosequitur.
2578 4632 2733 4689 Unde
2764 4633 3053 4704 propheta,
3081 4634 3175 4705 qui
3207 4643 3292 4689 est
3334 4634 3581 4690 medicus
3611 4632 3771 4703 spiri-

2181 4725 2361 4792 tualis,
2396 4724 2646 4780 medetur
2668 4726 2885 4780 cunctis
2915 4726 3257 4795 vulneribus,
3307 4734 3364 4782 et
3406 4726 3577 4783 verba
3625 4726 3768 4780 blas~

2177 4820 2411 4891 phemiae
2438 4819 2493 4874 in
2516 4819 2831 4876 Creatorem
2862 4821 3109 4878 recidere
3128 4830 3491 4889 contestatur,
3537 4830 3593 4876 et
3641 4818 3773 4875 dicit

2176 4930 2244 4971 ex
2285 4928 2519 4985 persona
2550 4914 2645 4969 Dei
2684 4931 2699 4970 :
2739 4914 3098 4971 btvaluerunt
3129 4929 3298 4986 super
3346 4930 3435 4970 me
3479 4914 3651 4970 verba
3681 4928 3773 4970 ve-

2174 5014 2287 5061 stra
2309 5047 2322 5071 ,
2350 5007 2465 5061 sive
2497 5005 2779 5075 ingravata
2804 5015 2931 5060 sunt
2960 5023 2973 5059 :
3005 5007 3212 5062 etenim
3250 5008 3404 5078 juxta
3426 5007 3769 5070 Zachariam,

2172 5099 2434 5169 iniquitas
2462 5098 2622 5153 sedet
2668 5112 2834 5167 super
2886 5099 3148 5153 talentum
3180 5099 3389 5169 plumbi
3420 5094 3622 5173 (Zorb.
3656 5097 3766 5169 v):

2173 5201 2227 5246 et
2269 5190 2414 5260 quod
2444 5197 2633 5245 contra
2672 5190 2838 5245 Deum
2866 5188 3095 5259 dicitur,
3126 5192 3275 5262 gravi
3297 5188 3766 5263 blasphemiarum

2169 5284 2311 5340 mole
2343 5282 2686 5355 deprimitur.
2732 5281 2837 5351 Qui
2867 5298 2976 5340 non
3022 5283 3397 5357 iutelligentes
3438 5284 3609 5342 verba
3648 5297 3768 5354 gra-

2172 5379 2411 5445 vissima,
2457 5394 2513 5435 et
2556 5378 2954 5448 blaSpbemiam
2996 5392 3174 5450 suam,
3220 5379 3585 5452 interrogant,
3640 5374 3766 5449 quid

2171 5474 2337 5532 locuti
2362 5488 2550 5530 sumus
2581 5482 2771 5530 contra
2798 5481 2849 5529 te
2869 5474 2893 5529 ἲ
2913 5473 3123 5543 Quibus
3146 5474 3431 5545 respondit
3460 5473 3723 5531 Dominus
3748 5484 3763 5523 :

2172 5568 2433 5626 Dixistis:
2463 5568 2649 5626 Vanus
2670 5579 2756 5625 est
2778 5570 2869 5640 qui
2900 5569 3068 5626 servit
3099 5568 3237 5637 Deo,
3276 5578 3335 5627 et
3366 5569 3513 5641 quod
3560 5570 3765 5627 emolu-

2169 5675 2432 5733 mentum,
2486 5666 2611 5737 quia
2640 5665 3034 5722 custodivimus
3064 5674 3331 5738 praecepta
3351 5666 3509 5738 ejus?
3536 5666 3593 5723 in
3622 5682 3763 5736 pra:-

533 5867 561 5900 ⁸
588 5867 917 5926 Concinnius
938 5865 1051 5923 fere
1063 5874 1117 5922 et
1137 5864 1353 5922 brevius
1381 5864 1431 5919 in
1460 5865 1650 5937 Regin.
1668 5881 1770 5923 ms.
1801 5876 1889 5923 aut
1907 5865 2108 5924 locusta
2138 5868 2328 5935 nutriat,
2360 5878 2446 5922 aut
2476 5868 2718 5938 bruchus,
2746 5879 2833 5924 aut
2862 5883 3043 5939 eruca,
3058 5879 3105 5925 et
3123 5870 3323 5926 labores
3351 5869 3634 5939 hominum,
3658 5882 3759 5929 etc.
