  <div class='ocr_page' id='page_1' title='image "/cluster/home/n/w/nwhite01/storage/ocr_20150623/25/hvd.32044015471394/794.png"; bbox 0 0 4056 6342; ppageno 0'>
   <div class='ocr_carea' id='block_1_1' title="bbox 288 249 428 315">
    <p class='ocr_par' dir='ltr' id='par_1_1' title="bbox 288 249 428 315">
     <span class='ocr_line' id='line_1_1' title="bbox 288 249 428 315; baseline -0.014 0"><span class='ocrx_word' id='word_1_1' title='bbox 288 249 315 315; x_wconf 66' lang='lat' dir='ltr'><strong>i</strong></span> <span class='ocrx_word' id='word_1_2' title='bbox 323 256 428 314; x_wconf 76' lang='lat'><strong>575</strong></span> 
     </span>
    </p>
   </div>
   <div class='ocr_carea' id='block_1_2' title="bbox 1038 253 2848 320">
    <p class='ocr_par' dir='ltr' id='par_1_2' title="bbox 1038 253 2848 320">
     <span class='ocr_line' id='line_1_2' title="bbox 1038 253 2848 320; baseline 0.001 -7"><span class='ocrx_word' id='word_1_3' title='bbox 1038 254 1698 316; x_wconf 79' lang='lat' dir='ltr'><strong>COMMENTARIORUM</strong></span> <span class='ocrx_word' id='word_1_4' title='bbox 1737 255 1805 315; x_wconf 85' lang='lat' dir='ltr'><strong>IN</strong></span> <span class='ocrx_word' id='word_1_5' title='bbox 1844 253 2255 317; x_wconf 78' lang='lat' dir='ltr'><strong>MALACHIAM</strong></span> <span class='ocrx_word' id='word_1_6' title='bbox 2299 258 2519 316; x_wconf 80' lang='lat' dir='ltr'><strong>LIBER.</strong></span> <span class='ocrx_word' id='word_1_7' title='bbox 2563 259 2713 320; x_wconf 83' lang='lat' dir='ltr'><strong>CAP.</strong></span> <span class='ocrx_word' id='word_1_8' title='bbox 2759 259 2848 317; x_wconf 83' lang='lat' dir='ltr'><strong>lli.</strong></span> 
     </span>
    </p>
   </div>
   <div class='ocr_carea' id='block_1_3' title="bbox 3313 254 3582 316">
    <p class='ocr_par' dir='ltr' id='par_1_3' title="bbox 3313 254 3582 316">
     <span class='ocr_line' id='line_1_3' title="bbox 3313 254 3582 316; baseline 0.007 -2"><span class='ocrx_word' id='word_1_9' title='bbox 3313 254 3376 300; x_wconf 40' lang='lat'><strong>3&quot;&quot;</strong></span> <span class='ocrx_word' id='word_1_10' title='bbox 3442 257 3582 316; x_wconf 70' lang='grc'><strong>1574</strong></span> 
     </span>
    </p>
   </div>
   <div class='ocr_carea' id='block_1_4' title="bbox 289 365 3581 444">
    <p class='ocr_par' dir='ltr' id='par_1_4' title="bbox 289 365 3581 444">
     <span class='ocr_line' id='line_1_4' title="bbox 289 365 3581 444; baseline 0 -20"><span class='ocrx_word' id='word_1_11' title='bbox 289 368 431 425; x_wconf 84' lang='lat' dir='ltr'><strong>senti</strong></span> <span class='ocrx_word' id='word_1_12' title='bbox 461 365 662 423; x_wconf 64' lang='lat' dir='ltr'><strong>saeculo</strong></span> <span class='ocrx_word' id='word_1_13' title='bbox 691 369 998 425; x_wconf 85' lang='lat' dir='ltr'><strong>mercedem</strong></span> <span class='ocrx_word' id='word_1_14' title='bbox 1050 384 1152 440; x_wconf 87' lang='lat' dir='ltr'><strong>pro</strong></span> <span class='ocrx_word' id='word_1_15' title='bbox 1189 369 1282 426; x_wconf 87' lang='lat' dir='ltr'><strong>Dei</strong></span> <span class='ocrx_word' id='word_1_16' title='bbox 1333 371 1556 438; x_wconf 79' lang='lat' dir='ltr'><strong>exigunt</strong></span> <span class='ocrx_word' id='word_1_17' title='bbox 1602 370 1882 437; x_wconf 76' lang='lat' dir='ltr'><strong>servitute,</strong></span> <span class='ocrx_word' id='word_1_18' title='bbox 1914 378 1961 434; x_wconf 77' lang='grc' dir='ltr'><strong>Α</strong></span> <span class='ocrx_word' id='word_1_19' title='bbox 1990 372 2044 425; x_wconf 89' lang='lat' dir='ltr'><strong>in</strong></span> <span class='ocrx_word' id='word_1_20' title='bbox 2067 371 2151 427; x_wconf 87' lang='lat' dir='ltr'><strong>die</strong></span> <span class='ocrx_word' id='word_1_21' title='bbox 2185 388 2287 443; x_wconf 87' lang='lat' dir='ltr'><strong>qua</strong></span> <span class='ocrx_word' id='word_1_22' title='bbox 2318 389 2408 444; x_wconf 79' lang='lat' dir='ltr'><strong>ego</strong></span> <span class='ocrx_word' id='word_1_23' title='bbox 2437 374 2572 444; x_wconf 81' lang='lat' dir='ltr'><strong>facio</strong></span> <span class='ocrx_word' id='word_1_24' title='bbox 2600 417 2613 438; x_wconf 89' lang='lat'><strong>,</strong></span> <span class='ocrx_word' id='word_1_25' title='bbox 2650 375 2700 427; x_wconf 85' lang='lat' dir='ltr'><strong>in</strong></span> <span class='ocrx_word' id='word_1_26' title='bbox 2732 371 3123 444; x_wconf 77' lang='lat' dir='ltr'><strong>acquisitionem</strong></span> <span class='ocrx_word' id='word_1_27' title='bbox 3149 412 3162 437; x_wconf 89' lang='lat'><strong>,</strong></span> <span class='ocrx_word' id='word_1_28' title='bbox 3203 379 3248 425; x_wconf 82' lang='lat' dir='ltr'><strong>et</strong></span> <span class='ocrx_word' id='word_1_29' title='bbox 3281 371 3468 442; x_wconf 79' lang='lat' dir='ltr'><strong>eligam</strong></span> <span class='ocrx_word' id='word_1_30' title='bbox 3499 387 3581 425; x_wconf 85' lang='lat' dir='ltr'><strong>cos</strong></span> 
     </span>
    </p>
   </div>
   <div class='ocr_carea' id='block_1_5' title="bbox 289 463 1884 534">
    <p class='ocr_par' dir='ltr' id='par_1_5' title="bbox 289 463 1884 534">
     <span class='ocr_line' id='line_1_5' title="bbox 289 463 1884 534; baseline 0.001 -16"><span class='ocrx_word' id='word_1_31' title='bbox 289 463 416 518; x_wconf 87' lang='lat' dir='ltr'><strong>ideo</strong></span> <span class='ocrx_word' id='word_1_32' title='bbox 448 479 554 518; x_wconf 89' lang='lat' dir='ltr'><strong>non</strong></span> <span class='ocrx_word' id='word_1_33' title='bbox 579 463 875 534; x_wconf 88' lang='lat' dir='ltr'><strong>recipiunt.</strong></span> <span class='ocrx_word' id='word_1_34' title='bbox 907 465 972 520; x_wconf 80' lang='lat' dir='ltr'><strong>Et</strong></span> <span class='ocrx_word' id='word_1_35' title='bbox 1002 465 1126 534; x_wconf 84' lang='lat' dir='ltr'><strong>quia</strong></span> <span class='ocrx_word' id='word_1_36' title='bbox 1155 465 1553 520; x_wconf 85' lang='lat' dir='ltr'><strong>ambulavimus</strong></span> <span class='ocrx_word' id='word_1_37' title='bbox 1587 467 1767 521; x_wconf 81' lang='lat' dir='ltr'><strong>tristes</strong></span> <span class='ocrx_word' id='word_1_38' title='bbox 1794 479 1884 520; x_wconf 91' lang='lat' dir='ltr'><strong>co-</strong></span> 
     </span>
    </p>
   </div>
   <div class='ocr_carea' id='block_1_6' title="bbox 291 555 1887 628">
    <p class='ocr_par' dir='ltr' id='par_1_6' title="bbox 291 555 1887 628">
     <span class='ocr_line' id='line_1_6' title="bbox 291 555 1887 628; baseline 0.001 -16"><span class='ocrx_word' id='word_1_39' title='bbox 291 571 409 612; x_wconf 84' lang='lat' dir='ltr'><strong>ram</strong></span> <span class='ocrx_word' id='word_1_40' title='bbox 477 555 729 624; x_wconf 89' lang='lat' dir='ltr'><strong>Domino,</strong></span> <span class='ocrx_word' id='word_1_41' title='bbox 791 557 948 626; x_wconf 84' lang='lat' dir='ltr'><strong>juxta</strong></span> <span class='ocrx_word' id='word_1_42' title='bbox 1014 556 1146 612; x_wconf 90' lang='lat' dir='ltr'><strong>illud</strong></span> <span class='ocrx_word' id='word_1_43' title='bbox 1193 557 1339 628; x_wconf 89' lang='lat' dir='ltr'><strong>quod</strong></span> <span class='ocrx_word' id='word_1_44' title='bbox 1385 559 1646 627; x_wconf 87' lang='lat' dir='ltr'><strong>scriptum</strong></span> <span class='ocrx_word' id='word_1_45' title='bbox 1699 568 1780 614; x_wconf 90' lang='lat' dir='ltr'><strong>est</strong></span> <span class='ocrx_word' id='word_1_46' title='bbox 1833 557 1887 613; x_wconf 91' lang='lat' dir='ltr'><strong>in</strong></span> 
     </span>
    </p>
   </div>
   <div class='ocr_carea' id='block_1_7' title="bbox 291 647 1885 721">
    <p class='ocr_par' dir='ltr' id='par_1_7' title="bbox 291 647 1885 721">
     <span class='ocr_line' id='line_1_7' title="bbox 291 647 1885 721; baseline 0.001 -17"><span class='ocrx_word' id='word_1_47' title='bbox 291 647 567 705; x_wconf 82' lang='lat' dir='ltr'><strong>Psalmis:</strong></span> <span class='ocrx_word' id='word_1_48' title='bbox 605 647 736 704; x_wconf 84' lang='lat' dir='ltr'><strong>Tota</strong></span> <span class='ocrx_word' id='word_1_49' title='bbox 779 649 863 706; x_wconf 84' lang='lat' dir='ltr'><strong>die</strong></span> <span class='ocrx_word' id='word_1_50' title='bbox 904 651 1066 706; x_wconf 86' lang='lat' dir='ltr'><strong>tristis</strong></span> <span class='ocrx_word' id='word_1_51' title='bbox 1097 651 1422 721; x_wconf 82' lang='lat' dir='ltr'><strong>ingrediebar</strong></span> <span class='ocrx_word' id='word_1_52' title='bbox 1454 651 1638 721; x_wconf 85' lang='lat' dir='ltr'><strong>(Psal.</strong></span> <span class='ocrx_word' id='word_1_53' title='bbox 1679 667 1885 719; x_wconf 82' lang='lat' dir='ltr'><strong>xsxvu,</strong></span> 
     </span>
    </p>
   </div>
   <div class='ocr_carea' id='block_1_8' title="bbox 294 738 1890 816">
    <p class='ocr_par' dir='ltr' id='par_1_8' title="bbox 294 738 1890 816">
     <span class='ocr_line' id='line_1_8' title="bbox 294 738 1890 816; baseline 0.003 -20"><span class='ocrx_word' id='word_1_54' title='bbox 294 738 371 812; x_wconf 84' lang='lat'><strong>7).</strong></span> <span class='ocrx_word' id='word_1_55' title='bbox 405 741 603 798; x_wconf 84' lang='lat' dir='ltr'><strong>Beatos</strong></span> <span class='ocrx_word' id='word_1_56' title='bbox 630 743 800 816; x_wconf 75' lang='lat' dir='ltr'><strong>igitur</strong></span> <span class='ocrx_word' id='word_1_57' title='bbox 822 743 1056 800; x_wconf 87' lang='lat' dir='ltr'><strong>dicimus</strong></span> <span class='ocrx_word' id='word_1_58' title='bbox 1089 754 1428 816; x_wconf 85' lang='lat' dir='ltr'><strong>arrogantes,</strong></span> <span class='ocrx_word' id='word_1_59' title='bbox 1460 747 1890 816; x_wconf 87' lang='lat' dir='ltr'><strong>quisuperhiunt</strong></span> 
     </span>
    </p>
   </div>
   <div class='ocr_carea' id='block_1_9' title="bbox 291 835 1889 910">
    <p class='ocr_par' dir='ltr' id='par_1_9' title="bbox 291 835 1889 910">
     <span class='ocr_line' id='line_1_9' title="bbox 291 835 1889 910; baseline 0.003 -21"><span class='ocrx_word' id='word_1_60' title='bbox 291 845 484 890; x_wconf 86' lang='lat' dir='ltr'><strong>contra</strong></span> <span class='ocrx_word' id='word_1_61' title='bbox 515 835 704 904; x_wconf 90' lang='lat' dir='ltr'><strong>Deum,</strong></span> <span class='ocrx_word' id='word_1_62' title='bbox 737 846 791 892; x_wconf 90' lang='lat' dir='ltr'><strong>et</strong></span> <span class='ocrx_word' id='word_1_63' title='bbox 823 835 988 906; x_wconf 88' lang='lat' dir='ltr'><strong>impia</strong></span> <span class='ocrx_word' id='word_1_64' title='bbox 1045 837 1501 908; x_wconf 78' lang='lat' dir='ltr'><strong>blasphemiarum</strong></span> <span class='ocrx_word' id='word_1_65' title='bbox 1545 839 1707 895; x_wconf 89' lang='lat' dir='ltr'><strong>verba</strong></span> <span class='ocrx_word' id='word_1_66' title='bbox 1735 841 1889 910; x_wconf 92' lang='lat' dir='ltr'><strong>jacu-</strong></span> 
     </span>
    </p>
   </div>
   <div class='ocr_carea' id='block_1_10' title="bbox 294 923 1890 1000">
    <p class='ocr_par' dir='ltr' id='par_1_10' title="bbox 294 923 1890 1000">
     <span class='ocr_line' id='line_1_10' title="bbox 294 923 1890 1000; baseline 0.003 -21"><span class='ocrx_word' id='word_1_67' title='bbox 294 923 503 980; x_wconf 84' lang='lat' dir='ltr'><strong>lantur.</strong></span> <span class='ocrx_word' id='word_1_68' title='bbox 548 926 606 981; x_wconf 90' lang='lat' dir='ltr'><strong>Si</strong></span> <span class='ocrx_word' id='word_1_69' title='bbox 650 925 870 994; x_wconf 82' lang='lat' dir='ltr'><strong>quidem</strong></span> <span class='ocrx_word' id='word_1_70' title='bbox 920 927 1172 982; x_wconf 70' lang='lat' dir='ltr'><strong>mdiﬁcati</strong></span> <span class='ocrx_word' id='word_1_71' title='bbox 1219 938 1374 997; x_wconf 88' lang='lat' dir='ltr'><strong>sunt,</strong></span> <span class='ocrx_word' id='word_1_72' title='bbox 1425 937 1476 986; x_wconf 91' lang='lat' dir='ltr'><strong>et</strong></span> <span class='ocrx_word' id='word_1_73' title='bbox 1510 939 1634 1000; x_wconf 86' lang='lat' dir='ltr'><strong>post</strong></span> <span class='ocrx_word' id='word_1_74' title='bbox 1679 931 1890 987; x_wconf 81' lang='lat' dir='ltr'><strong>scelera</strong></span> 
     </span>
    </p>
   </div>
   <div class='ocr_carea' id='block_1_11' title="bbox 295 1019 1887 1094">
    <p class='ocr_par' dir='ltr' id='par_1_11' title="bbox 295 1019 1887 1094">
     <span class='ocr_line' id='line_1_11' title="bbox 295 1019 1887 1094; baseline 0.004 -22"><span class='ocrx_word' id='word_1_75' title='bbox 295 1029 459 1088; x_wconf 85' lang='lat' dir='ltr'><strong>atque</strong></span> <span class='ocrx_word' id='word_1_76' title='bbox 490 1019 858 1090; x_wconf 75' lang='lat' dir='ltr'><strong>blasphemiae</strong></span> <span class='ocrx_word' id='word_1_77' title='bbox 899 1023 1176 1091; x_wconf 82' lang='lat' dir='ltr'><strong>prosperis</strong></span> <span class='ocrx_word' id='word_1_78' title='bbox 1205 1025 1462 1079; x_wconf 77' lang='lat' dir='ltr'><strong>erunibus</strong></span> <span class='ocrx_word' id='word_1_79' title='bbox 1509 1023 1887 1094; x_wconf 80' lang='lat' dir='ltr'><strong>perfruuntur.</strong></span> 
     </span>
    </p>
   </div>
   <div class='ocr_carea' id='block_1_12' title="bbox 293 1109 1890 1183">
    <p class='ocr_par' dir='ltr' id='par_1_12' title="bbox 293 1109 1890 1183">
     <span class='ocr_line' id='line_1_12' title="bbox 293 1109 1890 1183; baseline 0.004 -17"><span class='ocrx_word' id='word_1_80' title='bbox 293 1109 668 1168; x_wconf 85' lang='lat' dir='ltr'><strong>Teutaverunt</strong></span> <span class='ocrx_word' id='word_1_81' title='bbox 699 1114 891 1179; x_wconf 87' lang='lat' dir='ltr'><strong>Deum,</strong></span> <span class='ocrx_word' id='word_1_82' title='bbox 948 1115 1063 1170; x_wconf 91' lang='lat' dir='ltr'><strong>sive</strong></span> <span class='ocrx_word' id='word_1_83' title='bbox 1101 1117 1426 1172; x_wconf 78' lang='lat' dir='ltr'><strong>restiterunt</strong></span> <span class='ocrx_word' id='word_1_84' title='bbox 1467 1118 1600 1183; x_wconf 89' lang='lat' dir='ltr'><strong>Deo,</strong></span> <span class='ocrx_word' id='word_1_85' title='bbox 1647 1128 1707 1178; x_wconf 85' lang='lat' dir='ltr'><strong>et</strong></span> <span class='ocrx_word' id='word_1_86' title='bbox 1754 1119 1890 1174; x_wconf 87' lang='lat' dir='ltr'><strong>salvi</strong></span> 
     </span>
    </p>
   </div>
   <div class='ocr_carea' id='block_1_13' title="bbox 292 1204 1891 1282">
    <p class='ocr_par' dir='ltr' id='par_1_13' title="bbox 292 1204 1891 1282">
     <span class='ocr_line' id='line_1_13' title="bbox 292 1204 1891 1282; baseline 0.005 -22"><span class='ocrx_word' id='word_1_87' title='bbox 292 1204 421 1262; x_wconf 80' lang='lat' dir='ltr'><strong>facti</strong></span> <span class='ocrx_word' id='word_1_88' title='bbox 447 1216 593 1262; x_wconf 86' lang='lat' dir='ltr'><strong>sunt.</strong></span> <span class='ocrx_word' id='word_1_89' title='bbox 625 1207 892 1274; x_wconf 87' lang='lat' dir='ltr'><strong>Salutem,</strong></span> <span class='ocrx_word' id='word_1_90' title='bbox 917 1208 1233 1266; x_wconf 78' lang='lat' dir='ltr'><strong>felicitatem</strong></span> <span class='ocrx_word' id='word_1_91' title='bbox 1266 1213 1553 1282; x_wconf 68' lang='lat' dir='ltr'><strong>praesentis</strong></span> <span class='ocrx_word' id='word_1_92' title='bbox 1580 1211 1764 1267; x_wconf 71' lang='lat' dir='ltr'><strong>saeculi</strong></span> <span class='ocrx_word' id='word_1_93' title='bbox 1796 1228 1891 1282; x_wconf 88' lang='lat' dir='ltr'><strong>pu-</strong></span> 
     </span>
    </p>
   </div>
   <div class='ocr_carea' id='block_1_14' title="bbox 295 1302 1892 1375">
    <p class='ocr_par' dir='ltr' id='par_1_14' title="bbox 295 1302 1892 1375">
     <span class='ocr_line' id='line_1_14' title="bbox 295 1302 1892 1375; baseline 0.003 -17"><span class='ocrx_word' id='word_1_94' title='bbox 295 1310 533 1360; x_wconf 87' lang='lat' dir='ltr'><strong>tsnt:et</strong></span> <span class='ocrx_word' id='word_1_95' title='bbox 564 1302 767 1358; x_wconf 90' lang='lat' dir='ltr'><strong>idcirco</strong></span> <span class='ocrx_word' id='word_1_96' title='bbox 812 1303 1162 1375; x_wconf 88' lang='lat' dir='ltr'><strong>decipiuntur</strong></span> <span class='ocrx_word' id='word_1_97' title='bbox 1187 1307 1491 1362; x_wconf 84' lang='lat' dir='ltr'><strong>erroribus.</strong></span> <span class='ocrx_word' id='word_1_98' title='bbox 1543 1307 1668 1362; x_wconf 70' lang='lat' dir='ltr'><strong>Haec</strong></span> <span class='ocrx_word' id='word_1_99' title='bbox 1716 1316 1772 1362; x_wconf 88' lang='lat' dir='ltr'><strong>et</strong></span> <span class='ocrx_word' id='word_1_100' title='bbox 1823 1307 1892 1362; x_wconf 90' lang='lat' dir='ltr'><strong>de</strong></span> 
     </span>
    </p>
   </div>
   <div class='ocr_carea' id='block_1_15' title="bbox 295 1396 1890 1471">
    <p class='ocr_par' dir='ltr' id='par_1_15' title="bbox 295 1396 1890 1471">
     <span class='ocr_line' id='line_1_15' title="bbox 295 1396 1890 1471; baseline 0.001 -17"><span class='ocrx_word' id='word_1_101' title='bbox 295 1396 573 1454; x_wconf 78' lang='lat' dir='ltr'><strong>haereticis</strong></span> <span class='ocrx_word' id='word_1_102' title='bbox 613 1397 892 1454; x_wconf 81' lang='lat' dir='ltr'><strong>Marciane</strong></span> <span class='ocrx_word' id='word_1_103' title='bbox 940 1407 998 1453; x_wconf 89' lang='lat' dir='ltr'><strong>et</strong></span> <span class='ocrx_word' id='word_1_104' title='bbox 1029 1397 1343 1468; x_wconf 83' lang='lat' dir='ltr'><strong>Valentino,</strong></span> <span class='ocrx_word' id='word_1_105' title='bbox 1408 1409 1465 1456; x_wconf 89' lang='lat' dir='ltr'><strong>et</strong></span> <span class='ocrx_word' id='word_1_106' title='bbox 1501 1401 1744 1466; x_wconf 67' lang='lat' dir='ltr'><strong>caeteris,</strong></span> <span class='ocrx_word' id='word_1_107' title='bbox 1798 1400 1890 1471; x_wconf 89' lang='lat' dir='ltr'><strong>qui</strong></span> 
     </span>
    </p>
   </div>
   <div class='ocr_carea' id='block_1_16' title="bbox 294 1493 1892 1564">
    <p class='ocr_par' dir='ltr' id='par_1_16' title="bbox 294 1493 1892 1564">
     <span class='ocr_line' id='line_1_16' title="bbox 294 1493 1892 1564; baseline 0.001 -16"><span class='ocrx_word' id='word_1_108' title='bbox 294 1502 452 1548; x_wconf 80' lang='lat' dir='ltr'><strong>vetus</strong></span> <span class='ocrx_word' id='word_1_109' title='bbox 485 1509 596 1550; x_wconf 90' lang='lat' dir='ltr'><strong>non</strong></span> <span class='ocrx_word' id='word_1_110' title='bbox 639 1493 913 1564; x_wconf 86' lang='lat' dir='ltr'><strong>recipiunt</strong></span> <span class='ocrx_word' id='word_1_111' title='bbox 942 1493 1374 1560; x_wconf 88' lang='lat' dir='ltr'><strong>Testamentum,</strong></span> <span class='ocrx_word' id='word_1_112' title='bbox 1409 1507 1463 1552; x_wconf 87' lang='lat' dir='ltr'><strong>et</strong></span> <span class='ocrx_word' id='word_1_113' title='bbox 1504 1507 1690 1552; x_wconf 86' lang='lat' dir='ltr'><strong>contra</strong></span> <span class='ocrx_word' id='word_1_114' title='bbox 1727 1497 1892 1551; x_wconf 82' lang='lat' dir='ltr'><strong>Crea-</strong></span> 
     </span>
    </p>
   </div>
   <div class='ocr_carea' id='block_1_17' title="bbox 297 1587 1893 1660">
    <p class='ocr_par' dir='ltr' id='par_1_17' title="bbox 297 1587 1893 1660">
     <span class='ocr_line' id='line_1_17' title="bbox 297 1587 1893 1660; baseline 0.001 -19"><span class='ocrx_word' id='word_1_115' title='bbox 297 1594 472 1642; x_wconf 80' lang='lat' dir='ltr'><strong>torem</strong></span> <span class='ocrx_word' id='word_1_116' title='bbox 504 1587 690 1642; x_wconf 89' lang='lat' dir='ltr'><strong>mundi</strong></span> <span class='ocrx_word' id='word_1_117' title='bbox 717 1588 1036 1659; x_wconf 88' lang='lat' dir='ltr'><strong>loquuntur,</strong></span> <span class='ocrx_word' id='word_1_118' title='bbox 1071 1589 1379 1660; x_wconf 77' lang='lat' dir='ltr'><strong>intelligere</strong></span> <span class='ocrx_word' id='word_1_119' title='bbox 1405 1605 1718 1660; x_wconf 85' lang='lat' dir='ltr'><strong>possumus,</strong></span> <span class='ocrx_word' id='word_1_120' title='bbox 1748 1589 1893 1660; x_wconf 91' lang='lat' dir='ltr'><strong>quod</strong></span> 
     </span>
    </p>
   </div>
   <div class='ocr_carea' id='block_1_18' title="bbox 295 1678 1895 1750">
    <p class='ocr_par' dir='ltr' id='par_1_18' title="bbox 295 1678 1895 1750">
     <span class='ocr_line' id='line_1_18' title="bbox 295 1678 1895 1750; baseline 0.001 -15"><span class='ocrx_word' id='word_1_121' title='bbox 295 1678 586 1750; x_wconf 76' lang='lat' dir='ltr'><strong>proficiant</strong></span> <span class='ocrx_word' id='word_1_122' title='bbox 610 1681 662 1735; x_wconf 89' lang='lat' dir='ltr'><strong>in</strong></span> <span class='ocrx_word' id='word_1_123' title='bbox 697 1681 978 1750; x_wconf 89' lang='lat' dir='ltr'><strong>impietate</strong></span> <span class='ocrx_word' id='word_1_124' title='bbox 1009 1697 1131 1746; x_wconf 88' lang='lat' dir='ltr'><strong>sua,</strong></span> <span class='ocrx_word' id='word_1_125' title='bbox 1153 1692 1208 1738; x_wconf 91' lang='lat' dir='ltr'><strong>et</strong></span> <span class='ocrx_word' id='word_1_126' title='bbox 1235 1684 1438 1738; x_wconf 89' lang='lat' dir='ltr'><strong>multos</strong></span> <span class='ocrx_word' id='word_1_127' title='bbox 1469 1683 1694 1739; x_wconf 83' lang='lat' dir='ltr'><strong>sceleris</strong></span> <span class='ocrx_word' id='word_1_128' title='bbox 1717 1682 1895 1737; x_wconf 73' lang='lat' dir='ltr'><strong>socius</strong></span> 
     </span>
    </p>
   </div>
   <div class='ocr_carea' id='block_1_19' title="bbox 1985 463 3586 537">
    <p class='ocr_par' dir='ltr' id='par_1_19' title="bbox 1985 463 3586 537">
     <span class='ocr_line' id='line_1_19' title="bbox 1985 463 3586 537; baseline -0.001 -18"><span class='ocrx_word' id='word_1_129' title='bbox 1985 466 2120 520; x_wconf 97' lang='lat' dir='ltr'><strong>sicut</strong></span> <span class='ocrx_word' id='word_1_130' title='bbox 2145 465 2284 536; x_wconf 86' lang='lat' dir='ltr'><strong>eligit</strong></span> <span class='ocrx_word' id='word_1_131' title='bbox 2311 466 2466 520; x_wconf 81' lang='lat' dir='ltr'><strong>homo</strong></span> <span class='ocrx_word' id='word_1_132' title='bbox 2513 467 2681 536; x_wconf 79' lang='lat' dir='ltr'><strong>ﬁlium</strong></span> <span class='ocrx_word' id='word_1_133' title='bbox 2727 482 2879 521; x_wconf 85' lang='lat' dir='ltr'><strong>suum</strong></span> <span class='ocrx_word' id='word_1_134' title='bbox 2905 466 2992 537; x_wconf 92' lang='lat' dir='ltr'><strong>qui</strong></span> <span class='ocrx_word' id='word_1_135' title='bbox 3015 463 3169 520; x_wconf 82' lang='lat' dir='ltr'><strong>servit</strong></span> <span class='ocrx_word' id='word_1_136' title='bbox 3196 464 3242 518; x_wconf 83' lang='lat' dir='ltr'><strong>ei</strong></span> <span class='ocrx_word' id='word_1_137' title='bbox 3279 476 3370 518; x_wconf 88' lang='lat' dir='ltr'><strong>:et</strong></span> <span class='ocrx_word' id='word_1_138' title='bbox 3404 471 3432 509; x_wconf 79' lang='lat' dir='ltr'><strong>h</strong></span> <span class='ocrx_word' id='word_1_139' title='bbox 3461 480 3586 518; x_wconf 87' lang='lat' dir='ltr'><strong>con-</strong></span> 
     </span>
    </p>
   </div>
   <div class='ocr_carea' id='block_1_20' title="bbox 1987 558 3580 632">
    <p class='ocr_par' dir='ltr' id='par_1_20' title="bbox 1987 558 3580 632">
     <span class='ocr_line' id='line_1_20' title="bbox 1987 558 3580 632; baseline -0.001 -20"><span class='ocrx_word' id='word_1_140' title='bbox 1987 559 2328 628; x_wconf 60' lang='lat' dir='ltr'><strong>vertimini,“</strong></span> <span class='ocrx_word' id='word_1_141' title='bbox 2357 558 2583 614; x_wconf 81' lang='lat' dir='ltr'><strong>videbitis</strong></span> <span class='ocrx_word' id='word_1_142' title='bbox 2604 559 2734 631; x_wconf 85' lang='lat' dir='ltr'><strong>quid</strong></span> <span class='ocrx_word' id='word_1_143' title='bbox 2761 561 2830 614; x_wconf 85' lang='lat' dir='ltr'><strong>sit</strong></span> <span class='ocrx_word' id='word_1_144' title='bbox 2855 561 2986 614; x_wconf 85' lang='lat' dir='ltr'><strong>inter</strong></span> <span class='ocrx_word' id='word_1_145' title='bbox 3005 562 3232 632; x_wconf 83' lang='lat' dir='ltr'><strong>justum,</strong></span> <span class='ocrx_word' id='word_1_146' title='bbox 3251 567 3297 611; x_wconf 86' lang='lat' dir='ltr'><strong>et</strong></span> <span class='ocrx_word' id='word_1_147' title='bbox 3320 558 3580 628; x_wconf 87' lang='lat' dir='ltr'><strong>iniquum,</strong></span> 
     </span>
    </p>
   </div>
   <div class='ocr_carea' id='block_1_21' title="bbox 1987 652 3588 724">
    <p class='ocr_par' dir='ltr' id='par_1_21' title="bbox 1987 652 3588 724">
     <span class='ocr_line' id='line_1_21' title="bbox 1987 652 3588 724; baseline -0.001 -17"><span class='ocrx_word' id='word_1_148' title='bbox 1987 663 2038 707; x_wconf 83' lang='lat' dir='ltr'><strong>et</strong></span> <span class='ocrx_word' id='word_1_149' title='bbox 2063 653 2200 708; x_wconf 88' lang='lat' dir='ltr'><strong>inter</strong></span> <span class='ocrx_word' id='word_1_150' title='bbox 2217 655 2520 709; x_wconf 88' lang='lat' dir='ltr'><strong>servientem</strong></span> <span class='ocrx_word' id='word_1_151' title='bbox 2540 652 2654 710; x_wconf 89' lang='lat' dir='ltr'><strong>Deo</strong></span> <span class='ocrx_word' id='word_1_152' title='bbox 2677 695 2691 721; x_wconf 86' lang='lat'><strong>,</strong></span> <span class='ocrx_word' id='word_1_153' title='bbox 2720 663 2904 710; x_wconf 77' lang='lat' dir='ltr'><strong>etcum</strong></span> <span class='ocrx_word' id='word_1_154' title='bbox 2933 653 3020 724; x_wconf 89' lang='lat' dir='ltr'><strong>qui</strong></span> <span class='ocrx_word' id='word_1_155' title='bbox 3045 669 3148 708; x_wconf 87' lang='lat' dir='ltr'><strong>non</strong></span> <span class='ocrx_word' id='word_1_156' title='bbox 3178 653 3329 708; x_wconf 84' lang='lat' dir='ltr'><strong>servit</strong></span> <span class='ocrx_word' id='word_1_157' title='bbox 3361 653 3429 707; x_wconf 88' lang='lat' dir='ltr'><strong>ei.</strong></span> <span class='ocrx_word' id='word_1_158' title='bbox 3460 652 3588 707; x_wconf 64' lang='lat' dir='ltr'><strong>llaec</strong></span> 
     </span>
    </p>
   </div>
   <div class='ocr_carea' id='block_1_22' title="bbox 1986 744 3588 817">
    <p class='ocr_par' dir='ltr' id='par_1_22' title="bbox 1986 744 3588 817">
     <span class='ocr_line' id='line_1_22' title="bbox 1986 744 3588 817; baseline 0 -18"><span class='ocrx_word' id='word_1_159' title='bbox 1986 744 2151 814; x_wconf 86' lang='lat' dir='ltr'><strong>justis</strong></span> <span class='ocrx_word' id='word_1_160' title='bbox 2204 745 2590 816; x_wconf 81' lang='lat' dir='ltr'><strong>loquentibus,</strong></span> <span class='ocrx_word' id='word_1_161' title='bbox 2645 757 2702 802; x_wconf 88' lang='lat' dir='ltr'><strong>et</strong></span> <span class='ocrx_word' id='word_1_162' title='bbox 2756 747 3073 802; x_wconf 85' lang='lat' dir='ltr'><strong>timentibus</strong></span> <span class='ocrx_word' id='word_1_163' title='bbox 3098 746 3305 814; x_wconf 91' lang='lat' dir='ltr'><strong>Deum,</strong></span> <span class='ocrx_word' id='word_1_164' title='bbox 3359 745 3588 817; x_wconf 78' lang='lat' dir='ltr'><strong>singulis</strong></span> 
     </span>
    </p>
   </div>
   <div class='ocr_carea' id='block_1_23' title="bbox 1989 838 3590 909">
    <p class='ocr_par' dir='ltr' id='par_1_23' title="bbox 1989 838 3590 909">
     <span class='ocr_line' id='line_1_23' title="bbox 1989 838 3590 909; baseline 0 -17"><span class='ocrx_word' id='word_1_165' title='bbox 1989 851 2112 892; x_wconf 90' lang='lat' dir='ltr'><strong>cum</strong></span> <span class='ocrx_word' id='word_1_166' title='bbox 2146 839 2395 907; x_wconf 75' lang='lat' dir='ltr'><strong>proximo</strong></span> <span class='ocrx_word' id='word_1_167' title='bbox 2427 854 2528 893; x_wconf 89' lang='lat' dir='ltr'><strong>suo</strong></span> <span class='ocrx_word' id='word_1_168' title='bbox 2550 880 2565 905; x_wconf 92' lang='lat'><strong>,</strong></span> <span class='ocrx_word' id='word_1_169' title='bbox 2606 838 2696 909; x_wconf 91' lang='lat' dir='ltr'><strong>qui</strong></span> <span class='ocrx_word' id='word_1_170' title='bbox 2729 839 2893 896; x_wconf 87' lang='lat' dir='ltr'><strong>verba</strong></span> <span class='ocrx_word' id='word_1_171' title='bbox 2925 839 3314 909; x_wconf 63' lang='lat' dir='ltr'><strong>blasphemiae,</strong></span> <span class='ocrx_word' id='word_1_172' title='bbox 3351 853 3452 894; x_wconf 91' lang='lat' dir='ltr'><strong>nec</strong></span> <span class='ocrx_word' id='word_1_173' title='bbox 3495 854 3590 893; x_wconf 86' lang='lat' dir='ltr'><strong>au-</strong></span> 
     </span>
    </p>
   </div>
   <div class='ocr_carea' id='block_1_24' title="bbox 1990 929 3594 1002">
    <p class='ocr_par' dir='ltr' id='par_1_24' title="bbox 1990 929 3594 1002">
     <span class='ocr_line' id='line_1_24' title="bbox 1990 929 3594 1002; baseline 0.001 -18"><span class='ocrx_word' id='word_1_174' title='bbox 1990 929 2110 986; x_wconf 87' lang='lat' dir='ltr'><strong>dire</strong></span> <span class='ocrx_word' id='word_1_175' title='bbox 2136 931 2358 986; x_wconf 88' lang='lat' dir='ltr'><strong>voluere</strong></span> <span class='ocrx_word' id='word_1_176' title='bbox 2385 931 2552 1002; x_wconf 68' lang='lat'><strong>982</strong></span> <span class='ocrx_word' id='word_1_177' title='bbox 2582 946 2680 986; x_wconf 87' lang='lat' dir='ltr'><strong>nec</strong></span> <span class='ocrx_word' id='word_1_178' title='bbox 2711 931 2896 987; x_wconf 87' lang='lat' dir='ltr'><strong>dicere</strong></span> <span class='ocrx_word' id='word_1_179' title='bbox 2916 975 2930 1002; x_wconf 94' lang='lat'><strong>,</strong></span> <span class='ocrx_word' id='word_1_180' title='bbox 2989 931 3221 986; x_wconf 88' lang='lat' dir='ltr'><strong>attendit</strong></span> <span class='ocrx_word' id='word_1_181' title='bbox 3247 931 3510 986; x_wconf 91' lang='lat' dir='ltr'><strong>Dominus</strong></span> <span class='ocrx_word' id='word_1_182' title='bbox 3535 938 3594 986; x_wconf 90' lang='lat' dir='ltr'><strong>et</strong></span> 
     </span>
    </p>
   </div>
   <div class='ocr_carea' id='block_1_25' title="bbox 1990 1024 3583 1096">
    <p class='ocr_par' dir='ltr' id='par_1_25' title="bbox 1990 1024 3583 1096">
     <span class='ocr_line' id='line_1_25' title="bbox 1990 1024 3583 1096; baseline 0.001 -17"><span class='ocrx_word' id='word_1_183' title='bbox 1990 1024 2232 1093; x_wconf 76' lang='lat' dir='ltr'><strong>audivit,</strong></span> <span class='ocrx_word' id='word_1_184' title='bbox 2261 1033 2312 1081; x_wconf 88' lang='lat' dir='ltr'><strong>et</strong></span> <span class='ocrx_word' id='word_1_185' title='bbox 2343 1025 2582 1096; x_wconf 88' lang='lat' dir='ltr'><strong>scriptus</strong></span> <span class='ocrx_word' id='word_1_186' title='bbox 2613 1025 2862 1081; x_wconf 86' lang='lat' dir='ltr'><strong>estliber</strong></span> <span class='ocrx_word' id='word_1_187' title='bbox 2897 1027 3236 1081; x_wconf 88' lang='lat' dir='ltr'><strong>monumenti</strong></span> <span class='ocrx_word' id='word_1_188' title='bbox 3266 1040 3449 1081; x_wconf 89' lang='lat' dir='ltr'><strong>coram</strong></span> <span class='ocrx_word' id='word_1_189' title='bbox 3473 1039 3541 1080; x_wconf 88' lang='lat' dir='ltr'><strong>eo</strong></span> <span class='ocrx_word' id='word_1_190' title='bbox 3567 1065 3583 1093; x_wconf 88' lang='lat'><strong>,</strong></span> 
     </span>
    </p>
   </div>
   <div class='ocr_carea' id='block_1_26' title="bbox 1995 1117 3587 1189">
    <p class='ocr_par' dir='ltr' id='par_1_26' title="bbox 1995 1117 3587 1189">
     <span class='ocr_line' id='line_1_26' title="bbox 1995 1117 3587 1189; baseline -0.002 -17"><span class='ocrx_word' id='word_1_191' title='bbox 1995 1118 2357 1184; x_wconf 80' lang='lat' dir='ltr'><strong>timentibus,</strong></span> <span class='ocrx_word' id='word_1_192' title='bbox 2409 1128 2465 1172; x_wconf 92' lang='lat' dir='ltr'><strong>et</strong></span> <span class='ocrx_word' id='word_1_193' title='bbox 2509 1117 2878 1189; x_wconf 78' lang='lat' dir='ltr'><strong>cogitantibus</strong></span> <span class='ocrx_word' id='word_1_194' title='bbox 2911 1133 3111 1174; x_wconf 88' lang='lat' dir='ltr'><strong>nomen</strong></span> <span class='ocrx_word' id='word_1_195' title='bbox 3154 1117 3316 1188; x_wconf 85' lang='lat' dir='ltr'><strong>ejus:</strong></span> <span class='ocrx_word' id='word_1_196' title='bbox 3348 1127 3406 1172; x_wconf 93' lang='lat' dir='ltr'><strong>ut</strong></span> <span class='ocrx_word' id='word_1_197' title='bbox 3464 1131 3587 1171; x_wconf 91' lang='lat' dir='ltr'><strong>cum</strong></span> 
     </span>
    </p>
   </div>
   <div class='ocr_carea' id='block_1_27' title="bbox 1992 1209 3590 1281">
    <p class='ocr_par' dir='ltr' id='par_1_27' title="bbox 1992 1209 3590 1281">
     <span class='ocr_line' id='line_1_27' title="bbox 1992 1209 3590 1281; baseline 0.001 -16"><span class='ocrx_word' id='word_1_198' title='bbox 1992 1209 2110 1265; x_wconf 87' lang='lat' dir='ltr'><strong>dies</strong></span> <span class='ocrx_word' id='word_1_199' title='bbox 2143 1209 2336 1280; x_wconf 87' lang='lat' dir='ltr'><strong>judicii</strong></span> <span class='ocrx_word' id='word_1_200' title='bbox 2365 1211 2577 1266; x_wconf 81' lang='lat' dir='ltr'><strong>venerit</strong></span> <span class='ocrx_word' id='word_1_201' title='bbox 2602 1251 2614 1275; x_wconf 93' lang='lat'><strong>,</strong></span> <span class='ocrx_word' id='word_1_202' title='bbox 2647 1210 2918 1266; x_wconf 88' lang='lat' dir='ltr'><strong>reddatet</strong></span> <span class='ocrx_word' id='word_1_203' title='bbox 2941 1211 3453 1281; x_wconf 82' lang='lat' dir='ltr'><strong>blasphemantibus</strong></span> <span class='ocrx_word' id='word_1_204' title='bbox 3477 1223 3590 1281; x_wconf 74' lang='lat' dir='ltr'><strong>pm-</strong></span> 
     </span>
    </p>
   </div>
   <div class='ocr_carea' id='block_1_28' title="bbox 1997 1304 3589 1376">
    <p class='ocr_par' dir='ltr' id='par_1_28' title="bbox 1997 1304 3589 1376">
     <span class='ocr_line' id='line_1_28' title="bbox 1997 1304 3589 1376; baseline -0.001 -16"><span class='ocrx_word' id='word_1_205' title='bbox 1997 1321 2123 1372; x_wconf 78' lang='lat' dir='ltr'><strong>nas,</strong></span> <span class='ocrx_word' id='word_1_206' title='bbox 2151 1311 2207 1360; x_wconf 88' lang='lat' dir='ltr'><strong>et</strong></span> <span class='ocrx_word' id='word_1_207' title='bbox 2226 1304 2546 1362; x_wconf 84' lang='lat' dir='ltr'><strong>timentibus</strong></span> <span class='ocrx_word' id='word_1_208' title='bbox 2568 1306 2809 1375; x_wconf 66' lang='lat' dir='ltr'><strong>praemia.</strong></span> <span class='ocrx_word' id='word_1_209' title='bbox 2834 1305 2998 1360; x_wconf 89' lang='lat' dir='ltr'><strong>Liber</strong></span> <span class='ocrx_word' id='word_1_210' title='bbox 3019 1315 3199 1361; x_wconf 86' lang='lat' dir='ltr'><strong>autem</strong></span> <span class='ocrx_word' id='word_1_211' title='bbox 3224 1307 3462 1376; x_wconf 91' lang='lat' dir='ltr'><strong>scriptus</strong></span> <span class='ocrx_word' id='word_1_212' title='bbox 3485 1314 3589 1371; x_wconf 91' lang='lat' dir='ltr'><strong>est,</strong></span> 
     </span>
    </p>
   </div>
   <div class='ocr_carea' id='block_1_29' title="bbox 1995 1397 3595 1472">
    <p class='ocr_par' dir='ltr' id='par_1_29' title="bbox 1995 1397 3595 1472">
     <span class='ocr_line' id='line_1_29' title="bbox 1995 1397 3595 1472; baseline 0 -18"><span class='ocrx_word' id='word_1_213' title='bbox 1995 1399 2063 1454; x_wconf 91' lang='lat' dir='ltr'><strong>de</strong></span> <span class='ocrx_word' id='word_1_214' title='bbox 2088 1412 2196 1468; x_wconf 88' lang='lat' dir='ltr'><strong>quo</strong></span> <span class='ocrx_word' id='word_1_215' title='bbox 2223 1397 2276 1452; x_wconf 90' lang='lat' dir='ltr'><strong>iu</strong></span> <span class='ocrx_word' id='word_1_216' title='bbox 2306 1398 2531 1454; x_wconf 86' lang='lat' dir='ltr'><strong>Dauiole</strong></span> <span class='ocrx_word' id='word_1_217' title='bbox 2563 1399 2798 1470; x_wconf 75' lang='lat' dir='ltr'><strong>legimus</strong></span> <span class='ocrx_word' id='word_1_218' title='bbox 2831 1417 2844 1454; x_wconf 90' lang='lat'><strong>:</strong></span> <span class='ocrx_word' id='word_1_219' title='bbox 2877 1399 3078 1455; x_wconf 81' lang='lat' dir='ltr'><strong>Throni</strong></span> <span class='ocrx_word' id='word_1_220' title='bbox 3126 1400 3282 1472; x_wconf 81' lang='lat' dir='ltr'><strong>positi</strong></span> <span class='ocrx_word' id='word_1_221' title='bbox 3327 1409 3448 1454; x_wconf 87' lang='lat' dir='ltr'><strong>sunt</strong></span> <span class='ocrx_word' id='word_1_222' title='bbox 3475 1442 3487 1465; x_wconf 92' lang='lat'><strong>,</strong></span> <span class='ocrx_word' id='word_1_223' title='bbox 3547 1409 3595 1454; x_wconf 87' lang='lat' dir='ltr'><strong>et</strong></span> 
     </span>
    </p>
   </div>
   <div class='ocr_carea' id='block_1_30' title="bbox 1995 1491 3593 1566">
    <p class='ocr_par' dir='ltr' id='par_1_30' title="bbox 1995 1491 3593 1566">
     <span class='ocr_line' id='line_1_30' title="bbox 1995 1491 3593 1566; baseline 0.001 -20"><span class='ocrx_word' id='word_1_224' title='bbox 1995 1491 2114 1546; x_wconf 86' lang='lat' dir='ltr'><strong>libri</strong></span> <span class='ocrx_word' id='word_1_225' title='bbox 2165 1493 2333 1563; x_wconf 80' lang='lat' dir='ltr'><strong>aperti</strong></span> <span class='ocrx_word' id='word_1_226' title='bbox 2379 1505 2498 1547; x_wconf 87' lang='lat' dir='ltr'><strong>sunt</strong></span> <span class='ocrx_word' id='word_1_227' title='bbox 2523 1493 2540 1565; x_wconf 89' lang='lat'>(</span> <span class='ocrx_word' id='word_1_228' title='bbox 2566 1492 2704 1547; x_wconf 88' lang='lat' dir='ltr'><strong>Dan.</strong></span> <span class='ocrx_word' id='word_1_229' title='bbox 2731 1509 2825 1560; x_wconf 84' lang='lat' dir='ltr'><strong>vn,</strong></span> <span class='ocrx_word' id='word_1_230' title='bbox 2861 1493 2982 1566; x_wconf 81' lang='grc'><strong>10).</strong></span> <span class='ocrx_word' id='word_1_231' title='bbox 3018 1494 3084 1548; x_wconf 87' lang='lat' dir='ltr'><strong>Et</strong></span> <span class='ocrx_word' id='word_1_232' title='bbox 3138 1501 3304 1550; x_wconf 83' lang='lat' dir='ltr'><strong>erunt</strong></span> <span class='ocrx_word' id='word_1_233' title='bbox 3358 1492 3593 1549; x_wconf 88' lang='lat' dir='ltr'><strong>Domino</strong></span> 
     </span>
    </p>
   </div>
   <div class='ocr_carea' id='block_1_31' title="bbox 1996 1585 3594 1656">
    <p class='ocr_par' dir='ltr' id='par_1_31' title="bbox 1996 1585 3594 1656">
     <span class='ocr_line' id='line_1_31' title="bbox 1996 1585 3594 1656; baseline -0.001 -15"><span class='ocrx_word' id='word_1_234' title='bbox 1996 1586 2332 1641; x_wconf 86' lang='lat' dir='ltr'><strong>exercituum</strong></span> <span class='ocrx_word' id='word_1_235' title='bbox 2359 1587 2408 1640; x_wconf 86' lang='lat' dir='ltr'><strong>in</strong></span> <span class='ocrx_word' id='word_1_236' title='bbox 2435 1587 2706 1654; x_wconf 84' lang='lat' dir='ltr'><strong>peculium</strong></span> <span class='ocrx_word' id='word_1_237' title='bbox 2737 1589 2998 1642; x_wconf 86' lang='lat' dir='ltr'><strong>timentes</strong></span> <span class='ocrx_word' id='word_1_238' title='bbox 3031 1586 3322 1644; x_wconf 84' lang='lat' dir='ltr'><strong>Dominum</strong></span> <span class='ocrx_word' id='word_1_239' title='bbox 3345 1632 3358 1656; x_wconf 94' lang='lat'><strong>,</strong></span> <span class='ocrx_word' id='word_1_240' title='bbox 3408 1587 3459 1640; x_wconf 89' lang='lat' dir='ltr'><strong>in</strong></span> <span class='ocrx_word' id='word_1_241' title='bbox 3505 1585 3594 1640; x_wconf 84' lang='lat' dir='ltr'><strong>die</strong></span> 
     </span>
    </p>
   </div>
   <div class='ocr_carea' id='block_1_32' title="bbox 1997 1679 3597 1751">
    <p class='ocr_par' dir='ltr' id='par_1_32' title="bbox 1997 1679 3597 1751">
     <span class='ocr_line' id='line_1_32' title="bbox 1997 1679 3597 1751; baseline 0.002 -20"><span class='ocrx_word' id='word_1_242' title='bbox 1997 1695 2101 1749; x_wconf 89' lang='lat' dir='ltr'><strong>qua</strong></span> <span class='ocrx_word' id='word_1_243' title='bbox 2128 1679 2316 1749; x_wconf 87' lang='lat' dir='ltr'><strong>judioii</strong></span> <span class='ocrx_word' id='word_1_244' title='bbox 2345 1689 2558 1750; x_wconf 80' lang='lat' dir='ltr'><strong>tempus</strong></span> <span class='ocrx_word' id='word_1_245' title='bbox 2586 1679 2891 1736; x_wconf 85' lang='lat' dir='ltr'><strong>advenerit.</strong></span> <span class='ocrx_word' id='word_1_246' title='bbox 2922 1681 3030 1734; x_wconf 85' lang='lat' dir='ltr'><strong>Pro</strong></span> <span class='ocrx_word' id='word_1_247' title='bbox 3061 1681 3262 1751; x_wconf 83' lang='lat' dir='ltr'><strong>peculio</strong></span> <span class='ocrx_word' id='word_1_248' title='bbox 3285 1681 3339 1735; x_wconf 89' lang='lat' dir='ltr'><strong>in</strong></span> <span class='ocrx_word' id='word_1_249' title='bbox 3369 1680 3597 1736; x_wconf 82' lang='lat' dir='ltr'><strong>llebra-o</strong></span> 
     </span>
    </p>
   </div>
   <div class='ocr_carea' id='block_1_33' title="bbox 297 1759 1914 1852">
    <p class='ocr_par' dir='ltr' id='par_1_33' title="bbox 297 1771 1888 1847">
     <span class='ocr_line' id='line_1_33' title="bbox 297 1771 1888 1847; baseline 0.003 -22"><span class='ocrx_word' id='word_1_250' title='bbox 297 1771 532 1830; x_wconf 85' lang='lat' dir='ltr'><strong>habeant</strong></span> <span class='ocrx_word' id='word_1_251' title='bbox 571 1790 584 1826; x_wconf 90' lang='lat'><strong>:</strong></span> <span class='ocrx_word' id='word_1_252' title='bbox 615 1781 642 1810; x_wconf 77' lang='grc' dir='ltr'>ι</span> <span class='ocrx_word' id='word_1_253' title='bbox 670 1773 738 1828; x_wconf 85' lang='lat' dir='ltr'><strong>ad</strong></span> <span class='ocrx_word' id='word_1_254' title='bbox 771 1787 908 1842; x_wconf 88' lang='lat' dir='ltr'><strong>quos</strong></span> <span class='ocrx_word' id='word_1_255' title='bbox 939 1774 1315 1842; x_wconf 85' lang='lat' dir='ltr'><strong>scandalizati,</strong></span> <span class='ocrx_word' id='word_1_256' title='bbox 1365 1777 1528 1847; x_wconf 61' lang='grc' dir='ltr'>ωι</span> <span class='ocrx_word' id='word_1_257' title='bbox 1559 1776 1650 1844; x_wconf 89' lang='lat' dir='ltr'><strong>qui</strong></span> <span class='ocrx_word' id='word_1_258' title='bbox 1693 1775 1746 1829; x_wconf 93' lang='lat' dir='ltr'><strong>in</strong></span> <span class='ocrx_word' id='word_1_259' title='bbox 1780 1775 1888 1829; x_wconf 80' lang='lat' dir='ltr'><strong>Ec—</strong></span> 
     </span>
    </p>
   </div>
   <div class='ocr_carea' id='block_1_34' title="bbox 2020 1759 3591 1852">
    <p class='ocr_par' dir='ltr' id='par_1_34' title="bbox 2020 1759 3591 1852">
     <span class='ocr_line' id='line_1_34' title="bbox 2020 1759 3591 1852; baseline -0.001 -22"><span class='ocrx_word' id='word_1_260' title='bbox 2020 1775 2194 1844; x_wconf 81' lang='lat' dir='ltr'><strong>egitur</strong></span> <span class='ocrx_word' id='word_1_261' title='bbox 2225 1787 2246 1812; x_wconf 74' lang='grc' dir='ltr'><em>ε</em></span> <span class='ocrx_word' id='word_1_262' title='bbox 2280 1789 2479 1832; x_wconf 66' lang='lat' dir='ltr'><strong>soccus</strong></span> <span class='ocrx_word' id='word_1_263' title='bbox 2513 1759 2753 1846; x_wconf 48' lang='lat' dir='ltr'><strong>(rimo)</strong></span> <span class='ocrx_word' id='word_1_264' title='bbox 2783 1817 2796 1840; x_wconf 94' lang='lat'><strong>,</strong></span> <span class='ocrx_word' id='word_1_265' title='bbox 2829 1775 2972 1845; x_wconf 88' lang='lat' dir='ltr'><strong>quod</strong></span> <span class='ocrx_word' id='word_1_266' title='bbox 3020 1775 3210 1845; x_wconf 79' lang='lat' dir='ltr'><strong>Aquila</strong></span> <span class='ocrx_word' id='word_1_267' title='bbox 3255 1776 3548 1852; x_wconf 74' lang='grc' dir='ltr'><strong>περιούσιον</strong></span> <span class='ocrx_word' id='word_1_268' title='bbox 3578 1816 3591 1841; x_wconf 88' lang='grc'><strong>,</strong></span> 
     </span>
    </p>
   </div>
   <div class='ocr_carea' id='block_1_35' title="bbox 297 1867 1890 1940">
    <p class='ocr_par' dir='ltr' id='par_1_35' title="bbox 297 1867 1890 1940">
     <span class='ocr_line' id='line_1_35' title="bbox 297 1867 1890 1940; baseline -0.002 -17"><span class='ocrx_word' id='word_1_269' title='bbox 297 1867 464 1923; x_wconf 87' lang='lat' dir='ltr'><strong>clesia</strong></span> <span class='ocrx_word' id='word_1_270' title='bbox 496 1875 875 1938; x_wconf 86' lang='lat' dir='ltr'><strong>perseverant,</strong></span> <span class='ocrx_word' id='word_1_271' title='bbox 900 1876 955 1924; x_wconf 88' lang='lat' dir='ltr'><strong>et</strong></span> <span class='ocrx_word' id='word_1_272' title='bbox 977 1869 1293 1940; x_wconf 81' lang='lat' dir='ltr'><strong>ignorantes</strong></span> <span class='ocrx_word' id='word_1_273' title='bbox 1322 1885 1516 1925; x_wconf 85' lang='lat' dir='ltr'><strong>causas</strong></span> <span class='ocrx_word' id='word_1_274' title='bbox 1551 1867 1739 1938; x_wconf 81' lang='lat' dir='ltr'><strong>judicii</strong></span> <span class='ocrx_word' id='word_1_275' title='bbox 1774 1867 1890 1936; x_wconf 84' lang='lat' dir='ltr'><strong>Dei,</strong></span> 
     </span>
    </p>
   </div>
   <div class='ocr_carea' id='block_1_36' title="bbox 298 1961 1138 2033">
    <p class='ocr_par' dir='ltr' id='par_1_36' title="bbox 298 1961 1138 2033">
     <span class='ocr_line' id='line_1_36' title="bbox 298 1961 1138 2033; baseline 0 -17"><span class='ocrx_word' id='word_1_276' title='bbox 298 1961 582 2033; x_wconf 81' lang='lat' dir='ltr'><strong>praphetae</strong></span> <span class='ocrx_word' id='word_1_277' title='bbox 613 1962 779 2017; x_wconf 87' lang='lat' dir='ltr'><strong>verba</strong></span> <span class='ocrx_word' id='word_1_278' title='bbox 818 1971 1138 2018; x_wconf 85' lang='lat' dir='ltr'><strong>contexunt.</strong></span> 
     </span>
    </p>
   </div>
   <div class='ocr_carea' id='block_1_37' title="bbox 371 2055 1891 2128">
    <p class='ocr_par' dir='ltr' id='par_1_37' title="bbox 371 2055 1891 2128">
     <span class='ocr_line' id='line_1_37' title="bbox 371 2055 1891 2128; baseline -0.001 -16"><span class='ocrx_word' id='word_1_279' title='bbox 371 2057 388 2125; x_wconf 94' lang='lat'><strong>(</strong></span> <span class='ocrx_word' id='word_1_280' title='bbox 415 2055 570 2112; x_wconf 86' lang='lat' dir='ltr'><strong>Vers.</strong></span> <span class='ocrx_word' id='word_1_281' title='bbox 603 2056 720 2125; x_wconf 76' lang='lat' dir='ltr'><strong>i6.)</strong></span> <span class='ocrx_word' id='word_1_282' title='bbox 753 2055 902 2110; x_wconf 87' lang='lat' dir='ltr'><strong>Tunc</strong></span> <span class='ocrx_word' id='word_1_283' title='bbox 930 2057 1088 2112; x_wconf 88' lang='lat' dir='ltr'><strong>locuti</strong></span> <span class='ocrx_word' id='word_1_284' title='bbox 1109 2067 1225 2111; x_wconf 83' lang='lat' dir='ltr'><strong>sunt</strong></span> <span class='ocrx_word' id='word_1_285' title='bbox 1246 2058 1478 2110; x_wconf 73' lang='lat' dir='ltr'><strong>timentes</strong></span> <span class='ocrx_word' id='word_1_286' title='bbox 1501 2055 1670 2111; x_wconf 82' lang='lat' dir='ltr'><strong>Deum</strong></span> <span class='ocrx_word' id='word_1_287' title='bbox 1691 2055 1711 2128; x_wconf 85' lang='lat'>[</span> <span class='ocrx_word' id='word_1_288' title='bbox 1733 2055 1891 2127; x_wconf 80' lang='lat' dir='ltr'><strong>Vulg.</strong></span> 
     </span>
    </p>
   </div>
   <div class='ocr_carea' id='block_1_38' title="bbox 300 2147 1895 2220">
    <p class='ocr_par' dir='ltr' id='par_1_38' title="bbox 300 2147 1895 2220">
     <span class='ocr_line' id='line_1_38' title="bbox 300 2147 1895 2220; baseline 0.001 -18"><span class='ocrx_word' id='word_1_289' title='bbox 300 2147 582 2203; x_wconf 81' lang='lat' dir='ltr'><strong>Demittunt</strong></span> <span class='ocrx_word' id='word_1_290' title='bbox 606 2147 622 2220; x_wconf 91' lang='lat'><strong>]</strong></span> <span class='ocrx_word' id='word_1_291' title='bbox 648 2189 662 2214; x_wconf 94' lang='lat'><strong>,</strong></span> <span class='ocrx_word' id='word_1_292' title='bbox 707 2149 1060 2218; x_wconf 76' lang='lat' dir='ltr'><strong>unusquisque</strong></span> <span class='ocrx_word' id='word_1_293' title='bbox 1102 2165 1220 2202; x_wconf 88' lang='lat' dir='ltr'><strong>cum</strong></span> <span class='ocrx_word' id='word_1_294' title='bbox 1259 2150 1498 2220; x_wconf 66' lang='lat' dir='ltr'><strong>promito</strong></span> <span class='ocrx_word' id='word_1_295' title='bbox 1533 2165 1650 2202; x_wconf 84' lang='lat' dir='ltr'><strong>suo.</strong></span> <span class='ocrx_word' id='word_1_296' title='bbox 1712 2147 1895 2204; x_wconf 75' lang='lat' dir='ltr'><strong>LXX:</strong></span> 
     </span>
    </p>
   </div>
   <div class='ocr_carea' id='block_1_39' title="bbox 301 2242 1899 2313">
    <p class='ocr_par' dir='ltr' id='par_1_39' title="bbox 301 2242 1899 2313">
     <span class='ocr_line' id='line_1_39' title="bbox 301 2242 1899 2313; baseline -0.001 -15"><span class='ocrx_word' id='word_1_297' title='bbox 301 2243 611 2299; x_wconf 76' lang='lat' dir='ltr'><strong>Hteclocuti</strong></span> <span class='ocrx_word' id='word_1_298' title='bbox 640 2251 801 2310; x_wconf 83' lang='lat' dir='ltr'><strong>sunt,</strong></span> <span class='ocrx_word' id='word_1_299' title='bbox 831 2243 918 2312; x_wconf 85' lang='lat' dir='ltr'><strong>qui</strong></span> <span class='ocrx_word' id='word_1_300' title='bbox 959 2243 1138 2296; x_wconf 84' lang='lat' dir='ltr'><strong>timent</strong></span> <span class='ocrx_word' id='word_1_301' title='bbox 1178 2242 1502 2311; x_wconf 84' lang='lat' dir='ltr'><strong>Dominum,</strong></span> <span class='ocrx_word' id='word_1_302' title='bbox 1550 2243 1899 2313; x_wconf 78' lang='lat' dir='ltr'><strong>unusquisque</strong></span> 
     </span>
    </p>
   </div>
   <div class='ocr_carea' id='block_1_40' title="bbox 299 2336 1898 2410">
    <p class='ocr_par' dir='ltr' id='par_1_40' title="bbox 299 2336 1898 2410">
     <span class='ocr_line' id='line_1_40' title="bbox 299 2336 1898 2410; baseline -0.002 -17"><span class='ocrx_word' id='word_1_303' title='bbox 299 2342 368 2394; x_wconf 84' lang='lat' dir='ltr'><strong>ad</strong></span> <span class='ocrx_word' id='word_1_304' title='bbox 401 2341 696 2410; x_wconf 74' lang='lat' dir='ltr'><strong>proximum</strong></span> <span class='ocrx_word' id='word_1_305' title='bbox 725 2354 899 2392; x_wconf 88' lang='lat' dir='ltr'><strong>suum.</strong></span> <span class='ocrx_word' id='word_1_306' title='bbox 949 2337 1112 2393; x_wconf 75' lang='lat' dir='ltr'><strong>Juxta</strong></span> <span class='ocrx_word' id='word_1_307' title='bbox 1149 2337 1406 2394; x_wconf 70' lang='lat' dir='ltr'><strong>Hebraeos</strong></span> <span class='ocrx_word' id='word_1_308' title='bbox 1460 2339 1530 2392; x_wconf 88' lang='lat' dir='ltr'><strong>ita</strong></span> <span class='ocrx_word' id='word_1_309' title='bbox 1588 2336 1898 2408; x_wconf 76' lang='lat' dir='ltr'><strong>intelligen-</strong></span> 
     </span>
    </p>
   </div>
   <div class='ocr_carea' id='block_1_41' title="bbox 300 2431 1898 2503">
    <p class='ocr_par' dir='ltr' id='par_1_41' title="bbox 300 2431 1898 2503">
     <span class='ocr_line' id='line_1_41' title="bbox 300 2431 1898 2503; baseline -0.004 -12"><span class='ocrx_word' id='word_1_310' title='bbox 300 2435 430 2491; x_wconf 88' lang='lat' dir='ltr'><strong>dum</strong></span> <span class='ocrx_word' id='word_1_311' title='bbox 455 2445 538 2490; x_wconf 86' lang='lat' dir='ltr'><strong>est</strong></span> <span class='ocrx_word' id='word_1_312' title='bbox 565 2450 578 2486; x_wconf 90' lang='lat'><strong>:</strong></span> <span class='ocrx_word' id='word_1_313' title='bbox 614 2434 724 2488; x_wconf 82' lang='lat' dir='ltr'><strong>illis</strong></span> <span class='ocrx_word' id='word_1_314' title='bbox 755 2433 822 2488; x_wconf 87' lang='lat' dir='ltr'><strong>de</strong></span> <span class='ocrx_word' id='word_1_315' title='bbox 854 2433 944 2488; x_wconf 90' lang='lat' dir='ltr'><strong>Dei</strong></span> <span class='ocrx_word' id='word_1_316' title='bbox 973 2433 1180 2502; x_wconf 89' lang='lat' dir='ltr'><strong>judicio</strong></span> <span class='ocrx_word' id='word_1_317' title='bbox 1211 2431 1721 2503; x_wconf 85' lang='lat' dir='ltr'><strong>blasphemantibus</strong></span> <span class='ocrx_word' id='word_1_318' title='bbox 1747 2475 1760 2499; x_wconf 91' lang='lat'><strong>,</strong></span> <span class='ocrx_word' id='word_1_319' title='bbox 1804 2431 1898 2501; x_wconf 90' lang='lat' dir='ltr'><strong>qui</strong></span> 
     </span>
    </p>
   </div>
   <div class='ocr_carea' id='block_1_42' title="bbox 303 2528 1900 2601">
    <p class='ocr_par' dir='ltr' id='par_1_42' title="bbox 303 2528 1900 2601">
     <span class='ocr_line' id='line_1_42' title="bbox 303 2528 1900 2601; baseline -0.003 -15"><span class='ocrx_word' id='word_1_320' title='bbox 303 2532 497 2586; x_wconf 87' lang='lat' dir='ltr'><strong>timent</strong></span> <span class='ocrx_word' id='word_1_321' title='bbox 526 2531 692 2585; x_wconf 88' lang='lat' dir='ltr'><strong>Deum</strong></span> <span class='ocrx_word' id='word_1_322' title='bbox 723 2529 792 2583; x_wconf 87' lang='lat' dir='ltr'><strong>ad</strong></span> <span class='ocrx_word' id='word_1_323' title='bbox 816 2528 1049 2584; x_wconf 78' lang='lat' dir='ltr'><strong>invicem</strong></span> <span class='ocrx_word' id='word_1_324' title='bbox 1081 2539 1207 2584; x_wconf 87' lang='lat' dir='ltr'><strong>sunt</strong></span> <span class='ocrx_word' id='word_1_325' title='bbox 1237 2529 1442 2598; x_wconf 81' lang='lat' dir='ltr'><strong>locuti,</strong></span> <span class='ocrx_word' id='word_1_326' title='bbox 1473 2531 1620 2601; x_wconf 84' lang='lat' dir='ltr'><strong>quod</strong></span> <span class='ocrx_word' id='word_1_327' title='bbox 1660 2531 1900 2586; x_wconf 87' lang='lat' dir='ltr'><strong>retribu—</strong></span> 
     </span>
    </p>
   </div>
   <div class='ocr_carea' id='block_1_43' title="bbox 305 2621 1902 2693">
    <p class='ocr_par' dir='ltr' id='par_1_43' title="bbox 305 2621 1902 2693">
     <span class='ocr_line' id='line_1_43' title="bbox 305 2621 1902 2693; baseline -0.002 -14"><span class='ocrx_word' id='word_1_328' title='bbox 305 2624 384 2679; x_wconf 88' lang='lat' dir='ltr'><strong>tio</strong></span> <span class='ocrx_word' id='word_1_329' title='bbox 410 2623 682 2677; x_wconf 89' lang='lat' dir='ltr'><strong>bonorum</strong></span> <span class='ocrx_word' id='word_1_330' title='bbox 713 2621 796 2676; x_wconf 85' lang='lat' dir='ltr'><strong>vel</strong></span> <span class='ocrx_word' id='word_1_331' title='bbox 851 2621 1144 2689; x_wconf 73' lang='lat' dir='ltr'><strong>malorum,</strong></span> <span class='ocrx_word' id='word_1_332' title='bbox 1207 2637 1315 2676; x_wconf 88' lang='lat' dir='ltr'><strong>non</strong></span> <span class='ocrx_word' id='word_1_333' title='bbox 1347 2621 1418 2676; x_wconf 84' lang='lat' dir='ltr'><strong>sit</strong></span> <span class='ocrx_word' id='word_1_334' title='bbox 1468 2623 1518 2676; x_wconf 92' lang='lat' dir='ltr'><strong>in</strong></span> <span class='ocrx_word' id='word_1_335' title='bbox 1562 2621 1902 2693; x_wconf 66' lang='lat' dir='ltr'><strong>praesentiet</strong></span> 
     </span>
    </p>
   </div>
   <div class='ocr_carea' id='block_1_44' title="bbox 303 2713 1898 2785">
    <p class='ocr_par' dir='ltr' id='par_1_44' title="bbox 303 2713 1898 2785">
     <span class='ocr_line' id='line_1_44' title="bbox 303 2713 1898 2785; baseline 0.001 -16"><span class='ocrx_word' id='word_1_336' title='bbox 303 2713 473 2770; x_wconf 73' lang='lat' dir='ltr'><strong>bI&#39;tBVi</strong></span> <span class='ocrx_word' id='word_1_337' title='bbox 506 2713 707 2768; x_wconf 77' lang='lat' dir='ltr'><strong>smculo</strong></span> <span class='ocrx_word' id='word_1_338' title='bbox 729 2751 743 2777; x_wconf 96' lang='lat'><strong>,</strong></span> <span class='ocrx_word' id='word_1_339' title='bbox 774 2713 870 2767; x_wconf 86' lang='lat' dir='ltr'><strong>sed</strong></span> <span class='ocrx_word' id='word_1_340' title='bbox 903 2713 956 2767; x_wconf 92' lang='lat' dir='ltr'><strong>in</strong></span> <span class='ocrx_word' id='word_1_341' title='bbox 989 2713 1170 2768; x_wconf 84' lang='lat' dir='ltr'><strong>loturo</strong></span> <span class='ocrx_word' id='word_1_342' title='bbox 1188 2721 1244 2768; x_wconf 85' lang='lat' dir='ltr'><strong>et</strong></span> <span class='ocrx_word' id='word_1_343' title='bbox 1267 2721 1510 2780; x_wconf 66' lang='lat' dir='ltr'><strong>interno;</strong></span> <span class='ocrx_word' id='word_1_344' title='bbox 1543 2725 1598 2768; x_wconf 90' lang='lat' dir='ltr'><strong>et</strong></span> <span class='ocrx_word' id='word_1_345' title='bbox 1624 2715 1766 2785; x_wconf 90' lang='lat' dir='ltr'><strong>quod</strong></span> <span class='ocrx_word' id='word_1_346' title='bbox 1799 2716 1898 2771; x_wconf 91' lang='lat' dir='ltr'><strong>ho-</strong></span> 
     </span>
    </p>
   </div>
   <div class='ocr_carea' id='block_1_45' title="bbox 307 2805 1902 2880">
    <p class='ocr_par' dir='ltr' id='par_1_45' title="bbox 307 2805 1902 2880">
     <span class='ocr_line' id='line_1_45' title="bbox 307 2805 1902 2880; baseline 0.001 -17"><span class='ocrx_word' id='word_1_347' title='bbox 307 2823 397 2863; x_wconf 92' lang='lat' dir='ltr'><strong>mo</strong></span> <span class='ocrx_word' id='word_1_348' title='bbox 420 2822 526 2862; x_wconf 87' lang='lat' dir='ltr'><strong>non</strong></span> <span class='ocrx_word' id='word_1_349' title='bbox 551 2807 726 2876; x_wconf 86' lang='lat' dir='ltr'><strong>possit</strong></span> <span class='ocrx_word' id='word_1_350' title='bbox 755 2806 849 2861; x_wconf 88' lang='lat' dir='ltr'><strong>Dei</strong></span> <span class='ocrx_word' id='word_1_351' title='bbox 879 2806 1022 2862; x_wconf 89' lang='lat' dir='ltr'><strong>scire</strong></span> <span class='ocrx_word' id='word_1_352' title='bbox 1049 2805 1248 2877; x_wconf 86' lang='lat' dir='ltr'><strong>judicia</strong></span> <span class='ocrx_word' id='word_1_353' title='bbox 1267 2847 1282 2874; x_wconf 91' lang='lat'><strong>,</strong></span> <span class='ocrx_word' id='word_1_354' title='bbox 1307 2816 1363 2861; x_wconf 87' lang='lat' dir='ltr'><strong>et</strong></span> <span class='ocrx_word' id='word_1_355' title='bbox 1391 2807 1460 2864; x_wconf 89' lang='lat' dir='ltr'><strong>de</strong></span> <span class='ocrx_word' id='word_1_356' title='bbox 1479 2809 1623 2864; x_wconf 89' lang='lat' dir='ltr'><strong>illius</strong></span> <span class='ocrx_word' id='word_1_357' title='bbox 1642 2810 1902 2880; x_wconf 65' lang='lat' dir='ltr'><strong>aequitate</strong></span> 
     </span>
    </p>
   </div>
   <div class='ocr_carea' id='block_1_46' title="bbox 307 2901 1902 2973">
    <p class='ocr_par' dir='ltr' id='par_1_46' title="bbox 307 2901 1902 2973">
     <span class='ocr_line' id='line_1_46' title="bbox 307 2901 1902 2973; baseline 0 -13"><span class='ocrx_word' id='word_1_358' title='bbox 307 2917 372 2960; x_wconf 83' lang='lat' dir='ltr'><strong>ac</strong></span> <span class='ocrx_word' id='word_1_359' title='bbox 425 2903 634 2973; x_wconf 86' lang='lat' dir='ltr'><strong>justitia</strong></span> <span class='ocrx_word' id='word_1_360' title='bbox 679 2901 992 2972; x_wconf 89' lang='lat' dir='ltr'><strong>disputare;</strong></span> <span class='ocrx_word' id='word_1_361' title='bbox 1047 2911 1100 2958; x_wconf 90' lang='lat' dir='ltr'><strong>et</strong></span> <span class='ocrx_word' id='word_1_362' title='bbox 1141 2911 1340 2958; x_wconf 67' lang='lat' dir='ltr'><strong>caetera</strong></span> <span class='ocrx_word' id='word_1_363' title='bbox 1370 2916 1496 2973; x_wconf 62' lang='lat' dir='ltr'><strong>qum</strong></span> <span class='ocrx_word' id='word_1_364' title='bbox 1524 2901 1687 2959; x_wconf 88' lang='lat' dir='ltr'><strong>debet</strong></span> <span class='ocrx_word' id='word_1_365' title='bbox 1720 2906 1902 2973; x_wconf 87' lang='lat' dir='ltr'><strong>justus</strong></span> 
     </span>
    </p>
   </div>
   <div class='ocr_carea' id='block_1_47' title="bbox 311 2992 1900 3066">
    <p class='ocr_par' dir='ltr' id='par_1_47' title="bbox 311 2992 1900 3066">
     <span class='ocr_line' id='line_1_47' title="bbox 311 2992 1900 3066; baseline -0.002 -13"><span class='ocrx_word' id='word_1_366' title='bbox 311 3012 435 3053; x_wconf 87' lang='lat' dir='ltr'><strong>cum</strong></span> <span class='ocrx_word' id='word_1_367' title='bbox 461 2993 613 3066; x_wconf 82' lang='lat' dir='ltr'><strong>justo</strong></span> <span class='ocrx_word' id='word_1_368' title='bbox 642 2995 812 3066; x_wconf 87' lang='lat' dir='ltr'><strong>loqui.</strong></span> <span class='ocrx_word' id='word_1_369' title='bbox 846 2994 957 3050; x_wconf 83' lang='lat' dir='ltr'><strong>Nec</strong></span> <span class='ocrx_word' id='word_1_370' title='bbox 989 2993 1162 3059; x_wconf 76' lang='lat' dir='ltr'><strong>dixit,</strong></span> <span class='ocrx_word' id='word_1_371' title='bbox 1196 3009 1316 3065; x_wconf 72' lang='lat' dir='ltr'><strong>quas</strong></span> <span class='ocrx_word' id='word_1_372' title='bbox 1348 2992 1458 3050; x_wconf 86' lang='lat' dir='ltr'><strong>sint</strong></span> <span class='ocrx_word' id='word_1_373' title='bbox 1485 2993 1646 3051; x_wconf 91' lang='lat' dir='ltr'><strong>locuti</strong></span> <span class='ocrx_word' id='word_1_374' title='bbox 1675 3012 1688 3062; x_wconf 92' lang='lat'><strong>;</strong></span> <span class='ocrx_word' id='word_1_375' title='bbox 1723 2996 1816 3052; x_wconf 86' lang='lat' dir='ltr'><strong>sed</strong></span> <span class='ocrx_word' id='word_1_376' title='bbox 1835 3013 1900 3051; x_wconf 78' lang='lat' dir='ltr'><strong>ex</strong></span> 
     </span>
    </p>
   </div>
   <div class='ocr_carea' id='block_1_48' title="bbox 310 3085 1900 3159">
    <p class='ocr_par' dir='ltr' id='par_1_48' title="bbox 310 3085 1900 3159">
     <span class='ocr_line' id='line_1_48' title="bbox 310 3085 1900 3159; baseline -0.001 -13"><span class='ocrx_word' id='word_1_377' title='bbox 310 3103 378 3146; x_wconf 90' lang='lat' dir='ltr'><strong>eo</strong></span> <span class='ocrx_word' id='word_1_378' title='bbox 429 3088 574 3159; x_wconf 88' lang='lat' dir='ltr'><strong>quod</strong></span> <span class='ocrx_word' id='word_1_379' title='bbox 608 3088 789 3143; x_wconf 87' lang='lat' dir='ltr'><strong>intulit</strong></span> <span class='ocrx_word' id='word_1_380' title='bbox 824 3105 838 3143; x_wconf 89' lang='lat'><strong>:</strong></span> <span class='ocrx_word' id='word_1_381' title='bbox 869 3087 1019 3142; x_wconf 85' lang='lat' dir='ltr'><strong>Tunc</strong></span> <span class='ocrx_word' id='word_1_382' title='bbox 1073 3085 1235 3142; x_wconf 83' lang='lat' dir='ltr'><strong>locuti</strong></span> <span class='ocrx_word' id='word_1_383' title='bbox 1265 3099 1388 3142; x_wconf 87' lang='lat' dir='ltr'><strong>sunt</strong></span> <span class='ocrx_word' id='word_1_384' title='bbox 1437 3090 1670 3144; x_wconf 80' lang='lat' dir='ltr'><strong>timentes</strong></span> <span class='ocrx_word' id='word_1_385' title='bbox 1702 3089 1900 3155; x_wconf 83' lang='lat' dir='ltr'><strong>Deum,</strong></span> 
     </span>
    </p>
   </div>
   <div class='ocr_carea' id='block_1_49' title="bbox 313 3151 1980 3256">
    <p class='ocr_par' dir='ltr' id='par_1_49' title="bbox 313 3151 1980 3256">
     <span class='ocr_line' id='line_1_49' title="bbox 313 3151 1980 3256; baseline 0.002 -18"><span class='ocrx_word' id='word_1_386' title='bbox 313 3185 663 3254; x_wconf 84' lang='lat' dir='ltr'><strong>unttsquisque</strong></span> <span class='ocrx_word' id='word_1_387' title='bbox 701 3199 818 3238; x_wconf 90' lang='lat' dir='ltr'><strong>cum</strong></span> <span class='ocrx_word' id='word_1_388' title='bbox 849 3184 1092 3256; x_wconf 70' lang='lat' dir='ltr'><strong>proximo</strong></span> <span class='ocrx_word' id='word_1_389' title='bbox 1127 3199 1220 3238; x_wconf 87' lang='lat' dir='ltr'><strong>suo</strong></span> <span class='ocrx_word' id='word_1_390' title='bbox 1243 3223 1258 3250; x_wconf 94' lang='lat'><strong>,</strong></span> <span class='ocrx_word' id='word_1_391' title='bbox 1310 3185 1614 3255; x_wconf 82' lang='lat' dir='ltr'><strong>intelligere</strong></span> <span class='ocrx_word' id='word_1_392' title='bbox 1641 3185 1905 3242; x_wconf 87' lang='lat' dir='ltr'><strong>debemus</strong></span> <span class='ocrx_word' id='word_1_393' title='bbox 1934 3151 1980 3216; x_wconf 69' lang='grc' dir='ltr'>ο</span> 
     </span>
    </p>
   </div>
   <div class='ocr_carea' id='block_1_50' title="bbox 315 3278 1910 3350">
    <p class='ocr_par' dir='ltr' id='par_1_50' title="bbox 315 3278 1910 3350">
     <span class='ocr_line' id='line_1_50' title="bbox 315 3278 1910 3350; baseline -0.001 -14"><span class='ocrx_word' id='word_1_394' title='bbox 315 3293 380 3336; x_wconf 86' lang='lat' dir='ltr'><strong>ea</strong></span> <span class='ocrx_word' id='word_1_395' title='bbox 404 3278 613 3334; x_wconf 78' lang='lat' dir='ltr'><strong>locutos</strong></span> <span class='ocrx_word' id='word_1_396' title='bbox 645 3280 900 3334; x_wconf 88' lang='lat' dir='ltr'><strong>timentes</strong></span> <span class='ocrx_word' id='word_1_397' title='bbox 933 3279 1132 3347; x_wconf 88' lang='lat' dir='ltr'><strong>Deum,</strong></span> <span class='ocrx_word' id='word_1_398' title='bbox 1161 3293 1284 3350; x_wconf 64' lang='lat' dir='ltr'><strong>quae</strong></span> <span class='ocrx_word' id='word_1_399' title='bbox 1311 3280 1552 3335; x_wconf 89' lang='lat' dir='ltr'><strong>omnium</strong></span> <span class='ocrx_word' id='word_1_400' title='bbox 1600 3281 1910 3350; x_wconf 86' lang='lat' dir='ltr'><strong>Scriptura-</strong></span> 
     </span>
    </p>
   </div>
   <div class='ocr_carea' id='block_1_51' title="bbox 317 3370 1908 3448">
    <p class='ocr_par' dir='ltr' id='par_1_51' title="bbox 317 3370 1908 3448">
     <span class='ocr_line' id='line_1_51' title="bbox 317 3370 1908 3448; baseline 0 -20"><span class='ocrx_word' id='word_1_401' title='bbox 317 3386 436 3428; x_wconf 88' lang='lat' dir='ltr'><strong>rum</strong></span> <span class='ocrx_word' id='word_1_402' title='bbox 468 3371 692 3427; x_wconf 82' lang='lat' dir='ltr'><strong>vocibus</strong></span> <span class='ocrx_word' id='word_1_403' title='bbox 731 3371 1102 3427; x_wconf 85' lang='lat' dir='ltr'><strong>continentur.</strong></span> <span class='ocrx_word' id='word_1_404' title='bbox 1132 3373 1293 3426; x_wconf 82' lang='lat' dir='ltr'><strong>Juxta</strong></span> <span class='ocrx_word' id='word_1_405' title='bbox 1325 3370 1466 3426; x_wconf 79' lang='lat' dir='ltr'><strong>LXX</strong></span> <span class='ocrx_word' id='word_1_406' title='bbox 1495 3385 1627 3428; x_wconf 85' lang='lat' dir='ltr'><strong>vero</strong></span> <span class='ocrx_word' id='word_1_407' title='bbox 1656 3375 1908 3448; x_wconf 80' lang='grc' dir='ltr'><strong>ἐξαίρετον</strong></span> 
     </span>
    </p>
   </div>
   <div class='ocr_carea' id='block_1_52' title="bbox 317 3464 1914 3536">
    <p class='ocr_par' dir='ltr' id='par_1_52' title="bbox 317 3464 1914 3536">
     <span class='ocr_line' id='line_1_52' title="bbox 317 3464 1914 3536; baseline 0 -16"><span class='ocrx_word' id='word_1_408' title='bbox 317 3464 608 3536; x_wconf 82' lang='lat' dir='ltr'><strong>legendum</strong></span> <span class='ocrx_word' id='word_1_409' title='bbox 635 3508 650 3534; x_wconf 90' lang='lat'><strong>,</strong></span> <span class='ocrx_word' id='word_1_410' title='bbox 682 3476 737 3520; x_wconf 88' lang='lat' dir='ltr'><strong>et</strong></span> <span class='ocrx_word' id='word_1_411' title='bbox 762 3481 952 3536; x_wconf 84' lang='lat' dir='ltr'><strong>pressa</strong></span> <span class='ocrx_word' id='word_1_412' title='bbox 982 3480 1116 3521; x_wconf 88' lang='lat' dir='ltr'><strong>voce</strong></span> <span class='ocrx_word' id='word_1_413' title='bbox 1141 3508 1154 3532; x_wconf 93' lang='lat'><strong>,</strong></span> <span class='ocrx_word' id='word_1_414' title='bbox 1197 3475 1254 3520; x_wconf 90' lang='lat' dir='ltr'><strong>ut</strong></span> <span class='ocrx_word' id='word_1_415' title='bbox 1298 3465 1541 3521; x_wconf 80' lang='lat' dir='ltr'><strong>dicamus</strong></span> <span class='ocrx_word' id='word_1_416' title='bbox 1574 3483 1588 3520; x_wconf 87' lang='lat'><strong>:</strong></span> <span class='ocrx_word' id='word_1_417' title='bbox 1625 3466 1752 3521; x_wconf 65' lang='lat' dir='ltr'><strong>llaec</strong></span> <span class='ocrx_word' id='word_1_418' title='bbox 1786 3475 1914 3520; x_wconf 87' lang='lat' dir='ltr'><strong>sunt</strong></span> 
     </span>
    </p>
   </div>
   <div class='ocr_carea' id='block_1_53' title="bbox 321 3558 1915 3631">
    <p class='ocr_par' dir='ltr' id='par_1_53' title="bbox 321 3558 1915 3631">
     <span class='ocr_line' id='line_1_53' title="bbox 321 3558 1915 3631; baseline -0.001 -17"><span class='ocrx_word' id='word_1_419' title='bbox 321 3559 518 3624; x_wconf 88' lang='lat' dir='ltr'><strong>locuti,</strong></span> <span class='ocrx_word' id='word_1_420' title='bbox 554 3561 644 3629; x_wconf 90' lang='lat' dir='ltr'><strong>qui</strong></span> <span class='ocrx_word' id='word_1_421' title='bbox 675 3560 867 3614; x_wconf 90' lang='lat' dir='ltr'><strong>timent</strong></span> <span class='ocrx_word' id='word_1_422' title='bbox 897 3558 1188 3614; x_wconf 87' lang='lat' dir='ltr'><strong>Dominum</strong></span> <span class='ocrx_word' id='word_1_423' title='bbox 1209 3560 1613 3631; x_wconf 89' lang='lat' dir='ltr'><strong>,unusquisque</strong></span> <span class='ocrx_word' id='word_1_424' title='bbox 1640 3559 1706 3615; x_wconf 91' lang='lat' dir='ltr'><strong>ad</strong></span> <span class='ocrx_word' id='word_1_425' title='bbox 1733 3559 1915 3629; x_wconf 81' lang='lat' dir='ltr'><strong>proxi-</strong></span> 
     </span>
    </p>
   </div>
   <div class='ocr_carea' id='block_1_54' title="bbox 323 3651 1912 3722">
    <p class='ocr_par' dir='ltr' id='par_1_54' title="bbox 323 3651 1912 3722">
     <span class='ocr_line' id='line_1_54' title="bbox 323 3651 1912 3722; baseline 0 -15"><span class='ocrx_word' id='word_1_426' title='bbox 323 3667 469 3708; x_wconf 88' lang='lat' dir='ltr'><strong>mum</strong></span> <span class='ocrx_word' id='word_1_427' title='bbox 494 3667 652 3708; x_wconf 91' lang='lat' dir='ltr'><strong>suum</strong></span> <span class='ocrx_word' id='word_1_428' title='bbox 679 3669 692 3707; x_wconf 89' lang='lat'><strong>:</strong></span> <span class='ocrx_word' id='word_1_429' title='bbox 725 3651 829 3707; x_wconf 90' lang='lat' dir='ltr'><strong>hoc</strong></span> <span class='ocrx_word' id='word_1_430' title='bbox 859 3659 978 3718; x_wconf 88' lang='lat' dir='ltr'><strong>est,</strong></span> <span class='ocrx_word' id='word_1_431' title='bbox 1014 3653 1104 3722; x_wconf 90' lang='lat' dir='ltr'><strong>qui</strong></span> <span class='ocrx_word' id='word_1_432' title='bbox 1136 3652 1335 3706; x_wconf 80' lang='lat' dir='ltr'><strong>frustra</strong></span> <span class='ocrx_word' id='word_1_433' title='bbox 1356 3653 1606 3720; x_wconf 86' lang='lat' dir='ltr'><strong>jactitant</strong></span> <span class='ocrx_word' id='word_1_434' title='bbox 1627 3663 1680 3708; x_wconf 89' lang='lat' dir='ltr'><strong>et</strong></span> <span class='ocrx_word' id='word_1_435' title='bbox 1705 3652 1912 3716; x_wconf 86' lang='lat' dir='ltr'><strong>dicunt,</strong></span> 
     </span>
    </p>
   </div>
   <div class='ocr_carea' id='block_1_55' title="bbox 325 3745 1916 3818">
    <p class='ocr_par' dir='ltr' id='par_1_55' title="bbox 325 3745 1916 3818">
     <span class='ocr_line' id='line_1_55' title="bbox 325 3745 1916 3818; baseline -0.001 -15"><span class='ocrx_word' id='word_1_436' title='bbox 325 3747 467 3818; x_wconf 88' lang='lat' dir='ltr'><strong>quod</strong></span> <span class='ocrx_word' id='word_1_437' title='bbox 506 3747 968 3810; x_wconf 85' lang='lat' dir='ltr'><strong>emolumentum,</strong></span> <span class='ocrx_word' id='word_1_438' title='bbox 1029 3747 1155 3816; x_wconf 88' lang='lat' dir='ltr'><strong>quia</strong></span> <span class='ocrx_word' id='word_1_439' title='bbox 1204 3745 1599 3801; x_wconf 81' lang='lat' dir='ltr'><strong>custodivimus</strong></span> <span class='ocrx_word' id='word_1_440' title='bbox 1646 3756 1916 3817; x_wconf 79' lang='lat' dir='ltr'><strong>praecepta</strong></span> 
     </span>
    </p>
   </div>
   <div class='ocr_carea' id='block_1_56' title="bbox 325 3838 1921 3910">
    <p class='ocr_par' dir='ltr' id='par_1_56' title="bbox 325 3838 1921 3910">
     <span class='ocr_line' id='line_1_56' title="bbox 325 3838 1921 3910; baseline 0.001 -15"><span class='ocrx_word' id='word_1_441' title='bbox 325 3839 447 3910; x_wconf 87' lang='lat' dir='ltr'><strong>ejus</strong></span> <span class='ocrx_word' id='word_1_442' title='bbox 472 3880 486 3902; x_wconf 86' lang='lat'><strong>,</strong></span> <span class='ocrx_word' id='word_1_443' title='bbox 549 3848 603 3894; x_wconf 89' lang='lat' dir='ltr'><strong>et</strong></span> <span class='ocrx_word' id='word_1_444' title='bbox 643 3839 1041 3893; x_wconf 86' lang='lat' dir='ltr'><strong>ambulavimus</strong></span> <span class='ocrx_word' id='word_1_445' title='bbox 1091 3838 1276 3894; x_wconf 86' lang='lat' dir='ltr'><strong>tristes</strong></span> <span class='ocrx_word' id='word_1_446' title='bbox 1317 3852 1501 3894; x_wconf 89' lang='lat' dir='ltr'><strong>coram</strong></span> <span class='ocrx_word' id='word_1_447' title='bbox 1543 3839 1825 3895; x_wconf 83' lang='lat' dir='ltr'><strong>Domino?</strong></span> <span class='ocrx_word' id='word_1_448' title='bbox 1864 3841 1921 3896; x_wconf 82' lang='lat' dir='ltr'><strong>Si</strong></span> 
     </span>
    </p>
   </div>
   <div class='ocr_carea' id='block_1_57' title="bbox 326 3929 1702 3997">
    <p class='ocr_par' dir='ltr' id='par_1_57' title="bbox 326 3929 1702 3997">
     <span class='ocr_line' id='line_1_57' title="bbox 326 3929 1702 3997; baseline 0 -10"><span class='ocrx_word' id='word_1_449' title='bbox 326 3932 472 3988; x_wconf 82' lang='lat' dir='ltr'><strong>enim</strong></span> <span class='ocrx_word' id='word_1_450' title='bbox 506 3933 761 3986; x_wconf 87' lang='lat' dir='ltr'><strong>timerent</strong></span> <span class='ocrx_word' id='word_1_451' title='bbox 795 3929 1083 3986; x_wconf 84' lang='lat' dir='ltr'><strong>Dominum</strong></span> <span class='ocrx_word' id='word_1_452' title='bbox 1110 3973 1125 3997; x_wconf 94' lang='lat'><strong>,</strong></span> <span class='ocrx_word' id='word_1_453' title='bbox 1158 3930 1262 3985; x_wconf 88' lang='lat' dir='ltr'><strong>ista</strong></span> <span class='ocrx_word' id='word_1_454' title='bbox 1293 3947 1401 3986; x_wconf 90' lang='lat' dir='ltr'><strong>non</strong></span> <span class='ocrx_word' id='word_1_455' title='bbox 1434 3931 1702 3988; x_wconf 88' lang='lat' dir='ltr'><strong>dicereut.</strong></span> 
     </span>
    </p>
   </div>
   <div class='ocr_carea' id='block_1_58' title="bbox 405 4022 1920 4097">
    <p class='ocr_par' dir='ltr' id='par_1_58' title="bbox 405 4022 1920 4097">
     <span class='ocr_line' id='line_1_58' title="bbox 405 4022 1920 4097; baseline 0 -17"><span class='ocrx_word' id='word_1_456' title='bbox 405 4024 598 4097; x_wconf 82' lang='lat' dir='ltr'><strong>(Vers.</strong></span> <span class='ocrx_word' id='word_1_457' title='bbox 628 4024 715 4089; x_wconf 80' lang='lat' dir='ltr'><strong>i7,</strong></span> <span class='ocrx_word' id='word_1_458' title='bbox 743 4024 829 4079; x_wconf 68' lang='lat'><strong>18.</strong></span> <span class='ocrx_word' id='word_1_459' title='bbox 859 4024 878 4095; x_wconf 93' lang='lat'><strong>)</strong></span> <span class='ocrx_word' id='word_1_460' title='bbox 926 4024 994 4078; x_wconf 86' lang='lat' dir='ltr'><strong>Et</strong></span> <span class='ocrx_word' id='word_1_461' title='bbox 1025 4024 1241 4078; x_wconf 86' lang='lat' dir='ltr'><strong>attendit</strong></span> <span class='ocrx_word' id='word_1_462' title='bbox 1277 4022 1565 4092; x_wconf 80' lang='lat' dir='ltr'><strong>Dominus,</strong></span> <span class='ocrx_word' id='word_1_463' title='bbox 1598 4033 1644 4080; x_wconf 87' lang='lat' dir='ltr'><strong>et</strong></span> <span class='ocrx_word' id='word_1_464' title='bbox 1685 4024 1920 4095; x_wconf 83' lang='lat' dir='ltr'><strong>audivit,</strong></span> 
     </span>
    </p>
   </div>
   <div class='ocr_carea' id='block_1_59' title="bbox 331 4117 1925 4188">
    <p class='ocr_par' dir='ltr' id='par_1_59' title="bbox 331 4117 1925 4188">
     <span class='ocr_line' id='line_1_59' title="bbox 331 4117 1925 4188; baseline 0.002 -16"><span class='ocrx_word' id='word_1_465' title='bbox 331 4127 380 4172; x_wconf 87' lang='lat' dir='ltr'><strong>et</strong></span> <span class='ocrx_word' id='word_1_466' title='bbox 410 4117 632 4188; x_wconf 82' lang='lat' dir='ltr'><strong>scriptus</strong></span> <span class='ocrx_word' id='word_1_467' title='bbox 672 4124 746 4171; x_wconf 81' lang='lat' dir='ltr'><strong>est</strong></span> <span class='ocrx_word' id='word_1_468' title='bbox 780 4117 908 4172; x_wconf 88' lang='lat' dir='ltr'><strong>liber</strong></span> <span class='ocrx_word' id='word_1_469' title='bbox 952 4120 1270 4173; x_wconf 86' lang='lat' dir='ltr'><strong>monumenti</strong></span> <span class='ocrx_word' id='word_1_470' title='bbox 1309 4135 1486 4174; x_wconf 87' lang='lat' dir='ltr'><strong>coram</strong></span> <span class='ocrx_word' id='word_1_471' title='bbox 1523 4137 1582 4174; x_wconf 88' lang='lat' dir='ltr'><strong>eo</strong></span> <span class='ocrx_word' id='word_1_472' title='bbox 1631 4121 1925 4176; x_wconf 85' lang='lat' dir='ltr'><strong>timentibus</strong></span> 
     </span>
    </p>
   </div>
   <div class='ocr_carea' id='block_1_60' title="bbox 331 4202 1925 4284">
    <p class='ocr_par' dir='ltr' id='par_1_60' title="bbox 331 4202 1925 4284">
     <span class='ocr_line' id='line_1_60' title="bbox 331 4202 1925 4284; baseline 0.003 -20"><span class='ocrx_word' id='word_1_473' title='bbox 331 4208 649 4278; x_wconf 88' lang='lat' dir='ltr'><strong>Dominum,</strong></span> <span class='ocrx_word' id='word_1_474' title='bbox 679 4217 730 4263; x_wconf 85' lang='lat' dir='ltr'><strong>et</strong></span> <span class='ocrx_word' id='word_1_475' title='bbox 757 4210 1104 4280; x_wconf 87' lang='lat' dir='ltr'><strong>cogitantibus</strong></span> <span class='ocrx_word' id='word_1_476' title='bbox 1123 4227 1310 4266; x_wconf 85' lang='lat' dir='ltr'><strong>nomen</strong></span> <span class='ocrx_word' id='word_1_477' title='bbox 1341 4202 1473 4284; x_wconf 81' lang='lat' dir='ltr'><strong>ejus.</strong></span> <span class='ocrx_word' id='word_1_478' title='bbox 1505 4212 1571 4266; x_wconf 84' lang='lat' dir='ltr'><strong>Et</strong></span> <span class='ocrx_word' id='word_1_479' title='bbox 1597 4224 1747 4267; x_wconf 87' lang='lat' dir='ltr'><strong>erunt</strong></span> <span class='ocrx_word' id='word_1_480' title='bbox 1774 4214 1925 4282; x_wconf 81' lang='lat' dir='ltr'><strong>mihi,</strong></span> 
     </span>
    </p>
   </div>
   <div class='ocr_carea' id='block_1_61' title="bbox 334 4305 1930 4382">
    <p class='ocr_par' dir='ltr' id='par_1_61' title="bbox 334 4305 1930 4382">
     <span class='ocr_line' id='line_1_61' title="bbox 334 4305 1930 4382; baseline 0.003 -23"><span class='ocrx_word' id='word_1_481' title='bbox 334 4307 408 4359; x_wconf 86' lang='lat' dir='ltr'><strong>ait</strong></span> <span class='ocrx_word' id='word_1_482' title='bbox 429 4305 682 4360; x_wconf 81' lang='lat' dir='ltr'><strong>Dominus</strong></span> <span class='ocrx_word' id='word_1_483' title='bbox 707 4306 1024 4361; x_wconf 67' lang='lat' dir='ltr'><strong>eaerc-ituum</strong></span> <span class='ocrx_word' id='word_1_484' title='bbox 1047 4350 1061 4373; x_wconf 90' lang='lat'><strong>,</strong></span> <span class='ocrx_word' id='word_1_485' title='bbox 1097 4308 1147 4360; x_wconf 88' lang='lat' dir='ltr'><strong>in</strong></span> <span class='ocrx_word' id='word_1_486' title='bbox 1179 4306 1264 4362; x_wconf 87' lang='lat' dir='ltr'><strong>die</strong></span> <span class='ocrx_word' id='word_1_487' title='bbox 1292 4323 1392 4376; x_wconf 89' lang='lat' dir='ltr'><strong>qua</strong></span> <span class='ocrx_word' id='word_1_488' title='bbox 1416 4321 1506 4378; x_wconf 87' lang='lat' dir='ltr'><strong>ego</strong></span> <span class='ocrx_word' id='word_1_489' title='bbox 1531 4308 1672 4377; x_wconf 83' lang='lat' dir='ltr'><strong>facio</strong></span> <span class='ocrx_word' id='word_1_490' title='bbox 1697 4349 1711 4374; x_wconf 95' lang='lat'><strong>,</strong></span> <span class='ocrx_word' id='word_1_491' title='bbox 1759 4309 1812 4362; x_wconf 85' lang='lat' dir='ltr'><strong>in</strong></span> <span class='ocrx_word' id='word_1_492' title='bbox 1843 4324 1930 4382; x_wconf 80' lang='lat' dir='ltr'><strong>pe-</strong></span> 
     </span>
    </p>
   </div>
   <div class='ocr_carea' id='block_1_62' title="bbox 338 4397 1934 4469">
    <p class='ocr_par' dir='ltr' id='par_1_62' title="bbox 338 4397 1934 4469">
     <span class='ocr_line' id='line_1_62' title="bbox 338 4397 1934 4469; baseline 0.001 -17"><span class='ocrx_word' id='word_1_493' title='bbox 338 4397 532 4452; x_wconf 77' lang='lat' dir='ltr'><strong>culium</strong></span> <span class='ocrx_word' id='word_1_494' title='bbox 559 4440 573 4464; x_wconf 91' lang='lat'><strong>,</strong></span> <span class='ocrx_word' id='word_1_495' title='bbox 627 4407 674 4452; x_wconf 87' lang='lat' dir='ltr'><strong>et</strong></span> <span class='ocrx_word' id='word_1_496' title='bbox 695 4414 908 4469; x_wconf 83' lang='lat' dir='ltr'><strong>parcam</strong></span> <span class='ocrx_word' id='word_1_497' title='bbox 939 4399 1011 4454; x_wconf 85' lang='lat' dir='ltr'><strong>eis</strong></span> <span class='ocrx_word' id='word_1_498' title='bbox 1036 4441 1050 4467; x_wconf 91' lang='lat'><strong>,</strong></span> <span class='ocrx_word' id='word_1_499' title='bbox 1103 4399 1237 4453; x_wconf 86' lang='lat' dir='ltr'><strong>sicut</strong></span> <span class='ocrx_word' id='word_1_500' title='bbox 1266 4399 1430 4468; x_wconf 82' lang='lat' dir='ltr'><strong>parcit</strong></span> <span class='ocrx_word' id='word_1_501' title='bbox 1458 4401 1534 4452; x_wconf 87' lang='lat' dir='ltr'><strong>vir</strong></span> <span class='ocrx_word' id='word_1_502' title='bbox 1560 4401 1672 4468; x_wconf 79' lang='lat' dir='ltr'><strong>ﬁlio</strong></span> <span class='ocrx_word' id='word_1_503' title='bbox 1702 4417 1796 4455; x_wconf 88' lang='lat' dir='ltr'><strong>suo</strong></span> <span class='ocrx_word' id='word_1_504' title='bbox 1825 4417 1934 4456; x_wconf 86' lang='lat' dir='ltr'><strong>ser-</strong></span> 
     </span>
    </p>
   </div>
   <div class='ocr_carea' id='block_1_63' title="bbox 337 4490 1935 4564">
    <p class='ocr_par' dir='ltr' id='par_1_63' title="bbox 337 4490 1935 4564">
     <span class='ocr_line' id='line_1_63' title="bbox 337 4490 1935 4564; baseline 0.001 -18"><span class='ocrx_word' id='word_1_505' title='bbox 337 4491 491 4546; x_wconf 80' lang='lat' dir='ltr'><strong>vienti</strong></span> <span class='ocrx_word' id='word_1_506' title='bbox 515 4491 632 4545; x_wconf 87' lang='lat' dir='ltr'><strong>sibi.</strong></span> <span class='ocrx_word' id='word_1_507' title='bbox 667 4490 732 4544; x_wconf 83' lang='lat' dir='ltr'><strong>Et</strong></span> <span class='ocrx_word' id='word_1_508' title='bbox 773 4492 1164 4557; x_wconf 76' lang='lat' dir='ltr'><strong>convertimini,</strong></span> <span class='ocrx_word' id='word_1_509' title='bbox 1199 4501 1246 4546; x_wconf 88' lang='lat' dir='ltr'><strong>et</strong></span> <span class='ocrx_word' id='word_1_510' title='bbox 1275 4492 1508 4546; x_wconf 79' lang='lat' dir='ltr'><strong>videbitis</strong></span> <span class='ocrx_word' id='word_1_511' title='bbox 1538 4493 1665 4564; x_wconf 87' lang='lat' dir='ltr'><strong>quid</strong></span> <span class='ocrx_word' id='word_1_512' title='bbox 1693 4493 1756 4548; x_wconf 84' lang='lat' dir='ltr'><strong>sit</strong></span> <span class='ocrx_word' id='word_1_513' title='bbox 1803 4496 1935 4548; x_wconf 88' lang='lat' dir='ltr'><strong>inter</strong></span> 
     </span>
    </p>
   </div>
   <div class='ocr_carea' id='block_1_64' title="bbox 330 4585 1936 4656">
    <p class='ocr_par' dir='ltr' id='par_1_64' title="bbox 330 4585 1936 4656">
     <span class='ocr_line' id='line_1_64' title="bbox 330 4585 1936 4656; baseline 0.004 -18"><span class='ocrx_word' id='word_1_514' title='bbox 330 4585 570 4656; x_wconf 85' lang='lat' dir='ltr'><strong>justum,</strong></span> <span class='ocrx_word' id='word_1_515' title='bbox 603 4595 650 4638; x_wconf 87' lang='lat' dir='ltr'><strong>et</strong></span> <span class='ocrx_word' id='word_1_516' title='bbox 677 4585 936 4655; x_wconf 86' lang='lat' dir='ltr'><strong>impium:</strong></span> <span class='ocrx_word' id='word_1_517' title='bbox 965 4592 1017 4639; x_wconf 89' lang='lat' dir='ltr'><strong>et</strong></span> <span class='ocrx_word' id='word_1_518' title='bbox 1061 4585 1195 4638; x_wconf 86' lang='lat' dir='ltr'><strong>inter</strong></span> <span class='ocrx_word' id='word_1_519' title='bbox 1224 4586 1527 4640; x_wconf 70' lang='lat' dir='ltr'><strong>servientem</strong></span> <span class='ocrx_word' id='word_1_520' title='bbox 1560 4586 1704 4654; x_wconf 84' lang='lat' dir='ltr'><strong>Deo,</strong></span> <span class='ocrx_word' id='word_1_521' title='bbox 1748 4597 1795 4642; x_wconf 86' lang='lat' dir='ltr'><strong>et</strong></span> <span class='ocrx_word' id='word_1_522' title='bbox 1835 4603 1936 4644; x_wconf 86' lang='lat' dir='ltr'><strong>non</strong></span> 
     </span>
    </p>
   </div>
   <div class='ocr_carea' id='block_1_65' title="bbox 341 4676 1936 4754">
    <p class='ocr_par' dir='ltr' id='par_1_65' title="bbox 341 4676 1936 4754">
     <span class='ocr_line' id='line_1_65' title="bbox 341 4676 1936 4754; baseline 0.003 -22"><span class='ocrx_word' id='word_1_523' title='bbox 341 4680 641 4733; x_wconf 80' lang='lat' dir='ltr'><strong>servientem</strong></span> <span class='ocrx_word' id='word_1_524' title='bbox 661 4679 727 4732; x_wconf 89' lang='lat' dir='ltr'><strong>ei.</strong></span> <span class='ocrx_word' id='word_1_525' title='bbox 759 4676 900 4734; x_wconf 78' lang='lat' dir='ltr'><strong>LXX</strong></span> <span class='ocrx_word' id='word_1_526' title='bbox 926 4695 939 4733; x_wconf 86' lang='lat'><strong>:</strong></span> <span class='ocrx_word' id='word_1_527' title='bbox 977 4677 1044 4731; x_wconf 86' lang='lat' dir='ltr'><strong>Et</strong></span> <span class='ocrx_word' id='word_1_528' title='bbox 1073 4677 1294 4733; x_wconf 87' lang='lat' dir='ltr'><strong>attendit</strong></span> <span class='ocrx_word' id='word_1_529' title='bbox 1329 4679 1584 4736; x_wconf 87' lang='lat' dir='ltr'><strong>Dominus</strong></span> <span class='ocrx_word' id='word_1_530' title='bbox 1604 4683 1691 4754; x_wconf 58' lang='grc' dir='ltr'><strong>,με</strong></span> <span class='ocrx_word' id='word_1_531' title='bbox 1714 4683 1936 4753; x_wconf 82' lang='lat' dir='ltr'><strong>audivit,</strong></span> 
     </span>
    </p>
   </div>
   <div class='ocr_carea' id='block_1_66' title="bbox 345 4771 1942 4850">
    <p class='ocr_par' dir='ltr' id='par_1_66' title="bbox 345 4771 1942 4850">
     <span class='ocr_line' id='line_1_66' title="bbox 345 4771 1942 4850; baseline 0.003 -22"><span class='ocrx_word' id='word_1_532' title='bbox 345 4781 389 4828; x_wconf 86' lang='lat' dir='ltr'><strong>et</strong></span> <span class='ocrx_word' id='word_1_533' title='bbox 420 4773 626 4843; x_wconf 84' lang='lat' dir='ltr'><strong>scripsit</strong></span> <span class='ocrx_word' id='word_1_534' title='bbox 651 4771 844 4827; x_wconf 88' lang='lat' dir='ltr'><strong>librum</strong></span> <span class='ocrx_word' id='word_1_535' title='bbox 869 4775 1188 4828; x_wconf 84' lang='lat' dir='ltr'><strong>monumenti</strong></span> <span class='ocrx_word' id='word_1_536' title='bbox 1218 4773 1270 4827; x_wconf 87' lang='lat' dir='ltr'><strong>in</strong></span> <span class='ocrx_word' id='word_1_537' title='bbox 1317 4783 1594 4842; x_wconf 85' lang='lat' dir='ltr'><strong>conspectu</strong></span> <span class='ocrx_word' id='word_1_538' title='bbox 1623 4793 1714 4831; x_wconf 85' lang='lat' dir='ltr'><strong>suo</strong></span> <span class='ocrx_word' id='word_1_539' title='bbox 1745 4775 1826 4831; x_wconf 83' lang='lat' dir='ltr'><strong>his</strong></span> <span class='ocrx_word' id='word_1_540' title='bbox 1851 4780 1942 4850; x_wconf 88' lang='lat' dir='ltr'><strong>qui</strong></span> 
     </span>
    </p>
   </div>
   <div class='ocr_carea' id='block_1_67' title="bbox 345 4865 1942 4946">
    <p class='ocr_par' dir='ltr' id='par_1_67' title="bbox 345 4865 1942 4946">
     <span class='ocr_line' id='line_1_67' title="bbox 345 4865 1942 4946; baseline 0.004 -25"><span class='ocrx_word' id='word_1_541' title='bbox 345 4868 526 4922; x_wconf 87' lang='lat' dir='ltr'><strong>timent</strong></span> <span class='ocrx_word' id='word_1_542' title='bbox 559 4865 842 4922; x_wconf 86' lang='lat' dir='ltr'><strong>Dominum</strong></span> <span class='ocrx_word' id='word_1_543' title='bbox 861 4912 874 4935; x_wconf 96' lang='lat'><strong>,</strong></span> <span class='ocrx_word' id='word_1_544' title='bbox 905 4876 952 4921; x_wconf 84' lang='lat' dir='ltr'><strong>et</strong></span> <span class='ocrx_word' id='word_1_545' title='bbox 977 4867 1067 4936; x_wconf 88' lang='lat' dir='ltr'><strong>qui</strong></span> <span class='ocrx_word' id='word_1_546' title='bbox 1113 4878 1410 4922; x_wconf 80' lang='lat' dir='ltr'><strong>reverentur</strong></span> <span class='ocrx_word' id='word_1_547' title='bbox 1437 4867 1558 4940; x_wconf 77' lang='grc' dir='ltr'><strong>[ΑΙ.</strong></span> <span class='ocrx_word' id='word_1_548' title='bbox 1593 4879 1641 4925; x_wconf 80' lang='lat' dir='ltr'><strong>et</strong></span> <span class='ocrx_word' id='word_1_549' title='bbox 1672 4870 1942 4946; x_wconf 81' lang='lat' dir='ltr'><strong>verentur]</strong></span> 
     </span>
    </p>
   </div>
   <div class='ocr_carea' id='block_1_68' title="bbox 347 4958 1938 5040">
    <p class='ocr_par' dir='ltr' id='par_1_68' title="bbox 347 4958 1938 5040">
     <span class='ocr_line' id='line_1_68' title="bbox 347 4958 1938 5040; baseline 0.006 -27"><span class='ocrx_word' id='word_1_550' title='bbox 347 4975 534 5014; x_wconf 86' lang='lat' dir='ltr'><strong>nomen</strong></span> <span class='ocrx_word' id='word_1_551' title='bbox 563 4962 694 5033; x_wconf 83' lang='lat' dir='ltr'><strong>ejus.</strong></span> <span class='ocrx_word' id='word_1_552' title='bbox 727 4958 796 5015; x_wconf 88' lang='lat' dir='ltr'><strong>Et</strong></span> <span class='ocrx_word' id='word_1_553' title='bbox 816 4969 968 5015; x_wconf 82' lang='lat' dir='ltr'><strong>erunt</strong></span> <span class='ocrx_word' id='word_1_554' title='bbox 992 4961 1121 5015; x_wconf 78' lang='lat' dir='ltr'><strong>mihi</strong></span> <span class='ocrx_word' id='word_1_555' title='bbox 1135 5004 1148 5029; x_wconf 91' lang='lat'><strong>,</strong></span> <span class='ocrx_word' id='word_1_556' title='bbox 1171 4961 1297 5016; x_wconf 85' lang='lat' dir='ltr'><strong>dicit</strong></span> <span class='ocrx_word' id='word_1_557' title='bbox 1321 4961 1574 5018; x_wconf 83' lang='lat' dir='ltr'><strong>Dominus</strong></span> <span class='ocrx_word' id='word_1_558' title='bbox 1597 4967 1938 5040; x_wconf 81' lang='lat' dir='ltr'><strong>omnipotens,</strong></span> 
     </span>
    </p>
   </div>
   <div class='ocr_carea' id='block_1_69' title="bbox 356 5147 1945 5274">
    <p class='ocr_par' dir='ltr' id='par_1_69' title="bbox 356 5147 1945 5274">
     <span class='ocr_line' id='line_1_69' title="bbox 425 5147 1945 5226; baseline 0.005 -24"><span class='ocrx_word' id='word_1_559' title='bbox 425 5155 452 5184; x_wconf 72' lang='grc'><strong>⁸</strong></span> <span class='ocrx_word' id='word_1_560' title='bbox 483 5147 702 5220; x_wconf 79' lang='lat' dir='ltr'><strong>Reginze</strong></span> <span class='ocrx_word' id='word_1_561' title='bbox 728 5165 856 5216; x_wconf 87' lang='lat' dir='ltr'><strong>ms.,</strong></span> <span class='ocrx_word' id='word_1_562' title='bbox 881 5167 912 5203; x_wconf 88' lang='lat' dir='ltr'><strong>a</strong></span> <span class='ocrx_word' id='word_1_563' title='bbox 939 5149 1122 5221; x_wconf 82' lang='lat' dir='ltr'><strong>quibus</strong></span> <span class='ocrx_word' id='word_1_564' title='bbox 1145 5149 1520 5220; x_wconf 75' lang='lat' dir='ltr'><strong>scandalizati;</strong></span> <span class='ocrx_word' id='word_1_565' title='bbox 1545 5161 1598 5209; x_wconf 89' lang='lat' dir='ltr'><strong>et</strong></span> <span class='ocrx_word' id='word_1_566' title='bbox 1616 5154 1778 5225; x_wconf 86' lang='lat' dir='ltr'><strong>paulo</strong></span> <span class='ocrx_word' id='word_1_567' title='bbox 1803 5163 1945 5226; x_wconf 85' lang='lat' dir='ltr'><strong>post,</strong></span> 
     </span>
     <span class='ocr_line' id='line_1_70' title="bbox 356 5216 1062 5274; baseline 0 0"><span class='ocrx_word' id='word_1_568' title='bbox 356 5216 623 5274; x_wconf 75' lang='lat' dir='ltr'><strong>Proultettt</strong></span> <span class='ocrx_word' id='word_1_569' title='bbox 642 5221 790 5274; x_wconf 81' lang='lat' dir='ltr'><strong>verba</strong></span> <span class='ocrx_word' id='word_1_570' title='bbox 817 5223 1062 5274; x_wconf 64' lang='lat' dir='ltr'><strong>contexit.</strong></span> 
     </span>
    </p>
   </div>
   <div class='ocr_carea' id='block_1_70' title="bbox 409 5231 1062 5276">
    <p class='ocr_par' dir='ltr' id='par_1_70' title="bbox 409 5231 1062 5276">
     <span class='ocr_line' id='line_1_71' title="bbox 409 5231 1062 5276; baseline 0.002 -1"><span class='ocrx_word' id='word_1_571' title='bbox 409 5231 623 5276; x_wconf 75' lang='lat' dir='ltr'><strong>t&#39;oultettt</strong></span> <span class='ocrx_word' id='word_1_572' title='bbox 642 5231 790 5276; x_wconf 79' lang='lat' dir='ltr'><strong>verba</strong></span> <span class='ocrx_word' id='word_1_573' title='bbox 817 5231 1062 5276; x_wconf 63' lang='lat' dir='ltr'><strong>contexit.</strong></span> 
     </span>
    </p>
   </div>
   <div class='ocr_carea' id='block_1_71' title="bbox 431 5237 1949 5370">
    <p class='ocr_par' dir='ltr' id='par_1_71' title="bbox 431 5237 1949 5370">
     <span class='ocr_line' id='line_1_72' title="bbox 438 5237 1062 5293; baseline 0.003 -19"><span class='ocrx_word' id='word_1_574' title='bbox 438 5237 623 5293; x_wconf 79' lang='lat' dir='ltr'><strong>opaeta</strong></span> <span class='ocrx_word' id='word_1_575' title='bbox 642 5237 790 5276; x_wconf 78' lang='lat' dir='ltr'><strong>verba</strong></span> <span class='ocrx_word' id='word_1_576' title='bbox 817 5237 1062 5276; x_wconf 64' lang='lat' dir='ltr'><strong>contexit.</strong></span> 
     </span>
     <span class='ocr_line' id='line_1_73' title="bbox 431 5292 1949 5370; baseline 0.004 -24"><span class='ocrx_word' id='word_1_577' title='bbox 431 5292 456 5330; x_wconf 73' lang='grc' dir='ltr'><strong>ι)</strong></span> <span class='ocrx_word' id='word_1_578' title='bbox 497 5294 585 5370; x_wconf 86' lang='lat' dir='ltr'><strong>S_ic</strong></span> <span class='ocrx_word' id='word_1_579' title='bbox 617 5295 816 5370; x_wconf 83' lang='lat' dir='ltr'><strong>habent</strong></span> <span class='ocrx_word' id='word_1_580' title='bbox 849 5303 918 5370; x_wconf 33' lang='lat' dir='ltr'><strong>et-</strong></span> <span class='ocrx_word' id='word_1_581' title='bbox 944 5308 1074 5370; x_wconf 83' lang='lat' dir='ltr'><strong>mss.</strong></span> <span class='ocrx_word' id='word_1_582' title='bbox 1111 5295 1281 5349; x_wconf 85' lang='lat' dir='ltr'><strong>nostri</strong></span> <span class='ocrx_word' id='word_1_583' title='bbox 1308 5337 1321 5361; x_wconf 93' lang='lat'><strong>,</strong></span> <span class='ocrx_word' id='word_1_584' title='bbox 1363 5306 1418 5350; x_wconf 90' lang='lat' dir='ltr'><strong>et</strong></span> <span class='ocrx_word' id='word_1_585' title='bbox 1445 5296 1664 5352; x_wconf 41' lang='lat' dir='ltr'><strong>Gra’cus</strong></span> <span class='ocrx_word' id='word_1_586' title='bbox 1695 5297 1949 5370; x_wconf 76' lang='lat' dir='ltr'><strong>archety-</strong></span> 
     </span>
    </p>
   </div>
   <div class='ocr_carea' id='block_1_72' title="bbox 395 5365 1955 5442">
    <p class='ocr_par' dir='ltr' id='par_1_72' title="bbox 395 5365 1955 5442">
     <span class='ocr_line' id='line_1_74' title="bbox 395 5365 1955 5442; baseline 0.004 -24"><span class='ocrx_word' id='word_1_587' title='bbox 395 5379 480 5430; x_wconf 80' lang='lat' dir='ltr'><strong>us,</strong></span> <span class='ocrx_word' id='word_1_588' title='bbox 511 5365 971 5442; x_wconf 69' lang='grc' dir='ltr'><strong>ἐπιστραφήσεσθε.</strong></span> <span class='ocrx_word' id='word_1_589' title='bbox 1003 5365 1370 5442; x_wconf 53' lang='lat' dir='ltr'><strong>Antenorei,</strong></span> <span class='ocrx_word' id='word_1_590' title='bbox 1420 5377 1710 5422; x_wconf 84' lang='lat' dir='ltr'><strong>convertar.</strong></span> <span class='ocrx_word' id='word_1_591' title='bbox 1763 5369 1818 5423; x_wconf 92' lang='lat' dir='ltr'><strong>lu</strong></span> <span class='ocrx_word' id='word_1_592' title='bbox 1849 5365 1955 5425; x_wconf 77' lang='lat' dir='ltr'><strong>He-</strong></span> 
     </span>
    </p>
   </div>
   <div class='ocr_carea' id='block_1_73' title="bbox 361 5437 1957 5562">
    <p class='ocr_par' dir='ltr' id='par_1_73' title="bbox 361 5437 1957 5562">
     <span class='ocr_line' id='line_1_75' title="bbox 361 5437 1957 5561; baseline 0.003 -71"><span class='ocrx_word' id='word_1_593' title='bbox 361 5437 508 5561; x_wconf 56' lang='lat' dir='ltr'><strong>:meo</strong></span> <span class='ocrx_word' id='word_1_594' title='bbox 537 5437 754 5507; x_wconf 77' lang='lat' dir='ltr'><strong>quoque</strong></span> <span class='ocrx_word' id='word_1_595' title='bbox 796 5437 1150 5491; x_wconf 83' lang='lat' dir='ltr'><strong>conrertimini</strong></span> <span class='ocrx_word' id='word_1_596' title='bbox 1179 5437 1430 5496; x_wconf 70' lang='lat' dir='ltr'><strong>Martiali.</strong></span> <span class='ocrx_word' id='word_1_597' title='bbox 1463 5455 1560 5510; x_wconf 89' lang='lat' dir='ltr'><strong>pro</strong></span> <span class='ocrx_word' id='word_1_598' title='bbox 1589 5443 1957 5495; x_wconf 76' lang='lat' dir='ltr'><strong>convertamini</strong></span> 
     </span>
     <span class='ocr_line' id='line_1_76' title="bbox 386 5519 592 5562; baseline 0.005 -1"><span class='ocrx_word' id='word_1_599' title='bbox 386 5519 592 5562; x_wconf 78' lang='lat' dir='ltr'><strong>eaerat.</strong></span> 
     </span>
    </p>
   </div>
   <div class='ocr_carea' id='block_1_74' title="bbox 419 5523 1959 5654">
    <p class='ocr_par' dir='ltr' id='par_1_74' title="bbox 419 5523 1959 5654">
     <span class='ocr_line' id='line_1_77' title="bbox 419 5523 1959 5654; baseline 0.005 -21"><span class='ocrx_word' id='word_1_600' title='bbox 644 5579 1090 5654; x_wconf 73' lang='lat' dir='ltr'><strong>nostri,Sogolla,</strong></span> <span class='ocrx_word' id='word_1_601' title='bbox 1119 5581 1207 5638; x_wconf 88' lang='lat' dir='ltr'><strong>hic</strong></span> <span class='ocrx_word' id='word_1_602' title='bbox 1231 5592 1390 5654; x_wconf 76' lang='lat' dir='ltr'><strong>atque</strong></span> <span class='ocrx_word' id='word_1_603' title='bbox 1407 5584 1556 5637; x_wconf 85' lang='lat' dir='ltr'><strong>alibi.</strong></span> <span class='ocrx_word' id='word_1_604' title='bbox 1583 5583 1959 5640; x_wconf 59' lang='lat' dir='ltr'><strong>Cotile-rendus</strong></span> 
     </span>
    </p>
   </div>
   <div class='ocr_carea' id='block_1_75' title="bbox 361 5651 1954 5778">
    <p class='ocr_par' dir='ltr' id='par_1_75' title="bbox 361 5651 1954 5778">
     <span class='ocr_line' id='line_1_78' title="bbox 361 5651 1954 5778; baseline 0.004 -73"><span class='ocrx_word' id='word_1_605' title='bbox 361 5665 530 5778; x_wconf 46' lang='lat' dir='ltr'><strong>gerro</strong></span> <span class='ocrx_word' id='word_1_606' title='bbox 565 5651 681 5721; x_wconf 75' lang='lat' dir='ltr'><strong>ipse</strong></span> <span class='ocrx_word' id='word_1_607' title='bbox 712 5651 1078 5723; x_wconf 80' lang='lat' dir='ltr'><strong>Hieronymus</strong></span> <span class='ocrx_word' id='word_1_608' title='bbox 1109 5655 1164 5708; x_wconf 87' lang='lat' dir='ltr'><strong>in</strong></span> <span class='ocrx_word' id='word_1_609' title='bbox 1201 5651 1386 5711; x_wconf 71' lang='lat' dir='ltr'><strong>Matth.</strong></span> <span class='ocrx_word' id='word_1_610' title='bbox 1424 5669 1546 5726; x_wconf 84' lang='lat' dir='ltr'><strong>cap.</strong></span> <span class='ocrx_word' id='word_1_611' title='bbox 1572 5670 1622 5710; x_wconf 79' lang='lat' dir='ltr'><strong>vi</strong></span> <span class='ocrx_word' id='word_1_612' title='bbox 1651 5657 1716 5711; x_wconf 89' lang='lat' dir='ltr'><strong>ad</strong></span> <span class='ocrx_word' id='word_1_613' title='bbox 1756 5657 1954 5712; x_wconf 87' lang='lat' dir='ltr'><strong>versic.</strong></span> 
     </span>
     <span class='ocr_line' id='line_1_79' title="bbox 418 5726 1954 5778; baseline 0.002 -3"><span class='ocrx_word' id='word_1_614' title='bbox 418 5739 569 5777; x_wconf 87' lang='lat' dir='ltr'><strong>auem</strong></span> <span class='ocrx_word' id='word_1_615' title='bbox 609 5731 840 5776; x_wconf 88' lang='lat' dir='ltr'><strong>nostrum</strong></span> <span class='ocrx_word' id='word_1_616' title='bbox 863 5726 1417 5778; x_wconf 76' lang='lat' dir='ltr'><strong>sttitcrsubstantiatem</strong></span> <span class='ocrx_word' id='word_1_617' title='bbox 1439 5743 1456 5778; x_wconf 91' lang='lat'><em>:</em></span> <span class='ocrx_word' id='word_1_618' title='bbox 1483 5728 1616 5778; x_wconf 87' lang='lat' dir='ltr'><strong>ubi.</strong></span> <span class='ocrx_word' id='word_1_619' title='bbox 1659 5729 1954 5778; x_wconf 76' lang='lat' dir='ltr'><strong>considera-</strong></span> 
     </span>
    </p>
   </div>
   <div class='ocr_carea' id='block_1_76' title="bbox 418 5726 1956 5794">
    <p class='ocr_par' dir='ltr' id='par_1_76' title="bbox 418 5726 1956 5794">
     <span class='ocr_line' id='line_1_80' title="bbox 418 5726 1956 5794; baseline 0.004 -19"><span class='ocrx_word' id='word_1_620' title='bbox 418 5739 569 5777; x_wconf 88' lang='lat' dir='ltr'><strong>anem</strong></span> <span class='ocrx_word' id='word_1_621' title='bbox 609 5731 840 5794; x_wconf 87' lang='lat' dir='ltr'><strong>nostrum</strong></span> <span class='ocrx_word' id='word_1_622' title='bbox 863 5726 1417 5792; x_wconf 80' lang='lat' dir='ltr'><strong>sttpcrsubstantialem</strong></span> <span class='ocrx_word' id='word_1_623' title='bbox 1439 5743 1456 5780; x_wconf 85' lang='lat'><strong>.&#39;</strong></span> <span class='ocrx_word' id='word_1_624' title='bbox 1483 5728 1573 5781; x_wconf 86' lang='lat' dir='ltr'><strong>ubi</strong></span> <span class='ocrx_word' id='word_1_625' title='bbox 1599 5767 1616 5794; x_wconf 92' lang='lat'><strong>,</strong></span> <span class='ocrx_word' id='word_1_626' title='bbox 1659 5729 1956 5784; x_wconf 77' lang='lat' dir='ltr'><strong>considera-</strong></span> 
     </span>
    </p>
   </div>
   <div class='ocr_carea' id='block_1_77' title="bbox 367 5793 1953 5872">
    <p class='ocr_par' dir='ltr' id='par_1_77' title="bbox 367 5793 1953 5872">
     <span class='ocr_line' id='line_1_81' title="bbox 367 5793 1953 5872; baseline 0.004 -21"><span class='ocrx_word' id='word_1_627' title='bbox 367 5794 566 5863; x_wconf 87' lang='lat' dir='ltr'><strong>vimus,</strong></span> <span class='ocrx_word' id='word_1_628' title='bbox 629 5793 837 5864; x_wconf 91' lang='lat' dir='ltr'><strong>inquit,</strong></span> <span class='ocrx_word' id='word_1_629' title='bbox 890 5797 938 5849; x_wconf 85' lang='lat' dir='ltr'><strong>in</strong></span> <span class='ocrx_word' id='word_1_630' title='bbox 1016 5795 1268 5870; x_wconf 75' lang='lat' dir='ltr'><strong>Hebraeo,</strong></span> <span class='ocrx_word' id='word_1_631' title='bbox 1341 5809 1388 5852; x_wconf 88' lang='lat' dir='ltr'><strong>et</strong></span> <span class='ocrx_word' id='word_1_632' title='bbox 1441 5793 1747 5872; x_wconf 85' lang='lat' dir='ltr'><strong>ubicumque</strong></span> <span class='ocrx_word' id='word_1_633' title='bbox 1801 5798 1953 5856; x_wconf 82' lang='lat' dir='ltr'><strong><em>LXX</em></strong></span> 
     </span>
    </p>
   </div>
   <div class='ocr_carea' id='block_1_78' title="bbox 1996 1867 3597 1946">
    <p class='ocr_par' dir='ltr' id='par_1_78' title="bbox 1996 1867 3597 1946">
     <span class='ocr_line' id='line_1_82' title="bbox 1996 1867 3597 1946; baseline -0.002 -21"><span class='ocrx_word' id='word_1_634' title='bbox 1996 1879 2053 1925; x_wconf 89' lang='lat' dir='ltr'><strong>et</strong></span> <span class='ocrx_word' id='word_1_635' title='bbox 2098 1870 2283 1925; x_wconf 80' lang='lat' dir='ltr'><strong>eteteri</strong></span> <span class='ocrx_word' id='word_1_636' title='bbox 2338 1874 2665 1946; x_wconf 79' lang='grc' dir='ltr'><strong>περιποίησιν</strong></span> <span class='ocrx_word' id='word_1_637' title='bbox 2710 1867 3058 1939; x_wconf 86' lang='lat' dir='ltr'><strong>interpretati</strong></span> <span class='ocrx_word' id='word_1_638' title='bbox 3111 1877 3260 1922; x_wconf 87' lang='lat' dir='ltr'><strong>sunt.</strong></span> <span class='ocrx_word' id='word_1_639' title='bbox 3318 1867 3597 1922; x_wconf 85' lang='lat' dir='ltr'><strong>Timentes</strong></span> 
     </span>
    </p>
   </div>
   <div class='ocr_carea' id='block_1_79' title="bbox 1997 1959 3594 2033">
    <p class='ocr_par' dir='ltr' id='par_1_79' title="bbox 1997 1959 3594 2033">
     <span class='ocr_line' id='line_1_83' title="bbox 1997 1959 3594 2033; baseline -0.002 -17"><span class='ocrx_word' id='word_1_640' title='bbox 1997 1961 2164 2033; x_wconf 77' lang='lat' dir='ltr'><strong>igitur</strong></span> <span class='ocrx_word' id='word_1_641' title='bbox 2193 1963 2482 2018; x_wconf 87' lang='lat' dir='ltr'><strong>Dominum</strong></span> <span class='ocrx_word' id='word_1_642' title='bbox 2510 2001 2522 2025; x_wconf 94' lang='lat'><strong>,</strong></span> <span class='ocrx_word' id='word_1_643' title='bbox 2552 1963 2644 2030; x_wconf 85' lang='lat' dir='ltr'><strong>qui</strong></span> <span class='ocrx_word' id='word_1_644' title='bbox 2677 1962 2842 2016; x_wconf 86' lang='lat' dir='ltr'><strong>locuti</strong></span> <span class='ocrx_word' id='word_1_645' title='bbox 2866 1969 2994 2015; x_wconf 85' lang='lat' dir='ltr'><strong>sunt</strong></span> <span class='ocrx_word' id='word_1_646' title='bbox 3023 1976 3144 2015; x_wconf 89' lang='lat' dir='ltr'><strong>cum</strong></span> <span class='ocrx_word' id='word_1_647' title='bbox 3178 1959 3425 2030; x_wconf 73' lang='lat' dir='ltr'><strong>proximo</strong></span> <span class='ocrx_word' id='word_1_648' title='bbox 3453 1960 3594 2023; x_wconf 68' lang='lat' dir='ltr'><strong>suo‘,</strong></span> 
     </span>
    </p>
   </div>
   <div class='ocr_carea' id='block_1_80' title="bbox 1998 2054 3599 2127">
    <p class='ocr_par' dir='ltr' id='par_1_80' title="bbox 1998 2054 3599 2127">
     <span class='ocr_line' id='line_1_84' title="bbox 1998 2054 3599 2127; baseline -0.002 -15"><span class='ocrx_word' id='word_1_649' title='bbox 1998 2066 2055 2112; x_wconf 84' lang='lat' dir='ltr'><strong>et</strong></span> <span class='ocrx_word' id='word_1_650' title='bbox 2078 2056 2144 2112; x_wconf 85' lang='lat' dir='ltr'><strong>sd</strong></span> <span class='ocrx_word' id='word_1_651' title='bbox 2172 2056 2336 2112; x_wconf 81' lang='lat' dir='ltr'><strong>verba</strong></span> <span class='ocrx_word' id='word_1_652' title='bbox 2368 2056 2724 2127; x_wconf 75' lang='lat' dir='ltr'><strong>blasphemia:</strong></span> <span class='ocrx_word' id='word_1_653' title='bbox 2753 2056 3153 2127; x_wconf 81' lang='lat' dir='ltr'><strong>responderunt</strong></span> <span class='ocrx_word' id='word_1_654' title='bbox 3180 2097 3194 2122; x_wconf 92' lang='lat'><strong>,</strong></span> <span class='ocrx_word' id='word_1_655' title='bbox 3225 2063 3384 2110; x_wconf 86' lang='lat' dir='ltr'><strong>erunt</strong></span> <span class='ocrx_word' id='word_1_656' title='bbox 3415 2054 3468 2110; x_wconf 92' lang='lat' dir='ltr'><strong>in</strong></span> <span class='ocrx_word' id='word_1_657' title='bbox 3511 2054 3599 2109; x_wconf 83' lang='lat' dir='ltr'><strong>die</strong></span> 
     </span>
    </p>
   </div>
   <div class='ocr_carea' id='block_1_81' title="bbox 1995 2146 3601 2220">
    <p class='ocr_par' dir='ltr' id='par_1_81' title="bbox 1995 2146 3601 2220">
     <span class='ocr_line' id='line_1_85' title="bbox 1995 2146 3601 2220; baseline -0.002 -17"><span class='ocrx_word' id='word_1_658' title='bbox 1995 2149 2185 2220; x_wconf 86' lang='lat' dir='ltr'><strong>judicii</strong></span> <span class='ocrx_word' id='word_1_659' title='bbox 2214 2150 2265 2205; x_wconf 93' lang='lat' dir='ltr'><strong>in</strong></span> <span class='ocrx_word' id='word_1_660' title='bbox 2299 2151 2568 2220; x_wconf 85' lang='lat' dir='ltr'><strong>peculium</strong></span> <span class='ocrx_word' id='word_1_661' title='bbox 2593 2193 2607 2219; x_wconf 91' lang='lat'><strong>,</strong></span> <span class='ocrx_word' id='word_1_662' title='bbox 2635 2160 2692 2205; x_wconf 91' lang='lat' dir='ltr'><strong>et</strong></span> <span class='ocrx_word' id='word_1_663' title='bbox 2725 2159 2907 2220; x_wconf 87' lang='lat' dir='ltr'><strong>parcet</strong></span> <span class='ocrx_word' id='word_1_664' title='bbox 2938 2149 3018 2205; x_wconf 89' lang='lat' dir='ltr'><strong>eis</strong></span> <span class='ocrx_word' id='word_1_665' title='bbox 3039 2168 3050 2202; x_wconf 89' lang='lat'>:</span> <span class='ocrx_word' id='word_1_666' title='bbox 3072 2147 3197 2220; x_wconf 86' lang='lat' dir='ltr'><strong>quia</strong></span> <span class='ocrx_word' id='word_1_667' title='bbox 3230 2147 3409 2204; x_wconf 88' lang='lat' dir='ltr'><strong>omnis</strong></span> <span class='ocrx_word' id='word_1_668' title='bbox 3437 2146 3601 2202; x_wconf 86' lang='lat' dir='ltr'><strong>homo</strong></span> 
     </span>
    </p>
   </div>
   <div class='ocr_carea' id='block_1_82' title="bbox 2000 2241 3604 2316">
    <p class='ocr_par' dir='ltr' id='par_1_82' title="bbox 2000 2241 3604 2316">
     <span class='ocr_line' id='line_1_86' title="bbox 2000 2241 3604 2316; baseline -0.001 -18"><span class='ocrx_word' id='word_1_669' title='bbox 2000 2245 2103 2300; x_wconf 85' lang='lat' dir='ltr'><strong>sub</strong></span> <span class='ocrx_word' id='word_1_670' title='bbox 2154 2253 2396 2315; x_wconf 82' lang='lat' dir='ltr'><strong>peccato.</strong></span> <span class='ocrx_word' id='word_1_671' title='bbox 2453 2243 2580 2300; x_wconf 84' lang='lat' dir='ltr'><strong>Sive</strong></span> <span class='ocrx_word' id='word_1_672' title='bbox 2629 2242 2796 2316; x_wconf 82' lang='lat' dir='ltr'><strong>eliget</strong></span> <span class='ocrx_word' id='word_1_673' title='bbox 2843 2257 2971 2311; x_wconf 87' lang='lat' dir='ltr'><strong>eos,</strong></span> <span class='ocrx_word' id='word_1_674' title='bbox 3022 2241 3163 2299; x_wconf 91' lang='lat' dir='ltr'><strong>sicut</strong></span> <span class='ocrx_word' id='word_1_675' title='bbox 3193 2243 3396 2314; x_wconf 84' lang='lat' dir='ltr'><strong>eligere</strong></span> <span class='ocrx_word' id='word_1_676' title='bbox 3455 2241 3604 2297; x_wconf 85' lang='lat' dir='ltr'><strong>solet</strong></span> 
     </span>
    </p>
   </div>
   <div class='ocr_carea' id='block_1_83' title="bbox 2000 2333 3595 2408">
    <p class='ocr_par' dir='ltr' id='par_1_83' title="bbox 2000 2333 3595 2408">
     <span class='ocr_line' id='line_1_87' title="bbox 2000 2333 3595 2408; baseline -0.002 -16"><span class='ocrx_word' id='word_1_677' title='bbox 2000 2336 2166 2392; x_wconf 88' lang='lat' dir='ltr'><strong>homo</strong></span> <span class='ocrx_word' id='word_1_678' title='bbox 2207 2338 2375 2394; x_wconf 84' lang='lat' dir='ltr'><strong>tilium</strong></span> <span class='ocrx_word' id='word_1_679' title='bbox 2417 2353 2574 2393; x_wconf 90' lang='lat' dir='ltr'><strong>suum</strong></span> <span class='ocrx_word' id='word_1_680' title='bbox 2621 2339 2950 2393; x_wconf 80' lang='lat' dir='ltr'><strong>servientem</strong></span> <span class='ocrx_word' id='word_1_681' title='bbox 2985 2337 3110 2391; x_wconf 90' lang='lat' dir='ltr'><strong>sibi.</strong></span> <span class='ocrx_word' id='word_1_682' title='bbox 3148 2336 3204 2390; x_wconf 92' lang='lat' dir='ltr'><strong>In</strong></span> <span class='ocrx_word' id='word_1_683' title='bbox 3245 2351 3352 2408; x_wconf 90' lang='lat' dir='ltr'><strong>quo</strong></span> <span class='ocrx_word' id='word_1_684' title='bbox 3397 2333 3595 2404; x_wconf 79' lang='lat' dir='ltr'><strong>duplex</strong></span> 
     </span>
    </p>
   </div>
   <div class='ocr_carea' id='block_1_84' title="bbox 2001 2427 3598 2502">
    <p class='ocr_par' dir='ltr' id='par_1_84' title="bbox 2001 2427 3598 2502">
     <span class='ocr_line' id='line_1_88' title="bbox 2001 2427 3598 2502; baseline -0.003 -17"><span class='ocrx_word' id='word_1_685' title='bbox 2001 2431 2227 2487; x_wconf 69' lang='lat' dir='ltr'><strong>allectus</strong></span> <span class='ocrx_word' id='word_1_686' title='bbox 2277 2441 2362 2487; x_wconf 88' lang='lat' dir='ltr'><strong>est</strong></span> <span class='ocrx_word' id='word_1_687' title='bbox 2387 2473 2401 2497; x_wconf 95' lang='lat'><strong>,</strong></span> <span class='ocrx_word' id='word_1_688' title='bbox 2460 2443 2513 2486; x_wconf 89' lang='lat' dir='ltr'><strong>et</strong></span> <span class='ocrx_word' id='word_1_689' title='bbox 2545 2431 2765 2502; x_wconf 82' lang='lat' dir='ltr'><strong>pietatis</strong></span> <span class='ocrx_word' id='word_1_690' title='bbox 2798 2431 2848 2485; x_wconf 93' lang='lat' dir='ltr'><strong>iu</strong></span> <span class='ocrx_word' id='word_1_691' title='bbox 2885 2430 3052 2484; x_wconf 82' lang='lat' dir='ltr'><strong>lilium</strong></span> <span class='ocrx_word' id='word_1_692' title='bbox 3078 2469 3092 2492; x_wconf 96' lang='lat'><strong>,</strong></span> <span class='ocrx_word' id='word_1_693' title='bbox 3144 2438 3198 2486; x_wconf 90' lang='lat' dir='ltr'><strong>et</strong></span> <span class='ocrx_word' id='word_1_694' title='bbox 3227 2427 3518 2483; x_wconf 86' lang='lat' dir='ltr'><strong>servitutis</strong></span> <span class='ocrx_word' id='word_1_695' title='bbox 3547 2427 3598 2480; x_wconf 90' lang='lat' dir='ltr'><strong>in</strong></span> 
     </span>
    </p>
   </div>
   <div class='ocr_carea' id='block_1_85' title="bbox 2002 2523 3596 2598">
    <p class='ocr_par' dir='ltr' id='par_1_85' title="bbox 2002 2523 3596 2598">
     <span class='ocr_line' id='line_1_89' title="bbox 2002 2523 3596 2598; baseline -0.006 -14"><span class='ocrx_word' id='word_1_696' title='bbox 2002 2528 2282 2584; x_wconf 74' lang='lat' dir='ltr'><strong>famulum.</strong></span> <span class='ocrx_word' id='word_1_697' title='bbox 2319 2528 2385 2583; x_wconf 87' lang='lat' dir='ltr'><strong>Et</strong></span> <span class='ocrx_word' id='word_1_698' title='bbox 2413 2537 2540 2583; x_wconf 91' lang='lat' dir='ltr'><strong>tunc</strong></span> <span class='ocrx_word' id='word_1_699' title='bbox 2563 2528 2653 2598; x_wconf 88' lang='lat' dir='ltr'><strong>qui</strong></span> <span class='ocrx_word' id='word_1_700' title='bbox 2683 2541 2828 2581; x_wconf 88' lang='lat' dir='ltr'><strong>nunc</strong></span> <span class='ocrx_word' id='word_1_701' title='bbox 2861 2525 3256 2593; x_wconf 71' lang='lat' dir='ltr'><strong>blasphematis</strong></span> <span class='ocrx_word' id='word_1_702' title='bbox 3288 2534 3342 2579; x_wconf 90' lang='lat' dir='ltr'><strong>et</strong></span> <span class='ocrx_word' id='word_1_703' title='bbox 3369 2523 3552 2578; x_wconf 90' lang='lat' dir='ltr'><strong>dicitis</strong></span> <span class='ocrx_word' id='word_1_704' title='bbox 3585 2538 3596 2574; x_wconf 93' lang='lat'><strong>:</strong></span> 
     </span>
    </p>
   </div>
   <div class='ocr_carea' id='block_1_86' title="bbox 2006 2619 3605 2692">
    <p class='ocr_par' dir='ltr' id='par_1_86' title="bbox 2006 2619 3605 2692">
     <span class='ocr_line' id='line_1_90' title="bbox 2006 2619 3605 2692; baseline -0.004 -16"><span class='ocrx_word' id='word_1_705' title='bbox 2006 2621 2158 2688; x_wconf 80' lang='lat' dir='ltr'><strong>Quod</strong></span> <span class='ocrx_word' id='word_1_706' title='bbox 2180 2622 2578 2677; x_wconf 83' lang='lat' dir='ltr'><strong>emolumentum</strong></span> <span class='ocrx_word' id='word_1_707' title='bbox 2600 2663 2615 2688; x_wconf 91' lang='lat'><strong>,</strong></span> <span class='ocrx_word' id='word_1_708' title='bbox 2641 2622 2762 2692; x_wconf 85' lang='lat' dir='ltr'><strong>quia</strong></span> <span class='ocrx_word' id='word_1_709' title='bbox 2784 2620 3152 2676; x_wconf 81' lang='lat' dir='ltr'><strong>custodivimus</strong></span> <span class='ocrx_word' id='word_1_710' title='bbox 3178 2626 3434 2691; x_wconf 70' lang='lat' dir='ltr'><strong>praecepta</strong></span> <span class='ocrx_word' id='word_1_711' title='bbox 3455 2619 3566 2690; x_wconf 86' lang='lat' dir='ltr'><strong>ejus</strong></span> <span class='ocrx_word' id='word_1_712' title='bbox 3589 2657 3605 2683; x_wconf 91' lang='lat'><strong>,</strong></span> 
     </span>
    </p>
   </div>
   <div class='ocr_carea' id='block_1_87' title="bbox 2004 2703 3604 2772">
    <p class='ocr_par' dir='ltr' id='par_1_87' title="bbox 2004 2703 3604 2772">
     <span class='ocr_line' id='line_1_91' title="bbox 2004 2703 3604 2772; baseline -0.004 0"><span class='ocrx_word' id='word_1_713' title='bbox 2004 2724 2050 2772; x_wconf 86' lang='lat' dir='ltr'><strong>ct</strong></span> <span class='ocrx_word' id='word_1_714' title='bbox 2097 2715 2470 2770; x_wconf 86' lang='lat' dir='ltr'><strong>ambulavimus</strong></span> <span class='ocrx_word' id='word_1_715' title='bbox 2500 2717 2667 2770; x_wconf 83' lang='lat' dir='ltr'><strong>tristes</strong></span> <span class='ocrx_word' id='word_1_716' title='bbox 2695 2730 2870 2770; x_wconf 89' lang='lat' dir='ltr'><strong>coram</strong></span> <span class='ocrx_word' id='word_1_717' title='bbox 2907 2713 3136 2769; x_wconf 89' lang='lat' dir='ltr'><strong>Domino</strong></span> <span class='ocrx_word' id='word_1_718' title='bbox 3159 2715 3185 2768; x_wconf 82' lang='lat'><strong><em>?</em></strong></span> <span class='ocrx_word' id='word_1_719' title='bbox 3216 2709 3242 2750; x_wconf 69' lang='grc' dir='ltr'><em>ά</em></span> <span class='ocrx_word' id='word_1_720' title='bbox 3271 2729 3335 2769; x_wconf 83' lang='lat' dir='ltr'><strong>es</strong></span> <span class='ocrx_word' id='word_1_721' title='bbox 3379 2703 3604 2766; x_wconf 88' lang='lat' dir='ltr'><strong>illorum</strong></span> 
     </span>
    </p>
   </div>
   <div class='ocr_carea' id='block_1_88' title="bbox 2004 2804 3597 2874">
    <p class='ocr_par' dir='ltr' id='par_1_88' title="bbox 2004 2804 3597 2874">
     <span class='ocr_line' id='line_1_92' title="bbox 2004 2804 3597 2874; baseline -0.004 -10"><span class='ocrx_word' id='word_1_722' title='bbox 2004 2809 2272 2865; x_wconf 87' lang='lat' dir='ltr'><strong>electione</strong></span> <span class='ocrx_word' id='word_1_723' title='bbox 2293 2817 2349 2863; x_wconf 89' lang='lat' dir='ltr'><strong>et</strong></span> <span class='ocrx_word' id='word_1_724' title='bbox 2377 2807 2723 2863; x_wconf 83' lang='lat' dir='ltr'><strong>beatitudine</strong></span> <span class='ocrx_word' id='word_1_725' title='bbox 2742 2849 2755 2872; x_wconf 96' lang='lat'><strong>,</strong></span> <span class='ocrx_word' id='word_1_726' title='bbox 2809 2813 2864 2862; x_wconf 88' lang='lat' dir='ltr'><strong>et</strong></span> <span class='ocrx_word' id='word_1_727' title='bbox 2896 2817 3132 2862; x_wconf 76' lang='lat' dir='ltr'><strong>vestram</strong></span> <span class='ocrx_word' id='word_1_728' title='bbox 3162 2804 3440 2860; x_wconf 86' lang='lat' dir='ltr'><strong>miseriam</strong></span> <span class='ocrx_word' id='word_1_729' title='bbox 3465 2819 3597 2874; x_wconf 78' lang='lat' dir='ltr'><strong>cog-</strong></span> 
     </span>
    </p>
   </div>
   <div class='ocr_carea' id='block_1_89' title="bbox 2007 2898 3597 2972">
    <p class='ocr_par' dir='ltr' id='par_1_89' title="bbox 2007 2898 3597 2972">
     <span class='ocr_line' id='line_1_93' title="bbox 2007 2898 3597 2972; baseline -0.003 -14"><span class='ocrx_word' id='word_1_730' title='bbox 2007 2902 2242 2959; x_wconf 86' lang='lat' dir='ltr'><strong>noscetis</strong></span> <span class='ocrx_word' id='word_1_731' title='bbox 2264 2945 2278 2970; x_wconf 93' lang='lat'><strong>,</strong></span> <span class='ocrx_word' id='word_1_732' title='bbox 2334 2911 2388 2958; x_wconf 88' lang='lat' dir='ltr'><strong>et</strong></span> <span class='ocrx_word' id='word_1_733' title='bbox 2415 2903 2556 2958; x_wconf 85' lang='lat' dir='ltr'><strong>versi</strong></span> <span class='ocrx_word' id='word_1_734' title='bbox 2602 2903 2656 2957; x_wconf 92' lang='lat' dir='ltr'><strong>in</strong></span> <span class='ocrx_word' id='word_1_735' title='bbox 2691 2903 3072 2972; x_wconf 74' lang='lat' dir='ltr'><strong>pmuitentiam</strong></span> <span class='ocrx_word' id='word_1_736' title='bbox 3101 2942 3116 2968; x_wconf 95' lang='lat'><strong>,</strong></span> <span class='ocrx_word' id='word_1_737' title='bbox 3180 2899 3437 2955; x_wconf 86' lang='lat' dir='ltr'><strong>videbitis</strong></span> <span class='ocrx_word' id='word_1_738' title='bbox 3467 2898 3597 2969; x_wconf 90' lang='lat' dir='ltr'><strong>quid</strong></span> 
     </span>
    </p>
   </div>
   <div class='ocr_carea' id='block_1_90' title="bbox 2010 2990 3604 3065">
    <p class='ocr_par' dir='ltr' id='par_1_90' title="bbox 2010 2990 3604 3065">
     <span class='ocr_line' id='line_1_94' title="bbox 2010 2990 3604 3065; baseline -0.003 -15"><span class='ocrx_word' id='word_1_739' title='bbox 2010 2995 2081 3050; x_wconf 88' lang='lat' dir='ltr'><strong>sit</strong></span> <span class='ocrx_word' id='word_1_740' title='bbox 2113 2995 2476 3064; x_wconf 82' lang='lat' dir='ltr'><strong>tuterjusmm</strong></span> <span class='ocrx_word' id='word_1_741' title='bbox 2510 3003 2564 3050; x_wconf 88' lang='lat' dir='ltr'><strong>et</strong></span> <span class='ocrx_word' id='word_1_742' title='bbox 2586 2993 2810 3065; x_wconf 89' lang='lat' dir='ltr'><strong>impium</strong></span> <span class='ocrx_word' id='word_1_743' title='bbox 2836 3032 2851 3060; x_wconf 89' lang='lat'><strong>,</strong></span> <span class='ocrx_word' id='word_1_744' title='bbox 2882 3002 2938 3048; x_wconf 88' lang='lat' dir='ltr'><strong>et</strong></span> <span class='ocrx_word' id='word_1_745' title='bbox 2959 2993 3103 3048; x_wconf 86' lang='lat' dir='ltr'><strong>inter</strong></span> <span class='ocrx_word' id='word_1_746' title='bbox 3123 2991 3452 3048; x_wconf 87' lang='lat' dir='ltr'><strong>servientem</strong></span> <span class='ocrx_word' id='word_1_747' title='bbox 3471 2990 3604 3056; x_wconf 91' lang='lat' dir='ltr'><strong>Deo,</strong></span> 
     </span>
    </p>
   </div>
   <div class='ocr_carea' id='block_1_91' title="bbox 2008 3085 2667 3144">
    <p class='ocr_par' dir='ltr' id='par_1_91' title="bbox 2008 3085 2667 3144">
     <span class='ocr_line' id='line_1_95' title="bbox 2008 3085 2667 3144; baseline 0.002 -1"><span class='ocrx_word' id='word_1_748' title='bbox 2008 3096 2063 3144; x_wconf 92' lang='lat' dir='ltr'><strong>et</strong></span> <span class='ocrx_word' id='word_1_749' title='bbox 2093 3102 2202 3143; x_wconf 89' lang='lat' dir='ltr'><strong>non</strong></span> <span class='ocrx_word' id='word_1_750' title='bbox 2230 3085 2562 3144; x_wconf 86' lang='lat' dir='ltr'><strong>servientem</strong></span> <span class='ocrx_word' id='word_1_751' title='bbox 2596 3090 2667 3144; x_wconf 85' lang='lat' dir='ltr'><strong>ei.</strong></span> 
     </span>
    </p>
   </div>
   <div class='ocr_carea' id='block_1_92' title="bbox 2087 3179 3608 3256">
    <p class='ocr_par' dir='ltr' id='par_1_92' title="bbox 2087 3179 3608 3256">
     <span class='ocr_line' id='line_1_96' title="bbox 2087 3179 3608 3256; baseline -0.003 -18"><span class='ocrx_word' id='word_1_752' title='bbox 2087 3184 2106 3256; x_wconf 91' lang='lat'><strong>(</strong></span> <span class='ocrx_word' id='word_1_753' title='bbox 2129 3179 2260 3255; x_wconf 85' lang='lat' dir='ltr'><strong>Cap.</strong></span> <span class='ocrx_word' id='word_1_754' title='bbox 2295 3182 2461 3237; x_wconf 88' lang='lat' dir='ltr'><strong>lV.-—</strong></span> <span class='ocrx_word' id='word_1_755' title='bbox 2485 3184 2640 3239; x_wconf 84' lang='lat' dir='ltr'><strong>Vers.</strong></span> <span class='ocrx_word' id='word_1_756' title='bbox 2667 3185 2692 3239; x_wconf 79' lang='lat' dir='ltr'><strong>‘l</strong></span> <span class='ocrx_word' id='word_1_757' title='bbox 2728 3181 2908 3254; x_wconf 84' lang='lat' dir='ltr'><strong>seqq.)</strong></span> <span class='ocrx_word' id='word_1_758' title='bbox 2941 3182 3076 3238; x_wconf 78' lang='lat' dir='ltr'><strong>Ecce</strong></span> <span class='ocrx_word' id='word_1_759' title='bbox 3102 3182 3238 3236; x_wconf 83' lang='lat' dir='ltr'><strong>enim</strong></span> <span class='ocrx_word' id='word_1_760' title='bbox 3269 3181 3379 3235; x_wconf 83' lang='lat' dir='ltr'><strong>dies</strong></span> <span class='ocrx_word' id='word_1_761' title='bbox 3407 3180 3569 3235; x_wconf 80' lang='lat' dir='ltr'><strong>veniet</strong></span> <span class='ocrx_word' id='word_1_762' title='bbox 3596 3222 3608 3247; x_wconf 95' lang='lat'><strong>,</strong></span> 
     </span>
    </p>
   </div>
   <div class='ocr_carea' id='block_1_93' title="bbox 2012 3273 3610 3349">
    <p class='ocr_par' dir='ltr' id='par_1_93' title="bbox 2012 3273 3610 3349">
     <span class='ocr_line' id='line_1_97' title="bbox 2012 3273 3610 3349; baseline -0.006 -16"><span class='ocrx_word' id='word_1_763' title='bbox 2012 3291 2255 3334; x_wconf 85' lang='lat' dir='ltr'><strong>succensa</strong></span> <span class='ocrx_word' id='word_1_764' title='bbox 2281 3280 2428 3349; x_wconf 74' lang='lat' dir='ltr'><strong>quasi</strong></span> <span class='ocrx_word' id='word_1_765' title='bbox 2457 3279 2720 3343; x_wconf 88' lang='lat' dir='ltr'><strong>caminus,</strong></span> <span class='ocrx_word' id='word_1_766' title='bbox 2754 3285 2800 3332; x_wconf 86' lang='lat' dir='ltr'><strong>et</strong></span> <span class='ocrx_word' id='word_1_767' title='bbox 2852 3285 3006 3332; x_wconf 86' lang='lat' dir='ltr'><strong>erunt</strong></span> <span class='ocrx_word' id='word_1_768' title='bbox 3053 3291 3227 3330; x_wconf 84' lang='lat' dir='ltr'><strong>omnes</strong></span> <span class='ocrx_word' id='word_1_769' title='bbox 3271 3273 3510 3343; x_wconf 84' lang='lat' dir='ltr'><strong>superbi,</strong></span> <span class='ocrx_word' id='word_1_770' title='bbox 3564 3281 3610 3326; x_wconf 86' lang='lat' dir='ltr'><strong>et</strong></span> 
     </span>
    </p>
   </div>
   <div class='ocr_carea' id='block_1_94' title="bbox 2015 3367 3616 3445">
    <p class='ocr_par' dir='ltr' id='par_1_94' title="bbox 2015 3367 3616 3445">
     <span class='ocr_line' id='line_1_98' title="bbox 2015 3367 3616 3445; baseline -0.004 -17"><span class='ocrx_word' id='word_1_771' title='bbox 2015 3387 2189 3428; x_wconf 86' lang='lat' dir='ltr'><strong>omnes</strong></span> <span class='ocrx_word' id='word_1_772' title='bbox 2233 3374 2482 3444; x_wconf 79' lang='lat' dir='ltr'><strong>facientes</strong></span> <span class='ocrx_word' id='word_1_773' title='bbox 2507 3373 2848 3445; x_wconf 82' lang='lat' dir='ltr'><strong>impietatem,</strong></span> <span class='ocrx_word' id='word_1_774' title='bbox 2907 3369 3144 3443; x_wconf 84' lang='lat' dir='ltr'><strong>stipula:</strong></span> <span class='ocrx_word' id='word_1_775' title='bbox 3175 3379 3221 3422; x_wconf 72' lang='lat' dir='ltr'><strong>et</strong></span> <span class='ocrx_word' id='word_1_776' title='bbox 3272 3367 3616 3440; x_wconf 81' lang='lat' dir='ltr'><strong>inﬂammabit</strong></span> 
     </span>
    </p>
   </div>
   <div class='ocr_carea' id='block_1_95' title="bbox 2016 3463 3614 3532">
    <p class='ocr_par' dir='ltr' id='par_1_95' title="bbox 2016 3463 3614 3532">
     <span class='ocr_line' id='line_1_99' title="bbox 2016 3463 3614 3532; baseline -0.005 -10"><span class='ocrx_word' id='word_1_777' title='bbox 2016 3481 2100 3522; x_wconf 77' lang='lat' dir='ltr'><strong>eos</strong></span> <span class='ocrx_word' id='word_1_778' title='bbox 2128 3467 2236 3520; x_wconf 83' lang='lat' dir='ltr'><strong>dies</strong></span> <span class='ocrx_word' id='word_1_779' title='bbox 2267 3467 2497 3530; x_wconf 82' lang='lat' dir='ltr'><strong>veniens,</strong></span> <span class='ocrx_word' id='word_1_780' title='bbox 2525 3465 2649 3520; x_wconf 87' lang='lat' dir='ltr'><strong>dicit</strong></span> <span class='ocrx_word' id='word_1_781' title='bbox 2687 3463 2942 3519; x_wconf 86' lang='lat' dir='ltr'><strong>Dominus</strong></span> <span class='ocrx_word' id='word_1_782' title='bbox 2971 3463 3321 3529; x_wconf 68' lang='lat' dir='ltr'><strong>exercituum,</strong></span> <span class='ocrx_word' id='word_1_783' title='bbox 3364 3476 3480 3532; x_wconf 73' lang='lat' dir='ltr'><strong>qum</strong></span> <span class='ocrx_word' id='word_1_784' title='bbox 3511 3475 3614 3514; x_wconf 87' lang='lat' dir='ltr'><strong>non</strong></span> 
     </span>
    </p>
   </div>
   <div class='ocr_carea' id='block_1_96' title="bbox 2016 3557 3618 3635">
    <p class='ocr_par' dir='ltr' id='par_1_96' title="bbox 2016 3557 3618 3635">
     <span class='ocr_line' id='line_1_100' title="bbox 2016 3557 3618 3635; baseline -0.003 -20"><span class='ocrx_word' id='word_1_785' title='bbox 2016 3561 2268 3634; x_wconf 80' lang='lat' dir='ltr'><strong>relinquet</strong></span> <span class='ocrx_word' id='word_1_786' title='bbox 2296 3563 2368 3617; x_wconf 86' lang='lat' dir='ltr'><strong>eis</strong></span> <span class='ocrx_word' id='word_1_787' title='bbox 2386 3563 2611 3617; x_wconf 83' lang='lat' dir='ltr'><strong>radicem</strong></span> <span class='ocrx_word' id='word_1_788' title='bbox 2633 3573 2682 3616; x_wconf 89' lang='lat' dir='ltr'><strong>et</strong></span> <span class='ocrx_word' id='word_1_789' title='bbox 2708 3576 2937 3635; x_wconf 83' lang='lat' dir='ltr'><strong>germen.</strong></span> <span class='ocrx_word' id='word_1_790' title='bbox 2961 3559 3028 3613; x_wconf 86' lang='lat' dir='ltr'><strong>Et</strong></span> <span class='ocrx_word' id='word_1_791' title='bbox 3051 3560 3243 3613; x_wconf 82' lang='lat' dir='ltr'><strong>orietur</strong></span> <span class='ocrx_word' id='word_1_792' title='bbox 3263 3557 3405 3612; x_wconf 81' lang='lat' dir='ltr'><strong>vobis</strong></span> <span class='ocrx_word' id='word_1_793' title='bbox 3433 3557 3618 3613; x_wconf 87' lang='lat' dir='ltr'><strong>timen-</strong></span> 
     </span>
    </p>
   </div>
   <div class='ocr_carea' id='block_1_97' title="bbox 2021 3649 3617 3724">
    <p class='ocr_par' dir='ltr' id='par_1_97' title="bbox 2021 3649 3617 3724">
     <span class='ocr_line' id='line_1_101' title="bbox 2021 3649 3617 3724; baseline -0.003 -15"><span class='ocrx_word' id='word_1_794' title='bbox 2021 3655 2155 3710; x_wconf 88' lang='lat' dir='ltr'><strong>tibus</strong></span> <span class='ocrx_word' id='word_1_795' title='bbox 2188 3671 2372 3711; x_wconf 82' lang='lat' dir='ltr'><strong>nomen</strong></span> <span class='ocrx_word' id='word_1_796' title='bbox 2402 3671 2574 3712; x_wconf 80' lang='lat' dir='ltr'><strong>meum</strong></span> <span class='ocrx_word' id='word_1_797' title='bbox 2613 3657 2692 3710; x_wconf 88' lang='lat' dir='ltr'><strong>sol</strong></span> <span class='ocrx_word' id='word_1_798' title='bbox 2725 3655 2948 3724; x_wconf 81' lang='lat' dir='ltr'><strong>justitite</strong></span> <span class='ocrx_word' id='word_1_799' title='bbox 2969 3697 2982 3721; x_wconf 96' lang='lat'><strong>,</strong></span> <span class='ocrx_word' id='word_1_800' title='bbox 3015 3661 3062 3706; x_wconf 80' lang='lat' dir='ltr'><strong>et</strong></span> <span class='ocrx_word' id='word_1_801' title='bbox 3113 3653 3312 3707; x_wconf 84' lang='lat' dir='ltr'><strong>sanitas</strong></span> <span class='ocrx_word' id='word_1_802' title='bbox 3341 3651 3392 3705; x_wconf 86' lang='lat' dir='ltr'><strong>in</strong></span> <span class='ocrx_word' id='word_1_803' title='bbox 3435 3649 3617 3721; x_wconf 85' lang='lat' dir='ltr'><strong>pennis</strong></span> 
     </span>
    </p>
   </div>
   <div class='ocr_carea' id='block_1_98' title="bbox 2021 3745 3622 3824">
    <p class='ocr_par' dir='ltr' id='par_1_98' title="bbox 2021 3745 3622 3824">
     <span class='ocr_line' id='line_1_102' title="bbox 2021 3745 3622 3824; baseline -0.004 -21"><span class='ocrx_word' id='word_1_804' title='bbox 2021 3752 2134 3824; x_wconf 85' lang='lat' dir='ltr'><strong>ejus</strong></span> <span class='ocrx_word' id='word_1_805' title='bbox 2160 3791 2174 3816; x_wconf 93' lang='lat'><strong>,</strong></span> <span class='ocrx_word' id='word_1_806' title='bbox 2209 3761 2256 3805; x_wconf 85' lang='lat' dir='ltr'><strong>et</strong></span> <span class='ocrx_word' id='word_1_807' title='bbox 2283 3749 2639 3822; x_wconf 76' lang='lat' dir='ltr'><strong>egredimini,</strong></span> <span class='ocrx_word' id='word_1_808' title='bbox 2670 3759 2716 3804; x_wconf 88' lang='lat' dir='ltr'><strong>et</strong></span> <span class='ocrx_word' id='word_1_809' title='bbox 2743 3747 2940 3802; x_wconf 83' lang='lat' dir='ltr'><strong>salictis</strong></span> <span class='ocrx_word' id='word_1_810' title='bbox 2967 3748 3102 3801; x_wconf 87' lang='lat' dir='ltr'><strong>sicut</strong></span> <span class='ocrx_word' id='word_1_811' title='bbox 3131 3745 3282 3800; x_wconf 86' lang='lat' dir='ltr'><strong>vituli</strong></span> <span class='ocrx_word' id='word_1_812' title='bbox 3313 3745 3378 3798; x_wconf 84' lang='lat' dir='ltr'><strong>de</strong></span> <span class='ocrx_word' id='word_1_813' title='bbox 3407 3759 3622 3798; x_wconf 81' lang='lat' dir='ltr'><strong>armen-</strong></span> 
     </span>
    </p>
   </div>
   <div class='ocr_carea' id='block_1_99' title="bbox 2025 3839 3621 3914">
    <p class='ocr_par' dir='ltr' id='par_1_99' title="bbox 2025 3839 3621 3914">
     <span class='ocr_line' id='line_1_103' title="bbox 2025 3839 3621 3914; baseline -0.003 -18"><span class='ocrx_word' id='word_1_814' title='bbox 2025 3851 2096 3898; x_wconf 89' lang='lat' dir='ltr'><strong>to.</strong></span> <span class='ocrx_word' id='word_1_815' title='bbox 2123 3843 2192 3896; x_wconf 85' lang='lat' dir='ltr'><strong>Et</strong></span> <span class='ocrx_word' id='word_1_816' title='bbox 2239 3842 2500 3897; x_wconf 84' lang='lat' dir='ltr'><strong>calcabitis</strong></span> <span class='ocrx_word' id='word_1_817' title='bbox 2527 3841 2714 3914; x_wconf 83' lang='lat' dir='ltr'><strong>impios</strong></span> <span class='ocrx_word' id='word_1_818' title='bbox 2761 3857 2876 3894; x_wconf 85' lang='lat' dir='ltr'><strong>cum</strong></span> <span class='ocrx_word' id='word_1_819' title='bbox 2924 3841 3115 3911; x_wconf 84' lang='lat' dir='ltr'><strong>fuerint</strong></span> <span class='ocrx_word' id='word_1_820' title='bbox 3155 3840 3288 3893; x_wconf 83' lang='lat' dir='ltr'><strong>cinis</strong></span> <span class='ocrx_word' id='word_1_821' title='bbox 3314 3839 3410 3893; x_wconf 85' lang='lat' dir='ltr'><strong>sub</strong></span> <span class='ocrx_word' id='word_1_822' title='bbox 3440 3839 3621 3910; x_wconf 84' lang='lat' dir='ltr'><strong>planta</strong></span> 
     </span>
    </p>
   </div>
   <div class='ocr_carea' id='block_1_100' title="bbox 2027 3928 3622 4011">
    <p class='ocr_par' dir='ltr' id='par_1_100' title="bbox 2027 3928 3622 4011">
     <span class='ocr_line' id='line_1_104' title="bbox 2027 3928 3622 4011; baseline -0.004 -18"><span class='ocrx_word' id='word_1_823' title='bbox 2027 3939 2216 4011; x_wconf 84' lang='lat' dir='ltr'><strong>pedum</strong></span> <span class='ocrx_word' id='word_1_824' title='bbox 2259 3943 2541 3992; x_wconf 78' lang='lat' dir='ltr'><strong>vestrorum</strong></span> <span class='ocrx_word' id='word_1_825' title='bbox 2565 3976 2583 4000; x_wconf 95' lang='lat'><strong>,</strong></span> <span class='ocrx_word' id='word_1_826' title='bbox 2615 3936 2669 3988; x_wconf 87' lang='lat' dir='ltr'><strong>in</strong></span> <span class='ocrx_word' id='word_1_827' title='bbox 2697 3935 2783 3988; x_wconf 86' lang='lat' dir='ltr'><strong>die</strong></span> <span class='ocrx_word' id='word_1_828' title='bbox 2813 3951 2916 4006; x_wconf 85' lang='lat' dir='ltr'><strong>qua</strong></span> <span class='ocrx_word' id='word_1_829' title='bbox 2942 3947 3036 4005; x_wconf 88' lang='lat' dir='ltr'><strong>ego</strong></span> <span class='ocrx_word' id='word_1_830' title='bbox 3067 3933 3204 4006; x_wconf 78' lang='lat' dir='ltr'><strong>facio</strong></span> <span class='ocrx_word' id='word_1_831' title='bbox 3233 3973 3245 3997; x_wconf 95' lang='lat'><strong>,</strong></span> <span class='ocrx_word' id='word_1_832' title='bbox 3287 3933 3410 3986; x_wconf 73' lang='lat' dir='ltr'><strong>dit-it</strong></span> <span class='ocrx_word' id='word_1_833' title='bbox 3438 3928 3622 3986; x_wconf 82' lang='lat' dir='ltr'><strong>Domi-</strong></span> 
     </span>
    </p>
   </div>
   <div class='ocr_carea' id='block_1_101' title="bbox 2029 4025 3632 4098">
    <p class='ocr_par' dir='ltr' id='par_1_101' title="bbox 2029 4025 3632 4098">
     <span class='ocr_line' id='line_1_105' title="bbox 2029 4025 3632 4098; baseline -0.006 -10"><span class='ocrx_word' id='word_1_834' title='bbox 2029 4049 2127 4088; x_wconf 87' lang='lat' dir='ltr'><strong>nus</strong></span> <span class='ocrx_word' id='word_1_835' title='bbox 2149 4031 2488 4088; x_wconf 79' lang='lat' dir='ltr'><strong>exercituum.</strong></span> <span class='ocrx_word' id='word_1_836' title='bbox 2521 4029 2668 4085; x_wconf 80' lang='lat' dir='ltr'><strong>LXX</strong></span> <span class='ocrx_word' id='word_1_837' title='bbox 2702 4047 2716 4084; x_wconf 76' lang='grc' dir='ltr'><strong><em>τ</em></strong></span> <span class='ocrx_word' id='word_1_838' title='bbox 2750 4028 3020 4098; x_wconf 65' lang='grc' dir='ltr'><strong>ραὶαξεσεε</strong></span> <span class='ocrx_word' id='word_1_839' title='bbox 3052 4027 3162 4081; x_wconf 84' lang='lat' dir='ltr'><strong>dies</strong></span> <span class='ocrx_word' id='word_1_840' title='bbox 3181 4025 3316 4081; x_wconf 83' lang='lat' dir='ltr'><strong>venit</strong></span> <span class='ocrx_word' id='word_1_841' title='bbox 3338 4027 3532 4080; x_wconf 84' lang='lat' dir='ltr'><strong>ardens</strong></span> <span class='ocrx_word' id='word_1_842' title='bbox 3561 4025 3632 4079; x_wconf 82' lang='lat' dir='ltr'><strong>si-</strong></span> 
     </span>
    </p>
   </div>
   <div class='ocr_carea' id='block_1_102' title="bbox 2031 4115 3627 4195">
    <p class='ocr_par' dir='ltr' id='par_1_102' title="bbox 2031 4115 3627 4195">
     <span class='ocr_line' id='line_1_106' title="bbox 2031 4115 3627 4195; baseline -0.006 -13"><span class='ocrx_word' id='word_1_843' title='bbox 2031 4135 2114 4182; x_wconf 90' lang='lat' dir='ltr'><strong>cut</strong></span> <span class='ocrx_word' id='word_1_844' title='bbox 2147 4127 2415 4195; x_wconf 86' lang='lat' dir='ltr'><strong>ctibanus,</strong></span> <span class='ocrx_word' id='word_1_845' title='bbox 2443 4133 2487 4181; x_wconf 87' lang='lat' dir='ltr'><strong>et</strong></span> <span class='ocrx_word' id='word_1_846' title='bbox 2518 4124 2778 4180; x_wconf 86' lang='lat' dir='ltr'><strong>comburet</strong></span> <span class='ocrx_word' id='word_1_847' title='bbox 2806 4137 2922 4189; x_wconf 87' lang='lat' dir='ltr'><strong>eos,</strong></span> <span class='ocrx_word' id='word_1_848' title='bbox 2957 4130 3007 4177; x_wconf 87' lang='lat' dir='ltr'><strong>et</strong></span> <span class='ocrx_word' id='word_1_849' title='bbox 3046 4131 3194 4177; x_wconf 86' lang='lat' dir='ltr'><strong>erunt</strong></span> <span class='ocrx_word' id='word_1_850' title='bbox 3219 4135 3395 4176; x_wconf 77' lang='lat' dir='ltr'><strong>omnes</strong></span> <span class='ocrx_word' id='word_1_851' title='bbox 3438 4115 3627 4174; x_wconf 84' lang='lat' dir='ltr'><strong>alieni-</strong></span> 
     </span>
    </p>
   </div>
   <div class='ocr_carea' id='block_1_103' title="bbox 2031 4210 3630 4292">
    <p class='ocr_par' dir='ltr' id='par_1_103' title="bbox 2031 4210 3630 4292">
     <span class='ocr_line' id='line_1_107' title="bbox 2031 4210 3630 4292; baseline -0.006 -17"><span class='ocrx_word' id='word_1_852' title='bbox 2031 4235 2212 4292; x_wconf 79' lang='lat' dir='ltr'><strong>gentc,</strong></span> <span class='ocrx_word' id='word_1_853' title='bbox 2263 4227 2310 4274; x_wconf 87' lang='lat' dir='ltr'><strong>et</strong></span> <span class='ocrx_word' id='word_1_854' title='bbox 2338 4219 2566 4274; x_wconf 85' lang='lat' dir='ltr'><strong>universi</strong></span> <span class='ocrx_word' id='word_1_855' title='bbox 2591 4218 2682 4288; x_wconf 89' lang='lat' dir='ltr'><strong>qui</strong></span> <span class='ocrx_word' id='word_1_856' title='bbox 2730 4216 2930 4288; x_wconf 80' lang='lat' dir='ltr'><strong>faciunt</strong></span> <span class='ocrx_word' id='word_1_857' title='bbox 2973 4215 3339 4284; x_wconf 84' lang='lat' dir='ltr'><strong>iniquitatem,</strong></span> <span class='ocrx_word' id='word_1_858' title='bbox 3385 4210 3581 4280; x_wconf 83' lang='lat' dir='ltr'><strong>stipula</strong></span> <span class='ocrx_word' id='word_1_859' title='bbox 3611 4227 3630 4265; x_wconf 92' lang='lat'><strong><em>:</em></strong></span> 
     </span>
    </p>
   </div>
   <div class='ocr_carea' id='block_1_104' title="bbox 2034 4303 3629 4376">
    <p class='ocr_par' dir='ltr' id='par_1_104' title="bbox 2034 4303 3629 4376">
     <span class='ocr_line' id='line_1_108' title="bbox 2034 4303 3629 4376; baseline -0.009 -5"><span class='ocrx_word' id='word_1_860' title='bbox 2034 4313 2301 4373; x_wconf 87' lang='lat' dir='ltr'><strong>succendet</strong></span> <span class='ocrx_word' id='word_1_861' title='bbox 2335 4329 2420 4367; x_wconf 87' lang='lat' dir='ltr'><strong>cos</strong></span> <span class='ocrx_word' id='word_1_862' title='bbox 2445 4313 2554 4366; x_wconf 86' lang='lat' dir='ltr'><strong>dies</strong></span> <span class='ocrx_word' id='word_1_863' title='bbox 2584 4311 2786 4364; x_wconf 79' lang='lat' dir='ltr'><strong>veniens</strong></span> <span class='ocrx_word' id='word_1_864' title='bbox 2807 4351 2820 4375; x_wconf 93' lang='lat'><strong>,</strong></span> <span class='ocrx_word' id='word_1_865' title='bbox 2851 4308 2977 4362; x_wconf 87' lang='lat' dir='ltr'><strong>dicit</strong></span> <span class='ocrx_word' id='word_1_866' title='bbox 2997 4306 3253 4360; x_wconf 84' lang='lat' dir='ltr'><strong>Dominus</strong></span> <span class='ocrx_word' id='word_1_867' title='bbox 3285 4303 3629 4376; x_wconf 84' lang='lat' dir='ltr'><strong>omnipotens,</strong></span> 
     </span>
    </p>
   </div>
   <div class='ocr_carea' id='block_1_105' title="bbox 2033 4395 3637 4477">
    <p class='ocr_par' dir='ltr' id='par_1_105' title="bbox 2033 4395 3637 4477">
     <span class='ocr_line' id='line_1_109' title="bbox 2033 4395 3637 4477; baseline -0.008 -14"><span class='ocrx_word' id='word_1_868' title='bbox 2033 4418 2082 4464; x_wconf 88' lang='lat' dir='ltr'><strong>et</strong></span> <span class='ocrx_word' id='word_1_869' title='bbox 2103 4425 2204 4462; x_wconf 90' lang='lat' dir='ltr'><strong>non</strong></span> <span class='ocrx_word' id='word_1_870' title='bbox 2227 4406 2547 4477; x_wconf 86' lang='lat' dir='ltr'><strong>relinquetur</strong></span> <span class='ocrx_word' id='word_1_871' title='bbox 2574 4403 2627 4456; x_wconf 88' lang='lat' dir='ltr'><strong>in</strong></span> <span class='ocrx_word' id='word_1_872' title='bbox 2655 4402 2727 4455; x_wconf 87' lang='lat' dir='ltr'><strong>eis</strong></span> <span class='ocrx_word' id='word_1_873' title='bbox 2750 4402 2904 4454; x_wconf 74' lang='lat' dir='ltr'><strong>radix</strong></span> <span class='ocrx_word' id='word_1_874' title='bbox 2925 4415 3092 4470; x_wconf 87' lang='lat' dir='ltr'><strong>neque</strong></span> <span class='ocrx_word' id='word_1_875' title='bbox 3109 4414 3310 4452; x_wconf 86' lang='lat' dir='ltr'><strong>ramus.</strong></span> <span class='ocrx_word' id='word_1_876' title='bbox 3345 4395 3412 4450; x_wconf 87' lang='lat' dir='ltr'><strong>Et</strong></span> <span class='ocrx_word' id='word_1_877' title='bbox 3444 4397 3637 4451; x_wconf 87' lang='lat' dir='ltr'><strong>orietur</strong></span> 
     </span>
    </p>
   </div>
   <div class='ocr_carea' id='block_1_106' title="bbox 2039 4489 3637 4571">
    <p class='ocr_par' dir='ltr' id='par_1_106' title="bbox 2039 4489 3637 4571">
     <span class='ocr_line' id='line_1_110' title="bbox 2039 4489 3637 4571; baseline -0.008 -13"><span class='ocrx_word' id='word_1_878' title='bbox 2039 4503 2180 4558; x_wconf 86' lang='lat' dir='ltr'><strong>vobis</strong></span> <span class='ocrx_word' id='word_1_879' title='bbox 2208 4501 2294 4571; x_wconf 87' lang='lat' dir='ltr'><strong>qui</strong></span> <span class='ocrx_word' id='word_1_880' title='bbox 2317 4499 2506 4553; x_wconf 84' lang='lat' dir='ltr'><strong>timetis</strong></span> <span class='ocrx_word' id='word_1_881' title='bbox 2536 4509 2724 4550; x_wconf 83' lang='lat' dir='ltr'><strong>nomen</strong></span> <span class='ocrx_word' id='word_1_882' title='bbox 2760 4508 2930 4548; x_wconf 89' lang='lat' dir='ltr'><strong>meum</strong></span> <span class='ocrx_word' id='word_1_883' title='bbox 2957 4492 3033 4548; x_wconf 85' lang='lat' dir='ltr'><strong>sol</strong></span> <span class='ocrx_word' id='word_1_884' title='bbox 3055 4493 3310 4564; x_wconf 79' lang='lat' dir='ltr'><strong>justitite,</strong></span> <span class='ocrx_word' id='word_1_885' title='bbox 3345 4499 3395 4546; x_wconf 87' lang='lat' dir='ltr'><strong>ct</strong></span> <span class='ocrx_word' id='word_1_886' title='bbox 3435 4489 3637 4546; x_wconf 86' lang='lat' dir='ltr'><strong>sanitas</strong></span> 
     </span>
    </p>
   </div>
   <div class='ocr_carea' id='block_1_107' title="bbox 2044 4586 3643 4668">
    <p class='ocr_par' dir='ltr' id='par_1_107' title="bbox 2044 4586 3643 4668">
     <span class='ocr_line' id='line_1_111' title="bbox 2044 4586 3643 4668; baseline -0.006 -16"><span class='ocrx_word' id='word_1_887' title='bbox 2044 4599 2096 4652; x_wconf 90' lang='lat' dir='ltr'><strong>in</strong></span> <span class='ocrx_word' id='word_1_888' title='bbox 2124 4595 2304 4668; x_wconf 86' lang='lat' dir='ltr'><strong>pennis</strong></span> <span class='ocrx_word' id='word_1_889' title='bbox 2333 4597 2476 4666; x_wconf 84' lang='lat' dir='ltr'><strong>ejus,</strong></span> <span class='ocrx_word' id='word_1_890' title='bbox 2503 4600 2550 4645; x_wconf 87' lang='lat' dir='ltr'><strong>et</strong></span> <span class='ocrx_word' id='word_1_891' title='bbox 2572 4587 2926 4664; x_wconf 79' lang='lat' dir='ltr'><strong>cgrediemini,</strong></span> <span class='ocrx_word' id='word_1_892' title='bbox 2952 4598 2998 4642; x_wconf 91' lang='lat' dir='ltr'><strong>et</strong></span> <span class='ocrx_word' id='word_1_893' title='bbox 3022 4587 3216 4643; x_wconf 83' lang='lat' dir='ltr'><strong>salictis</strong></span> <span class='ocrx_word' id='word_1_894' title='bbox 3245 4588 3376 4642; x_wconf 86' lang='lat' dir='ltr'><strong>sicut</strong></span> <span class='ocrx_word' id='word_1_895' title='bbox 3402 4586 3552 4642; x_wconf 77' lang='lat' dir='ltr'><strong>vituli</strong></span> <span class='ocrx_word' id='word_1_896' title='bbox 3579 4587 3643 4642; x_wconf 87' lang='lat' dir='ltr'><strong>de</strong></span> 
     </span>
    </p>
   </div>
   <div class='ocr_carea' id='block_1_108' title="bbox 2044 4681 3646 4756">
    <p class='ocr_par' dir='ltr' id='par_1_108' title="bbox 2044 4681 3646 4756">
     <span class='ocr_line' id='line_1_112' title="bbox 2044 4681 3646 4756; baseline -0.009 -10"><span class='ocrx_word' id='word_1_897' title='bbox 2044 4689 2268 4746; x_wconf 78' lang='lat' dir='ltr'><strong>vinculis</strong></span> <span class='ocrx_word' id='word_1_898' title='bbox 2284 4685 2528 4751; x_wconf 73' lang='lat' dir='ltr'><strong>relaxati,</strong></span> <span class='ocrx_word' id='word_1_899' title='bbox 2543 4692 2588 4737; x_wconf 87' lang='lat' dir='ltr'><strong>et</strong></span> <span class='ocrx_word' id='word_1_900' title='bbox 2603 4683 2768 4756; x_wconf 76' lang='lat'><strong>983</strong></span> <span class='ocrx_word' id='word_1_901' title='bbox 2786 4681 3160 4736; x_wconf 73' lang='lat' dir='ltr'><strong>conculcabitis</strong></span> <span class='ocrx_word' id='word_1_902' title='bbox 3182 4682 3408 4753; x_wconf 87' lang='lat' dir='ltr'><strong>iniquos,</strong></span> <span class='ocrx_word' id='word_1_903' title='bbox 3428 4689 3474 4735; x_wconf 84' lang='lat' dir='ltr'><strong>et</strong></span> <span class='ocrx_word' id='word_1_904' title='bbox 3495 4689 3646 4733; x_wconf 80' lang='lat' dir='ltr'><strong>erunt</strong></span> 
     </span>
    </p>
   </div>
   <div class='ocr_carea' id='block_1_109' title="bbox 2046 4775 3644 4852">
    <p class='ocr_par' dir='ltr' id='par_1_109' title="bbox 2046 4775 3644 4852">
     <span class='ocr_line' id='line_1_113' title="bbox 2046 4775 3644 4852; baseline -0.006 -14"><span class='ocrx_word' id='word_1_905' title='bbox 2046 4782 2180 4838; x_wconf 86' lang='lat' dir='ltr'><strong>cinis</strong></span> <span class='ocrx_word' id='word_1_906' title='bbox 2223 4777 2436 4852; x_wconf 86' lang='lat' dir='ltr'><strong>subter[</strong></span> <span class='ocrx_word' id='word_1_907' title='bbox 2464 4779 2543 4835; x_wconf 76' lang='lat' dir='ltr'><strong>Al.</strong></span> <span class='ocrx_word' id='word_1_908' title='bbox 2577 4775 2744 4849; x_wconf 85' lang='lat' dir='ltr'><strong>inter]</strong></span> <span class='ocrx_word' id='word_1_909' title='bbox 2767 4775 2919 4848; x_wconf 80' lang='lat' dir='ltr'><strong>pedes</strong></span> <span class='ocrx_word' id='word_1_910' title='bbox 2944 4783 3137 4830; x_wconf 80' lang='lat' dir='ltr'><strong>vestros</strong></span> <span class='ocrx_word' id='word_1_911' title='bbox 3161 4819 3174 4842; x_wconf 93' lang='lat'><strong>,</strong></span> <span class='ocrx_word' id='word_1_912' title='bbox 3220 4775 3276 4829; x_wconf 83' lang='lat' dir='ltr'><strong>in</strong></span> <span class='ocrx_word' id='word_1_913' title='bbox 3307 4776 3388 4829; x_wconf 86' lang='lat' dir='ltr'><strong>die</strong></span> <span class='ocrx_word' id='word_1_914' title='bbox 3417 4791 3521 4846; x_wconf 89' lang='lat' dir='ltr'><strong>qua</strong></span> <span class='ocrx_word' id='word_1_915' title='bbox 3551 4791 3644 4847; x_wconf 89' lang='lat' dir='ltr'><strong>ego</strong></span> 
     </span>
    </p>
   </div>
   <div class='ocr_carea' id='block_1_110' title="bbox 2047 4871 3649 4950">
    <p class='ocr_par' dir='ltr' id='par_1_110' title="bbox 2047 4871 3649 4950">
     <span class='ocr_line' id='line_1_114' title="bbox 2047 4871 3649 4950; baseline -0.006 -16"><span class='ocrx_word' id='word_1_916' title='bbox 2047 4879 2182 4950; x_wconf 80' lang='lat' dir='ltr'><strong>facio</strong></span> <span class='ocrx_word' id='word_1_917' title='bbox 2207 4921 2222 4945; x_wconf 95' lang='lat'><strong>,</strong></span> <span class='ocrx_word' id='word_1_918' title='bbox 2253 4875 2377 4930; x_wconf 84' lang='lat' dir='ltr'><strong>dicit</strong></span> <span class='ocrx_word' id='word_1_919' title='bbox 2409 4873 2662 4929; x_wconf 86' lang='lat' dir='ltr'><strong>Dominus</strong></span> <span class='ocrx_word' id='word_1_920' title='bbox 2703 4871 3046 4944; x_wconf 86' lang='lat' dir='ltr'><strong>amnipotens.</strong></span> <span class='ocrx_word' id='word_1_921' title='bbox 3097 4871 3234 4939; x_wconf 86' lang='lat' dir='ltr'><strong>Quia</strong></span> <span class='ocrx_word' id='word_1_922' title='bbox 3268 4871 3519 4926; x_wconf 84' lang='lat' dir='ltr'><strong>laborare</strong></span> <span class='ocrx_word' id='word_1_923' title='bbox 3560 4883 3649 4925; x_wconf 90' lang='lat' dir='ltr'><strong>me</strong></span> 
     </span>
    </p>
   </div>
   <div class='ocr_carea' id='block_1_111' title="bbox 2047 4965 3646 5040">
    <p class='ocr_par' dir='ltr' id='par_1_111' title="bbox 2047 4965 3646 5040">
     <span class='ocr_line' id='line_1_115' title="bbox 2047 4965 3646 5040; baseline -0.006 -12"><span class='ocrx_word' id='word_1_924' title='bbox 2047 4969 2294 5030; x_wconf 86' lang='lat' dir='ltr'><strong>fecerunt</strong></span> <span class='ocrx_word' id='word_1_925' title='bbox 2339 4967 2490 5040; x_wconf 88' lang='lat' dir='ltr'><strong>impii</strong></span> <span class='ocrx_word' id='word_1_926' title='bbox 2541 4968 2594 5023; x_wconf 89' lang='lat' dir='ltr'><strong>in</strong></span> <span class='ocrx_word' id='word_1_927' title='bbox 2641 4966 2988 5023; x_wconf 85' lang='lat' dir='ltr'><strong>sermonibus</strong></span> <span class='ocrx_word' id='word_1_928' title='bbox 3043 4966 3189 5033; x_wconf 89' lang='lat' dir='ltr'><strong>suis,</strong></span> <span class='ocrx_word' id='word_1_929' title='bbox 3245 4973 3302 5021; x_wconf 91' lang='lat' dir='ltr'><strong>et</strong></span> <span class='ocrx_word' id='word_1_930' title='bbox 3353 4965 3646 5021; x_wconf 81' lang='lat' dir='ltr'><strong>dixerunt:</strong></span> 
     </span>
    </p>
   </div>
   <div class='ocr_carea' id='block_1_112' title="bbox 2056 5146 3649 5231">
    <p class='ocr_par' dir='ltr' id='par_1_112' title="bbox 2056 5146 3649 5231">
     <span class='ocr_line' id='line_1_116' title="bbox 2056 5146 3649 5231; baseline -0.004 -22"><span class='ocrx_word' id='word_1_931' title='bbox 2056 5153 2353 5231; x_wconf 58' lang='grc' dir='ltr'><strong>περιοῄσιρν</strong></span> <span class='ocrx_word' id='word_1_932' title='bbox 2379 5155 2783 5231; x_wconf 53' lang='lat' dir='ltr'><strong>expresserunt,</strong></span> <span class='ocrx_word' id='word_1_933' title='bbox 2825 5146 3442 5231; x_wconf 35' lang='lat' dir='ltr'><strong>itosfnvenimuslsgolla</strong></span> <span class='ocrx_word' id='word_1_934' title='bbox 3474 5149 3496 5220; x_wconf 89' lang='lat'>(</span> <span class='ocrx_word' id='word_1_935' title='bbox 3514 5159 3649 5231; x_wconf 72' lang='lat' dir='ltr'><strong>mss.</strong></span> 
     </span>
    </p>
   </div>
   <div class='ocr_carea' id='block_1_113' title="bbox 2058 5219 3653 5296">
    <p class='ocr_par' dir='ltr' id='par_1_113' title="bbox 2058 5219 3653 5296">
     <span class='ocr_line' id='line_1_117' title="bbox 2058 5219 3653 5296; baseline -0.006 -16"><span class='ocrx_word' id='word_1_936' title='bbox 2058 5219 2316 5296; x_wconf 76' lang='lat' dir='ltr'><strong>Sdgolla)</strong></span> <span class='ocrx_word' id='word_1_937' title='bbox 2343 5221 2482 5293; x_wconf 84' lang='lat' dir='ltr'><strong>quod</strong></span> <span class='ocrx_word' id='word_1_938' title='bbox 2513 5219 2858 5296; x_wconf 75' lang='lat' dir='ltr'><strong>Symmachus</strong></span> <span class='ocrx_word' id='word_1_939' title='bbox 2905 5219 3158 5296; x_wconf 60' lang='grc' dir='ltr'><strong>ξξαίρςέτον</strong></span> <span class='ocrx_word' id='word_1_940' title='bbox 3177 5262 3200 5296; x_wconf 23' lang='grc' dir='ltr'><strong>,Δ</strong></span> <span class='ocrx_word' id='word_1_941' title='bbox 3222 5222 3276 5276; x_wconf 87' lang='lat' dir='ltr'><strong>id</strong></span> <span class='ocrx_word' id='word_1_942' title='bbox 3299 5219 3383 5276; x_wconf 66' lang='lat' dir='ltr'><strong>est</strong></span> <span class='ocrx_word' id='word_1_943' title='bbox 3401 5264 3416 5286; x_wconf 89' lang='lat'><strong>,</strong></span> <span class='ocrx_word' id='word_1_944' title='bbox 3459 5219 3653 5296; x_wconf 68' lang='lat' dir='ltr'><strong>praeci-</strong></span> 
     </span>
    </p>
   </div>
   <div class='ocr_carea' id='block_1_114' title="bbox 2060 5291 3651 5368">
    <p class='ocr_par' dir='ltr' id='par_1_114' title="bbox 2060 5291 3651 5368">
     <span class='ocr_line' id='line_1_118' title="bbox 2060 5291 3651 5368; baseline -0.003 -18"><span class='ocrx_word' id='word_1_945' title='bbox 2060 5291 2224 5368; x_wconf 76' lang='lat' dir='ltr'><strong>puum</strong></span> <span class='ocrx_word' id='word_1_946' title='bbox 2244 5337 2258 5363; x_wconf 91' lang='lat'><strong>,</strong></span> <span class='ocrx_word' id='word_1_947' title='bbox 2290 5291 2371 5350; x_wconf 69' lang='lat' dir='ltr'><strong>vel</strong></span> <span class='ocrx_word' id='word_1_948' title='bbox 2399 5295 2672 5368; x_wconf 81' lang='lat' dir='ltr'><strong>egregium</strong></span> <span class='ocrx_word' id='word_1_949' title='bbox 2706 5291 2969 5368; x_wconf 77' lang='lat' dir='ltr'><strong>transtulit</strong></span> <span class='ocrx_word' id='word_1_950' title='bbox 2991 5291 3021 5358; x_wconf 75' lang='grc'><strong>,“</strong></span> <span class='ocrx_word' id='word_1_951' title='bbox 3040 5292 3154 5346; x_wconf 84' lang='lat' dir='ltr'><strong>licet</strong></span> <span class='ocrx_word' id='word_1_952' title='bbox 3184 5294 3234 5346; x_wconf 81' lang='lat' dir='ltr'><strong>in</strong></span> <span class='ocrx_word' id='word_1_953' title='bbox 3259 5295 3480 5362; x_wconf 86' lang='lat' dir='ltr'><strong>quodam</strong></span> <span class='ocrx_word' id='word_1_954' title='bbox 3509 5293 3651 5361; x_wconf 82' lang='lat' dir='ltr'><strong>loco,</strong></span> 
     </span>
    </p>
   </div>
   <div class='ocr_carea' id='block_1_115' title="bbox 2063 5365 3034 5439">
    <p class='ocr_par' dir='ltr' id='par_1_115' title="bbox 2063 5365 3034 5439">
     <span class='ocr_line' id='line_1_119' title="bbox 2063 5365 3034 5439; baseline -0.01 -15"><span class='ocrx_word' id='word_1_955' title='bbox 2063 5365 2340 5439; x_wconf 76' lang='lat' dir='ltr'><strong>peculiare</strong></span> <span class='ocrx_word' id='word_1_956' title='bbox 2359 5411 2372 5434; x_wconf 93' lang='lat'><strong>,</strong></span> <span class='ocrx_word' id='word_1_957' title='bbox 2402 5367 2773 5439; x_wconf 72' lang='lat' dir='ltr'><strong>interpretatus</strong></span> <span class='ocrx_word' id='word_1_958' title='bbox 2797 5365 2892 5426; x_wconf 86' lang='lat' dir='ltr'><strong>sit,</strong></span> <span class='ocrx_word' id='word_1_959' title='bbox 2927 5371 3034 5439; x_wconf 66' lang='lat' dir='ltr'><strong>etc,</strong></span> 
     </span>
    </p>
   </div>
   <div class='ocr_carea' id='block_1_116' title="bbox 2135 5435 3657 5501">
    <p class='ocr_par' dir='ltr' id='par_1_116' title="bbox 2135 5435 3657 5501">
     <span class='ocr_line' id='line_1_120' title="bbox 2135 5435 3657 5501; baseline -0.004 -6"><span class='ocrx_word' id='word_1_960' title='bbox 2135 5438 2164 5476; x_wconf 70' lang='grc' dir='ltr'><strong>(ι</strong></span> <span class='ocrx_word' id='word_1_961' title='bbox 2203 5437 2448 5495; x_wconf 80' lang='lat' dir='ltr'><strong>Retinuit</strong></span> <span class='ocrx_word' id='word_1_962' title='bbox 2479 5435 2825 5491; x_wconf 66' lang='lat' dir='ltr'><strong>Martiaumus</strong></span> <span class='ocrx_word' id='word_1_963' title='bbox 2847 5473 2864 5501; x_wconf 87' lang='lat'><strong>,</strong></span> <span class='ocrx_word' id='word_1_964' title='bbox 2895 5443 2944 5487; x_wconf 83' lang='lat' dir='ltr'><strong>et</strong></span> <span class='ocrx_word' id='word_1_965' title='bbox 2974 5435 3184 5489; x_wconf 85' lang='lat' dir='ltr'><strong>illorum</strong></span> <span class='ocrx_word' id='word_1_966' title='bbox 3219 5435 3560 5501; x_wconf 86' lang='lat' dir='ltr'><strong>electionem,</strong></span> <span class='ocrx_word' id='word_1_967' title='bbox 3608 5445 3657 5489; x_wconf 81' lang='lat' dir='ltr'><strong>et</strong></span> 
     </span>
    </p>
   </div>
   <div class='ocr_carea' id='block_1_117' title="bbox 2066 5508 3652 5575">
    <p class='ocr_par' dir='ltr' id='par_1_117' title="bbox 2066 5508 3652 5575">
     <span class='ocr_line' id='line_1_121' title="bbox 2066 5508 3652 5575; baseline -0.004 -9"><span class='ocrx_word' id='word_1_968' title='bbox 2066 5511 2476 5574; x_wconf 85' lang='lat' dir='ltr'><strong>beatitudinem,</strong></span> <span class='ocrx_word' id='word_1_969' title='bbox 2519 5508 2700 5562; x_wconf 89' lang='lat' dir='ltr'><strong>minus</strong></span> <span class='ocrx_word' id='word_1_970' title='bbox 2742 5516 2888 5561; x_wconf 85' lang='lat' dir='ltr'><strong>reete</strong></span> <span class='ocrx_word' id='word_1_971' title='bbox 2912 5545 2928 5572; x_wconf 93' lang='lat'><strong>,</strong></span> <span class='ocrx_word' id='word_1_972' title='bbox 2975 5518 3027 5562; x_wconf 90' lang='lat' dir='ltr'><strong>et</strong></span> <span class='ocrx_word' id='word_1_973' title='bbox 3057 5517 3244 5563; x_wconf 86' lang='lat' dir='ltr'><strong>contra</strong></span> <span class='ocrx_word' id='word_1_974' title='bbox 3275 5524 3410 5564; x_wconf 85' lang='lat' dir='ltr'><strong>mss.</strong></span> <span class='ocrx_word' id='word_1_975' title='bbox 3449 5508 3610 5564; x_wconf 88' lang='lat' dir='ltr'><strong>tidem</strong></span> <span class='ocrx_word' id='word_1_976' title='bbox 3636 5550 3652 5575; x_wconf 90' lang='lat'><strong>,</strong></span> 
     </span>
    </p>
   </div>
   <div class='ocr_carea' id='block_1_118' title="bbox 2062 5576 3655 5712">
    <p class='ocr_par' dir='ltr' id='par_1_118' title="bbox 2062 5576 3655 5712">
     <span class='ocr_line' id='line_1_122' title="bbox 2062 5576 3655 5712; baseline -0.004 -74"><span class='ocrx_word' id='word_1_977' title='bbox 2062 5584 2223 5712; x_wconf 54' lang='lat' dir='ltr'><strong>{qua</strong></span> <span class='ocrx_word' id='word_1_978' title='bbox 2277 5595 2414 5653; x_wconf 85' lang='lat' dir='ltr'><strong>quos</strong></span> <span class='ocrx_word' id='word_1_979' title='bbox 2466 5580 2645 5634; x_wconf 85' lang='lat' dir='ltr'><strong>locum</strong></span> <span class='ocrx_word' id='word_1_980' title='bbox 2704 5576 2976 5633; x_wconf 83' lang='lat' dir='ltr'><strong>Victorius</strong></span> <span class='ocrx_word' id='word_1_981' title='bbox 3028 5587 3189 5634; x_wconf 82' lang='lat' dir='ltr'><strong>antea</strong></span> <span class='ocrx_word' id='word_1_982' title='bbox 3247 5580 3655 5636; x_wconf 77' lang='lat' dir='ltr'><strong>emendaverat.</strong></span> 
     </span>
     <span class='ocr_line' id='line_1_123' title="bbox 2119 5649 3655 5712; baseline -0.003 -2"><span class='ocrx_word' id='word_1_983' title='bbox 2119 5672 2224 5710; x_wconf 84' lang='lat' dir='ltr'><strong>nus</strong></span> <span class='ocrx_word' id='word_1_984' title='bbox 2271 5656 2544 5712; x_wconf 80' lang='lat' dir='ltr'><strong>insupere</strong></span> <span class='ocrx_word' id='word_1_985' title='bbox 2571 5649 2774 5706; x_wconf 74' lang='lat' dir='ltr'><strong>nostris</strong></span> <span class='ocrx_word' id='word_1_986' title='bbox 2804 5690 2820 5712; x_wconf 97' lang='lat'><strong>,</strong></span> <span class='ocrx_word' id='word_1_987' title='bbox 2857 5657 2902 5704; x_wconf 85' lang='lat' dir='ltr'><strong>et</strong></span> <span class='ocrx_word' id='word_1_988' title='bbox 2929 5659 3093 5705; x_wconf 84' lang='lat' dir='ltr'><strong>vestra</strong></span> <span class='ocrx_word' id='word_1_989' title='bbox 3123 5650 3332 5706; x_wconf 82' lang='lat' dir='ltr'><strong>miseria</strong></span> <span class='ocrx_word' id='word_1_990' title='bbox 3357 5652 3518 5712; x_wconf 67' lang='lat' dir='ltr'><strong>lenit,</strong></span> <span class='ocrx_word' id='word_1_991' title='bbox 3562 5667 3655 5712; x_wconf 76' lang='lat' dir='ltr'><strong>pro</strong></span> 
     </span>
    </p>
   </div>
   <div class='ocr_carea' id='block_1_119' title="bbox 2119 5649 3660 5738">
    <p class='ocr_par' dir='ltr' id='par_1_119' title="bbox 2119 5649 3660 5738">
     <span class='ocr_line' id='line_1_124' title="bbox 2119 5649 3660 5738; baseline -0.003 -28"><span class='ocrx_word' id='word_1_992' title='bbox 2119 5672 2224 5710; x_wconf 84' lang='lat' dir='ltr'><strong>nus</strong></span> <span class='ocrx_word' id='word_1_993' title='bbox 2271 5649 2544 5738; x_wconf 69' lang='lat' dir='ltr'><strong>insupere</strong></span> <span class='ocrx_word' id='word_1_994' title='bbox 2571 5649 2774 5706; x_wconf 74' lang='lat' dir='ltr'><strong>nostris</strong></span> <span class='ocrx_word' id='word_1_995' title='bbox 2804 5690 2820 5718; x_wconf 91' lang='lat'><strong>,</strong></span> <span class='ocrx_word' id='word_1_996' title='bbox 2857 5657 2902 5704; x_wconf 85' lang='lat' dir='ltr'><strong>et</strong></span> <span class='ocrx_word' id='word_1_997' title='bbox 2929 5659 3093 5705; x_wconf 84' lang='lat' dir='ltr'><strong>vestra</strong></span> <span class='ocrx_word' id='word_1_998' title='bbox 3123 5650 3332 5706; x_wconf 82' lang='lat' dir='ltr'><strong>miseria</strong></span> <span class='ocrx_word' id='word_1_999' title='bbox 3357 5652 3518 5724; x_wconf 74' lang='lat' dir='ltr'><strong>legit,</strong></span> <span class='ocrx_word' id='word_1_1000' title='bbox 3562 5667 3660 5722; x_wconf 90' lang='lat' dir='ltr'><strong>pro</strong></span> 
     </span>
    </p>
   </div>
   <div class='ocr_carea' id='block_1_120' title="bbox 2068 5737 2606 5784">
    <p class='ocr_par' dir='ltr' id='par_1_120' title="bbox 2068 5737 2606 5784">
     <span class='ocr_line' id='line_1_125' title="bbox 2068 5737 2606 5784; baseline -0.009 -2"><span class='ocrx_word' id='word_1_1001' title='bbox 2068 5737 2289 5784; x_wconf 89' lang='lat' dir='ltr'><strong>vestram</strong></span> <span class='ocrx_word' id='word_1_1002' title='bbox 2327 5737 2422 5779; x_wconf 86' lang='lat' dir='ltr'><strong>mts</strong></span> <span class='ocrx_word' id='word_1_1003' title='bbox 2429 5738 2606 5778; x_wconf 59' lang='lat' dir='ltr'><strong>«tam.</strong></span> 
     </span>
    </p>
   </div>
  </div>
