4026 6346
537 255 676 312 15Ἰὸ

1791 252 1852 311 S.
1892 252 2163 312 EUSEBII
2203 250 2583 314 HIERONYMI

3690 259 3817 320 1576

529 374 717 431 Omnis
746 373 835 444 qui
868 372 996 429 facit
1021 374 1222 429 malum
1246 416 1261 442 ,
1296 375 1475 431 bonus
1505 385 1589 431 est
1620 374 1676 431 in
1701 385 1999 445 conSpectu
2023 376 2129 432 Do-
2152 377 2209 438 Α
2235 378 2287 432 in
2328 381 2522 448 pennis
2551 378 2688 449 ejus.
2724 376 2894 448 Igitur
2923 384 3255 435 mementote
3290 376 3430 450 legis
3470 377 3646 449 Moysi
3685 382 3813 436 servi

530 468 702 537 mini,
751 478 803 524 ct
832 470 966 524 tales
996 468 1045 523 ei
1096 470 1316 539 placem
1348 489 1361 525 :
1396 479 1487 538 et,
1524 486 1699 526 vanus
1730 480 1816 526 est
1844 472 1933 542 qui
1961 473 2129 527 servit

530 558 644 616 Deo
678 579 690 614 :
720 568 807 625 et,
858 559 1002 631 quod
1050 564 1482 618 emolumentum
1511 605 1525 630 ,
1578 563 1705 634 quia
1735 563 2128 619 custodivimus

530 664 800 726 praecepta
835 654 956 724 ejus
982 697 997 721 ,
1038 663 1096 711 et
1136 657 1538 712 ambulavimus
1578 664 1761 713 tristes
1804 674 1990 714 curam
2020 659 2127 713 Do-

531 748 679 804 mino
718 750 1057 804 exercituum
1089 749 1263 819 (Sap.
1294 766 1361 812 II,
1417 752 1469 805 in
1511 750 1687 821 ﬁn)?
1720 751 1788 805 Et
1832 751 2122 806 adversum

527 858 716 901 eorum
738 844 902 900 verba
938 847 1230 901 temeraria
1262 847 1427 902 locuti
1455 856 1581 901 sunt
1621 846 1881 903 timentes
1914 847 2121 915 Deum,

526 946 582 993 et
634 938 1007 1009 unusquisque
1057 954 1183 994 cum
1214 953 1315 994 suo
1359 938 1605 1009 proximo
1660 939 2013 994 contulerunt
2059 955 2121 995 ea

523 1044 647 1099 quae
691 1028 757 1084 ad
793 1030 1046 1086 timorem
1079 1031 1173 1086 Dei
1229 1032 1505 1102 pertinent
1540 1050 1553 1084 ε
1587 1031 1817 1087 attendit
1864 1031 2123 1087 Dominus

524 1128 580 1176 et
611 1120 815 1177 audivit
841 1163 857 1189 ,
913 1130 969 1177 et
996 1124 1235 1193 scriptus
1269 1133 1353 1179 est
1383 1124 1520 1180 liber
1547 1126 1884 1180 monumenti
1916 1125 2002 1179 his
2031 1126 2119 1195 qui

524 1213 717 1270 timent
744 1215 1033 1270 Dominum
1068 1261 1082 1286 ,
1125 1226 1181 1272 et
1202 1216 1445 1288 cogitant
1478 1233 1674 1274 nomen
1709 1218 1861 1288 ejus,
1909 1228 1966 1273 ct
1994 1234 2117 1273 cum

524 1307 642 1364 dies
675 1309 920 1374 venerit,
952 1309 1155 1365 habere
1185 1325 1244 1366 se
1274 1326 1371 1367 eos
1396 1312 1446 1366 in
1483 1312 1751 1383 peculium
1784 1312 2071 1381 pollicetur
2101 1354 2115 1379 ,

524 1412 579 1459 et
621 1417 850 1475 parcere
881 1405 961 1459 eis
989 1405 1132 1460 sicut
1157 1405 1332 1475 parcit
1372 1408 1539 1461 homo
1581 1406 1695 1461 ﬁlio
1724 1421 1825 1462 suo
1855 1406 2115 1461 servienti

515 1498 647 1565 sibi,
683 1498 1003 1571 pleniusque
1036 1500 1273 1555 inculcat
1302 1542 1316 1564 ,
1347 1509 1403 1557 et
1434 1500 1566 1556 dicit
1592 1519 1604 1554 :
1644 1499 1778 1555 Ecce
1797 1501 1906 1555 dies
1932 1500 2111 1569 veniet,

519 1590 570 1646 id
600 1602 716 1662 est,
752 1591 870 1649 dies
905 1592 1100 1663 judicii
1128 1635 1143 1660 ,
1176 1609 1297 1664 quae
1325 1595 1531 1649 sanctis
1557 1594 1646 1648 lux
1673 1594 1807 1663 erit,
1838 1604 1890 1649 et
1925 1608 2114 1664 pecca-

518 1686 730 1743 toribus
758 1689 999 1745 tenebrae
1034 1705 1049 1754 ;
1082 1700 1136 1743 et
1183 1690 1300 1759 ipsa
1346 1688 1465 1745 dies
1509 1690 1613 1744 erit
1643 1703 1910 1744 succensa
1957 1688 2111 1759 quasi

2230 476 2373 540 mei,
2400 492 2560 546 quam
2591 475 2641 531 ei
2666 474 2792 530 dedi
2817 475 2869 530 in
2903 483 3092 530 monte
3118 474 3264 530 Oreb
3287 516 3303 539 ,
3335 474 3427 544 qui
3450 482 3537 531 est
3570 474 3736 543 Sina,
3756 476 3812 530 ad

2229 583 2446 624 omnem
2478 568 2642 624 Israel
2692 578 2963 640 praecepta
3010 578 3066 625 et
3107 569 3336 640 judicia.
3370 569 3603 625 Dicente
3643 578 3810 626 autem

2227 663 2499 734 Apostolo
2540 680 2552 716 :
2598 662 2810 719 Scimus
2862 664 2987 735 quia
3033 664 3118 719 lea:
3164 663 3455 737 spiritualis
3499 673 3577 720 est
3627 663 3807 737 (Rom.

2227 768 2321 817 vn,
2349 753 2416 809 Η
2442 752 2461 823 )
2489 771 2501 805 :
2534 760 2591 808 et
2644 755 2803 809 beato
2862 754 3028 810 David
3060 773 3074 810 :
3110 755 3301 811 Revela
3347 756 3525 811 oculos
3551 772 3725 823 meos,
3769 765 3810 809 et

2225 845 2564 901 considerabo
2616 845 2879 900 mirabilia
2913 846 2977 901 de
3009 848 3119 920 lege
3142 859 3232 903 tua
3263 848 3284 921 (
3309 846 3404 903 Ps.
3438 862 3602 903 cxvut
3625 890 3638 913 ,
3667 849 3731 903 18
3752 846 3809 919 );

2225 946 2279 993 et
2304 938 2427 1008 quia
2458 936 2812 1007 Spiritualiter
2842 954 3033 994 omnes
3062 940 3288 996 caeleste
3318 954 3519 994 manna
3570 939 3811 997 comede-

2224 1031 2377 1099 bant,
2405 1032 2759 1087 etuniversus
2783 1033 3013 1102 populus
3038 1031 3203 1088 Israel
3219 1032 3288 1089 de
3309 1033 3502 1089 eadem
3528 1034 3806 1104 spirituali,

2222 1133 2278 1180 et
2308 1134 2572 1197 sequente
2627 1138 2723 1181 eos
2762 1125 3023 1180 bibebant
3071 1134 3252 1196 petra,
3300 1134 3453 1196 petra
3493 1135 3678 1181 autem
3706 1134 3810 1181 erat

2222 1216 2469 1272 Christus
2499 1217 2551 1289 (I
2584 1215 2707 1271 Cor.
2737 1232 2794 1283 ι,
2826 1216 2883 1284 5,
2914 1214 2985 1285 4)
3019 1233 3033 1271 :
3068 1217 3159 1288 qui
3197 1214 3432 1272 credunt
3465 1216 3523 1272 in
3562 1216 3806 1284 Christo,

2221 1308 2579 1378 spirituahter
2600 1308 2803 1364 debent
2828 1310 2961 1379 legis
2984 1318 3256 1379 praiccpta
3280 1324 3507 1365 servare
3527 1351 3543 1376 ,
3574 1325 3697 1381 qua:
3724 1309 3810 1365 de~

2219 1402 2299 1457 dit
2350 1404 2401 1456 in
2457 1417 2596 1458 ones
2627 1401 2824 1473 (11.1)
2850 1444 2865 1468 ,
2913 1402 3058 1473 quod
3088 1404 3525 1473 interpretatur,
3567 1403 3802 1470 siccitas,

2221 1513 2318 1569 per
2339 1513 2499 1567 quam
2523 1498 2768 1552 omnium
2797 1496 3052 1551 vitiorum
3107 1496 3306 1553 humor
3348 1498 3678 1570 excoquitur
3701 1541 3716 1566 ,
3759 1508 3807 1556 et

2219 1589 2285 1645 ad
2313 1590 2497 1645 radios
2544 1590 2677 1645 solis
2701 1588 2931 1661 jttSlititB
2957 1631 2972 1653 ,
3009 1589 3251 1645 libidinis
3284 1591 3513 1647 rheuma
3549 1591 3801 1647 siccatur.

2217 1683 2459 1740 Locutus
2481 1693 2567 1740 est
2605 1694 2786 1740 autem
2830 1682 3098 1739 Dominus
3140 1684 3207 1739 ad
3238 1687 3554 1742 universum
3604 1684 3801 1755 Israel,

517 1782 767 1837 caminus
794 1823 808 1848 ,
843 1782 960 1838 sive
989 1782 1240 1838 clibanus
1267 1824 1281 1847 ,
1337 1796 1393 1837 ut
1422 1797 1614 1838 omnes
1642 1783 1792 1853 impii
1827 1793 2112 1838 vertantur
2139 1770 2191 1833 Β
2216 1780 2307 1850 qui
2334 1794 2495 1834 sensu
2528 1778 2706 1834 cernit
2739 1778 2906 1833 Deum
2935 1821 2948 1845 ,
3008 1787 3064 1833 et
3104 1778 3173 1849 de
3200 1777 3399 1849 quibus
3428 1779 3478 1832 in
3517 1776 3806 1850 Evangelio

514 1873 570 1929 in
597 1875 854 1945 stipulam
877 1915 892 1936 ,
942 1883 998 1930 et
1025 1875 1223 1929 camini
1255 1888 1571 1929 crementur
1599 1874 1908 1929 ardoribus.
1943 1872 2111 1927 Cunt-

428 1964 435 1971 ’
510 1982 616 2036 que
644 1980 739 2021 eos
766 1948 1188 2021 inﬂammaverit
1212 1976 1375 2038 atque
1404 1967 1789 2033 combusserit,
1809 1983 1916 2023 non
1945 1968 2111 2023 relin-

508 2068 639 2128 quet
683 2057 735 2113 in
764 2060 845 2114 eis
877 2059 1043 2115 ullam
1096 2060 1332 2115 radicem
1366 2071 1421 2117 et
1448 2075 1669 2130 germen
1702 2060 1947 2115 malitiae.
1997 2059 2110 2115 Hoc

507 2149 576 2206 de
606 2151 787 2220 impiis
816 2151 944 2221 quid
974 2154 1024 2207 in
1058 2152 1147 2207 die
1190 2152 1384 2222 judicii
1416 2153 1526 2207 sint
1573 2152 1807 2223 passuri.
1842 2153 2110 2207 Econtra-

507 2244 591 2300 rio
611 2243 812 2300 dicitur
840 2245 967 2316 quid
1008 2246 1328 2302 timentibus
1361 2261 1557 2302 nomen
1601 2245 1695 2300 Dei
1730 2244 1983 2302 eveniet:
2040 2244 2108 2299 Et

504 2338 698 2395 orietur
746 2339 885 2394 vobis
933 2341 1228 2395 timentibus
1264 2357 1450 2394 nomen
1501 2355 1669 2394 meum
1715 2339 1796 2394 sol
1833 2340 2057 2412 justitite
2086 2355 2105 2394 :

502 2433 593 2504 qui
624 2430 749 2505 [ΔΙ.
782 2432 945 2506 quia]
994 2448 1121 2488 vera
1153 2434 1337 2487 omnia
1373 2432 1643 2504 judicahit
1675 2451 1687 2487 :
1717 2444 1772 2489 et
1820 2448 1920 2488 nec
1963 2433 2103 2488 bona

504 2541 608 2581 nec
635 2526 775 2582 mala
794 2570 809 2595 ,
843 2541 944 2582 nec
969 2526 1230 2590 virtutes.
1264 2540 1367 2583 nec
1393 2526 1523 2581 vitia
1564 2526 1733 2581 latere
1759 2526 2014 2596 patietur.
2036 2524 2105 2580 Et

500 2624 704 2680 sanitas
726 2625 837 2680 erit
858 2624 912 2679 in
947 2622 1140 2694 pennis
1168 2621 1319 2692 ejus,
1345 2630 1404 2677 ut
1431 2632 1651 2677 sanatos
1688 2636 1785 2692 per
1829 2622 2100 2691 paeniten-

506 2719 638 2774 tiam
661 2726 841 2789 portet
867 2717 921 2772 in
950 2716 1195 2772 humeris
1225 2715 1338 2770 suis
1358 2756 1374 2781 ,
1392 2715 1545 2785 juxta
1570 2714 1622 2769 id
1649 2714 1794 2785 quod
1828 2716 1879 2769 in
1906 2714 2101 2770 Dente-

498 2811 749 2869 ronomio
775 2809 1040 2882 scriptum
1072 2815 1158 2865 est
1182 2824 1195 2862 :
1229 2807 1553 2878 Expandens
1590 2808 1704 2862 alas
1726 2824 1847 2862 suas
1875 2808 2100 2879 suscepit

497 2919 586 2959 eos
604 2944 621 2969 ,
654 2911 701 2957 et
729 2903 785 2956 in
818 2901 1041 2955 humeris
1062 2901 1170 2956 suis
1198 2901 1420 2967 portavit
1443 2899 1563 2954 illos
1586 2896 1781 2969 (Deut.
1811 2914 1950 2966 χχιι,
1971 2900 2028 2955 Il
2052 2898 2093 2972 ).

494 2997 652 3053 Tunc
695 2994 1044 3066 egredientur
1088 2995 1178 3065 qui
1231 3011 1375 3050 nunc
1417 2994 1621 3052 sarculo
1670 2995 1824 3064 quasi
1875 3008 2097 3050 carcere

496 3099 623 3145 sunt
670 3087 905 3157 inclusi,
935 3098 988 3143 et
1045 3086 1241 3143 salient
1296 3086 1450 3158 quasi
1504 3086 1661 3141 vituli
1706 3086 1774 3141 de
1821 3095 2091 3155 armento,

2215 1872 2415 1927 dicitur
2444 1889 2457 1926 :
2491 1871 2643 1927 Beati
2672 1872 2866 1926 mundo
2897 1873 3068 1942 corde,
3086 1875 3332 1943 quoniam
3352 1873 3453 1945 ipsi
3482 1871 3653 1927 Deum
3677 1872 3807 1927 ride-

2215 1966 2339 2021 bunt
2369 1967 2388 2040 (
2416 1966 2571 2022 Man.
2597 1983 2651 2034 ν,
2678 1967 2781 2038 8).

2285 2061 2493 2135 (Vers.
2525 2065 2581 2132 5,
2610 2062 2699 2134 6.)
2737 2062 2867 2120 Ecce
2889 2080 2983 2134 ego
3005 2066 3205 2118 mittam
3227 2064 3367 2119 vobis
3392 2063 3565 2119 Etiam
3589 2063 3806 2137 praplte-

2210 2167 2315 2211 tam
2338 2198 2353 2224 ,
2386 2166 2664 2227 antequam
2693 2159 2862 2213 veniat
2888 2159 3002 2213 dies
3046 2157 3263 2214 Domini
3295 2174 3513 2232 magnus
3559 2169 3609 2213 et
3640 2158 3804 2215 horri-

2208 2250 2324 2305 bilis
2350 2260 2433 2305 :et
2457 2259 2713 2306 convertet
2740 2268 2831 2305 cor
2852 2261 3057 2319 patrum
3082 2252 3151 2305 ad
3167 2251 3307 2323 ﬁlios
3330 2292 3347 2319 ,
3377 2260 3427 2306 et
3455 2268 3544 2306 cor
3576 2253 3802 2321 ﬁliorum

2208 2342 2277 2397 ad
2298 2352 2469 2412 patres
2496 2360 2675 2398 eorum
2697 2359 2715 2397 :
2735 2360 2797 2399 ne
2827 2347 2962 2414 forte
2983 2345 3184 2398 t-eniam
3221 2352 3272 2398 et
3296 2344 3592 2413 percutiam
3614 2354 3803 2401 terram

2205 2436 2552 2491 anathemate.
2606 2435 2744 2492 LXX
2792 2454 2805 2489 :
2860 2435 2998 2492 Ecce
3048 2453 3140 2510 ego
3187 2439 3391 2492 mittam
3436 2438 3576 2492 vobis
3639 2438 3804 2493 [fliam

2206 2526 2481 2584 Thesbiten
2505 2570 2521 2596 ,
2582 2540 2857 2599 antequam
2896 2530 3067 2583 veniat
3108 2529 3217 2585 dies
3260 2527 3473 2584 Domini
3524 2545 3715 2602 magna
3757 2539 3803 2584 et

2204 2623 2423 2678 illustris
2445 2639 2462 2676 :
2483 2624 2572 2695 qui
2598 2632 2858 2679 convertet
2886 2639 2975 2678 cor
2998 2624 3159 2696 patris
3186 2624 3252 2677 ad
3278 2623 3477 2691 ﬁlium,
3511 2631 3561 2679 et
3588 2640 3681 2679 cor
3708 2624 3800 2680 ho-

2204 2718 2356 2773 minis
2383 2718 2453 2772 ad
2477 2720 2773 2790 proximum
2796 2733 2983 2782 suum;
3012 2734 3077 2773 ne
3107 2720 3239 2789 {orte
3276 2719 3484 2774 ueniens
3514 2720 3801 2791 percutiam

2201 2821 2395 2867 terram
2425 2814 2647 2882 penitus.
2682 2812 2813 2868 Post
2841 2813 3068 2885 Moysen
3102 2812 3287 2886 (cujus
3308 2815 3563 2868 mandata
3586 2813 3615 2852 ιι
3642 2814 3800 2883 spiri-

2203 2905 2420 2959 tnaliter
2470 2902 2753 2960 docuimus
2801 2919 2923 2960 esse
2968 2903 3267 2975 servanda)
3294 2904 3466 2960 Etiam
3498 2905 3635 2961 dicit
3678 2920 3799 2963 esse

2201 2996 2523 3052 mittendum
2559 2996 2653 3052 :in
2676 2996 2862 3069 Moyse
2886 3038 2902 3062 ,
2930 2996 3161 3067 Legem,
3194 2997 3247 3051 in
3277 2997 3395 3052 Elia
3419 3036 3435 3063 ,
3464 2995 3633 3069 985
3670 3013 3796 3068 pro-

2202 3088 2437 3158 phetiam
2468 3088 2814 3160 signiﬁcans,
2848 3088 3069 3145 dicente
3102 3088 3377 3145 Abraham
3408 3089 3474 3143 ad
3506 3089 3797 3158 quemdam

493 3181 613 3239 sive
694 3182 847 3253 quasi
927 3180 1084 3236 vituli
1161 3181 1229 3236 de
1311 3179 1546 3235 vinculis
1627 3179 1867 3235 liberati.
1942 3179 2095 3237 Unde
2122 3164 2165 3227 (ἶ
2199 3183 2420 3238 divitem
2457 3193 2811 3252 purpuratum
2850 3182 3099 3239 :Habent
3128 3182 3344 3254 Moysen
3380 3193 3428 3237 et
3481 3183 3795 3255 prapltetas,

494 3273 793 3346 Apostolus
831 3273 965 3328 dicit
1002 3290 1015 3328 :
1049 3271 1215 3345 Cupio
1261 3272 1510 3339 dissolvi,
1542 3281 1590 3327 et
1635 3289 1743 3328 esse
1792 3288 1912 3327 cum
1941 3271 2095 3329 Chri—
2196 3275 2318 3330 illos
2347 3275 2559 3330 audiant
2591 3274 2758 3347 (Luc.
2794 3291 2904 3342 xvt,
2931 3275 3002 3330 39
3023 3272 3063 3345 ).
3097 3274 3167 3331 Et
3186 3274 3456 3331 Dominus
3486 3286 3651 3347 atque
3681 3276 3798 3333 Sal-

492 3378 571 3425 sto
599 3367 841 3442 (Philip.
874 3383 924 3435 I,
966 3366 1039 3422 25
1061 3365 1104 3439 ),
1148 3375 1208 3421 ιιι
1262 3366 1579 3438 egrediatur
1634 3376 1689 3421 et
1741 3365 1904 3422 saliat
1955 3367 2096 3423 sicut
2199 3378 2350 3425 vator
2379 3368 2797 3440 transﬁguratus
2829 3369 2881 3424 in
2910 3378 3097 3424 monte
3120 3410 3134 3435 ,
3167 3369 3456 3439 loquentes
3477 3384 3671 3427 secum
3702 3370 3797 3427 ha-

491 3464 696 3520 vitulus
756 3463 823 3518 de
882 3460 1116 3517 vinculis
1182 3460 1479 3528 liberatus,
1534 3470 1587 3517 et
1655 3460 1797 3516 sicut
1872 3462 2090 3518 victima
2195 3461 2357 3518 bebat
2380 3463 2601 3534 Moysen
2624 3469 2683 3518 et
2710 3461 2883 3517 Eliam
2910 3460 2965 3516 in
2995 3460 3248 3516 candidis
3277 3462 3560 3531 vesuhns,
3605 3463 3796 3534 quiet

493 3559 729 3616 Domini.
758 3556 869 3613 Nec
895 3555 1219 3613 hoclaetitite
1258 3556 1366 3611 ﬁne
1392 3565 1685 3614 contentus
1714 3565 1793 3612 est
1818 3574 1831 3623 ;
1863 3560 1959 3613 sed
1983 3560 2095 3615 cal-
2195 3555 2647 3625 dicebanteiquae
2664 3552 3788 3627 passurusessetinlerusalem(Marcus):

487 3651 635 3707 cabit
665 3650 897 3721 impios,
941 3665 1066 3703 cum
1102 3648 1303 3703 fuerint
1332 3649 1492 3703 cinis.
1530 3648 1689 3704 Unde
1728 3660 1785 3703 et
1825 3650 1890 3705 ad
1917 3650 2092 3721 justos

488 3742 550 3798 ﬁt
590 3742 951 3814 imprecatio:
987 3740 1127 3797 Deus
1178 3751 1351 3796 autem
1400 3751 1630 3796 conterat
1664 3740 1783 3814 [ΑΙ.
1823 3745 2090 3817 conteret]

489 3836 746 3893 Satanam
774 3835 867 3891 sub
899 3835 1113 3906 pedibus
1142 3836 1319 3891 vestris
1348 3836 1590 3890 velociter
1616 3836 1795 3908 (Rom.
1827 3853 1936 3903 xvr,
1964 3838 2083 3911 20).

487 3929 762 3985 Abraham
801 3930 1018 3984 locutus
1049 3937 1133 3984 est
1183 3929 1250 3984 ad
1294 3929 1582 3983 Dominum
1608 3973 1623 3998 ,
1676 3931 2088 3998 comparatiOnc

487 4023 688 4079 divina:
717 4022 886 4094 984
913 4022 1217 4092 majestatis
1259 4022 1498 4078 cinerem
1552 4037 1675 4079 esse
1702 4039 1761 4079 se
1791 4024 2038 4081 sentiens
2070 4042 2084 4082 :

485 4114 601 4187 Ego
622 4131 738 4170 sum
767 4125 905 4168 terra
926 4123 973 4168 et
996 4114 1126 4168 cinis
1148 4112 1319 4187 (Gen.
1346 4129 1499 4183 xvm,
1528 4114 1597 4168 2'7
1626 4115 1645 4183 )
1672 4132 1686 4180 ;
1720 4124 1775 4170 et
1799 4129 2084 4187 propterea

482 4207 687 4264 videbit
726 4206 898 4263 sulem
940 4206 1171 4276 iustitiae
1195 4246 1211 4271 ,
1262 4217 1317 4262 et
1345 4207 1656 4277 requiescet
1700 4207 1847 4263 inter
1875 4209 2085 4267 medios

483 4300 604 4373 ejus
633 4300 815 4357 cleros
841 4340 857 4366 ,
898 4308 1063 4370 atque
1092 4298 1212 4369 ipso
1244 4307 1497 4369 portante
1525 4299 1591 4354 ad
1620 4299 1868 4356 coelestia
1896 4302 2083 4359 suble-

481 4393 718 4449 vabitur.
744 4392 847 4461 Qui
879 4405 1009 4448 vero
1036 4406 1135 4462 per
1163 4391 1476 4462 Superbiam
1508 4391 1680 4447 dixit:
1704 4392 1903 4447 Ponam
1930 4412 2085 4468 super

476 4488 651 4542 sidera
670 4486 841 4542 sedem
863 4502 1051 4553 meam,
1067 4501 1152 4540 ero
1166 4485 1350 4541 similis
1362 4484 1631 4540 Altissima
1649 4486 1668 4555 (
1689 4485 1939 4555 Isaiam,
1954 4489 2054 4560 13')
2067 4531 2081 4557 ,

2194 3647 2308 3703 Lex
2360 3645 2505 3703 enim
2548 3656 2603 3701 et
2646 3646 2827 3702 omnis
2874 3647 3266 3718 prophetarum
3318 3648 3523 3703 chorus
3581 3647 3790 3703 Christi

2192 3742 2456 3815 praedicat
2503 3741 2837 3811 passionem.
2872 3739 3042 3812 Igitur
3096 3750 3385 3810 antequam
3435 3740 3627 3797 veniat
3675 3741 3791 3798 dies

2184 3836 2379 3909 judicii
2409 3878 2423 3903 ,
2477 3844 2532 3892 et
2561 3834 2830 3905 percutiat
2856 3834 3115 3890 Dominus
3153 3844 3357 3890 terram
3393 3834 3748 3892 anathemate
3772 3878 3785 3901 ,

2191 3930 2305 3984 sive
2334 3928 2555 3984 omnino
2576 3969 2591 3995 ,
2614 3927 2701 3981 vel
2719 3927 2932 3991 subito,
2958 3937 3014 3981 ut
3042 3924 3184 3983 LXX
3215 3927 3657 3983 transtulerunt:
3686 3926 3788 3984 hoc

2191 4021 2335 4075 enim
2362 4020 2634 4090 signiﬁcat
2663 4017 2823 4096 ἁρδήν
2848 4059 2863 4085 ,
2920 4017 3100 4073 mittet
3133 4017 3393 4074 Dominus
3425 4019 3479 4074 in
3511 4018 3629 4074 Elia
3661 4018 3785 4091 (qui

2189 4115 2612 4183 interpretatur,
2639 4109 2780 4166 Deus
2804 4127 2944 4166 meus
2972 4152 2986 4176 ,
3020 4120 3077 4166 et
3103 4118 3189 4164 est
3212 4109 3281 4166 de
3305 4110 3511 4181 oppido
3542 4111 3744 4167 Thesbi
3766 4149 3781 4171 ,

2187 4207 2329 4279 quod
2384 4204 2796 4273 conversionem,
2836 4214 2886 4259 et
2931 4204 3283 4277 panitentiam
3326 4205 3533 4276 sonat)
3563 4220 3781 4262 omnem

2186 4302 2570 4373 prophetarum
2596 4302 2824 4356 chorum
2843 4339 2861 4366 ,
2890 4299 2983 4369 qui
3011 4307 3291 4355 convertat
3314 4313 3413 4355 cor
3434 4309 3651 4370 patrum
3697 4300 3766 4355 ad

2188 4398 2358 4461 ﬁlios,
2418 4393 2692 4457 Abraham
2748 4391 3006 4449 videlicet
3055 4401 3114 4449 et
3166 4391 3319 4449 Isaac
3364 4400 3423 4447 et
3470 4391 3678 4460 Iacob,
3730 4400 3785 4448 et

2185 4488 2426 4545 omnium
2458 4485 2894 4558 patriarcharum
2916 4528 2931 4553 ,
2986 4492 3048 4540 ut
3071 4483 3301 4540 credant
3331 4485 3543 4554 posteri
3588 4500 3780 4540 eorum

477 4581 778 4638 deducetur
807 4582 861 4635 in
895 4589 1119 4645 terram,
1155 4587 1212 4634 et
1240 4578 1349 4634 erit
1371 4578 1524 4649 quasi
1571 4579 1709 4634 cinis
1730 4580 1832 4635 sub
1860 4591 2079 4638 sancto-
2105 4565 2158 4626 D
2185 4582 2237 4636 in
2281 4579 2566 4636 Dominum
2615 4576 2958 4634 Salvatorem
2985 4617 3000 4643 ,
3052 4577 3107 4631 in
3137 4592 3298 4646 quem
3327 4586 3383 4632 et
3415 4576 3493 4632 illi
3524 4577 3778 4634 credide-

475 4691 597 4733 rum
627 4674 855 4746 pedibus
880 4715 895 4739 ,
924 4690 1048 4730 cum
1078 4673 1197 4729 dies
1214 4673 1428 4728 Domini
1460 4673 1741 4729 advenerit
1764 4674 2077 4744 iudicantis.

546 4771 568 4840 (
592 4769 745 4825 Vers.
776 4766 873 4841 4.)
906 4767 1220 4822 Mementote
1242 4768 1370 4841 legis
1396 4766 1568 4839 Moysi
1597 4768 1734 4823 servi
1756 4771 1891 4837 mei,
1922 4786 2078 4839 quam

476 4863 723 4919 mandavi
747 4862 795 4916 ei
823 4863 878 4917 in
908 4861 1073 4929 Oreb,
1100 4862 1169 4915 ad
1191 4878 1396 4916 omnem
1418 4860 1593 4916 Israel
1619 4874 1875 4935 prwcepta
1902 4873 1951 4917 et
1990 4866 2078 4937 ju-

473 4959 634 5013 dicia.
668 4967 695 4995 ιι
725 4953 871 5012 LXX
924 4954 1204 5012 similiter.
1237 4955 1394 5011 Justa
1438 4956 1759 5010 meritorum
1792 4956 1843 5010 in
1891 4955 2075 5013 futuro

470 5052 579 5108 erit
625 5049 916 5107 retributio
944 5090 959 5115 ,
1008 5048 1230 5120 quando
1279 5049 1641 5120 superborum
1687 5048 1927 5104 radicem
1955 5093 1970 5115 ,
2016 5059 2072 5106 et

471 5159 701 5219 germen
732 5143 1006 5199 devorans
1033 5141 1254 5197 ﬂamma
1282 5152 1567 5198 consumet
1596 5152 1652 5197 et
1683 5141 1990 5207 comburet,
2014 5150 2069 5198 et

471 5237 790 5296 timentibus
811 5236 1101 5292 Dominum
1134 5236 1342 5292 orietur
1370 5235 1453 5292 sol
1471 5235 1699 5306 justitia:
1720 5277 1735 5299 ,
1782 5245 1837 5290 et
1859 5235 2067 5291 sanitas

541 5385 569 5414 ι
608 5374 810 5431 Verba.
848 5372 996 5428 LXX
1022 5374 1298 5440 similiter,
1349 5390 1469 5444 quae
1521 5372 1725 5442 passim
1751 5372 1918 5440 alibi,
1972 5373 2060 5429 hic

467 5464 684 5520 quoque
714 5462 839 5503 mss.
878 5446 1128 5501 codicum
1150 5446 1448 5517 suppetiis,
1483 5453 1541 5498 ut
1573 5451 1698 5513 pote
1725 5445 2057 5515 necessaria,

469 5522 656 5578 διιπερὶ
667 5533 807 5574 Inus.

536 5593 564 5632 b
604 5590 857 5648 Gernhns
884 5587 1195 5644 duodecimi
1230 5588 1417 5643 saeculi
1449 5588 1685 5649 scriptor
1711 5628 1726 5652 ,
1775 5588 1828 5642 in
1857 5587 1953 5642 lib.
1997 5588 2063 5641 de

467 5659 1189 5734 corruptoEcelesitestatu,
1221 5676 1249 5712 a
1280 5658 1500 5734 Balusio
1524 5660 1791 5734 editusin
1835 5658 2060 5714 Miscell.

466 5750 535 5788 ex
562 5730 664 5787 hoc
690 5733 1007 5801 llicronymi
1041 5732 1392 5801 testimonio,
1428 5731 1573 5801 quod
1602 5730 1669 5785 ad
1700 5731 1859 5801 linem
1894 5744 2066 5799 usque

473 5803 600 5860 libri
630 5801 870 5870 recitat,
902 5800 975 5859 ’S.
1026 5802 1315 5857 Doctorem
1373 5800 1516 5857 inter
1565 5800 1869 5873 praecipuos
1917 5800 2069 5857 illius

2180 4685 2343 4731 runt:
2377 4671 2637 4728 Abraham
2674 4671 2811 4725 enim
2839 4670 2967 4725 vidit
3011 4671 3145 4725 diem
3175 4670 3427 4733 Domini.
3478 4681 3527 4727 et
3570 4674 3780 4728 lutatus

2180 4769 2468 4840 est(.loan.
2502 4780 2616 4832 vm,
2648 4762 2763 4835 56)
2794 4780 2808 4817 :
2852 4763 2967 4820 sive
3009 4777 3105 4819 cor
3136 4762 3313 4833 patris
3354 4762 3422 4818 ad
3455 4763 3627 4819 ﬁlium
3651 4805 3667 4831 ,
3722 4764 3780 4820 id

2178 4871 2297 4927 est,
2342 4860 2510 4933 986
2550 4872 2645 4913 cor
2680 4855 2778 4913 Dei
2818 4857 2886 4911 ad
2928 4872 3149 4913 omnem
3173 4899 3190 4926 ,
3220 4857 3313 4929 qui
3344 4858 3596 4929 spiritum
3642 4858 3780 4915 ado-

2173 4952 2372 5024 ptionis
2386 4950 2681 5021 acceperit.
2719 4949 2787 5004 Et
2805 4965 2905 5005 cor
2938 4948 3180 5005 ﬁliorum
3210 4950 3279 5005 ad
3312 4961 3505 5021 patres
3530 4965 3729 5007 eorum
3758 4992 3775 5018 ,

2176 5056 2235 5102 ut
2262 5045 2433 5102 Judaei
2462 5052 2517 5099 et
2537 5042 2829 5098 Christiani
2850 5085 2863 5110 ,
2898 5043 2990 5113 qui
3018 5056 3161 5099 nunc
3181 5043 3407 5100 interse
3430 5043 3775 5115 discrepant,

2179 5141 2293 5210 pari
2325 5140 2375 5194 in
2408 5136 2683 5193 Christum
2705 5134 2973 5206 religione
2993 5137 3368 5194 consentiant.
3386 5136 3540 5195 Unde
3566 5138 3777 5195 dicitur

2174 5233 2241 5288 ad
2263 5230 2541 5303 apostolos
2562 5275 2576 5297 ,
2605 5228 2697 5299 qui
2724 5226 3076 5284 seminarium
3101 5229 3154 5284 in
3188 5238 3301 5285 toto
3322 5230 3458 5287 orbe
3480 5228 3773 5302 Evangelii

2170 5371 2459 5428 sententia:
2508 5380 2812 5425 assertores
2856 5367 3018 5440 facit,
3069 5370 3161 5440 qui
3208 5369 3433 5440 Moysen
3479 5382 3539 5428 et
3587 5373 3769 5431 Etiam

2172 5444 2309 5498 duos
2332 5443 2386 5498 in
2410 5443 2500 5498 die
2514 5441 2727 5496 Domini
2756 5439 3069 5509 designatos
3090 5439 3261 5497 testes
3290 5439 3502 5500 futuros
3518 5486 3534 5509 ,
3563 5454 3768 5502 etcum

2170 5514 2515 5569 Antirhristo
2548 5520 2913 5584 pugnaturos,
2943 5512 3613 5582 interpretantur.Notum
3632 5532 3771 5573 vero

2210 5588 2463 5660 leroerue
2484 5581 2839 5660 ali'tis'Datres
2867 5581 2938 5660 de
2971 5581 3175 5660 Eliaet
3206 5584 3396 5642 Enoch
3426 5589 3766 5660 intelligere.

2171 5604 2463 5713 plerosque
2484 5604 2621 5639 31108
2651 5604 2839 5639 ι’ίητεδ
2867 5604 2938 5638 ue
2971 5604 3088 5637 nua
3117 5604 3175 5638 ει
3206 5604 3396 5642 13110011
3426 5604 3766 5660 Intelligere.

2173 5659 2518 5785 l(:i‘fi‘interim
2546 5654 2876 5729 specialiter,
2923 5653 3067 5711 haud
3092 5658 3234 5714 bene
3274 5672 3375 5727 pro
3419 5660 3771 5731 spiritualiter

2197 5740 2324 5801 egit.
