4026 6346
250 307 396 369 I577

524 301 965 364 ERUDITIONIS
1005 298 1562 359 HIERONYMIANE
1602 296 1945 358 DEFENSIO
1981 298 2027 355 Α
2066 302 2117 357 J.
2164 296 2498 356 ΜΑΒἸΊᾹΝ.
2543 297 2840 356 ADVERS'
2882 296 3261 358 CLERICUM.

3410 296 3548 353 {578

247 424 651 496 prodiderunt:
701 423 809 478 Pro
860 423 1093 496 patribus
1136 422 1240 476 tuis
1296 421 1405 476 nati
1451 428 1568 475 sunt
1619 420 1709 474 tibi
1750 419 1847 490 ﬁlii
1869 420 1927 482 ,Α
1954 434 2118 489 opera
2153 427 2396 475 terrena.
2426 417 2629 487 Judaei,
2664 418 3093 490 etjudaizantes
3142 417 3387 474 haeretici
3429 427 3557 473 ante

250 516 390 589 (Ps.
426 533 575 587 xuv,
608 517 733 589 t7).
769 516 824 574 Si
856 516 997 573 enim
1045 515 1194 571 Elias
1226 531 1332 571 non
1380 529 1477 570 cor
1516 526 1729 585 patrum
1779 512 1846 569 ad

245 610 392 667 ﬁlios
413 620 543 668 ante
565 610 901 667 converterit
925 652 940 679 ,
974 620 1028 666 et
1058 624 1153 665 cor
1182 608 1424 664 ﬁliorum
1447 609 1512 663 ad
1544 618 1727 677 patres
1756 622 1848 661 eo-

247 722 373 763 rum
398 748 413 775 ,
444 722 569 762 cum
601 705 814 763 venerit
855 704 972 771 dies
1004 718 1233 775 magnus
1263 712 1319 760 et
1358 700 1633 757 horribilis
1666 700 1851 771 (mag-

244 813 352 856 nus
417 798 663 865 sanctis,
742 798 1025 854 horribilis
1081 794 1531 869 peccatoribus),
1579 795 1851 867 percutiet

246 908 413 951 verus
442 902 497 950 et
521 893 702 965 justus
728 892 895 964 iudex
922 933 937 959 ,
971 907 1077 947 non
1102 891 1298 948 coelum
1320 932 1336 958 ,
1367 905 1468 947 nec
1494 906 1589 946 eos
1617 891 1708 961 qui
1727 905 1851 946 ver-

247 997 446 1044 santur
475 986 530 1043 in
562 986 740 1053 cmlo;
768 985 865 1042 sed
890 994 1088 1042 terram
1114 983 1463 1041 anathemate
1487 1025 1501 1051 ,
1531 981 1625 1055 qui
1650 981 1853 1038 faciunt

1955 512 2255 585 ἠλειμμένον
2297 527 2457 569 suum
2494 510 2669 567 Eliam
2719 522 2912 583 putant
2947 528 3070 568 esse
3104 520 3447 581 _venturum,
3504 521 3560 567 et

1954 606 2331 659 restituturum
2365 606 2570 660 omnia.
2619 604 2775 662 Unde
2810 614 2866 661 et
2889 603 3107 661 Christo
3159 610 3212 660 in
3261 605 3559 676 Evangelio

1955 698 2278 768 praponitur
2339 700 2611 769 quaestio:
2649 697 2790 766 Quid
2833 699 2972 771 quod
3016 698 3277 753 Phariuei
3334 699 3555 766 dicunt,

1956 793 2093 863 quod
2120 789 2269 846 Elius
2291 801 2536 848 venturus
2561 794 2669 847 est?
2700 792 2908 861 Quibus
2940 793 3033 850 ille
3056 794 3341 865 respondit
3372 812 3382 848 :
3410 792 3558 849 Elias

1956 887 2165 957 quidem
2220 886 2418 954 veniet,
2470 896 2518 940 et
2573 887 2617 941 si
2666 888 2907 954 creditis,
2949 890 3067 959 jam
3119 887 3555 959 venit(Mar.tx,

1955 981 2045 1049 ll),
2074 980 2216 1054 12),
2250 982 2301 1036 in
2337 980 2453 1036 Elia
2483 979 2752 1037 Joannem
2780 980 3117 1052 intelligens.

260 1116 3543 1163 Μ

507 1263 1718 1382 EBUDITIONIS
1792 1255 3321 1375 HIEBONYMIANE

1464 1470 2354 1605 DEFENSIO

1142 1698 1768 1785 ADVERSUS
1841 1697 1931 1781 J.
2009 1691 2665 1802 CLERICUM,

578 1888 648 1961 A
729 1884 1126 1961 DOMNO
1197 1880 1627 1955 JOANNE
1702 1878 1894 1952 MA]

1978 1875 2395 1949 [IAN/EO
2476 1871 3239 1970 ELUCUBRATA,

1142 2039 1223 2092 ET
1259 2034 1741 2091 COMMENTARIIS
1776 2033 1842 2084 IN
1876 2031 2259 2085 PROPHETAS
2293 2029 2678 2083 SUBJUNCTA.

1721 2156 2120 2200 β

882 2334 1261 2388 ADMONITIO.

323 2425 625 2475 Innocentire
648 2421 873 2473 defensio
890 2462 904 2485 ,
928 2428 986 2472 ut
1008 2424 1077 2472 ait
1100 2420 1340 2485 egregius
1363 2427 1526 2470 orator
1543 2457 1557 2480 ,
1580 2427 1715 2485 saepe
1736 2411 1869 2485 mul-

256 2495 421 2542 torum
449 2487 766 2550 improbitate
789 2480 1053 2550 interclusa
1074 2480 1312 2550 respirat;
1338 2495 1503 2550 neque
1531 2481 1711 2550 veritas
1734 2480 1867 2528 valet

255 2552 386 2613 apud
412 2542 599 2613 plures.
624 2564 733 2599 cum
760 2563 821 2598 ex
845 2551 973 2597 omni
994 2548 1100 2598 loco
1122 2542 1325 2613 repulsa
1341 2547 1389 2595 vi
1411 2542 1462 2594 et
1486 2543 1663 2607 gratia,
1685 2542 1863 2601 locum,

254 2607 346 2665 ubi
370 2607 625 2675 consistat,
673 2612 903 2677 reperire
951 2624 1046 2677 non
1073 2607 1255 2677 potest.
1282 2607 1402 2677 Haec
1429 2621 1525 2671 ego
1552 2618 1864 2677 nequaquam

257 2676 492 2741 pertimui
520 2666 843 2741 incommoda,
862 2666 1087 2741 doctoris
1101 2672 1298 2722 maximi
1323 2666 1866 2741 nutie'causamgic_tu-

258 2728 349 2790 ius
375 2738 610 2787 adversus
628 2728 865 2786 Joannem
890 2736 1157 2795 Clericum,
1182 2743 1404 2797 apertum
1431 2728 1866 2797 Ecclesizecatliof

256 2802 367 2864 lica:
385 2801 573 2850 hostem
586 2839 599 2864 ,
619 2808 897 2864 sanctorum
917 2798 1115 2847 Patrum
1133 2793 1540 2864 contemptorem,
1556 2793 1743 2864 _Christﬁi
1771 2794 1865 2843 Dei

258 2862 503 2913 latentem
524 2856 792 2920 inimicum,
816 2860 1157 2922 infensumque
1184 2856 1415 2910 litteratis
1436 2858 1683 2907 omnibus.
1706 2856 1865 2922 Quem

258 2926 396 2976 enim
418 2926 715 2975 eruditorum
741 2934 790 2973 et
811 2925 1021 2972 maxime
1046 2920 1261 2971 fidelium
1281 2934 1375 2968 non
1396 2928 1624 2969 moveant
1644 2920 1865 2967 convicia

259 2988 594 3048 Qumstionum
616 2986 1129 3049 Hieronyiniauarum,
1155 2986 1335 3047 quibus
1368 2984 1441 3030 vir
1468 2981 1869 3049 imperitissimus

261 3044 440 3101 érrore
471 3058 667 3099 tumens
688 3044 923 3098 hieretico
942 3044 1209 3096 insectatus
1232 3054 1307 3093 est
1330 3051 1573 3103 sanctum,
1596 3051 1649 3091 et
1667 3044 1865 3092 immor-

259 3114 364 3163 tale
406 3112 521 3175 illud
566 3111 855 3175 ingenium?
902 3111 1023 3175 Quis
1068 3108 1199 3157 ierat
1230 3108 1416 3175 diutius
1441 3107 1597 3154 virum
1620 3118 1867 3155 summum

260 3175 465 3237 impune
482 3174 589 3223 laedi
615 3170 677 3223 ab
704 3173 862 3222 intimo
882 3172 1255 3237 clerico;atque
1273 3170 1597 3237 interpretem
1616 3180 1865 3237 sacrorum

262 3231 534 3288 Biblinrum
559 3239 663 3287 suis
688 3237 908 3284 numeris
932 3231 1208 3283 absolutum
1234 3231 1480 3281 contemni
1504 3234 1778 3294 procaciter
1805 3231 1867 3279 ab

262 3301 600 3350 inverecunde
642 3309 692 3347 et
719 3299 936 3350 sophista
996 3295 1238 3346 verboso?
1276 3293 1383 3344 Hoc
1420 3306 1539 3342 sane
1580 3306 1674 3341 nec
1706 3299 1866 3342 animo

262 3362 589 3413 Catonismihi
616 3355 873 3410 ferendum
890 3368 985 3422 est,
1007 3370 1099 3407 nec
1112 3358 1364 3422 ClCt‘l‘plllS
1383 3355 1650 3422 stomacho,
1680 3356 1865 3419 quippe

262 3427 343 3474 cui
367 3424 482 3473 nihil
505 3425 753 3487 antiquius
773 3436 918 3485 quam
941 3419 1001 3487 ut,
1021 3433 1200 3487 nomen
1224 3419 1503 3487 Hieronymi
1522 3431 1712 3487 summo
1732 3431 1867 3466 sem-

264 3500 358 3550 per
378 3489 426 3534 in
447 3482 921 3550 lionore'sitmeque
944 3482 1149 3550 alicujus
1192 3483 1450 3550 imperitia:
1485 3482 1661 3550 subeat
1704 3486 1865 3550 notam

265 3543 470 3612 propter
492 3543 757 3611 hominem,
777 3543 860 3610 qui
878 3548 1052 3612 inepte
1071 3543 1340 3596 Minervam
1358 3546 1519 3612 docet.
1535 3543 1704 3592 Tantm
1718 3543 1869 3612 igitur

265 3604 428 3661 causae
448 3625 555 3659 cuin
604 3604 1087 3671 summa'voluntate,
1130 3614 1181 3657 et
1208 3606 1587 3671 exspectatione
1608 3604 1863 3666 quamplu-

264 3674 395 3723 rium
421 3673 655 3723 sodalium
683 3680 735 3723 et
758 3672 972 3721 omnium
1001 3667 1236 3720 bonorum
1278 3667 1412 3718 aetor
1439 3667 1650 3727 accedo,
1680 3680 1776 3715 non
1811 3674 1865 3717 ut

1893 2330 1944 2394 Β
1973 2324 2153 2389 pedem
2195 2323 2387 2394 lterum
2417 2320 2821 2394 conferamhcum
2861 2321 3032 2394 critico
3071 2323 3573 2394 nostro,__utdoc_eam

1973 2384 2086 2460 eum
2111 2387 2324 2460 omnino
2364 2385 2519 2435 fuisse
2558 2384 2854 2460 destitutum
2870 2384 3217 2460 judiciokﬁde,
3244 2387 3499 2449 diligentia
3519 2395 3578 2460 et

1970 2450 2175 2499 scientia
2199 2451 2249 2497 in
2273 2448 2602 2512 Oppugnanda
2625 2446 2846 2496 editione
2866 2446 3032 2496 nostra
3054 2446 3274 2498 Parisiua
3296 2446 3501 2512 operum
3518 2450 3576 2500 S.

1969 2512 2206 2562 doctoris.

2512 2570 2721 2622 CAPUT
2761 2570 3033 2622 PRIMUM.

1971 2657 2043 2709 De
2066 2653 2282 2709 absoluta
2311 2652 2595 2727 Hieronymi
2618 2655 2919 2727 eruditione,
2949 2655 3105 2727 deque
3143 2654 3389 2721 imperitia
3411 2658 3577 2725 tingit-

2516 2718 2595 2767 ari
2621 2718 2827 2769 Joannis
2854 2718 3053 2769 Clerici.

2035 2802 2173 2862 Quod
2217 2806 2325 2852 erat
2369 2802 2634 2864 optandum
2669 2802 2883 2850 maxime
2923 2801 2980 2848 ad
3022 2802 3399 2864 conﬁrmandam
3444 2806 3574 2854 omni

1969 2867 2164 2913 ratione
2181 2863 2515 2914 eruditionem
2531 2864 2808 2925 linguarum
2826 2863 3029 2920 Graecae,
3050 2863 3235 2914 Latinio
3251 2874 3299 2914 et
3321 2865 3580 2915 Hebraieze

1970 2928 2019 2975 in
2045 2928 2098 2975 S.
2126 2925 2444 2989 Hieronymo,
2473 2927 2519 2974 id
2548 2939 2641 2989 non
2670 2927 2879 2989 humano
2902 2925 3121 2983 consilio,
3147 2928 3233 2973 sed
3260 2942 3410 2989 prope
3456 2930 3585 2976 divi-

1970 2990 2103 3050 nitus
2142 2987 2326 3036 datum
2357 2987 2507 3050 atque
2532 2987 2750 3036 oblatum
2786 2988 2877 3036 hoc
2916 2996 3140 3050 tempore,
3184 2990 3325 3035 nobis
3350 2987 3576 3037 'videtur.

1972 3049 2280 3113 luveteravit
2305 3049 2436 3113 enim
2457 3049 2553 3111 jam
2581 3051 2747 3113 opinio
2774 3050 3008 3113 Ecclcsize
3034 3049 3125 3097 Dei
3153 3052 3426 3113 perniciosa
3451 3053 3577 3113 apud

1971 3111 2222 3173 simplices
2262 3110 2498 3173 quosdam
2541 3110 2808 3160 catholicos
2846 3125 2902 3159 ac
2942 3110 3221 3172 linguarum
3249 3110 3573 3161 Orientalium

1970 3174 2124 3236 rudes
2161 3174 2535 3236 imperitosque,
2573 3173 2923 3236 Hieronymum
2949 3186 3032 3236 fex
3084 3187 3198 3223 sese
3225 3187 3319 3222 non
3340 3176 3456 3223 satis
3474 3176 3575 3224 cal-

1969 3235 2125 3298 luisse
2164 3233 2447 3298 sermonem
2484 3235 2707 3285 Graecum
2753 3233 2830 3298 vel
2866 3235 3163 3283 Hebraicum
3187 3274 3198 3293 ,
3247 3236 3337 3285 sed
3377 3251 3578 3298 semper

1970 3297 2157 3347 Graecis
2183 3305 2234 3346 et
2258 3296 2441 3345 Judaeis
2459 3311 2601 3346 usum
2627 3312 2738 3360 esse
2782 3296 3155 3346 familiarissime
3194 3296 3569 3360 interpretibus,

1969 3373 2181 3420 quorum
2228 3371 2325 3421 0pc
2376 3372 2437 3408 ex
2468 3368 2605 3422 parte
2647 3359 2885 3408 didicerat
2912 3361 3128 3419 ipsorum
3157 3359 3405 3417 idiomata,
3450 3369 3501 3409 et
3524 3359 3581 3412 ea

1969 3435 2081 3484 qua:
2106 3424 2155 3471 in
2182 3423 2548 3471 commentariis
2572 3422 2693 3484 suis,
2723 3423 3050 3484 praesentibus
3075 3424 3242 3471 amicis
3268 3431 3317 3470 et
3343 3426 3572 3483 posteris,

1974 3482 2114 3533 nobis
2138 3484 2337 3533 tradere
2373 3486 2579 3534 curavit.
2606 3483 2854 3532 ludoctam
2897 3482 3171 3544 hujusmodi
3212 3482 3492 3545 opinionem
3528 3495 3580 3537 ct

1969 3546 2189 3609 iniquam
2234 3546 2563 3607 SttSpicionem
2590 3559 2651 3594 ex
2694 3545 2946 3609 hominum
2974 3548 3137 3595 animo
3162 3545 3385 3596 evellere
3410 3554 3571 3597 tenta-

1969 3606 2137 3657 veram
2163 3606 2563 3657 annotationibus
2586 3606 2958 3669 quamplurimis
2996 3617 3049 3658 et
3094 3611 3445 3658 commentario
3468 3613 3573 3658 sin-

2009 3670 2128 3733 ulari
2152 3671 2200 3719 in
2226 3670 2404 3719 librum
2422 3668 2778 3720 Hebraicorum
2797 3668 3083 3733 Nomiuum;
3105 3672 3190 3720 sed
3212 3684 3338 3719 nunc
3360 3669 3576 3733 Joannes

266 3747 479 3797 augeam
532 3736 763 3785 invidiam
814 3734 1068 3797 scriptoris
1110 3732 1327 3797 haeretici
1380 3732 1475 3779 vita
1524 3724 1868 3797 atqu'e__l_ibris
1895 3724 1941 3787 C
1972 3724 2209 3797 Clericus,
2250 3734 2324 3782 vir
2366 3740 2415 3781 et
2443 3733 2924 3797 orationeginsuavis
2958 3724 3239 3797 _etminime
3273 3732 3573 3797 modi-ratus,

267 3790 486 3849 omvnium
522 3796 623 3855 jam
661 3797 894 3854 Opinione
917 3790 1160 3855 damnati;
1185 3794 1272 3842 sed
1299 3798 1354 3841 ut
1376 3790 1659 3840 succurram
1686 3790 1867 3855 Hiero-

268 3854 658 3934 nymianzelaudi
681 3866 734 3907 et
757 3857 1130 3918 existimationi,
1150 3856 1624 3934 quamlomnibusnex
1653 3854 1868 3925 partibus

266 3915 456 3972 violare
497 3936 552 3973 ac
594 3933 911 3982 corrumpere
956 3915 1255 3982 pertentavit
1297 3918 1473 3982 loquax
1520 3915 1604 3982 ille
1647 3917 1863 3982 criticus.

266 3983 533 4047 Equidem,
554 3990 629 4047 _ut
665 3983 728 4047 de
755 3977 831 4029 uie
857 3977 1112 4047 coiiiitear,
1138 3993 1249 4047 cum
1273 3977 1601 4047 niulttemihi
1628 3992 1653 4026 a
1675 3977 1865 4027 Joanne

269 4041 470 4098 Cll'rico
494 4045 748 4095 calumniae
786 4049 838 4092 et
872 4044 919 4092 in
945 4043 1038 4091 illis
1061 4043 1245 4112 insidim
1268 4041 1408 4091 facta:
1429 4041 1556 4112 sint;
1593 4054 1865 4112 numquam

266 4113 439 4159 tamen
465 4122 527 4156 ne
566 4120 629 4156 ue
656 4112 841 4156 tantum
866 4118 946 4154 me
971 4106 1277 4166 exspectatio
1309 4105 1632 4153 accusationis
1662 4117 1789 4152 mea:
1817 4110 1870 4153 et

267 4170 502 4218 iudicium
531 4122 855 4218 1£ruditorum
892 4175 1051 4218 potest
1101 4180 1410 4217 commovere
1428 4206 1440 4218 .
1467 4174 1702 4218 quantum
1728 4166 1870 4216 istius

263 4170 502 4234 judicium
546 4166 855 4234 Eruditorum
892 4175 1051 4234 potest
1101 4180 1440 4234 commovere,
1467 4174 1702 4234 quantum
1728 4166 1870 4216 istius

268 4227 474 4283 itefariaa
501 4227 941 4294 expostulationes,
972 4232 1111 4288 rixas,
1138 4228 1401 4294 _calumnia:
1429 4227 1494 4294 et
1513 4227 1723 4294 insidiae,
1735 4242 1870 4294 quas

268 4307 373 4344 uno
426 4289 651 4357 tempore
680 4292 988 4357 Hieronymo
1032 4301 1083 4343 et
1128 4292 1367 4357 Qperum_
1401 4289 1623 4357 ejusdem
1666 4291 1867 4341 editioni

271 4364 457 4407 nostra:
501 4353 636 4406 novae
673 4355 839 4405 facere
877 4353 1096 4405 conatur.
1135 4353 1322 4405 Verum
1357 4353 1449 4403 hoc
1485 4353 1625 4402 nobis
1645 4366 1869 4414 percom-

270 4421 419 4483 mode
444 4419 597 4483 cadit,
626 4419 758 4483 quod
792 4431 902 4469 cum
938 4415 1215 4483 incredibili
1243 4417 1352 4478 ejus
1385 4415 1583 4483 audacia
1606 4415 1872 4483 singularis

271 4482 483 4533 stultitia
531 4479 785 4542 conjuncta
827 4486 933 4542 est:
970 4479 1090 4529 Nam
1127 4486 1180 4528 ut
1218 4491 1419 4539 apertus
1456 4481 1524 4542 in_
1545 4479 1871 4542 Oppugnanda

272 4557 576 4594 summorum
619 4538 831 4591 'virorum
873 4539 1177 4605 (Origenem
1212 4538 1335 4605 dico
1380 4548 1439 4605 ct
1480 4538 1869 4605 Hieronymum)

275 4607 646 4656 existimatione
678 4601 894 4661 fuit;sic
925 4604 973 4652 in
996 4601 1086 4666 spe
1131 4602 1339 4653 faciendi
1380 4601 1663 4666 miraculum
1702 4602 1778 4649 Siti
1820 4609 1872 4650 et

275 4668 651 4718 admirationem
691 4666 946 4717 obtinendi
986 4663 1243 4728 perspicua
1284 4678 1368 4713 sua
1395 4663 1616 4717 consilia.
1643 4669 1871 4712 conatus-

316 4744 381 4780 ue
403 4730 629 4780 omnibus
651 4729 786 4780 fecit.
814 4727 1000 4790 Neque
1015 4740 1136 4778 vero
1163 4729 1475 4789 antiquorum
1496 4727 1654 4775 studia
1678 4734 1731 4774 et
1754 4738 1870 4775 eru-

275 4744 517 4842 3itionem
542 4806 629 4842 pro
650 4791 802 4841 nihilo
823 4791 1031 4841 duxisse
1054 4796 1313 4839 contentus
1329 4827 1341 4842 .
1370 4789 1519 4837 audet
1558 4791 1757 4842 insuper
1783 4789 1870 4836 im-

315 4793 517 4843 itionem
542 4806 629 4854 pro
650 4791 802 4841 nihilo
823 4789 1031 4841 duuisse
1054 4796 1313 4854 contentus
1329 4827 1341 4849 ,
1358 4789 1519 4854 gaudet
1558 4789 1871 4854 itisuper_i_m-

236 4888 239 4889 ν
277 4849 563 4919 peratorem
588 4856 784 4919 tuenda:
811 4855 857 4902 in
875 4853 1139 4919 republica
1152 4852 1396 4919 litterario
1423 4850 1638 4900 libertati
1666 4849 1873 4911 publicae

277 4915 498 4980 seipsum
525 4918 803 4980 prtelicere.
833 4932 855 4961 ti
875 4915 1055 4980 Videor
1080 4917 1219 4980 mihi,
1245 4915 1423 4975 inquit,
1450 4926 1546 4980 non
1578 4926 1763 4980 meam,
1790 4920 1873 4963 aut

280 4976 639 5041 alierum,'qui
682 4978 963 5028 nominatim
1004 4978 1217 5028 lacessiti
1243 4985 1383 5035 sunt;
1425 4976 1513 5025 sed
1538 4988 1634 5023 non
1655 4977 1868 5041 (attiguae,

278 5056 378 5092 nec
427 5038 722 5104 Spernendre
767 5043 917 5103 partis
955 5041 1154 5104 humani
1194 5042 1397 5101 generis
1436 5051 1633 5104 causam
1680 5038 1871 5104 dicere.

278 5101 509 5166 Aguntur
535 5106 662 5152 enim
697 5101 782 5151 hic?
792 5106 900 5163 jura
937 5110 1121 5166 naturae
1144 5103 1396 5164 humanm,
1424 5101 1585 5166 agitur
1607 5101 1875 5150 communis

280 5162 437 5218 totius
469 5166 758 5229 reipublicae
784 5162 1039 5214 litterarize
1069 5164 1295 5229 libertas;
1318 5162 1690 5229 quieviolantur
1709 5169 1875 5229 atque

281 5223 626 5292 opprimuntur
668 5229 729 5292 ab
767 5229 826 5277 iis
847 5229 936 5292 qui
969 5229 1029 5275 ab
1070 5226 1253 5292 aliquot
1284 5223 1815 5292 sicculis_contendttnt
1850 5237 1878 5292 a

282 5288 561 5342 litterarum
586 5291 817 5340 studiosis
842 5288 971 5337 nullo
997 5289 1139 5337 modo
1154 5288 1308 5352 posse
1330 5290 1378 5338 in
1421 5290 1622 5339 dubium
1656 5288 1877 5337 revocari

280 5353 413 5417 quod
437 5360 710 5403 sanxerunt
727 5364 997 5417 consensus
1021 5353 1348 5401 etauctoritas
1371 5354 1589 5415 priorum
1611 5357 1829 5412 aetatum,
1854 5366 1882 5399 »

283 5415 386 5479 étc.
417 5418 597 5476 Qua’sl.
619 5421 671 5478 5,
692 5429 803 5479 pag.
829 5415 909 5465 46.

351 5474 445 5528 Ατῖ
469 5474 818 5527 άυευιὴόιίἀιῐιη
862 5480 1027 5539 itaque
1060 5475 1341 5537 jactantiam
1368 5485 1419 5526 et
1438 5477 1763 5540 arrogantiam
1788 5474 1882 5525 ficti

282 5539 563 5603 hujusmodi
585 5542 785 5589 vindicis
804 5540 1065 5602 libertatis,
1086 5539 1339 5588 mendacia
1360 5540 1465 5601 ejus
1490 5539 1881 5603 imperiti_amque

286 5601 588 5653 inmedium
617 5603 810 5665 profero
839 5616 850 5651 :
878 5603 969 5652 etsi
1011 5605 1138 5651 enim
1164 5603 1320 5665 ipsum
1347 5614 1608 5662 numquam
1634 5601 1779 5665 animi
1806 5602 1882 5649 sui

286 5668 557 5729 pwniteat,
605 5664 700 5726 ego
738 5664 912 5729 saltem
951 5664 1300 5729 evertamihac
1337 5664 1884 5729 defensioneArationes

290 5725 420 5789 Ejus,
447 5735 500 5777 et
518 5729 798 5790 Opinionem
823 5727 990 5777 falsam
1018 5728 1306 5777 eruditionis
1322 5741 1467 5790 quam
1492 5727 1627 5789 capia
1648 5725 1884 5775 libroruin

288 5790 536 5839 editorum
556 5789 653 5840 sibi
676 5789 796 5838 fecit
816 5790 941 5851 apud
965 5792 1143 5839 multus
1168 5789 1437 5853 imperitos.
1480 5790 1744 5853 Postquam
1766 5801 1885 5839 vero

291 5864 476 5908 nomen
514 5854 753 5916 sapientis
792 5866 846 5901 ac
881 5853 1058 5902 eruditi
1099 5851 1340 5903 assertum
1376 5852 1528 5904 fuerit
1557 5851 1883 5916 Hieronymo;

578 5940 858 6004 Parnm.
906 5937 1113 6001 XXV.

1971 3794 2183 3858 cilicium
2209 3808 2374 3843 meum
2404 3795 2752 3858 vehementius
2779 3802 2831 3858 et
2858 3794 3076 3843 studium
3097 3804 3243 3844 etiam
3278 3796 3429 3855 fregit
3453 3811 3577 3858 quo-

1970 3857 2228 3906 dammodo
2274 3870 2285 3903 :
2331 3857 2558 3918 spoliavit
2604 3858 2754 3918 enim,
2782 3857 3163 3918 diSputalionem
3222 3864 3435 3906 nostram
3475 3857 3573 3909 suo

1970 3919 2184 3979 decore,
2212 3917 2609 3981 imbecillamque
2638 3917 3127 3981 reddere’speravit,
3154 3921 3281 3981 quod
3314 3919 3571 3978 prtefracte

1971 3994 2165 4044 negare
2189 3994 2337 4045 ausus
2350 3981 2415 4045 sit
2433 3979 2703 4045 perfectam
2728 3980 2880 4045 fuisse
2906 3986 2953 4028 in
2978 3979 3275 4044 Hieronymo
3301 3982 3571 4044 linguarum

1972 4043 2218 4107 peritiam.
2252 4043 2455 4092 Adduco
2490 4045 2657 4105 itaque
2675 4043 2924 4107 hominem
2949 4056 3059 4107 cum
3100 4043 3204 4093 suis
3220 4043 3577 4107 quaestionibus

1969 4105 2388 4179 Hieronymianis,
2417 4107 2475 4179 in_
2490 4119 2589 4169 quo
2608 4105 2930 4179 reconciliare
2952 4105 3368 4178 existimationem
3395 4107 3577 4179 Hiero-

1972 4171 2100 4232 nymi
2132 4166 2175 4217 si
2214 4168 2343 4232 forte
2374 4166 2628 4227 'amisSam,
2656 4166 2858 4232 redire“
2878 4169 2925 4217 in
2962 4170 3167 4232 gratiam
3191 4182 3301 4232 cum
3344 4171 3577 4221 studiosis

1972 4229 2157 4301 amicis,
2181 4229 2464 4301 satisfacere.
2488 4243 2679 4301 possum
2704 4230 2891 4279 temulis
2908 4237 3063 4301 atque
3082 4230 3354 4301 benevolis.
3383 4232 3458 4281 De
3476 4247 3574 4301 quo

1972 4295 2012 4341 si
2058 4294 2274 4367 lectores
2310 4292 2582 4367 prudentes
2603 4305 2821 4367 _severe,
2849 4292 3186 4367 religioseque
3221 4292 3573 4354 iudicaverint,

1974 4358 2238 4405 auctoritas
2258 4353 2552 4404 eruditionis
2572 4353 2829 4411 absolutae,
2854 4368 2964 4416 quae
2988 4355 3035 4402 in
3061 4353 3362 4416 Hieronymo
3403 4353 3568 4405 remaé

1942 4468 1947 4469 ,
1973 4430 2097 4467 nere
2117 4418 2289 4477 debet,
2315 4417 2557 4466 haerebit:
2585 4416 2846 4478 imperitiae
2872 4424 3037 4478 autem
3059 4425 3345 4477 argumenta
3372 4424 3422 4467 et
3446 4419 3571 4467 indi-

1974 4482 2047 4530 cla
2074 4482 2122 4529 in
2141 4478 2330 4529 Clerico
2353 4486 2520 4528 nostro
2544 4477 2841 4542 perpetuum
2859 4477 3021 4526 defixa
3045 4478 3331 4528 manebunt.

2240 4582 2328 4645 δι.
2357 4583 2429 4634 De
2447 4582 2619 4632 Graeca
2642 4578 2910 4632 eruditione
2930 4582 2988 4631 S.
3014 4580 3318 4645 Hieronymi.

2038 4667 2291 4730 Sermonis
2334 4666 2612 4717 Graecorum
2649 4667 2867 4730 notitiam
2890 4667 3079 4717 invidet
3098 4667 3397 4730 Hieronymo
3421 4668 3571 4720 Joan-

1975 4742 2068 4779 nes
2111 4729 2351 4789 Clericus,
2400 4736 2600 4791 pronter
2644 4728 2871 4777 nonnulla
2913 4731 3061 4779 verba
3104 4728 3352 4790 Chronici,
3380 4740 3431 4781 et
3456 4733 3567 4783 libri

1977 4790 2215 4855 [iocorum
2234 4792 2522 4852 Eusebiani,
2545 4804 2676 4854 quae,
2699 4792 3131 4855 quamvisminimc
3144 4794 3373 4855 obscura,
3389 4798 3574 4845 evertit

1975 4852 2308 4918 Hieronymus
2349 4852 2761 4915 interpretatione
2787 4868 2907 4915 sua,
2953 4868 3049 4903 non
3086 4854 3259 4904 Latine
3301 4852 3571 4918 convertit;

1975 4917 2018 4980 si
2064 4917 2157 4980 hoc
2195 4918 2509 4980 concedimus
2551 4918 2805 4980 nauseanti
2845 4918 3091 4966 stomacho
3140 4917 3475 4980 clericorum,
3523 4927 3577 4970 et

1976 4977 2195 5040 Josepho
2235 4979 2493 5039 Scaligero
2541 4979 2823 5038 petulanter
2872 4987 2923 5027 et
2950 4988 3130 5039 praeter
3152 4980 3385 5028 decorum
3418 4977 3571 5029 insul-

1980 5044 2103 5090 tanti
2149 5041 2619 5113 cmteris__omnibus
2647 5041 2994 5113 scriptoribus.
3047 5042 3146 5091 Sed
3203 5053 3467 5112 pergamus
3511 5045 3570 5091 ad

1978 5114 2269 5164 argumenta
2286 5104 2467 5165 quibus
2485 5105 2660 5152 summi
2686 5102 2775 5151 viri
2801 5102 2870 5151 illi
2892 5102 3244 5165 Hieronymum
3264 5104 3568 5166 impugnant,

1980 5173 2034 5227 et
2057 5166 2236 5223 linguae
2274 5166 2459 5216 Griecze
2485 5166 2710 5227 peritiam
2752 5166 2799 5214 in
2828 5180 2888 5215 eo
2925 5166 3245 5226 mediocrem,
3293 5166 3369 5215 vel
3396 5166 3575 5218 nullam

1979 5226 2132 5277 fuisse
2160 5229 2481 5278 contendunt.

2048 5289 2085 5338 1.
2105 5303 2134 5339 «
2156 5289 2233 5339 Ne
2257 5289 2550 5352 inquirenda
2572 5290 2689 5353 sint,
2716 5287 3141 5353 inquitiClcricus,
3165 5302 3295 5339 neve
3319 5290 3381 5340 ab
3407 5292 3465 5340 iis
3486 5295 3567 5353 qui

1985 5365 2083 5401 non
2108 5350 2422 5415 quaererent,
2472 5350 3082 5415 incredibiliavideantur
3124 5350 3234 5415 quas
3281 5359 3397 5402 sunt
3438 5350 3578 5405 nobis

1987 5413 2217 5478 dicenda,
2255 5413 2488 5478 nonnulla
2535 5414 2614 5463 hic
2650 5413 2967 5478 subjiciemus
3002 5413 3258 5478 exempla,
3284 5428 3392 5464 nam
3417 5420 3577 5467 omnia

1991 5475 2229 5541 colligere
2268 5477 2468 5541 longum
2497 5482 2656 5538 esset;
2705 5476 2795 5525 sed
2836 5488 2895 5523 ea
2944 5475 3237 5541 seligemus,
3288 5491 3348 5541 ex
3398 5479 3577 5541 quibus

1991 5539 2249 5603 manifesto
2267 5537 2498 5603 liquebit,
2519 5552 2614 5587 non
2636 5551 2749 5588 esse
2760 5543 2976 5603 temere
2999 5537 3244 5603 fidentium
3266 5537 3578 5603 ‘Hieronynw

1991 5600 2162 5668 Graeca
2187 5599 2420 5668 vertenti.
2449 5599 2623 5668 S’ane,_
2640 5601 2811 5663 inquit,
2842 5600 3089 5666 Scaliger,
3113 5600 3156 5651 si
3179 5599 3301 5668 Agnis
3324 5599 3577 5668 hodie'ita,

1990 5671 2041 5714 ut
2058 5663 2170 5727 fecit
2216 5665 2559 5727 Hieronymus,
2586 5664 2757 5727 Greece
2794 5663 3019 5727 verteret,
3040 5677 3132 5727 non
3154 5663 3264 5714 dico
3287 5664 3349 5713 ab
3386 5663 3581 5724 alienis,

1989 5724 2076 5777 sed
2100 5733 2150 5777 ut
2185 5730 2382 5777 Actwon
2405 5724 2435 5776 a
2456 5725 2556 5777 suis
2579 5726 2777 5790 canibus
2808 5724 3062 5790 mordicus
3079 5724 3454 5790 discerperetur,
3479 5728 3579 5779 Nos

1990 5790 2315 5903 Barticulatim
2341 5790 2648 5851 proferemus
2672 5788 2859 5850 aliquot
2898 5789 3127 5851 periodos
3161 5788 3381 5851 prdmmii
3424 5788 3581 5841 Euse-

2028 5853 2124 5902 iani
2154 5853 2201 5901 iu
2221 5851 2512 5903 Chronicum
2535 5851 2803 5903 Canonem.
2821 5851 3042 5903 subiecta
3066 5854 3294 5903 versione
3320 5850 3581 5903 Scaliacri.

2028 5853 2124 5902 iani
2154 5853 2201 5901 iu
2221 5851 2512 5904 Chronicum
2535 5851 2803 5917 Canonem,
2821 5850 3042 5914 subjecta
3066 5850 3294 5903 vet‘Sinnc
3320 5850 3581 5918 Scaligcri,

3154 5935 3233 5998 50
