4026 6346
445 289 580 346 1591
1567 293 2004 354 ERUDITIONIS
2046 293 2594 353 IIIERONYMIANIE
2633 300 2638 305 ’

3603 295 3749 353 1592

452 427 476 456 ι
503 410 674 485 harum
697 423 870 485 rerum
902 413 1046 485 periri
1081 420 1228 485 atque
1261 414 1518 485 imperiti,
1538 415 1763 485 certatim
1785 412 2042 485 conquesti
2069 413 2120 474 Α
2145 411 2512 485 Iit-elegantem.
2539 420 2636 485 etc.
2659 411 2777 485 Htec
2797 419 2849 465 et
2865 411 3044 485 slniilia
3065 411 3360 485 prmiatnsin
3380 423 3750 485 causaequuiu

452 491 476 518 α
499 469 962 538 ξυιιιἐοθι;ὺίιειιρ’ω
983 469 1176 524 nimiam
1205 485 1255 527 et
1279 469 1383 525 loco
1405 469 1602 538 quidem
1629 474 1809 536 alieno,
1838 469 2040 524 in'viros

450 552 474 582 ‹
497 534 664 601 doctos
697 536 925 598 effusam;
948 553 1042 601 qua
1073 553 1229 601 usque
1264 542 1388 588 adeo
1409 534 1684 588 delectatus
1715 534 1816 601 est,
1846 545 1900 586 ut
1922 549 2039 586 con-

450 614 474 642 «
501 599 618 664 vicia
654 612 682 648 e
706 601 862 664 primi
875 599 1131 651 voluminis
1149 599 1528 664 ‘prolegomeiiis
1555 609 1774 660 resecta,
1798 599 1958 662 jussu,
1981 605 2041 664 ut

449 675 472 705 ι
496 660 722 727 videtur,
741 661 1082 727 praiectorum
1108 660 1286 713 eruditi
1307 660 1517 727 ordinis,
1544 664 1727 726 aliquot
1752 660 2037 727 postanuis,

448 737 472 766 ti
498 722 574 789 ira
592 722 792 774 minime
813 725 1015 789 placata,
1037 727 1320 789 reposuerit
1335 722 1689 789 initios'ecundi
1711 739 1722 773 :
1744 722 1874 786 Quod
1892 725 2042 773 audio

450 799 476 831 σι
499 787 827 838 vehementer
863 787 1011 838 etiam
1046 789 1142 837 illis
1161 787 1445 849 displicere.
1474 787 1576 850 Ego
1599 795 1793 848 autem,
1817 789 1864 836 in
1891 799 2041 850 quem

451 866 474 893 α
499 851 782 913 nominatim
808 851 1031 900 invectus
1065 858 1168 908 est,
1198 857 1248 900 et
1278 851 1475 913 quidem
1507 852 1745 913 acerrime
1768 888 1782 912 ,
1818 862 1912 899 nec
1945 862 2041 898 uno

441 912 621 972 «loco,
653 915 775 974 οωμὶ
798 913 1088 975 expendere
1110 915 1223 974 quid
1258 911 1370 963 novt
1407 913 1512 961 haec
1551 913 1701 962 editio
1727 911 1900 975 ferret,
1936 915 2043 961 aui-

451 991 474 1020 ι
498 976 840 1036 madvertiqne
862 974 1108 1024 hominem
1129 976 1326 1024 minime
1354 988 1577 1024 versasse
1597 975 1713 1038 quid
1739 974 1871 1038 l'erre
1897 987 2042 1024 recu-

449 1054 475 1082 α
498 1044 685 1096 sarent,
726 1038 906 1098 quidve
941 1038 1164 1086 valerent
1199 1038 1413 1086 humeri.
1449 1038 1549 1097 Qua
1583 1037 1646 1086 di-
1684 1051 1738 1085 re
1775 1037 2040 1087 admonere

448 1117 474 1142 ει
499 1098 624 1147 volui
650 1101 742 1148 hoc
763 1099 1027 1161 Opusculo,
1056 1108 1106 1147 et
1131 1101 1486 1160 rempublicam
1519 1099 1806 1149 litterariam
1833 1105 1885 1148 et
1908 1099 2040 1148 ordi-

447 1178 475 1206 ι
501 1174 614 1209 nem
636 1161 1066 1212 Benedictiuornm
1086 1199 1100 1223 ,
1126 1169 1179 1211 ut
1202 1162 1363 1211 videat
1398 1177 1460 1212 ne
1487 1162 1603 1223 quid
1630 1163 1749 1210 fama
1771 1174 1859 1211 sua
1881 1163 2041 1220 capiat

449 1240 477 1268 ει
498 1224 808 1286 detrimenti,
834 1227 875 1274 si
901 1223 1136 1286 ejusmodi
1159 1224 1403 1286 hominem
1432 1225 1642 1286 patiatur
1664 1225 1848 1286 diutius
1871 1230 2040 1272 conta-

449 1303 476 1330 α
499 1285 687 1350 minare
721 1284 898 1348 scripta
923 1284 1240 1350 Hierquymi,
1264 1284 1627 1350 contumeliosis
1661 1285 1756 1350 illis
1790 1294 1840 1350 et
1874 1299 2039 1347 parum

451 1365 478 1396 ι
500 1349 658 1397 doctis
693 1354 1004 1400 assumentis.
1046 1348 1232 1412 Eadem
1272 1361 1422 1412 opera
1453 1348 1606 1412 multa
1642 1349 1706 1397 de
1745 1348 2042 1412 Hieronymo

454 1429 477 1457 «ι
501 1412 604 1472 ipso
625 1413 749 1474 dixi,
771 1427 831 1459 ex
859 1413 1037 1474 quibus
1069 1410 1274 1473 liquebit
1299 1409 1427 1460 male
1453 1411 1615 1459 facere
1642 1423 1755 1466 eos,
1775 1413 1858 1472 qui
1883 1409 2038 1474 usque

445 1487 476 1521 «
503 1475 627 1522 adeo
658 1474 967 1534 despicantur
1000 1485 1101 1534 prie
1137 1486 1196 1521 eo
1228 1475 1536 1522 recentiores
1566 1474 1787 1533 criticos,
1816 1479 1872 1522 ut
1902 1474 2043 1534 quasi

453 1548 656 1584 «caecos
691 1535 757 1585 illi
805 1535 1005 1584 collatos
1047 1536 1274 1585 habeant.
1314 1535 1366 1584 Si
1405 1535 1510 1584 haec
1550 1536 1734 1597 prosint
1771 1535 1830 1583 ad
1870 1535 2043 1584 contir-

450 1616 472 1644 α
496 1599 702 1661 manda,
735 1600 1063 1660 augendaque
1090 1598 1324 1646 bonarum
1347 1610 1697 1661 sacrarumque
1733 1597 1860 1647 adeo
1906 1597 2041 1648 litte-

451 1678 475 1705 ι
499 1674 661 1709 rarum
683 1658 860 1723 Studia,
890 1658 992 1710 erit
1009 1661 1327 1722 quamobrem
1349 1661 1605 1723 gaudeant.
1633 1658 1702 1708 lio
1727 1669 1864 1723 certe
1884 1661 2044 1711 animo

451 1741 475 1769 ς
500 1736 526 1770 a
552 1737 631 1772 me
653 1725 833 1786 scripta
848 1721 984 1772 sunt.
1009 1721 1103 1786 Siu
1115 1724 1295 1786 minus,
1314 1724 1462 1771 animi
1486 1721 1660 1772 saltem
1680 1722 1822 1785 hujus
1839 1723 1936 1771 mei
1961 1737 2041 1772 me

451 1803 479 1832 ε
501 1783 766 1844 numquam
791 1786 1064 1846 ptenitebit.
1086 1783 1227 1833 Vale.
1248 1801 1271 1830 ››

509 1845 673 1898 Noluit
695 1845 912 1898 Clericus
944 1856 1110 1896 noster
1135 1848 1244 1895 sine
1281 1847 1375 1897 ulla
1412 1847 1783 1907 prannuuitione
1809 1849 2045 1898 orationis

2148 482 2200 523 et
2219 474 2400 538 bonum
2427 475 2687 538 habebam,
2710 480 2766 525 ut
2788 477 3002 538 pecmtis
3025 474 3150 526 meis
3173 476 3477 537 indulgeres,
3498 476 3542 525 si
3563 474 3751 538 aliquid

2148 490 2200 523 et
2221 490 2400 522 bonum
2427 490 2687 538 nanenam,
2710 490 2766 525 ut
2806 490 3002 525 iecimus
3025 490 3150 526 meis
3173 490 3477 537 munrgeres,
3498 490 3542 525 s1
3563 490 3751 536 ειιιῳιια

2147 536 2274 598 aequi
2299 537 2478 600 bonive
2505 550 2532 585 a
2563 536 2754 587 Joanne
2779 490 2970 589 Clerico
2992 540 3260 600 impetrare
3287 539 3578 600 potuissem.
3607 537 3751 588 Nulla

2144 610 2262 663 sane
2287 599 2416 663 apud
2429 599 2718 663 imperitum
2741 614 2859 663 spes
2879 614 2960 650 me
2984 599 3190 650 tenebat
3211 599 3504 663 impetrandi
3529 604 3747 662 veniam,

2146 661 2259 722 quia
2289 661 2470 726 jamdiu
2500 661 2781 726 audiveram
2813 671 2864 713 te
2898 664 3041 712 nimis
3074 662 3351 712 iracundum
3381 663 3431 712 in
3464 661 3750 726 reprehen-

2145 735 2307 784 sores,
2335 731 2386 773 et
2409 723 2458 772 in
2483 737 2678 775 onmem
2701 725 3032 775 adversarium
3058 726 3254 775 saevire.

2209 785 2486 847 Pergamus
2509 787 2724 850 tandem,
2749 795 2802 836 ut
2827 803 2890 838 ex
2917 789 3188 850 posteriore
3217 789 3434 849 prooemii
3463 788 3616 836 nostri
3641 799 3754 837 ser-

2147 860 2292 898 mone
2315 850 2579 898 doceamus
2597 889 2610 908 ,
2635 849 3000 912 objtirgatoreiii
3027 849 3265 912 editionis
3282 863 3432 912 nova}
3455 851 3753 899 mendacem

2146 923 2265 976 esse
2283 924 2338 959 ac
2364 913 2644 971 imperitum
2670 909 3002 973 {ex-pendens
3028 914 3157 961 enim
3183 909 3300 976 quid
3324 910 3434 963 novi
3459 915 3616 960 terret
3645 913 3756 963 hac

2147 973 2329 1037 editio,
2355 980 2538 1037 praeter
2573 977 2904 1024 temeritatem
2933 986 3091 1037 meam
3123 981 3175 1022 et
3196 973 3396 1023 indocta
3431 980 3751 1037 assumenta,

2147 1035 2266 1083 nihil
2303 1041 2468 1084 notatn
2492 1036 2694 1097 dignum
2721 1037 2936 1094 invenit,
2960 1035 3024 1085 de
3059 1051 3158 1098 quo
3185 1038 3461 1085 universam
3500 1035 3754 1086 litterato;

2148 1109 2256 1162 rum
2293 1098 2537 1162 hominum
2574 1099 2922 1162 rempublicam
2954 1098 3274 1160 ordinemque
3309 1098 3752 1162 Benedictiuorum

2149 1158 2413 1208 admonere
2441 1158 2763 1223 \_oluerit.'At
2805 1161 2938 1223 prius
2975 1170 3049 1211 est
3085 1158 3300 1210 nostrum
3336 1163 3627 1221 prommium
3663 1161 3753 1210 ad-

2149 1223 2418 1270 monitione
2442 1221 2584 1271 Joau.
2610 1221 2814 1282 Clerici,
2835 1225 2949 1284 quia
2975 1225 3110 1284 prius
3132 1223 3402 1286 antidotum
3423 1262 3436 1285 ,
3466 1231 3635 1286 postea
3662 1237 3755 1272 ve-

2149 1295 2331 1349 nenum
2357 1299 2372 1349 _:
2393 1286 2510 1349 novi
2543 1299 2752 1347 namque
2777 1286 2895 1349 quid
2919 1287 3043 1349 {erat
3069 1285 3222 1349 editio
3250 1292 3442 1345 nostra,
3467 1289 3754 1349 generatim

2147 1343 2224 1394 his
2266 1347 2431 1411 verbis
2473 1343 2838 1411 commonemus
2879 1357 2973 1396 tam
3021 1348 3307 1396 litterariam
3352 1343 3748 1411 rempublicam,

2145 1419 2288 1470 quam
2314 1409 2535 1457 ordinem
2561 1410 2988 1459 Benedictinorum
3019 1425 3030 1460 :
3059 1412 3163 1459 Hac
3190 1408 3545 1470 exspectatione
3569 1409 3620 1457 in
3645 1408 3754 1470 pri;-

2146 1467 2237 1539 niis
2262 1470 2502 1539 provocati
2525 1472 2753 1535 qua’dam
2783 1470 3041 1522 emittimus
3065 1467 3414 1583 Proleyomena
3446 1470 3498 1522 in
3528 1467 3754 1521 elucida-

2147 1539 2324 1581 tionem
2343 1533 2520 1583 divina:
2541 1533 2686 1583 huius
2719 1536 2774 1583 S.
2805 1534 3089 1583 Hieronmni
3123 1535 3210 1583 Bib
3232 1534 3460 1583 tot/terre.
3500 1545 3612 1583 auat
3642 1541 3753 1583 ante

2147 1529 2324 1581 tionem
2343 1531 2520 1584 dicitur:
2537 1529 2686 1597 huius
2719 1536 2774 1584 S.
2805 1534 3089 1597 Hieronymi
3123 1529 3460 1597 Bibliothecre,
3500 1545 3612 1597 qua;
3642 1541 3753 1586 ante

2147 1602 2359 1666 nostram
2381 1610 2410 1644 (ι
2425 1595 2766 1666 tritanu-clausa
2798 1602 2842 1646 et
2878 1595 3100 1666 ignorata
3130 1596 3247 1666 bene
3279 1597 3431 1666 multa
3449 1595 3751 1666 ’mtefaciet;

2149 1657 2441 1725 scriptorum
2466 1670 2525 1725 με
2559 1657 2791 1725 librorum
2823 1657 3016 1725 errores
3051 1658 3112 1708 ab
3145 1659 3316 1709 (minis
3335 1657 3635 1725 removebit;
3671 1673 3754 1710 sa-

2149 1718 2347 1782 crisque
2387 1719 2717 1782 Voluminibus
2750 1720 2800 1771 in
2835 1718 3082 1782 Latinum,
3117 1734 3228 1771 cum
3261 1733 3288 1770 e
3319 1724 3519 1780 erco,
3555 1728 3754 1782 tamex

2151 1781 2360 1848 Hebrum
2383 1781 2703 1848 gonversisab
2723 1784 2925 1848 Eusebio
2945 1781 3259 1848 Hieronymo,
3285 1783 3553 1848 Ecclesium
3574 1781 3757 1834 Christi

2150 1843 2353 1909 (litabit.
2382 1844 2520 1909 Dona
2553 1845 2823 1908 bujusmodi
2863 1860 2949 1908 pro
2983 1843 3288 1896 nihilo'ducit
3312 1846 3535 1897 Clericus
3559 1853 3751 1909 noster,

445 1909 615 1960 invehi
638 1914 696 1978 iu
716 1909 1239 1978 suum_t'llat°tittii_a2um_,
1260 1906 1757 1978 quemvehemeuter
1781 1908 1916 1978 dolet
1941 1911 2047 1961 edi-
2077 1919 2123 1978 Β
2151 1908 2264 1978 quia
2291 1907 2410 1956 nihil
2435 1906 2565 1956 aliud
2589 1906 2740 1978 habet
2763 1906 2890 1978 quod
2913 1911 3074 1978 agitet
3093 1909 3140 1957 in
3165 1906 3754 1978 menteLprteterJemeé

446 1979 605 2022 torem
633 1973 783 2037 fuisse
812 1973 1099 2037 Hieronymi
1122 1972 1319 2037 minime
1344 1980 1626 2037 parcentem
1662 1972 1900 2022 hereticis
1931 1986 2044 2022 san-

451 2037 665 2086 ctissimo
683 2036 870 2086 doctori
889 2033 1090 2097 semper
1117 2035 1470 2084 iufensissimis.
1493 2033 1676 2083 Verum
1700 2037 2046 2097 praetermiSsis

447 2101 674 2148 omnibus
697 2113 902 2161 quorum
927 2097 1101 2149 Clerici
1124 2112 1220 2146 non
1257 2100 1624 2161 interest,_n_ec
1658 2097 1942 2161 reipublicae
1967 2098 2048 2148 lit-

448 2163 644 2210 terarite
671 2161 687 2222 (
713 2159 917 2223 quorum
942 2175 1036 2208 non
1070 2161 1297 2223 meminit
1319 2160 1474 2208 malus
1493 2159 1659 2214 dolus.
1685 2159 1776 2208 nisi
1800 2161 1858 2208 ad
1891 2162 2046 2210 susci-

450 2225 646 2290 tandum
673 2221 949 2290 pressuram
976 2221 1183 2290 vinculis
1206 2222 1364 2284 meis)
1388 2223 1504 2290 quid
1531 2234 1619 2290 pro
1637 2234 1693 2290 se
1717 2232 2046 2290 conqueratur

445 2283 734 2354 diligentius
758 2287 1086 2347 inspiciamus.
1117 2287 1216 2354 Ego
1237 2283 1418 2347 autem,
1433 2285 1631 2354 inquit,
1656 2283 1870 2354 inguen:
1892 2283 2046 2354 numi-

445 2345 597 2398 uatim
621 2345 953 2406 invectus—est,
989 2355 1034 2398 et
1056 2345 1250 2412 quier
1279 2345 1546 2412 acerrime,
1577 2353 1674 2396 etc.
1709 2345 1906 2412 Fateor,
1931 2347 2046 2412 Cle-

446 2413 573 2473 rice,
596 2413 956 2461 consideratius
979 2409 1143 2460 tecum
1168 2410 1300 2473 loqui
1323 2409 1548 2474 nolebam
1567 2450 1580 2474 ,
1605 2421 1749 2472 quam
1773 2416 1824 2458 tu
1853 2411 1901 2474 in
1925 2411 2048 2460 Hic-

447 2471 705 2536 mnvmum
730 2486 826 2522 non
861 2487 960 2523 uno
992 2474 1096 2522 loco
1121 2471 1352 2536 invectus
1375 2485 1447 2521 es.
1475 2471 1576 2536 ’l'ua
1605 2471 1682 2522 est
1707 2473 1947 2522 acerbitas
1972 2476 2048 2524 ni-

448 2534 556 2598 niia‘
587 2536 850 2585 verborum
898 2549 1152 2598 meorum,
1195 2534 1389 2598 quando
1428 2535 1628 2597 quidem
1669 2548 1775 2583 eam
1805 2538 1986 2598 accepi
2021 2551 2049 2588 a

447 2597 791 2647 I’entateurho
814 2605 900 2647 tuo
932 2597 1166 2655 Mosaico,
1201 2606 1255 2646 ut
1281 2597 1518 2646 lectorem
1541 2597 1814 2646 commonui
1847 2599 1894 2647 in
1926 2597 2050 2649 meis

449 2661 872 2716 annotationibus,
904 2673 1028 2722 quas
1049 2674 1218 2722 parum
1241 2660 1410 2722 doctas
1431 2671 1608 2722 vocare
1631 2659 1828 2722 studes,
1856 2662 1970 2722 quia
1998 2671 2048 2710 Ie

449 2722 730 2784 imperitum
757 2720 962 2784 probant
986 2723 1034 2770 in
1051 2720 1300 2784 ‘on'inibus.
1322 2721 1546 2784 Revolve
1555 2722 1717 2784 igitur
1737 2720 2048 2773 Commenta-

450 2782 578 2832 rium
629 2782 793 2834 meum
829 2787 878 2833 in
910 2783 1086 2832 librum
1117 2789 1180 2834 de
1211 2783 1496 2833 Nominibus
1529 2782 1815 2846 Hebraicis,
1854 2793 1968 2834 tom.
2006 2787 2049 2836 ll

447 2847 678 2909 editionis
710 2855 921 2909 nostrae,
957 2847 1040 2896 ubi
1072 2846 1176 2895 haec
1201 2847 1373 2895 eadem
1397 2847 1460 2895 de
1493 2853 1545 2896 te
1575 2847 1766 2909 scripta
1789 2847 2044 2908 leguntur.

453 2906 520 2956 Ex
541 2909 614 2956 bis
636 2906 1144 2971 perspicue'apparet,
1163 2909 1376 2970 inquam,
1399 2920 1547 2970 quam
1561 2906 1724 2970 dispar
1748 2906 1897 2971 fuerit
1923 2910 2045 2961 Hie-

448 2970 935 3034 ronymi’diligeutia,
955 2970 1099 3034 quam
1119 2972 1282 3033 dispar
1303 2971 1556 3034 ingenium
1582 2975 1633 3034 et
1650 2970 1862 3021 studium
1886 2975 1935 3022 iu
1963 2989 2045 3023 rc-

451 3031 718 3097 bus'sacris
733 3031 838 3093 [illi
862 3031 988 3095 quod
1017 3046 1144 3082 nunc
1166 3031 1416 3097 ostentant
1438 3031 1602 3083 Critici
1626 3033 1768 3097 hujus
1793 3036 2046 3097 temporis.

446 3096 546 3143 Sed
570 3109 680 3144 cum
712 3096 802 3145 hoc
827 3097 1035 3157 dixero,
1067 3095 1262 3145 invidia:
1305 3095 1470 3144 statim
1510 3108 1592 3143 me
1625 3095 1934 3155 insimulant,
1963 3109 2048 3150 aut

449 3158 738 3206 amat-olenti
764 3159 1026 3220 Scriptoris
1045 3157 1216 3208 famam
1239 3159 1440 3220 iniu-unt
1462 3157 1694 3220 imperiti,
1719 3161 1855 3220 quasi
1877 3162 2044 3210 vitium

445 3231 556 3266 cum
583 3233 790 3276 persona
815 3219 1058 3279 mutetur;
1087 3229 1139 3269 et
1161 3220 1289 3280 quod
1315 3219 1508 3269 Clerico
1532 3219 1904 3281 impllnerliceat
1929 3236 2049 3271 cou-

448 3286 522 3345 t_ra
546 3281 919 3345 Hieronymum,
945 3283 1064 3333 mihi
1091 3295 1177 3343 pro
1197 3281 1495 3345 Hieronymo
1519 3295 1612 3330 non
1639 3282 1787 3331 liceat
1812 3284 2049 3335 adversus

448 3341 1002 3406 QIericum,’novorum
1040 3341 1275 3394 sensuum
1315 3351 1367 3392 et
1389 3341 1689 3406 ‘dogniatum
1725 3353 2043 3398 assertorem.

448 3403 574 3453 Huic
596 3403 912 3472 accusationi,
935 3409 974 3472 si
999 3406 1190 3472 quando
1213 3407 1460 3472 evenerii,
1476 3403 1606 3455 nihil
1630 3406 1788 3472 habeo
1811 3409 1937 3470 quod
1958 3423 2048 3472 op-

448 3479 622 3538 ponam
649 3471 699 3538 in
723 3471 813 3519 hac
835 3469 1099 3538 Apologia,
1124 3475 1307 3538 prmier
1334 3468 1488 3538 verba
1506 3471 1658 3516 sancti
1686 3468 1936 3532 Doctor-is,
1960 3468 2049 3522 cu-

440 3528 525 3595 j‘us
544 3533 697 3595 gratia
722 3546 829 3595 eam
849 3528 1048 3595 suscepi
1077 3528 1328 3595 :JVerilas,
1356 3531 1536 3593 inquit,
1555 3542 1724 3595 amara
1745 3538 1846 3595 est,_
1861 3528 2049 3595 rugosa:

440 3547 525 3587 jus
544 3547 697 3591 gratia
722 3547 829 3580 eam
851 3547 994 3581 θυεερ
1017 3547 1048 3580 ιι
1077 3547 1087 3580 ἰ
1125 3547 1149 3579 Υ
1165 3547 1328 3588 eruas,
1356 3547 1536 3593 IIIqUIl,
1555 3547 1724 3579 amara
1745 3547 1833 3592 εει,
1861 3547 2049 3595 rugosa:

349 3593 355 3600 '
442 3588 619 3657 frontis
640 3606 698 3657 ac
734 3591 914 3657 tristis,
938 3547 1228 3657 o/i’enditque
1250 3599 1571 3657 correctos...
1605 3593 1795 3643 Vir-itas
1828 3593 1880 3644 in
1915 3597 2051 3650 nobis

449 3653 514 3704 sit
545 3663 591 3705 et
621 3652 907 3712 sinceritas,
935 3652 993 3706 et'
1013 3652 1288 3705 amaritudo
1319 3652 1452 3705 illico
1483 3664 1815 3716 consequetur.
1854 3658 1926 3708 lta
1964 3661 2048 3711 ille

451 3717 541 3779 lib.
567 3733 578 3764 I
603 3720 841 3769 adversus
861 3719 1170 3779 Pelagianos.

514 3778 636 3828 Inde
659 3789 772 3830 sunt
805 3787 934 3830 notae
969 3778 1022 3830 et
1053 3787 1331 3830 assumenta
1357 3793 1466 3828 mea
1499 3780 1851 3842 contumeliosa
1878 3789 1930 3832 et
1965 3797 2048 3842 pa-

451 3843 758 3908 rum_docta,
792 3845 971 3905 quibus
1001 3844 1328 3908 contaminari
1365 3841 1892 3908 scriptaAHieronymi;
1936 3841 2048 3897 inde

449 3905 695 3968 acerbitas
724 3904 866 3954 nimia
883 3945 898 3967 ,
924 3918 1070 3968 quam
1095 3906 1415 3968 conqueritur
1439 3904 1654 3954 Clericus
1677 3904 1786 3953 cum
1819 3909 1922 3956 suis
1957 3911 2049 3958 im-

451 3967 642 4026 peritis.
661 3967 731 4034 At_
742 3981 852 4034 cum
872 3967 1004 4034 tauta
1023 3969 1090 4017 sit
1107 3967 1499 4034 apudcorrectos
1519 3968 1742 4034 veritatis
1757 3971 2048 4034 amaritudo,

450 4035 629 4088 quanta
658 4030 797 4079 nobis
819 4032 916 4079 erit
939 4031 986 4078 in
1011 4031 1279 4078 mendaciis
1304 4035 1356 4078 et
1381 4030 1691 4079 contumeliis
1715 4029 1916 4079 Joannis
1938 4029 2052 4082 Cic;

448 4089 572 4138 rici?
599 4089 737 4140 Felle
769 4093 988 4152 prol‘ecto
1013 4095 1222 4140 amarior
1247 4090 1365 4152 mihi
1399 4103 1597 4150 semper
1633 4093 1720 4140 luit
1752 4092 1961 4152 falsitas,
1998 4104 2050 4147 et

448 4153 582 4200 omni
603 4151 874 4202 acerbitate
896 4153 1269 4204 intolerabilior.
1292 4151 1410 4201 Hinc
1432 4159 1597 4202 tamen
1619 4154 1666 4202 in
1690 4153 1865 4203 Critico
1885 4151 2050 4208 nostro

448 4215 634 4275 saepius
665 4214 968 4276 dominatur;
999 4226 1095 4262 nec
1124 4213 1272 4262 alium
1303 4215 1404 4276 scio
1440 4213 1739 4276 Scriptorum
1773 4219 1855 4276 qui
1893 4225 1962 4268 tot
1993 4233 2050 4268 ac

448 4273 610 4344 tan—lis.
635 4277 852 4344 gaudeat
881 4273 1160 4344 mendaciis.
1199 4273 1360 4344 Caeni,
1396 4273 2049 4344 iuquit‘,_expendet-equiti

448 4336 561 4388 novi
595 4336 698 4388 iure
732 4338 882 4402 editio
916 4340 1098 4402 ferret,
1133 4336 1549 4402 animadvertique
1581 4336 1821 4402 hominem
1853 4336 2049 4394 minime

450 4413 684 4460 versasse,
712 4401 830 4461 quid
852 4398 984 4464 ferre
1006 4407 1306 4461 recusarent,
1325 4398 1508 4464 quidue
1526 4400 1740 4452 valerent
1763 4402 1971 4454 humeri.

511 4466 575 4512 At
605 4463 859 4531 tutoriiodo’
879 4466 1000 4531 dieis
1034 4463 1417 4531 tenexpendissc
1453 4463 1718 4531 editionem
1745 4477 1934 4531 meam,
1961 4470 2044 4531 qui

451 4525 738 4586 praemium
767 4535 896 4575 tonio
931 4526 950 4576 1
988 4525 1237 4589 praefixum
1271 4525 1478 4589 necdum
1510 4526 1712 4588 legisti?
1746 4527 1844 4578 Aut
1878 4525 1929 4577 si'
1954 4525 2046 4578 (ἰκ-

452 4589 714 4646 pendendo
729 4589 912 4649 iegisti,
935 4588 1086 4652 quare
1102 4588 1381 4652 dissimulas
1400 4601 1456 4652 ve
1458 4601 1627 4652 [susse
1649 4603 1746 4648 me,
1773 4591 1892 4652 quid
1911 4589 2046 4642 ferre

449 4658 769 4713 recusarent,
789 4647 973 4713 quidve
997 4651 1219 4713 valerent
1252 4647 1480 4698 humeri?
1505 4651 1754 4700 Attentius
1778 4647 1928 4712 igitur
1955 4668 2045 4703 ex-

451 4711 615 4774 pende
638 4724 692 4760 ac
712 4711 968 4774 perpende
986 4712 1334 4774 verbaisthiec
1359 4713 1698 4774 prommiimei
1726 4727 1737 4760 :
1760 4711 1912 4765 Nobis
1935 4727 2048 4766 vero

448 4774 505 4845 ξς
529 4770 817 4845 Hierqriymi
837 4771 1051 4824 divinam
1075 4770 1439 4845 Bibliothecain,
1458 4772 1660 4845 antehac
1680 4771 1932 4845 ineditam,
1951 4778 2046 4845 uti-

446 4834 573 4900 litati
598 4834 806 4897 publica?
825 4842 1189 4900 procurandum
1210 4834 1602 4896 suscipientibus,
1630 4843 1693 4886 tot
1723 4834 1947 4900 tantaque
1971 4839 2048 4888 iu-

2153 1971 2347 2018 ritatem
2386 1981 2572 2026 meam,
2615 1977 2668 2019 et
2707 1972 3031 2020 acerbitatem
3065 1973 3110 2020 in
3147 1983 3262 2019 eum
3299 1971 3522 2021 effusam.
3565 1971 3753 2020 Verum

2149 2031 2280 2096 inter
2306 2031 2454 2080 multa
2480 2033 2736 2081 maledicta
2763 2047 2876 2094 qua:
2909 2035 2957 2081 in
2991 2047 3072 2082 me
3111 2035 3285 2096 passim
3311 2035 3502 2094 emisit,
3539 2035 3752 2083 veritate

2154 2101 2172 2158 i
2174 2094 2349 2142 andem
2369 2108 2423 2143 su
2433 2103 2651 2158 peratus,
2667 2096 2832 2144 istluec
2846 2096 3069 2158 scribere
3088 2094 3362 2158 compulsus
3375 2105 3450 2144 est
3463 2096 3752 2158 Quaestione

2151 2155 2210 2215 9,
2236 2170 2343 2218 pag.
2376 2157 2485 2206 291.
2518 2175 2540 2202 ai
2563 2155 2671 2206 Non
2696 2171 2889 2212 possum
2914 2170 3009 2218 non
3031 2155 3231 2208 laudare
3250 2158 3508 2208 consilium
3543 2155 3754 2208 Martia-

2150 2215 2248 2268 ηιυὶ
2279 2215 2344 2268 de
2388 2219 2595 2285 edendis
2637 2217 2922 2285 Hieronymi
2962 2221 3296 2285 versionibus,
3345 2219 3752 2285 quemadmodum

2155 2283 2441 2346 exstantia
2485 2282 2842 2346 antiquissimis
2875 2282 3014 2331 libris
3056 2285 3166 2346 sine
3209 2284 3595 2340 mutationibus,
3641 2295 3752 2346 quae

2156 2351 2324 2408 postea
2361 2345 2409 2392 in
2432 2345 2506 2408 _iis
2541 2343 2681 2394 factae
2705 2352 2848 2403 sunt,
2879 2358 3041 2406 eoque
3073 2345 3278 2408 ordine,
3301 2358 3400 2408 quo
3435 2343 3756 2394 inveniuntur

2154 2405 2330 2470 iisdem
2357 2408 2402 2454 in
2431 2405 2596 2461 libris.
2615 2420 2724 2470 non
2751 2407 2942 2456 omissis
2962 2405 3178 2470 antiquis
3199 2405 3594 2470 distinctionibus
3611 2447 3625 2468 ,
3647 2420 3756 2470 quae

2157 2468 2204 2516 in
2228 2469 2286 2532 iis
2304 2477 2593 2518 cernuntur.
2614 2469 3000 2532 Yidemurenim
3022 2468 3162 2518 nobis
3179 2469 3348 2518 videre
3370 2482 3456 2517 eas
3477 2468 3752 2532 versiones,

2155 2531 2382 2593 qualesge
2409 2545 2552 2580 manu
2582 2531 2864 2592 Hieronymi
2889 2533 3194 2593 prodierunt,
3221 2539 3301 2580 aut
3327 2540 3467 2581 certe
3493 2544 3638 2590 quam
3666 2531 3758 2580 mi-

2158 2594 2288 2641 nime
2327 2592 2436 2643 ﬁeri
2481 2598 2653 2657 potuit,
2692 2592 3030 2644 immutatus.»
3062 2594 3312 2643 Habemus
3335 2593 3414 2657 hic
3436 2593 3756 2657 conﬁtentem

2155 2667 2324 2716 reum,
2364 2654 2514 2718 quem
2549 2654 2792 2718 peragere
2819 2670 3027 2706 necesse
3055 2664 3159 2713 cst,
3193 2665 3245 2704 ut
3271 2654 3468 2704 exsulet
3501 2655 3700 2705 tandem
3726 2670 3756 2706 c

2155 2719 2408 2782 republica
2431 2732 2566 2768 sacra
2590 2719 2851 2779 litteraria,
2879 2727 2931 2769 ct
2950 2720 3053 2768 suis
3076 2721 3225 2768 etiam
3244 2719 3442 2768 sordeat
3461 2732 3573 2768 cum
3600 2720 3757 2782 impe-

2154 2780 2248 2828 rito
2271 2779 2396 2830 libro
2421 2783 2750 2841 Quaestionum
2774 2782 3287 2846 Hieronymianarum.

2230 2886 2257 2950 ξ
2282 2901 2468 2938 amcos.
2495 2888 2566 2939 De
2589 2887 2830 2953 imperitia
2847 2886 3087 3002 δὲἵὲιςιᾳνὶ
3111 2889 3141 2938 Ι
3167 2887 3443 2955 qmvstionis
3466 2889 3677 2940 Joannis

2944 2965 3055 3002 νισι.

2944 2965 3055 3003 νισι.

2213 3032 2385 3099 Totam
2411 3033 2430 3082 Ι
2454 3036 2775 3095 (ιυωειὶοιιρω
2796 3034 3220 3099 Hieronymianam
3242 3037 3449 3086 absolvit
3469 3035 3613 3085 Joan.
3634 3035 3748 3086 Cle-

2152 3097 2284 3161 ricus
2309 3097 2505 3161 in_me:e
2531 3098 2822 3161 eruditionis
2847 3097 3223 3161 vituperatione,
3249 3108 3304 3148 ut
3329 3099 3506 3161 probet
3523 3100 3755 3161 peritiam

2153 3157 2337 3220 linguae
2357 3157 2555 3213 Latinae.
2584 3160 2768 3209 Graecae
2794 3167 2846 3209 et
2868 3160 3126 3210 Hebraicaa
3143 3157 3360 3210 defuisse
3380 3159 3672 3210 Martiarum
3696 3160 3753 3209 ad

2153 3219 2366 3286 feliciter
2390 3221 2634 3270 edendum
2661 3220 3030 3286 Hieronymum.
3057 3226 3209 3282 Quam
3239 3223 3384 3284 longe
3407 3235 3526 3286 vero
3549 3225 3752 3272 aberra-

2155 3284 2285 3332 verit
2316 3295 2343 3330 a
2377 3286 2626 3348 proposito
2649 3298 2764 3348 suo.
2790 3284 3061 3346 sentientes
3093 3286 3439 3348 rCSponsiones
3458 3285 3712 3334 docebunt
3740 3301 3751 3336 :

2154 3358 2318 3410 neque
2344 3346 2476 3394 enim
2499 3347 2626 3408 quod
2653 3346 2852 3396 volebat
2877 3346 3189 3410 argumentis
3217 3349 3538 3410 comprobare
3555 3349 3751 3410 potuit,

2154 3408 2243 3456 sed
2271 3409 2504 3472 imparem
2535 3421 2651 3458 sese
2675 3410 2891 3460 ostendit
2915 3408 2972 3460 ad
2993 3411 3226 3472 judicium
3253 3408 3511 3458 terendum
3533 3408 3600 3458 de
3628 3408 3750 3458 nova

2157 3479 2319 3534 nostra
2341 3471 2574 3530 editione,
2596 3473 2896 3532 aptissimum
2922 3471 3087 3522 autem
3109 3474 3164 3520 ml
3187 3472 3481 3534 prodendam
3506 3473 3747 3534 proni-iam

2157 3533 2476 3597 acerbitatem
2503 3546 2558 3582 ac
2581 3537 2902 3597 imperitiam;
2946 3547 3058 3584 cum
3092 3533 3229 3584 recte
3271 3534 3410 3597 factis
3445 3533 3532 3595 pro
3563 3533 3750 3596 gratia-

2155 3607 2258 3642 rum
2283 3594 2554 3660 actionibus
2576 3594 2790 3646 convicia
2825 3605 3054 3659 reponat,
3081 3608 3131 3646 et
3166 3611 3277 3660 quae
3309 3594 3514 3660 Latine,
3540 3594 3744 3660 Graece,

2154 3665 2304 3719 atque
2324 3657 2396 3722 Hie
2405 3658 2568 3722 braice
2585 3660 2782 3722 veritati
2800 3657 3136 3722 congruenter
3153 3657 3279 3722 a'mc
3301 3672 3358 3707 ei
3371 3659 3546 3720 plicata
3571 3658 3750 3722 legun-

2156 3726 2254 3784 tur,
2285 3720 2591 3784 eademipsc
2615 3721 2833 3771 traducat
2858 3720 3086 3784 imperite
3113 3723 3162 3769 in
3187 3721 3284 3769 mei
3309 3720 3665 3784 contemptum.

2218 3782 2425 3847 Primam
2461 3782 2626 3847 itaque
2657 3782 2976 3847 quaestionem
3011 3785 3235 3847 proponit
3269 3786 3318 3847 in
3360 3782 3642 3847 hujusiuodi
3673 3784 3747 3833 in-

2153 3845 2496 3909 scriptione_et
2519 3842 2788 3909 e’pigraplie
2811 3861 2822 3894 :
2855 3844 2982 3907 Quid
3007 3842 3267 3909 postuletur
3289 3842 3440 3909 iniec,—
3462 3843 3548 3907 qui
3573 3843 3750 3896 Hiero-

2154 3903 2358 3974 nymum
2371 3903 2516 3974 edere
2537 3903 2680 3974 atque
2695 3903 2949 3974 illustrare
2964 3903 3310 3974 aggrediatur?
3329 3903 3746 3969 Cui'conseqneu-

2155 3976 2234 4033 ter
2250 3968 2533 4033 snbjungit:
2556 3983 2585 4016 «
2603 3968 2671 4018 Ut
2686 3972 2942 4033 quaestioni
2969 3968 3080 4021 huic
3096 3971 3449 4020 satisfaciamus
3463 4009 3477 4031 ,
3502 3968 3618 4018 ante
3641 3983 3742 4018 om-

2159 4031 2236 4079 nia
2262 4030 2444 4092 duplex
2476 4033 2644 4080 auxilii
2666 4030 3064 4096 distinguendum
3090 4042 3167 4083 est
3195 4045 3381 4094 genus;
3404 4030 3504 4095 quo
3538 4033 3746 4081 instruc-

2157 4099 2258 4159 ium
2301 4106 2414 4142 cum
2455 4107 2581 4159 esse
2609 4102 2840 4159 Oportet,
2883 4097 2966 4159 qui
3011 4096 3361 4159 Hieronymum
3400 4096 3557 4144 edere
3603 4103 3745 4156 atque

2156 4154 2406 4219 illustrare
2434 4168 2546 4219 cum
2569 4154 2713 4206 laude
2738 4154 2873 4207 velit.
2900 4154 3046 4208 Prius
3076 4154 3224 4207 liceai
3247 4164 3512 4206 externum
3538 4154 3739 4219 vocare,

2155 4217 2283 4283 quod
2325 4219 2482 4283 situm
2505 4214 2567 4266 sit
2612 4220 2660 4266 in
2696 4222 2834 4283 copia
2870 4221 3309 4283 manuscriptorum
3348 4219 3598 4279 codicum,
3638 4214 3743 4267 curn

2153 4281 2336 4386 quibus
2367 4280 2610 4329 editiones
2643 4280 2945 4345 antiquiores
2976 4280 3338 4345 comparentur,
3365 4288 3520 4342 atque
3555 4295 3742 4344 espen-

2187 4349 2344 4386 antur-
2374 4341 2477 4386 Hoc
2501 4354 2558 4386 se
2583 4341 2910 4386 pulcherrime
2937 4347 3221 4386 instructum
3249 4343 3401 4386 fuisse
3425 4343 3612 4386 dictitat
3639 4356 3742 4386 nas-

2187 4349 2344 4392 autur.
2374 4341 2477 4390 Hoc
2501 4354 2558 4390 se
2583 4341 2910 4404 puicheirime
2937 4341 3221 4394 instructum
3249 4343 3401 4393 fuisse
3425 4341 3742 4404 dictitat‘pas-

2153 4405 2242 4468 sim
2267 4407 2483 4468 Joannes
2507 4403 2839 4465 Martianwus,
2871 4407 2952 4468 qui
2981 4409 3131 4468 coepit
3161 4407 3312 4455 edere
3347 4405 3555 4468 Lutetiae
3582 4403 3743 4468 Opera

2151 4463 2432 4531 Hieronymi
2453 4505 2476 4531 ,Α
2504 4481 2710 4531 quorum
2737 4463 2944 4531 primum
2968 4463 3197 4518 volumen
3222 4468 3464 4531 publicam
3489 4463 3647 4531 lucem
3677 4470 3746 4516 vi-

2149 4528 2220 4591 dit
2247 4528 2372 4578 anno
2401 4528 2534 4580 l693.
2557 4529 2659 4587 Qua
2685 4528 2836 4588 iure,
2861 4530 3006 4580 [idem
3031 4534 3075 4579 ei
3095 4528 3338 4591 derogare
3365 4530 3534 4579 nolim.
3559 4529 3740 4578 Verum

2147 4590 2212 4638 de
2252 4604 2314 4639 eo
2343 4592 2514 4654 auxilii
2551 4604 2742 4653 genere
2775 4592 2853 4641 hic
2887 4604 3043 4653 agere
3078 4605 3173 4641 non
3205 4590 3468 4654 constitui,
3502 4606 3614 4641 cum
3651 4605 3742 4641 non

2153 4655 2328 4717 possim
2354 4653 2685 4717 Bibliothecas
2711 4655 2876 4703 visere
2893 4694 2906 4714 ,
2945 4655 2992 4703 in
3018 4656 3197 4717 quibus
3219 4653 3535 4715 manuscripti
3564 4655 3633 4703 illi
3661 4669 3743 4702 co-

2147 4713 2288 4778 dices
2308 4714 2595 4778 Hieronymi
2612 4713 2943 4767 asservantur.
2971 4713 3224 4766 Posterius
3243 4713 3478 4766 auxilium
3495 4717 3743 4766 internum
3793 4760 3797 4769 .

2148 4777 2244 4825 dict
2268 4787 2439 4840 queat,
2465 4777 2614 4839 atque
2639 4779 2698 4827 ad
2720 4791 2812 4827 sex
2837 4780 3136 4841 potissimmn
3160 4783 3319 4836 capita
3344 4781 3594 4838 revocari;
3620 4793 3743 4841 quo-

2151 4851 2258 4904 rum
2274 4842 2491 4904 primum
2515 4849 2608 4899 est,
2637 4848 2691 4888 ut
2713 4853 2809 4888 non
2831 4849 2927 4889 tam
2950 4840 3254 4903 Hieronymi,
3279 4855 3426 4904 quam
3449 4840 3744 4904 rerigamaus

446 4897 670 4966 cumbam
696 4899 1022 4966 maximarum
1045 4911 1213 4966 rerum
1237 4906 1500 4966 momenta,
1517 4905 1568 4948 ut
1587 4897 2045 4966 inuguitiulo'oyieris
2075 4908 2122 4966 1)
2147 4902 2214 4966 sit
2237 4897 2346 4962 ejus
2370 4915 2573 4960 Oper-um
2597 4897 2784 4966 editor;
2811 4903 3097 4966 secundum,
3129 4897 3182 4954 ut
3214 4897 3546 4954 sat'eruditus
3568 4903 3741 4953 Latine

445 4958 657 5029 imposui
675 4974 766 5012 non
791 4961 944 5029 solum
961 4960 1169 5029 cervices
1189 4967 1396 5029 premat,
1415 4961 1500 5011 sed
1521 4967 1631 5010 ante
1647 4958 1732 5029 δῆψ
1749 4962 1879 5022 fasce
1897 4958 2042 5014 ruen-

449 5021 565 5089 rluin
587 5023 647 5076 sit
664 5064 677 5086 ,
703 5036 845 5089 quam
870 5021 1146 5089 levandum.
1177 5021 1293 5089 Quis
1314 5023 1441 5089 enim
1463 5035 1556 5089 non
1580 5021 1911 5089 pertimescat,
1943 5035 2038 5076 etc.

446 5084 573 5134 Vide
597 5084 724 5134 nunc.
745 5092 925 5148 quanta
944 5085 1042 5148 sint
1061 5085 1310 5133 mendacia
1330 5088 1374 5133 in
1395 5086 1502 5146 ipso
1515 5085 1688 5148 limine
1710 5084 2044 5142 ()nzestibnum

448 5154 636 5196 tuarum
671 5147 1158 5210 Hieronymianarurn
1182 5185 1196 5208 ,
1231 5159 1340 5196 cum
1374 5147 1684 5196 manifestum
1722 5149 1786 5198 sit
1823 5163 2044 5202 versasse

446 5221 528 5257 me
557 5210 671 5271 quid
707 5210 840 5259 ferre
872 5215 1073 5268 possent
1108 5210 1329 5270 humeri;
1369 5216 1420 5258 te
1455 5215 1620 5258 autem
1658 5222 1823 5272 neque
1857 5211 1901 5259 id
1939 5217 2044 5261 aui-

446 5273 796 5330 madvertisse,
823 5284 988 5332 neque
1015 5272 1345 5334 expendisse,
1371 5273 1592 5334 quamvis
1615 5272 1822 5334 idipsum
1849 5272 2043 5325 Lectori

446 5335 658 5398 mendax
686 5335 925 5398 ingerere
951 5346 1045 5398 non
1073 5335 1408 5398 pertimescas.

509 5394 608 5444 Sed
629 5397 728 5458 jam
745 5394 849 5461 iiou
869 5394 1095 5461 equidem
1115 5397 1178 5461 de
1200 5403 1269 5461 te,
1290 5409 1459 5444 verum
1479 5395 1542 5461 die
1566 5396 1810 5461 prudente
1831 5404 1883 5446 et
1902 5410 2044 5461 :equo

443 5455 644 5528 lectore
661 5458 776 5528 quid
807 5455 1042 5528 dixerim.
1074 5459 1408 5528 animadverte
1438 5472 1455 5526 :_
1477 5458 1580 5507 Sed
1609 5469 1786 5528 inrigua
1819 5471 1904 5528 nos
1931 5455 2042 5528 spes

442 5518 535 5583 ista
556 5518 831 5583 tenet'apud
853 5531 1045 5583 (equum
1068 5518 1322 5583 lectorem;
1349 5518 1536 5570 veniam
1556 5518 1736 5583 sciliciat
1759 5518 1893 5583 nobis
1918 5518 2040 5583 faci-

442 5580 537 5632 lius
559 5579 933 5647 indutgemium,
955 5579 1107 5647 sicubi
1127 5581 1353 5647 iurebus
1365 5589 1538 5647 sponte
1553 5596 1641 5633 sua
1661 5581 2034 5647 obscurioribus,

443 5649 490 5692 et
510 5657 540 5710 ιε
558 5642 746 5710 ueri-tina
765 5643 924 5710 adhuc
943 5643 1152 5710 tentatis,
1170 5642 1302 5694 illius
1319 5643 1568 5710 desiderio
1587 5658 1681 5710 non
1700 5642 2038 5710 usquequaque

444 5703 762 5775 satis[ecimus
793 5717 811 5755 :
845 5706 918 5775 pel
949 5712 1078 5775 certe
1109 5705 1152 5758 si
1184 5705 1403 5775 nonnihii
1434 5705 1698 5775 aliquando
1723 5703 2038 5775 scribentibus

446 5766 681 5841 reciderit
695 5803 708 5824 ,
877 5766 1162 5839 ocuiatiores
1181 5766 1606 5841 diligentioresaue
1624 5769 1755 5841 haud
1776 5769 2036 5841 effugisset.

451 5829 553 5876 Hac
586 5829 937 5888 exspectatione
965 5829 1018 5879 in
1048 5829 1220 5892 primi:
1251 5833 1494 5892 provocati
1525 5831 1750 5892 qua’dam
1780 5829 2039 5888 enu'ttimus

2146 4964 2208 5012 sit
2232 5002 2245 5028 ,
2284 4966 2502 5028 satisque
2543 4965 2845 5028 exercitatus
2887 4967 2936 5014 in
2975 4965 3192 5015 lectione
3233 4975 3491 5026 veterum,
3535 4975 3592 5028 ut
3630 4980 3740 5014 eum

2145 5027 2433 5083 scriptorem
2461 5027 2613 5089 probe
2638 5027 2924 5089 intelligere
2951 5035 3125 5089 possit;
3153 5033 3378 5082 tertium.
3409 5035 3463 5078 ut
3484 5032 3546 5077 sit
3569 5027 3740 5077 Graece

2146 5089 2339 5152 doctus,
2375 5089 2440 5152 ita
2463 5086 2529 5137 ’ut
2567 5086 2708 5136 facile
2745 5086 3036 5151 asseqtiatur
3067 5086 3235 5140 Graios
3273 5092 3474 5140 admista
3508 5093 3742 5152 operibus

2148 5149 2462 5215 Hieronymi,
2502 5158 2553 5201 et
2585 5164 2695 5210 qute
2732 5165 2793 5200 ex
2831 5149 2892 5201 ea
2930 5152 3382 5215 lingua'transtulit
3414 5149 3741 5203 cum—Graecis

2150 5213 2548 5276 excuti-laribus,
2592 5214 2630 5260 si
2675 5226 2883 5263 necesse
2923 5213 3018 5276 sit,
3060 5217 3357 5265 contendat:
3392 5224 3648 5276 quartum.
3687 5221 3740 5264 ut

2147 5273 2441 5338 Πρω-δίειμι]
2465 5275 2679 5336 linguam
2705 5283 2894 5338 teneat,
2913 5273 3023 5326 sine
3045 5278 3182 5338 cujus
3207 5273 3491 5337 cognitione
3506 5277 3737 5336 judicium

2150 5336 2508 5402 iiu_llum_l_'erre
2538 5344 2701 5397 potest
2730 5338 2794 5386 de
2818 5336 2907 5400 iis,
2933 5353 3045 5402 quae
3067 5336 3130 5388 de
3162 5336 3335 5388 eadem
3361 5341 3529 5402 lingua
3565 5341 3739 5400 passim

2147 5398 2298 5463 habet
2326 5397 2648 5463 Hieronymus
2685 5413 2703 5449 :
2735 5397 2983 5463 quintum',
3021 5409 3074 5451 ut
3107 5404 3214 5462 ejus
3249 5397 3652 5460 translationem,
3687 5411 3739 5451 et

2143 5460 2678 5526 §eptuagintaviralem
2689 5499 2702 5520 ,
2718 5524 2725 5526 _
2743 5460 3118 5526 Graecarumque
3137 5460 3360 5512 aliarum
3403 5465 3736 5514 recentiorum

2145 5522 2469 5580 Fragmenta,
2502 5537 2612 5572 cum
2636 5523 2878 5573 Hebraioo
2899 5522 3068 5574 codice
3094 5539 3188 5573 non
3213 5528 3481 5575 oscitanter
3512 5526 3732 5576 contule-

2142 5588 2207 5634 rit
2235 5601 2244 5633 :
2270 5593 2466 5633 sextum
2491 5587 2728 5648 denique,
2754 5595 2805 5634 ut
2831 5588 3092 5636 tractandis
3117 5590 3456 5649 manuscriptis
3477 5591 3542 5639 sit
3565 5600 3736 5636 assue-

2143 5655 2238 5698 tus.
2263 5650 2667 5714 exercendisque
2680 5650 2908 5714 omnibus
2929 5651 3075 5714 periti
3095 5650 3252 5698 critici
3278 5651 3570 5700 muneribus
3589 5650 3736 5714 longo

2143 5723 2229 5758 usu
2255 5711 2415 5760 tritus.
2439 5711 2488 5758 Si
2511 5724 2600 5759 sex
2626 5711 2761 5759 hisce
2778 5712 2977 5761 dotibus
3000 5713 3266 5762 instructus
3289 5715 3354 5762 sit
3371 5714 3532 5762 editor
3555 5711 3736 5763 Hiero-

2139 5773 2270 5838 nymi
2295 5772 2646 5838 lieiiedictinus
2677 5774 2958 5838 monachus,
2982 5774 3180 5838 iisque,
3216 5783 3270 5825 ut
3303 5788 3388 5838 par
3415 5785 3523 5838 est,
3551 5783 3728 5831 utatur,

2141 5837 2238 5884 erit
2268 5847 2354 5885 cur
2390 5835 2437 5884 ei
2468 5847 2669 5895 omnes,
2705 5836 2793 5898 qui
2825 5835 2949 5886 eum
2973 5835 3272 5899 Scriptorem
3304 5835 3519 5901 posthac
3537 5838 3732 5901 legent,
