4020 6186
1473 563 2498 698 ΡΒλἘῈΑΤΙΟ.

366 929 622 1001 Quintus
680 934 1023 1007 exsuperat
1077 928 1141 987 in
1181 928 1816 1006 Hieronymianorum
1869 927 2202 1006 partitione
2263 945 2523 1005 operum
2604 933 2806 986 tomus
2863 926 3001 997 iste,
3065 943 3252 1004 quem
3329 944 3405 985 ex
3490 944 3679 1003 argu-

293 1028 504 1100 menti,
561 1025 732 1105 quod
793 1025 1186 1104 propositum
1241 1026 1458 1098 habet,
1509 1026 1788 1104 ingenio,
1839 1024 2434 1085 commentariorum
2491 1023 2729 1083 scilicet
2776 1023 2838 1082 in
2868 1023 3142 1101 reliquos
3199 1022 3357 1082 duos
3405 1023 3678 1099 majores

278 1125 648 1202 prophetas,
695 1123 1082 1184 Ezechielem
1136 1143 1209 1183 ac
1257 1124 1602 1196 Danielem,
1654 1124 1720 1183 in
1773 1143 1967 1182 unum
2016 1141 2156 1182 cum
2208 1129 2436 1200 quarto
2485 1122 2888 1199 compingere
2928 1121 3422 1182 constitueram:
3503 1120 3678 1179 fecis-

279 1240 544 1302 semque
603 1221 782 1293 adeo,
837 1221 957 1281 nisi
1015 1226 1076 1280 et
1129 1221 1299 1282 illius
1349 1227 1537 1282 aucta
1591 1220 1927 1281 voluminis
1975 1219 2090 1279 sub
2150 1218 2323 1298 prelo
2385 1218 2648 1278 materia
2707 1219 2767 1276 in
2851 1218 3219 1278 abnormem
3297 1220 3692 1277 excresceret

281 1319 538 1390 molem,
601 1325 663 1379 et
719 1337 858 1396 quas
917 1318 1194 1378 maxime
1244 1319 1390 1379 huic
1443 1319 1671 1398 obtigit
1725 1319 1911 1396 longe
1967 1315 2294 1395 prolixior,
2355 1334 2554 1393 eaque
2583 1321 2717 1390 ἂπαιξ
2752 1319 2911 1376 ams
2975 1314 3324 1375 necessaria
3346 1330 3686 1391 germana-

279 1434 422 1476 rum
475 1416 916 1494 scriptionum,
965 1417 1194 1494 quibus
1245 1416 1517 1493 vulgatae
1565 1422 1750 1476 antea
1797 1415 2102 1475 editiones
2170 1414 2489 1485 carebant,
2570 1413 2842 1474 accessio
2891 1413 3206 1490 dispertiri
3256 1412 3561 1489 coegisset
3614 1411 3678 1470 in

280 1513 462 1574 duos.
494 1515 625 1573 Hac
655 1518 866 1573 autem
902 1514 978 1573 de
1037 1532 1226 1574 causa
1283 1518 1528 1573 tantum
1589 1513 1788 1585 abest,
1862 1517 1931 1573 ut
1977 1513 2213 1590 negotii
2271 1510 2508 1588 aliquid
2555 1510 2873 1570 facessisse
2931 1510 3184 1570 lecturis
3231 1509 3466 1582 videar,
3529 1507 3683 1586 quin

245 1610 494 1688 potius
525 1609 794 1670 multam
823 1609 1069 1670 inierim
1102 1609 1288 1670 abiis
1343 1610 1610 1688 gratiam
1669 1609 1923 1688 quando
1983 1617 2044 1669 et
2102 1608 2305 1686 major
2362 1609 2561 1668 multo
2621 1608 2802 1668 labor
2858 1606 3293 1680 exantlandus,
3343 1611 3414 1665 ut
3469 1622 3687 1666 eorum

282 1705 504 1767 studiis
532 1706 990 1779 consuleretur,
1023 1711 1084 1767 et
1115 1725 1191 1767 ne
1222 1725 1350 1785 qua
1396 1707 1491 1767 sui
1548 1707 1890 1768 etiamnum
1949 1711 2126 1784 parte
2186 1706 2346 1766 male
2407 1706 2742 1766 mulctatus
2782 1704 3208 1765 sanctissimus
3265 1704 3454 1763 Pater
3508 1701 3686 1761 subi-

280 1809 385 1864 ret
429 1809 802 1883 conspectus
855 1803 1184 1864 hominum
1243 1804 1401 1864 nihil
1432 1824 1557 1865 non
1606 1805 1793 1865 fuerit
1849 1803 2006 1864 mihi
2055 1804 2166 1864 otii
2223 1803 2714 1882 impendendum
2773 1809 2964 1881 atque
3023 1819 3253 1881 operm.
3313 1803 3470 1860 Nam
3526 1797 3687 1858 illud

280 1901 533 1980 quidem
566 1919 645 1962 ex
674 1906 810 1961 tota
841 1900 1040 1979 liquet
1059 1901 1447 1962 collectionis
1497 1901 1684 1980 hujus
1733 1901 2107 1974 mconomia,
2169 1920 2293 1961 non
2348 1901 2413 1961 id
2468 1902 2667 1980 magis
2724 1919 2888 1961 curae
2920 1899 3108 1960 fuisse
3167 1898 3370 1971 nobis,
3421 1903 3492 1957 ut
3539 1895 3689 1956 Hie-

282 1998 803 2077 ronymiauarum
862 1997 1398 2071 lucubrationum,
1462 2004 1662 2059 totum
1719 1999 1916 2060 veluti
1975 1999 2191 2060 orbem
2251 2018 2377 2059 una
2434 2000 3017 2077 complecteremur,
3080 2016 3269 2076 quam
3321 2000 3389 2056 ut
3445 1994 3688 2068 alienis,

283 2096 365 2155 iis
392 2101 604 2155 tamen
661 2113 805 2173 qum
862 2096 1078 2156 abesse
1134 2095 1310 2156 nullo
1358 2094 1494 2174 ejus
1546 2096 1833 2156 lectionis
1890 2115 1962 2156 ac
2020 2096 2344 2174 dignitatis
2395 2097 2715 2174 impendio
2772 2101 3087 2175 poterant,
3147 2092 3397 2154 onerari
3450 2110 3528 2152 ne
3581 2109 3690 2170 pa-

280 2198 582 2254 teremur.
617 2191 854 2252 Indicio
887 2192 1018 2270 ipse
1050 2192 1154 2252 ille
1199 2192 1407 2264 fuerit,
1470 2193 1579 2271 qui
1635 2192 1946 2271 ejusmodi
2004 2193 2452 2272 scriptionibus
2481 2193 2763 2254 abundat
2818 2192 3038 2252 tertius
3089 2198 3321 2258 tomus.
3355 2209 3391 2250 a
3423 2207 3548 2266 quo
3605 2193 3695 2248 ta-

287 2307 440 2350 men
465 2289 716 2349 inutilia
765 2289 1061 2369 quaedam
1117 2307 1258 2368 quae
1319 2289 1726 2351 Parisiensem
1786 2290 2123 2351 editionem
2185 2292 2558 2366 onerabant,
2618 2291 3008 2351 amovimus:
3071 2295 3225 2368 puta
3280 2287 3436 2348 illud
3483 2289 3692 2346 Hexa-

291 2387 552 2465 piorum
599 2387 884 2466 Origenis
939 2387 1278 2466 specimen,
1313 2407 1453 2466 quae
1487 2394 1556 2449 ut
1603 2387 1759 2448 nihil
1791 2389 1918 2449 fere
1965 2389 2041 2448 ad
2092 2389 2568 2468 Hieronymum,
2618 2389 2706 2450 ita
2761 2388 3019 2468 proprio
3076 2405 3267 2465 opere
3324 2385 3572 2445 duobus
3626 2383 3694 2443 in

298 2483 463 2544 folio
519 2482 696 2543 tomis
741 2484 1142 2562 postmodum
1201 2484 1695 2545 luculentissima
1750 2485 2076 2564 prodiere:
2144 2492 2275 2545 tum
2350 2505 2541 2546 unum
2603 2493 2794 2564 atque
2877 2486 3140 2545 alterum
3230 2485 3306 2544 de
3382 2482 3693 2542 hebraicis

293 2579 693 2650 Nominibus,
724 2600 848 2640 non
880 2586 1068 2641 antea
1097 2582 1334 2642 editum
1388 2583 1869 2657 monimentum,
1933 2583 2103 2660 quod
2149 2583 2346 2644 latere
2403 2584 2466 2643 in
2524 2583 2768 2643 schedis
2839 2583 3068 2642 nostris
3125 2581 3320 2640 satius
3375 2580 3692 2651 duximus,

297 2695 488 2756 quam
515 2677 736 2737 alienae
793 2678 1125 2756 farraginis
1181 2680 1407 2739 molem
1469 2697 1842 2740 accrescere.
1896 2684 2053 2752 Qum
2118 2680 2263 2741 huic
2320 2681 2516 2758 igitur
2573 2687 2743 2740 torno
2803 2698 2968 2738 nunc
3027 2678 3300 2757 primum
3358 2677 3691 2748 accedunt,

293 2773 767 2852 duodetriginta
797 2780 942 2835 sunt
974 2775 1270 2848 homilias,
1305 2795 1462 2854 quas
1493 2796 1568 2838 ex
1627 2778 1910 2856 Origenis
1968 2781 2184 2839 Graeco
2233 2779 2294 2837 in
2355 2779 2642 2838 Latinum
2703 2780 2768 2839 S.
2832 2781 3062 2837 Doctor
3111 2775 3452 2836 convertit:
3505 2780 3688 2834 sunt-

289 2889 421 2949 que
450 2870 964 2949 explanationum
1007 2872 1070 2931 in
1121 2873 1462 2951 prophetas
1516 2875 1848 2936 Jeremiam
1912 2882 2100 2955 atque
2136 2876 2523 2936 Ezechielem
2585 2895 2728 2954 pars
2785 2875 3196 2946 nobilissima,
3254 2892 3377 2933 non
3431 2891 3504 2931 ea
3558 2879 3692 2932 tan-

291 2973 434 3027 tum
463 2967 540 3028 de
559 2985 773 3041 causa,
805 2969 974 3048 quod
1005 2970 1265 3029 maximi
1295 2971 1762 3050 Scripturarum
1817 2973 2175 3052 interpretis
2221 2973 2428 3033 studio
2487 2974 2876 3034 adornantur
2926 2971 3220 3032 Romanis
3279 2969 3558 3039 auribus,
3609 2969 3690 3028 ab

287 3079 494 3144 eoque
522 3066 863 3126 laudantur
890 3067 954 3126 in
983 3074 1372 3129 suorummet
1401 3087 1663 3148 operum
1697 3072 2026 3149 catalogo;
2060 3071 2468 3132 verumetiam
2532 3072 2721 3150 quod,
2777 3070 2910 3148 jam
2965 3067 3291 3147 deperdito
3347 3066 3688 3126 maximam

285 3170 536 3241 partem
567 3165 787 3224 Graeco
815 3163 1172 3225 Adamantii
1228 3171 1429 3240 textu,
1486 3168 1639 3246 ipsae
1696 3169 1758 3228 in
1813 3169 2033 3230 Latino
2091 3169 2421 3248 archetypi
2470 3169 2735 3247 gloriam
2788 3168 3245 3247 propemodum
3305 3165 3457 3226 solae
3513 3163 3696 3225 susti-

297 3267 508 3321 neant.
545 3255 690 3321 Illas
721 3262 948 3340 partim
982 3263 1062 3323 ab
1120 3263 1347 3336 Huetii,
1408 3267 1636 3343 partim
1685 3285 1722 3326 a
1754 3268 2136 3328 Genebrardi
2189 3268 2461 3329 editione
2523 3267 2646 3328 huc
2691 3267 3068 3340 ascivimus;
3107 3266 3462 3342 mirumque
3519 3263 3693 3323 dictu

298 3362 418 3430 est,
450 3357 511 3416 in
540 3357 652 3418 illo
672 3359 1022 3438 praesertim
1069 3361 1332 3434 editore,
1393 3362 1572 3440 cujus
1619 3369 1680 3424 et
1729 3365 2145 3426 eruditionem
2199 3365 2597 3444 suspicimus,
2658 3371 2718 3424 et
2762 3363 3034 3424 maxime
3079 3363 3467 3422 delectamur
3524 3361 3699 3438 inge-

295 3454 432 3527 nio,
492 3473 616 3516 non
672 3473 813 3516 eam
869 3456 933 3516 in
991 3457 1248 3518 edendis
1305 3458 1809 3539 Hieronymianis
1885 3462 2426 3523 lucubrationibus
2501 3462 2890 3540 diligentiam
2957 3459 3464 3538 deprehendisse,
3551 3474 3695 3534 qua

299 3570 479 3612 suam
512 3553 670 3613 utin
702 3555 943 3615 caeteris
967 3554 1157 3615 ﬁdem
1187 3556 1337 3616 satis
1365 3559 1749 3636 praestiterit,
1785 3578 1926 3619 cum
1959 3565 2049 3619 tot
2083 3560 2314 3638 passim
2374 3559 2538 3619 vitiis
2578 3559 2768 3620 editio
2826 3558 2936 3618 illa
2985 3563 3245 3630 scateat,
3293 3572 3564 3634 quorum
3613 3553 3708 3613 in-

306 3654 556 3726 gentem
586 3649 713 3709 vim
745 3669 860 3712 nos
916 3651 1206 3725 eluim-us,
1269 3660 1340 3714 ut
1394 3673 1520 3733 quo
1576 3675 1742 3715 nunc
1800 3663 1984 3734 pacto
2042 3657 2387 3735 integritati
2443 3656 2722 3736 pristinae
2762 3656 3198 3727 restituuntur,
3258 3654 3319 3712 in
3372 3652 3696 3731 publicum

303 3746 774 3824 prodirevideri
804 3767 970 3810 nunc
1028 3751 1300 3829 primum
1351 3752 1613 3831 possint.
1673 3753 2041 3815 Distulimus
2089 3774 2236 3816 vero
2284 3755 2426 3815 illas
2481 3754 2545 3814 in
2604 3754 2894 3832 quintum
2943 3771 3138 3829 usque
3186 3758 3468 3811 tomum:
3529 3755 3700 3809 tam-

297 3844 419 3904 etsi
445 3844 688 3923 priores
708 3847 1211 3924 quatuordecim,
1246 3868 1386 3928 quae
1423 3851 1710 3912 Jeremiae
1767 3854 2060 3929 quaedam
2118 3853 2328 3931 capita
2387 3858 2770 3930 praepostero
2831 3849 3216 3927 confusoque
3267 3847 3486 3908 ordine
3534 3845 3702 3906 edis-

301 3946 544 4014 serunt,
573 3942 652 4003 ad
677 3943 1063 4021 superiorem
1107 3953 1403 4025 quartum
1463 3949 1929 4028 pertinuissent.
1985 3951 2188 4010 Causa
2242 3949 2571 4010 differendi
2629 3947 2927 4026 palmaris
2979 3947 3118 4006 haec
3157 3951 3272 4017 est,
3330 3945 3501 4024 quod
3555 3961 3698 4003 cum

307 4037 502 4096 simul
533 4038 852 4100 fuerintah
881 4041 1018 4119 ipso
1047 4044 1440 4106 sanctissimo
1466 4046 1806 4124 interprete
1859 4047 1974 4106 sub
2033 4065 2156 4106 una
2210 4051 2456 4106 tantum
2518 4045 2885 4124 prmfatione
2933 4043 3012 4102 ad
3068 4042 3463 4102 Vincentium
3536 4057 3708 4118 pres-

303 4133 596 4212 byterum
652 4136 958 4216 singulari
1013 4139 1228 4202 libello
1267 4143 1641 4221 conjunctae,
1703 4143 1914 4203 divelli
1984 4143 2063 4204 ab
2120 4143 2411 4214 invicem,
2466 4146 2592 4203 sive
2642 4141 3157 4220 aposteriorihus
3212 4139 3501 4211 totidem,
3553 4155 3694 4215 quae

301 4232 694 4293 Ezechielem
727 4235 1241 4315 interpretantur,
1285 4247 1352 4300 et
1381 4239 1460 4300 ad
1492 4240 1658 4301 hunc
1713 4239 1969 4319 proprie
2026 4245 2265 4300 tomum
2325 4244 2632 4318 spectant,
2685 4238 2828 4317 jure
2885 4255 3009 4297 non
3069 4242 3380 4316 poterant.
3444 4236 3513 4297 1d
3557 4251 3702 4294 cum

301 4329 538 4390 summi
597 4329 715 4389 viri
771 4333 1070 4394 Erasmus
1127 4341 1316 4412 atque
1358 4337 1618 4396 Huetius
1670 4337 1930 4396 minime
1986 4337 2418 4411 attendisscnt,
2473 4335 2862 4414 singularum
2911 4334 3080 4394 hunc
3136 4334 3364 4394 librum
3422 4332 3487 4391 in
3533 4333 3692 4391 duos

305 4431 540 4486 temere
569 4427 939 4504 dividentes,
976 4432 1194 4507 multa,
1229 4450 1430 4512 eaque
1462 4453 1499 4494 a
1554 4434 1816 4495 veritate
1871 4434 2122 4512 longius
2181 4435 2589 4495 abhorrentia
2643 4434 2722 4494 de
2770 4433 3059 4512 prologo,
3109 4450 3234 4510 quo
3294 4429 3573 4491 homilias
3641 4429 3708 4489 in

297 4522 640 4585 Joremiam
667 4527 831 4586 male
881 4528 1358 4602 mulctarentur,
1391 4532 1632 4609 opinati
1689 4537 1854 4591 sunt.
1907 4536 2114 4609 Atque
2170 4531 2276 4590 ille
2333 4531 2586 4609 quidem
2619 4530 2681 4589 in
2730 4547 2996 4590 censura
3052 4529 3356 4590 librorum
3415 4526 3701 4605 Origenis

307 4619 575 4680 miratur
603 4622 880 4700 primum
929 4626 1081 4704 quid
1115 4627 1202 4687 rei
1233 4627 1332 4700 sit,
1397 4647 1509 4688 cur
1565 4628 1984 4706 Hieronymus
2040 4627 2196 4688 alias
2253 4628 2470 4689 creber
2515 4628 2580 4687 in
2613 4627 3106 4706 praefationibus,
3167 4625 3324 4686 nihil
3372 4625 3437 4684 in
3491 4622 3698 4683 homi-

298 4714 426 4774 lias
451 4715 515 4775 in
544 4717 771 4778 Isaiam
807 4719 984 4800 (quas
1015 4723 1319 4783 nosinter
1347 4725 1747 4802 supposititia
1804 4725 1883 4783 ad
1933 4724 2273 4802 superioris
2329 4724 2484 4783 tomi
2533 4723 2946 4801 appendicem
2991 4719 3517 4798 amandavimus),
3569 4723 3704 4778 tum

308 4812 500 4873 hasce
525 4815 586 4874 in
615 4817 952 4901 Ieremiam
985 4820 1174 4880 fuerit
1195 4820 1516 4899 praefatus.
1552 4821 1918 4899 Suspicatus
1941 4822 2166 4881 deinde
2213 4827 2328 4895 est,
2379 4821 2709 4901 prologum
2761 4827 2840 4880 ab
2883 4821 2980 4879 his
3035 4819 3377 4891 sublatum,
3425 4817 3506 4878 ad
3554 4834 3715 4896 quos

301 4908 668 4986 scripserat,
702 4920 1036 4992 postquam
1071 4917 1356 4994 Origenis
1388 4935 1616 4978 nomen
1641 4919 1875 4977 factum
1922 4923 2016 4978 est
2073 4918 2372 4978 Romanis
2423 4917 2825 4990 invidiosum,
2877 4923 2936 4975 et
2977 4915 3334 4975 verosimile
3375 4913 3473 4987 sit,
3518 4915 3584 4974 in
3639 4931 3714 4974 eo

299 5003 761 5086 Hieronymum
822 5011 1155 5090 magniﬁce
1213 5014 1590 5093 praedicasse
1648 5015 2006 5077 Adamantii
2063 5016 2408 5094 ingenium.
2469 5017 2702 5078 Contra
2759 5013 3041 5085 Huetius,
3121 5012 3382 5091 singulis
3453 5011 3706 5090 quidem

307 5099 496 5162 libris
551 5105 834 5183 Origenis
890 5127 926 5168 a
981 5127 1045 5169 se
1102 5110 1401 5188 expositis
1458 5111 1756 5190 prologos
1829 5113 2233 5192 praetexuisse
2288 5113 2763 5190 Hieronymum,
2800 5130 2923 5171 non
2971 5111 3298 5184 difﬁtetur,
3343 5128 3486 5171 cum
3519 5108 3581 5168 id
3612 5125 3714 5168 as-

308 5204 486 5260 serat
517 5201 877 5266 Gennadius
907 5207 972 5265 in
997 5208 1298 5286 Catalogo
1358 5208 1634 5268 virorum
1663 5210 2041 5284 illustrium;
2084 5217 2150 5271 at
2205 5229 2364 5289 quos
2423 5210 2793 5270 tractatibus
2861 5209 2925 5267 in
2973 5210 3200 5270 Isaiam
3259 5215 3321 5270 et
3374 5205 3713 5270 Jeremiam

306 5300 672 5375 pretexuit,
728 5320 854 5363 non
911 5303 989 5365 de
1046 5304 1378 5379 industria,
1440 5306 1548 5366 sed
1606 5325 1752 5366 casu
1808 5313 1870 5368 et
1926 5308 2328 5369 librariorum
2381 5307 2712 5367 oscitantia
2759 5312 2973 5367 censet
3027 5307 3346 5368 sublatos:
3429 5302 3730 5382 alioquin

299 5392 544 5457 sublati
567 5415 830 5478 quoque
855 5401 1118 5462 fuissent
1157 5401 1287 5478 alii,
1349 5403 1579 5481 quibus
1625 5404 1957 5482 Origenem
2013 5405 2300 5484 Prologis
2342 5405 2622 5484 impense
2672 5403 2910 5477 laudat,
2974 5412 3041 5465 ut
3091 5413 3183 5465 est
3210 5405 3315 5464 ille
3343 5404 3423 5463 ad
3482 5403 3715 5464 Dama-

303 5507 452 5552 sum
487 5492 762 5556 homiliis
781 5496 845 5556 in
875 5497 1198 5558 Canticum
1225 5499 1624 5561 Canticorum
1659 5501 1976 5582 preefixus,
2036 5508 2099 5564 et
2152 5503 2268 5564 iste
2327 5503 2487 5562 alter
2545 5501 2624 5560 ad
2673 5501 2966 5562 homilias
3023 5501 3087 5561 in
3136 5499 3548 5562 Ezechielem.
3599 5499 3714 5558 Ve-

297 5606 454 5652 rum
487 5609 600 5653 sua
633 5601 973 5676 utrumque
1002 5596 1326 5676 splendide
1355 5599 1636 5679 opinatio
1685 5600 1885 5674 fallit;
1943 5619 2090 5662 nam
2151 5619 2354 5680 neque
2412 5600 2488 5659 de
2547 5598 2876 5672 industria,
2937 5600 3101 5678 quod
3154 5599 3483 5678 episcopus
3527 5595 3710 5657 Abri-

231 5769 372 5896 ΚΧ
636 5729 902 5793 Panos.
950 5730 1143 5796 XXV.

3361 5735 3392 5798 1
