4052 6180
253 301 325 363 ﬂ
1735 300 2174 367 PRIEFATIO.
3574 306 3652 370 12

255 434 456 496 censis
498 441 748 507 ‘monet,
822 454 1044 515 neque,
1107 435 1273 514 quod
1326 436 1459 514 ipse
1513 442 1822 510 autumat,
1874 457 2021 499 casu
2078 445 2140 499 et
2195 438 2680 500 describentium
2740 438 2983 501 incuria
3036 440 3437 520 praefationes
3520 441 3647 503 illm

256 533 679 611 deperierunt.
710 535 947 612 Nempe
1007 551 1194 610 quam
1251 534 1567 594 somniant
1624 536 1946 614 praefixam
1998 536 2275 597 homiliis
2325 536 2383 596 in
2443 536 2692 609 Isaiam,
2726 525 3036 617 nusquam
3097 538 3356 613 exstitit,
3415 539 3649 601 nedum

258 630 338 691 ab
367 649 441 691 eo
475 631 845 692 translators
876 632 1250 691 concinnata
1279 638 1393 705 est,
1454 650 1640 710 quem
1696 634 1961 694 fortasse
2009 634 2329 707 Ruﬁnum,
2382 635 2832 714 Hieronymum
2879 623 3043 695 certe
3101 655 3223 696 non
3280 636 3468 698 fuisse
3530 637 3654 698 evi-

256 727 494 788 cimus:
554 727 852 788 evicimus
909 734 1119 788 autem
1169 733 1396 790 caetera
1442 734 1586 807 post
1637 736 2032 808 argumenta,
2089 751 2229 809 qua-:-
2286 732 2349 791 in
2426 732 2761 811 superioris
2833 734 3203 812 praefatione
3275 734 3431 795 tomi
3512 752 3654 796 con-

259 825 587 903 gessimus,
620 843 692 885 ex
727 824 846 886 hoc
876 825 1032 904 ipso,
1068 826 1237 904 quod
1281 826 1455 887 nullo
1516 826 1789 888 homilias
1846 828 1969 888 illa:
2028 829 2283 889 munitm
2335 829 2457 888 sint
2500 829 2790 908 prologo.
2854 833 3070 891 Exstat
3119 831 3472 893 econtrario
3534 831 3651 894 ho-

258 921 572 982 miliarum
603 923 667 982 in
697 923 1033 985 Jeremiam
1065 924 1373 1002 praefatio,
1411 923 1672 1003 haecque
1724 924 1862 1002 ipsa
1920 932 2033 1000 est,
2094 944 2281 1005 quam
2333 927 2481 986 solis
2536 932 2763 1005 putant
2818 927 3092 988 homiliis
3141 930 3203 988 in
3262 928 3650 992 Ezechielem

257 1018 526 1098 praeﬁgi,
575 1019 895 1080 verissime
952 1025 1164 1080 autem
1242 1020 1544 1099 utrisque,
1630 1021 1865 1081 scilicet
1939 1030 2000 1082 et
2083 1023 2393 1102 prioribus
2456 1024 2518 1083 in
2577 1025 2914 1085 Jeremiam
2999 1043 3124 1085 una
3192 1024 3452 1103 junctis,
3536 1026 3655 1088 sub

258 1115 444 1177 unius
464 1116 608 1177 libri
638 1118 1128 1196 nuncupatione,
1167 1117 1530 1198 praetexitur
1587 1118 1665 1177 ab
1718 1118 1857 1197 ipso
1913 1118 2274 1198 interprete.
2339 1122 2488 1190 Quae
2539 1119 2602 1180 id
2660 1140 2775 1181 nos
2831 1121 3015 1182 docet
3064 1122 3447 1201 praefationis
3512 1123 3653 1203 ejus

259 1231 385 1274 non
415 1213 748 1293 indiligens
778 1215 997 1276 lectio:
1037 1221 1167 1275 tum
1226 1234 1365 1294 quae
1421 1215 1536 1275 sub
1596 1233 1721 1275 una
1773 1217 2135 1276 recensione
2184 1218 2256 1277 iit
2310 1217 2373 1276 in
2425 1217 2727 1296 Catalogo
2784 1219 3009 1296 viginti
3061 1228 3190 1279 octo
3244 1218 3650 1281 homiliarum

258 1311 513 1385 mentio,
579 1319 646 1372 ut
701 1313 826 1373 alia
881 1313 1356 1392 praetermittam
1417 1313 1731 1374 rationum
1820 1319 2159 1387 momenta,
2247 1314 2488 1373 nullum
2572 1314 2884 1394 reliquum
2969 1316 3208 1377 faciunt
3271 1316 3655 1378 dubitationi

257 1408 492 1483 locum,
551 1409 1006 1488 doctorumque
1066 1410 1418 1482 hominum,
1487 1412 1593 1488 qui
1650 1412 1713 1470 in
1796 1411 2154 1472 adversaria
2236 1410 2530 1490 opinione
2606 1417 2958 1487 versantur,
3020 1412 3331 1492 judicium
3441 1413 3657 1493 palam

268 1505 584 1567 refellunt.
636 1508 761 1569 Sed
793 1513 861 1567 ut
907 1526 1001 1582 eo,
1065 1508 1233 1586 quod
1294 1514 1569 1587 coeptum
1629 1514 1723 1569 est
1777 1508 1923 1580 dici,
1984 1512 2390 1583 revertamur,
2461 1528 2573 1569 cur
2641 1508 2722 1570 ad
2804 1509 3094 1589 quintum
3167 1509 3337 1571 hunc
3412 1515 3657 1571 tomum

261 1604 661 1664 differrentur
716 1605 991 1666 homiliae
1042 1605 1202 1678 istae,
1263 1624 1454 1666 causa
1506 1607 1625 1666 fuit
1674 1607 1931 1685 insuper
1982 1606 2163 1666 nobis
2216 1605 2354 1685 ipsa
2410 1606 2764 1686 scriptionis
2849 1606 3128 1668 indoles:
3217 1606 3353 1686 ejus
3417 1625 3648 1686 nempe

258 1719 449 1780 quam
479 1720 607 1761 non
636 1708 859 1781 suopte
888 1702 1140 1779 ingenio
1173 1702 1343 1762 cudit
1375 1703 1812 1782 Hieronymus,
1840 1703 1944 1763 sed
1978 1703 2057 1763 ab
2089 1704 2212 1764 alio
2248 1711 2574 1782 acceptam
2606 1711 2884 1781 auctore,
2924 1705 3303 1767 Adamantio
3333 1705 3650 1780 videlicet,

257 1797 566 1859 adornare
633 1799 870 1859 Latinis
950 1800 1207 1859 auribus
1273 1800 1353 1859 ad
1437 1801 1645 1861 aliena
1716 1800 1934 1861 debuit
2017 1802 2309 1880 vestigia:
2408 1802 2738 1882 ipsamque
2829 1803 2972 1864 ideo
3062 1803 3653 1883 interpretationem

258 1897 467 1958 decuit
488 1896 688 1975 magis
716 1897 1183 1976 primigenium,
1218 1903 1289 1959 ut
1318 1898 1407 1958 ita
1436 1898 1665 1971 dicam,
1697 1900 1762 1961 S.
1796 1898 2082 1959 Doctoris
2111 1900 2174 1959 ln
2207 1918 2314 1962 eos
2344 1900 2686 1980 prophetas
2716 1901 3315 1964 commentariorum
3370 1901 3655 1964 laborem

257 2012 423 2074 pone
452 1994 649 2073 sequi.

340 2091 436 2152 Ad
459 2093 744 2153 Graecum
784 2091 956 2171 quod
992 2092 1263 2172 pertinet
1317 2092 1559 2172 aliquot
1628 2111 1705 2154 ex
1773 2092 1871 2153 his
1926 2094 2326 2157 homiliarum
2383 2101 2624 2157 textum
2677 2098 2848 2173 (sunt
2911 2115 3058 2158 vero
3116 2096 3451 2159 duodecim
3507 2101 3653 2159 tan-

261 2194 394 2250 tum
452 2208 530 2250 ex
576 2189 676 2250 his
733 2209 872 2269 qum
915 2190 1275 2263 Jeremiam,
1331 2191 1516 2269 plane
1572 2190 1913 2271 deperditis
1961 2210 2102 2270 quae
2160 2191 2547 2267 Ezechielem
2607 2193 2948 2273 explicant)
3008 2194 3257 2255 animus
3310 2193 3655 2273 aliquando

256 2287 373 2348 fuit
431 2287 602 2347 hunc
669 2306 920 2366 quoque
977 2306 1011 2348 e
1067 2289 1320 2367 regione
1377 2289 1613 2349 Latinae
1682 2288 2218 2368 interpretationis
2293 2300 2650 2368 apponere:
2695 2290 2956 2369 jamque
3022 2290 3330 2353 nonnulla
3400 2291 3655 2352 fuerant

256 2386 440 2447 nobis
495 2385 575 2446 ad
633 2404 776 2446 eum
835 2386 963 2447 sive
1021 2387 1536 2461 emendatiorem,
1596 2388 1724 2447 sive
1781 2388 2108 2448 clariorem
2158 2388 2584 2448 exhibendum
2635 2389 3094 2450 animadversa.
3172 2390 3406 2451 Verum
3475 2388 3650 2467 quod

256 2484 423 2545 bono
481 2483 718 2562 cepisse
768 2483 1139 2545 videbamur
1195 2485 1476 2555 consilio,
1540 2503 1681 2545 cum
1733 2504 1957 2547 manus
2012 2486 2187 2565 operi
2227 2485 2344 2546 fuit
2397 2486 2813 2562 admovenda,
2877 2487 3137 2548 meliore
3210 2486 3276 2546 id
3341 2485 3656 2546 sensimus

258 2570 890 2661 praetermittendum.
924 2583 1108 2643 Enim
1137 2601 1287 2644 vero
1325 2602 1465 2643 cum
1524 2586 1604 2644 sit
1662 2584 1960 2662 Origenes
2018 2584 2083 2643 in
2135 2584 2303 2645 hisee
2363 2585 2736 2647 tractatibus
2781 2585 3010 2661 exigua
3069 2602 3215 2663 pars
3258 2583 3393 2663 ipse
3422 2581 3541 2655 sui,
3591 2588 3655 2644 et

257 2679 637 2741 desiderium
675 2680 895 2741 lectori
947 2681 1171 2758 magis,
1230 2699 1419 2759 quam
1480 2681 1860 2758 Hieronymo
1918 2688 2148 2758 augeat
2204 2681 2600 2758 dignitatem,
2659 2681 2816 2742 illud
2864 2682 3091 2759 operis,
3153 2681 3324 2759 quod
3381 2682 3432 2740 si
3490 2680 3657 2742 inte-

256 2795 440 2856 grum
474 2781 854 2856 suppeteret,
891 2782 1003 2836 aut
1030 2777 1259 2855 majori
1290 2777 1506 2836 saltem
1550 2795 1626 2835 ex
1659 2783 1857 2855 parte,
1901 2776 2232 2836 commodo
2285 2782 2475 2854 atque
2522 2777 2774 2837 ornatui
2823 2777 3040 2837 fuisset
3091 2776 3352 2840 editioni
3393 2782 3652 2852 nostris,

258 2891 426 2934 nunc
478 2872 645 2934 male
700 2872 1077 2935 muletatum
1132 2873 1698 2952 imperfectumque
1747 2878 1815 2932 ut
1862 2890 2249 2952 apponerem
2279 2890 2447 2933 ame
2502 2873 2638 2952 ipso
2694 2872 3034 2952 impetrare
3099 2891 3227 2935 non
3308 2873 3510 2952 potui.
3582 2872 3650 2937 Si

257 2970 691 3046 obtinuissem,
751 2970 1033 3051 ipsarum
1089 2969 1446 3043 duodecim,
1505 2988 1645 3050 quae
1694 2969 1843 3030 solae
1885 2974 2223 3049 supersunt
2266 2969 2332 3031 in
2387 2970 2626 3043 Graeco,
2698 2969 3106 3033 homiliarum
3162 2969 3475 3034 invertere
3542 2988 3649 3033 or-

256 3071 465 3131 dinem
523 3069 877 3149 oportebat.
939 3068 1247 3130 Nimirum
1302 3068 1598 3146 Origenes
1645 3086 1838 3148 supra
1894 3067 2171 3148 quinque
2228 3074 2290 3130 et
2356 3068 2779 3148 quadraginta
2810 3068 3105 3129 bomilias
3189 3068 3257 3129 in
3317 3067 3656 3131 Jeremiam

260 3169 646 3243 elimaverat,
701 3187 735 3228 e
792 3185 1061 3246 quarum
1117 3168 1358 3247 ingenti
1413 3172 1584 3227 strue
1631 3166 2108 3246 quatuordecim
2166 3166 2285 3227 sibi
2331 3167 2563 3246 delegit
2609 3167 2826 3228 Latine
2874 3166 3297 3229 refundendas
3356 3166 3657 3249 Hierony-

261 3285 400 3327 mus
456 3282 688 3345 easque
747 3266 873 3326 n'on
931 3265 1120 3326 ducto
1149 3283 1188 3327 a
1216 3263 1531 3346 prioribus
1581 3263 1787 3338 initio,
1844 3265 2189 3326 continenti
2244 3266 2424 3339 serie,
2486 3266 2595 3326 sed
2651 3269 2725 3326 ut
2779 3282 2845 3325 se
2899 3281 3168 3345 quaeque
3214 3261 3467 3339 obtulit,
3528 3266 3659 3327 sal-

256 3364 481 3426 tuatim
509 3364 600 3425 ita
624 3369 718 3426 est
755 3362 1229 3443 interpretatus,
1277 3368 1345 3422 ut
1402 3380 1480 3423 ne
1541 3361 1745 3422 dicam
1799 3362 2176 3440 Origeninno
2234 3363 2582 3442 proposito,
2642 3379 2721 3423 ne
2774 3361 2971 3442 ipsius
3021 3360 3281 3441 quidem
3338 3363 3658 3442 Jeremiaa,

252 3484 438 3544 quem
494 3467 768 3537 enarrat,
817 3461 1023 3523 ordini
1093 3465 1550 3523 consentaneus
1602 3460 1668 3521 in
1718 3460 2017 3521 vertendo
2086 3460 2293 3522 fuerit.
2345 3461 2439 3522 Ab
2496 3478 2572 3522 ea
2625 3479 2768 3540 quae
2825 3466 2887 3522 et
2928 3478 3120 3541 penes
3201 3460 3653 3524 Adamantium

254 3562 460 3644 prima
479 3567 595 3637 est,
628 3560 894 3641 gradum
915 3560 997 3622 ad
1024 3564 1375 3639 postremas
1403 3560 1585 3634 duas,
1617 3558 1928 3620 decimam
1984 3558 2235 3620 tertiam
2279 3564 2342 3620 et
2388 3564 2681 3638 quartam
2728 3558 2907 3620 fecit:
2960 3558 3204 3620 nescias
3252 3558 3419 3620 enim
3466 3578 3658 3640 quem

258 3659 533 3722 secunda
554 3665 617 3721 et
662 3660 848 3721 tertia
903 3659 1395 3739 Hieronymiana
1442 3658 1650 3719 locum
1700 3661 1955 3717 teneant
2012 3656 2074 3715 in
2126 3658 2339 3717 Graeco
2390 3657 2763 3737 archetypo,
2817 3656 2882 3717 in
2937 3674 3063 3736 quo
3103 3655 3356 3736 penitus
3413 3656 3659 3720 deside-

257 3764 516 3820 rantur:
565 3762 882 3838 quartam,
936 3776 1078 3837 quae
1134 3757 1393 3818 decimae
1439 3756 1720 3836 septimae
1770 3753 2162 3833 Origenianaa
2211 3753 2576 3832 respondet,
2636 3759 2786 3834 post
2841 3753 3117 3834 reliquas
3175 3771 3395 3815 omnes
3451 3773 3663 3817 recen-

256 3859 400 3918 suit.
433 3858 676 3919 Exinde
718 3858 882 3933 aliee,
941 3876 1083 3936 quae
1142 3856 1609 3936 subsequuntur
1638 3853 1925 3933 aquinta
1980 3852 2060 3914 ad
2116 3852 2582 3927 duodecimam,
2639 3851 2735 3912 sin
2794 3850 3003 3913 minus
3059 3852 3139 3912 ad
3187 3850 3387 3914 Graeci
3440 3870 3654 3914 exem—

258 3956 450 4035 plaris
481 3955 786 4035 regulam,
824 3960 995 4016 recta
1024 3956 1103 4015 ad
1130 3954 1396 4015 invicem
1430 3953 1587 4014 serie
1658 3952 2015 4032 explicavit,
2079 3956 2324 4013 tantum
2383 3950 2557 4032 quod
2601 3950 2883 4031 septima:
2942 3953 3235 4010 octavam
3284 3949 3652 4030 praaposuit.

259 4054 619 4118 Servandus
642 4058 855 4115 autem
882 4052 946 4112 in
976 4052 1201 4112 Latina
1232 4051 1501 4112 editione
1554 4054 1770 4110 nostra
1815 4054 2235 4128 praeposterus
2282 4049 2385 4109 hic
2447 4049 2603 4110 ordo
2652 4053 2806 4123 erat,
2858 4047 2969 4125 qui
3018 4046 3135 4108 etsi
3191 4046 3385 4127 paulo
3434 4048 3656 4110 confu-

261 4154 410 4221 sior,
480 4150 1007 4230 Hieronymianus
1054 4154 1145 4209 est
1193 4155 1429 4222 tamen,
1477 4145 1647 4226 quod
1701 4146 1833 4224 ipse
1885 4145 2143 4206 minime
2195 4144 2502 4205 diffitetur
2555 4143 2620 4203 in
2675 4142 3081 4223 praefatione:
3150 4159 3354 4221 eoque
3412 4142 3654 4218 debuit,

258 4271 386 4333 quo
443 4249 767 4311 institutus
822 4248 901 4309 ab
955 4266 1051 4324 eo,
1103 4251 1219 4321 est,
1274 4244 1461 4307 modo
1500 4243 1987 4324 repraesentari;
2046 4261 2193 4305 nam
2224 4260 2391 4321 saepe
2413 4241 2563 4303 alibi
2592 4259 2670 4302 ex
2698 4239 3008 4301 sententia
3053 4256 3166 4298 sua
3226 4237 3472 4299 mavult
3526 4257 3657 4301 non

258 4359 388 4413 tam
405 4350 754 4429 .,interpres
809 4347 1050 4423 audire,
1083 4364 1275 4426 quam
1299 4344 1447 4406 novi
1504 4342 1711 4423 operis
1769 4341 2078 4403 conditor.
2139 4344 2404 4402 Demum
2462 4358 2587 4400 non
2640 4337 3086 4399 Adamantium
3136 4334 3319 4396 nobis
3366 4337 3659 4416 proposi-

256 4456 392 4510 tum
424 4453 540 4523 est,
571 4447 679 4508 sed
710 4445 1161 4524 Hieronymum
1190 4458 1659 4521 recognoscere,
1720 4446 1911 4518 atque
1967 4438 2303 4511 abstinere,
2355 4436 2567 4516 quoad
2622 4435 2757 4496 ﬁeri
2812 4438 3041 4514 potest,
3100 4432 3321 4494 alienis
3380 4433 3655 4513 scriptis,

256 4550 338 4611 ab
367 4566 443 4610 ea
471 4546 637 4608 enim
669 4563 810 4623 quas
839 4560 1005 4604 nunc
1031 4542 1276 4620 aliquos
1302 4545 1509 4613 vexat,
1566 4536 2017 4599 inclarescendi
2064 4554 2175 4614 per
2212 4534 2575 4596 chartarum
2633 4533 2918 4611 plaustra
2986 4531 3268 4602 libidine,
3329 4531 3656 4610 ingenium

256 4652 543 4709 nostrum
574 4642 876 4705 abhorret
893 4642 1174 4701 immane
1205 4644 1535 4718 quantum.

338 4752 418 4810 Ut
447 4764 616 4818 vero,
650 4742 821 4822 quod
854 4746 1204 4800 nostrarum
1240 4743 1332 4797 est
1381 4736 1678 4815 partium,
1730 4736 1807 4794 de
1864 4732 2145 4811 singulis,
2211 4749 2353 4810 quas
2406 4730 2524 4790 hoc
2579 4734 2753 4788 temo
2809 4727 3233 4802 continentur,
3292 4724 3657 4805 Hieronymi

257 4821 801 4905 lucubrationibus
832 4837 1152 4918 quidpiam
1206 4854 1282 4896 ex
1340 4834 1558 4895 ordine
1614 4837 2059 4911 praenotemus,
2115 4826 2719 4891 Commentariorum
2769 4825 2833 4884 in
2884 4822 3297 4896 Ezechielem,
3358 4822 3467 4900 qui
3524 4821 3655 4901 pri-

262 4959 435 5001 mum
485 4940 728 5000 obtinet
772 4917 1003 5010 locum,
1064 4931 1543 5014 quatuordecim
1596 4929 1741 4990 libri
1790 4933 1954 4988 sunt.
2014 4926 2095 4988 lis
2143 4924 2544 4996 adornandis,
2608 4941 2733 4983 non
2785 4939 2977 4981 unum
3031 4925 3141 4980 aut
3194 4919 3487 4991 alterum,
3546 4917 3657 4979 sed

255 5045 531 5121 quatuor
588 5039 780 5099 ferme
830 5054 1026 5096 annos
1084 5030 1290 5110 exegit
1346 5030 1783 5108 Hieronymus,
1843 5043 1968 5086 non
2029 5024 2195 5105 quod
2245 5022 2439 5085 alacri
2495 5022 2573 5082 ad
2630 5018 3001 5121 miraculum
3084 5034 3302 5121 usque-
3370 5015 3650 5095 ingenio,

254 5113 414 5200 tanti
443 5136 624 5198 labor
654 5134 756 5194 hic
804 5133 1064 5205 steterit,
1116 5130 1223 5191 sed
1275 5128 1446 5207 quod
1486 5124 1909 5204 interpellata,
1968 5122 2352 5200 minimeque
2398 5118 2743 5180 continenti
2798 5115 3004 5178 studio
3062 5131 3228 5175 nunc
3286 5113 3430 5186 hoc,
3484 5129 3653 5173 nunc

252 5236 411 5298 illud
434 5238 826 5313 segmentum
857 5231 1063 5308 operis
1094 5247 1205 5307 per
1258 5224 1592 5286 intervalla
1639 5222 1991 5283 dictaverit.
2036 5223 2355 5299 lncmptus
2402 5217 2583 5279 labor
2640 5216 2898 5313 vixdum
2958 5208 3265 5313 absolutis
3309 5209 3654 5313 inhlsaiam

253 5306 760 5403 Commentariis,
794 5306 961 5389 anno
990 5306 1279 5386 videlicet
1306 5321 1638 5384 undecimo
1670 5338 1861 5400 supra
1892 5316 2581 5398 quadringentesimum
2613 5332 2626 5388 ;
2688 5311 2796 5374 sed
2846 5313 2908 5372 in
2973 5310 3097 5391 ipso
3154 5306 3430 5371 dictandi
3480 5325 3656 5370 exor-

254 5434 376 5505 dio,
409 5431 576 5512 quod
609 5431 871 5506 ipsemet
892 5430 1188 5487 causatur
1214 5425 1281 5484 in
1323 5423 1609 5502 prologo,
1638 5425 1701 5480 et
1744 5420 1808 5480 in
1859 5417 2042 5497 epist.
2092 5415 2234 5490 126,
2286 5413 2367 5512 ad
2423 5411 2858 5512 Marcellinum
2919 5414 2982 5470 et
3025 5404 3531 5512 Anapsychiam,
3565 5404 3657 5469 ita

254 5502 464 5592 animo
495 5502 927 5589 consternatus
959 5522 1281 5598 obstupuit
1337 5519 1542 5578 subito
1593 5517 1812 5577 nuntio
1861 5514 1936 5575 de
1986 5510 2375 5575 Pammachii
2421 5516 2483 5571 et
2513 5508 2820 5571 Marcellae
2885 5510 3107 5575 morte,
3162 5512 3292 5563 tum
3345 5502 3650 5563 Occiden-

250 5633 443 5694 alium
493 5626 976 5712 provinciarum,
1038 5626 1099 5682 et
1157 5618 1428 5681 maxime
1486 5616 1660 5679 urbis
1718 5617 2014 5679 Romanis
2080 5609 2447 5687 vastatione,
2510 5609 2573 5671 in
2624 5608 2909 5689 incmpto
3000 5605 3338 5675 abstinere,
3417 5600 3652 5685 diuque

3579 5806 3673 5887 εί)
3728 5872 3733 5877 ι

3630 5888 3637 5895 ‘
3718 5894 3743 5917 ει
