4020 6186
369 378 435 445 13
1812 372 2252 440 ΡΒΕῈΑΤῙΟ.
3238 404 3251 413 ~
3650 370 3728 435 14

367 520 554 574 tacere
582 509 932 590 compulsus
961 510 1062 570 sit.
1093 507 1187 571 Ad
1216 507 1350 588 ejus
1372 508 1521 569 anni
1552 509 1768 582 ﬁnem,
1827 510 1953 570 sive
2007 510 2084 570 ad
2143 507 2579 587 subsequentis
2625 508 2869 569 initium
2917 508 3146 570 iterum
3199 506 3280 577 ah
3336 508 3593 568 exordio
3642 508 3723 568 ad

362 609 598 682 tertium
644 625 834 683 usque
890 607 1124 668 librum
1170 606 1593 666 intermissum
1658 605 1937 665 laborem
2017 607 2289 684 repetiit,
2359 625 2499 665 cum
2570 606 2798 679 denuo,
2852 611 2920 666 ut
2974 607 3109 685 ipse
3166 606 3255 666 ait
3319 604 3507 666 modo
3582 604 3722 665 lau-

357 706 493 765 data
535 703 611 763 ad
662 703 1094 764 Marcellinum
1147 702 1463 780 epistola:
1542 700 1675 763 Hoc
1729 720 1884 761 anno
1939 702 2161 762 subitus
2220 704 2465 782 impetus
2506 701 2922 763 Barbarorum
2987 721 3070 762 sic
3131 702 3383 782 Egypti
3454 701 3717 775 limitem,

357 800 683 871 Palatina,
756 798 1073 871 szm'm’s,
1125 798 1324 878 Syriae
1372 799 1751 877 percucurrit
1796 800 1983 858 instar
2031 800 2308 858 torrentis
2366 808 2575 859 cuncta
2620 818 2812 858 secum
2868 798 3128 871 trahens,
3181 803 3251 858 ut
3313 799 3416 857 vix
3501 816 3720 859 eorum

352 898 475 977 ipse
522 914 736 957 manus
791 897 1073 975 potuerit
1114 897 1401 966 evadere,
1452 896 1682 955 nedum
1742 896 2049 969 animum,
2101 914 2283 974 quem
2338 897 2467 956 fere
2523 896 2966 974 desponderat,
3015 897 3094 956 ad
3142 896 3541 955 scribendum
3618 895 3723 956 ad-

354 1002 588 1055 vertere.
636 993 1076 1066 Nihilosecius,
1122 993 1507 1053 lentescente
1554 1011 1667 1071 per
1719 998 1967 1071 tempus
2012 993 2252 1066 dolore,
2297 994 2569 1055 maxime
2624 1012 2772 1054 vero
2827 1012 2986 1072 opus
3045 998 3305 1071 urgente
3356 992 3719 1066 Eustochio,

357 1092 675 1163 lucrativis,
736 1092 931 1152 immo
984 1090 1228 1150 furtivis
1280 1091 1557 1150 noctium
1618 1089 1790 1150 horis
1849 1090 1999 1150 anni
2045 1091 2647 1170 quadringentesimi
2703 1091 2930 1152 decimi
2978 1090 3166 1167 tertii,
3218 1088 3418 1170 [agema
3465 1091 3721 1171 propin-

352 1198 566 1269 quante,
604 1188 776 1266 quod
800 1188 935 1266 ipse
963 1187 1298 1266 proﬁtetur
1324 1187 1387 1246 in
1418 1186 1669 1265 septimi
1702 1186 1840 1246 libri
1899 1188 2267 1266 praefatione
2323 1190 2403 1248 ad
2459 1193 2706 1249 Nonum
2759 1207 2956 1267 usque
3006 1194 3371 1267 persecutus
3412 1195 3528 1261 est,
3577 1206 3716 1247 cum

352 1285 474 1345 aliis
503 1285 770 1345 subinde
819 1283 1339 1363 occupationibus
1394 1283 1472 1343 de
1541 1289 1674 1343 toto
1731 1282 1881 1344 illuc
1938 1285 2089 1345 orbe
2144 1285 2515 1363 fugientium
2567 1286 2986 1346 distineretur.
3037 1285 3276 1345 Exinde
3331 1284 3439 1362 qui
3506 1284 3723 1344 subse-

349 1389 599 1460 quuntur
652 1382 735 1441 ad
789 1382 977 1442 ﬁnem
1040 1400 1235 1459 usque
1283 1380 1521 1459 aperis,
1594 1381 1949 1457 insequenti
2015 1382 2494 1459 decimoquarto
2550 1401 2741 1460 supra
2796 1380 3483 1461 quadringentesimum
3541 1380 3725 1441 ascri-

351 1479 583 1550 bendos,
616 1478 777 1538 nihil
799 1484 894 1538 est
924 1477 1208 1537 dubium.
1251 1478 1331 1537 Et
1381 1494 1530 1537 vero
1571 1477 1686 1536 sub
1724 1476 1978 1538 initium
2031 1479 2189 1539 Noni
2250 1479 2411 1550 libri,
2477 1480 2912 1539 Heraclianum
2985 1478 3206 1538 Africae
3258 1478 3549 1538 comitem
3606 1494 3723 1540 NU-

351 1593 444 1637 rsa
472 1592 692 1654 poenas
717 1575 908 1635 luisse
965 1574 1251 1653 perﬁdiae
1309 1573 1535 1646 refert;
1598 1592 1740 1651 qua:
1790 1574 2090 1652 temporis
2147 1581 2296 1635 nota
2355 1576 2505 1636 satis
2556 1577 2884 1636 manifesto
2941 1576 3228 1653 designat
3276 1575 3551 1652 priorem
3610 1575 3722 1635 hu-

347 1673 503 1750 jusce
529 1673 683 1733 anni
712 1678 986 1751 partem,
1019 1690 1146 1749 quo
1174 1670 1433 1732 Luciani
1461 1689 1517 1733 γ.
1551 1672 1633 1731 el.
1666 1670 1910 1748 collega
1950 1671 2013 1731 in
2073 1673 2401 1733 consulatu
2457 1674 2866 1734 Heraclianus
2919 1673 3051 1745 fuit,
3090 1679 3149 1733 et
3205 1672 3320 1731 sub
3366 1673 3720 1749 Augustum

348 1788 625 1842 mensem,
657 1768 991 1844 Novarum,
1040 1770 1398 1846 utProsper
1444 1769 1555 1839 ait,
1607 1768 1668 1827 in
1714 1768 1929 1846 Africa
1979 1788 2178 1829 rerum
2220 1789 2353 1830 reus
2399 1770 2683 1830 honorem
2746 1772 2945 1831 amisit
2990 1779 3046 1830 et
3098 1771 3301 1829 vitam.
3362 1772 3528 1829 Duos
3574 1786 3721 1830 vero

350 1874 680 1947 postremos
734 1865 949 1939 libros,
1011 1865 1118 1943 qui
1166 1866 1468 1926 visionem
1512 1865 1865 1926 edisserunt
1914 1867 2159 1946 templi,
2213 1887 2354 1928 cum
2408 1868 2487 1928 ad
2537 1887 2674 1928 eam
2718 1876 2963 1948 partem
3011 1866 3258 1928 delubri
3314 1865 3718 1945 pervenisset,

349 1964 405 2024 in
447 1982 562 2042 qua
611 1964 849 2024 Sancta
896 1964 1296 2033 Sanctorum,
1345 1981 1417 2023 ac
1450 1961 1909 2040 Thymiamatis
1964 1964 2179 2025 Altare
2237 1965 2632 2038 describitur,
2693 1983 2757 2025 se
2814 1964 3110 2026 maluisse
3150 1980 3492 2041 parumper
3535 1962 3724 2024 inter-

345 2060 586 2133 mittere,
622 2060 792 2121 datis
815 2060 897 2120 ad
926 2058 1231 2138 virginem
1262 2059 1718 2121 Demetriadem
1753 2059 1976 2121 litteris
2004 2062 2356 2139 proﬁtetur,
2390 2069 2481 2134 ut,
2515 2062 2683 2140 quod
2740 2063 2873 2140 ipse
2930 2061 3036 2133 ait,
3102 2060 3187 2121 De
3240 2058 3445 2120 Altari
3500 2059 3722 2119 transi-

344 2156 782 2218 retadAltare.
816 2158 974 2218 Eam
1007 2174 1196 2235 porro
1228 2155 1581 2236 epistolam,
1636 2175 1777 2234 quas
1827 2157 1891 2216 in
1941 2164 2157 2218 nostra
2201 2159 2564 2219 recensione
2611 2160 2819 2220 locum
2868 2158 3111 2219 obtinet
3160 2158 3293 2233 130,
3346 2156 3426 2217 ad
3482 2155 3724 2217 huncce

346 2271 556 2313 annum
606 2252 1300 2332 quadringentesimum
1323 2251 1965 2345 .decimumquartum
2044 2255 2377 2332 pertinere,
2436 2255 2622 2316 certis
2678 2254 3067 2333 argumentis
3123 2272 3237 2314 suo
3304 2253 3443 2314 loco
3511 2259 3723 2313 osten-

346 2352 546 2411 dimus.

418 2449 581 2509 Hisce
634 2447 1107 2509 commentariis
1148 2448 1475 2528 septennio
1512 2449 1686 2527 prior
1732 2455 1847 2519 est,
1895 2448 2004 2526 qui
2051 2449 2132 2510 ad
2187 2449 2653 2528 Scripturarum
2711 2449 2933 2510 seriem
2984 2447 3410 2526 subsequitur,
3464 2446 3529 2507 in
3594 2449 3719 2507 Da-

344 2544 547 2605 nielem
605 2545 953 2623 singularis
1007 2545 1185 2619 liber,
1229 2544 1330 2606 cui
1379 2564 1613 2605 annum
1694 2545 2033 2606 tribuimus
2088 2547 2776 2623 quadringentesimum
2845 2546 3205 2623 septimum.
3275 2546 3426 2604 Cum
3495 2560 3721 2621 nempe

353 2642 613 2702 animum
666 2642 746 2703 ad
783 2660 927 2703 eum
961 2642 1357 2703 scribendum
1410 2642 1655 2721 appulit
1686 2648 1941 2703 sanctus
1990 2644 2232 2718 doctor,
2275 2642 2411 2721 jam
2471 2644 2662 2721 (quod
2700 2643 2965 2721 ipsemet
3000 2642 3064 2701 in
3115 2640 3303 2718 hujus
3349 2640 3720 2718 praefatione

350 2738 473 2799 libri
510 2738 1009 2800 luculentissime
1065 2739 1293 2818 prodit)
1350 2738 1681 2799 duodecim
1745 2739 2091 2818 prophetas
2136 2741 2409 2800 minores
2463 2744 2862 2819 exposuerat,
2899 2739 3225 2816 fueratque
3282 2736 3441 2797 adeo
3484 2754 3720 2796 annum

347 2835 1023 2914 quadringentesimum
1067 2843 1312 2898 sextum
1365 2841 1866 2915 praetergressus,
1918 2837 2097 2916 cujus
2141 2844 2473 2916 postremae
2519 2837 2682 2915 parti
2732 2842 3050 2915 postrema
3098 2836 3246 2895 item
3299 2853 3376 2893 ex
3422 2833 3546 2893 illis
3611 2851 3721 2893 ex-

341 2933 637 3010 planatio,
688 2952 829 3009 quae
877 2939 971 2993 est
1026 2934 1088 2994 in
1144 2936 1355 3007 Amos,
1409 2952 1486 2994 ex
1532 2934 1669 3013 ipsa
1715 2936 1879 2995 sexti
1927 2934 2290 2996 consulatus
2345 2935 2595 2994 Arcadii
2653 2933 2919 3010 Augusti
2958 2938 3019 2992 et
3065 2921 3259 2991 Anitii
3301 2929 3491 2991 Probi
3540 2934 3720 2990 nota-

342 3029 493 3090 tione
565 3036 747 3090 certo
811 3030 1043 3090 certius
1140 3030 1442 3109 afﬁgitur.
1530 3033 1762 3092 Rursus
1823 3050 2057 3092 annum
2128 3032 2561 3092 antevertebat
2617 3029 3304 3109 quadringentesimum
3402 3034 3718 3101 octavum,

336 3125 497 3203 cujus
567 3144 794 3187 mense
838 3129 1126 3205 Augusto
1181 3126 1544 3189 Stilichonis
1628 3135 1882 3207 patrata
1942 3135 2035 3189 est
2111 3129 2483 3189 interfectio.
2589 3127 3154 3189 Calumniabantur
3234 3132 3446 3186 autem
3502 3125 3726 3185 Hiero-

336 3222 640 3301 nymianze
678 3222 896 3301 gloriae
948 3223 1144 3284 invidi
1192 3224 1501 3297 homines,
1571 3225 1985 3304 suggillatum
2054 3225 2134 3286 ab
2199 3243 2274 3285 eo
2350 3225 2690 3286 barbarum
2760 3223 3025 3283 Romani
3087 3222 3397 3283 exercitus
3471 3221 3718 3295 ducem,

331 3337 457 3379 cum
504 3320 568 3380 in
637 3320 1080 3399 explanatione
1127 3338 1377 3399 magnae
1420 3322 1588 3382 illius
1628 3328 1878 3394 statuae,
1935 3340 2126 3401 quam
2204 3340 2316 3401 per
2394 3321 2597 3382 visum
2655 3319 3236 3382 Nabuchodonosor
3308 3319 3577 3393 viderat,
3638 3319 3718 3379 de

331 3417 582 3495 pedibus
645 3417 833 3489 ferro,
894 3424 1181 3499 testaque
1238 3437 1314 3478 ex
1369 3417 1505 3479 luto
1580 3419 1924 3497 compactis
1996 3419 2361 3498 mysterium
2431 3437 2772 3498 exponens,
2850 3419 2910 3476 in
2988 3435 3060 3477 eo
3127 3416 3284 3476 dixit
3366 3418 3717 3476 Romanum

331 3514 664 3592 signiﬁcari
716 3515 1084 3593 imperium:
1147 3516 1321 3577 Sicut
1387 3518 1542 3576 enim
1602 3518 1664 3576 in
1715 3518 2022 3598 principio
2078 3515 2235 3576 nihil
2292 3518 2553 3577 Romano
2605 3517 2852 3596 imperio
2899 3514 3118 3593 fortius
3177 3522 3232 3573 et
3304 3510 3515 3573 durius
3568 3512 3713 3593 fuit,

327 3611 403 3671 ita
431 3613 487 3671 in
512 3611 644 3691 ﬁne
699 3631 898 3673 rerum
952 3612 1110 3673 nihil
1164 3613 1548 3674 imbecillius:
1610 3613 1849 3695 quando
1901 3624 1955 3675 et
2001 3614 2062 3675 in
2113 3613 2279 3675 bellis
2335 3613 2629 3687 civilibus,
2680 3624 2731 3674 et
2776 3613 3085 3675 adversum
3141 3611 3405 3672 diversas
3458 3611 3721 3673 nationes

332 3707 581 3769 aliarum
658 3710 921 3787 gentium
1000 3710 1396 3772 barbararum
1473 3710 1805 3791 indigemus
1885 3712 2135 3773 aimilio.
2221 3713 2419 3783 Quam
2496 3716 2716 3790 postca
2773 3710 3226 3771 malevolorum
3301 3708 3721 3786 suspicionem

333 3824 605 3883 purgans
664 3807 979 3869 undecimi
1035 3808 1095 3868 in
1154 3809 1379 3870 Isaiam
1429 3808 1573 3868 libri
1619 3809 2029 3889 praefatione:
2092 3808 2231 3868 Non
2285 3809 2369 3868 sic
2422 3808 2650 3885 inquit,
2732 3806 3097 3866 adulandum
3180 3814 3264 3864 est
3328 3803 3720 3884 principibus,

340 3911 400 3961 ut
450 3923 761 3964 sacrarum
822 3905 1283 3986 Scripturarum
1332 3907 1548 3967 veritas
1602 3906 1990 3986 negligatur:
2038 3925 2140 3966 nec
2186 3905 2478 3984 generalis
2536 3904 2864 3983 disputatio
2932 3903 3107 3961 unius
3185 3920 3450 3982 persona:
3527 3899 3722 3981 (Stilie-

335 4001 560 4081 chonis)
601 4002 833 4081 injuria
864 4011 997 4069 est;
1054 4023 1187 4084 qua:
1243 4022 1371 4063 cum
1429 4003 1674 4083 benigno
1730 4024 1992 4065 meorum
2048 4004 2237 4064 studio
2293 4012 2552 4075 curetur,
2609 4001 2723 4061 Dei
2762 4001 2997 4081 judicio
3047 4008 3281 4080 repente
3333 3998 3570 4060 sublata
3617 4007 3725 4060 est.

298 4126 301 4127 ν
343 4098 608 4159 Omnino
632 4100 829 4177 igitur
875 4102 1129 4179 quando
1162 4102 1274 4163 illa
1319 4102 1544 4163 excudi
1588 4102 1909 4163 calumnia
1946 4102 2177 4181 potuit,
2229 4107 2418 4179 atque
2465 4101 2624 4161 adeo
2668 4106 3003 4178 postquam
3061 4098 3124 4157 in
3174 4097 3495 4159 Danielem
3552 4114 3726 4157 com-

347 4196 628 4256 mentarii
656 4197 719 4256 in
766 4196 993 4275 vulgus
1039 4198 1189 4259 editi
1229 4206 1397 4273 sunt,
1450 4199 1790 4261 advivebat
1832 4199 2120 4274 Stilicho,
2179 4199 2539 4277 primasque
2593 4196 2919 4258 obtinebat
2974 4196 3399 4256 Romanarum
3456 4192 3725 4254 virium:

353 4307 527 4368 quem
600 4293 847 4373 opinari
902 4294 1157 4356 minime
1208 4314 1324 4375 par
1373 4301 1485 4368 est,
1547 4297 1932 4375 simulatque
1978 4296 2089 4356 illa
2138 4296 2466 4375 expositio,
2522 4295 2601 4354 ad
2659 4293 2833 4371 vulgi
2875 4311 3059 4353 aures
3141 4292 3462 4353 devenisse
3501 4308 3536 4351 e
3577 4290 3733 4350 vivis

348 4388 708 4464 sublatum;
756 4391 909 4468 quin
966 4393 1176 4472 potius
1205 4413 1332 4454 non
1387 4393 1477 4455 ita
1523 4410 1747 4473 parum
1793 4392 2222 4455 intercessisse
2266 4392 2589 4470 temporis,
2650 4410 2776 4469 quo
2817 4398 2879 4451 et
2926 4395 3179 4450 sanctus
3234 4393 3419 4449 Pater
3499 4387 3578 4449 ab
3620 4387 3735 4447 ini-

348 4485 479 4561 quis
545 4487 897 4562 observari,
930 4490 1441 4570 calumnioseque
1517 4492 1786 4564 traduci,
1837 4497 2027 4571 atque
2077 4510 2153 4551 ex
2237 4490 2500 4550 adverso
2558 4508 2596 4549 a
2643 4489 2741 4549 sui
2798 4487 3092 4549 studiosis
3155 4487 3426 4565 benigne
3507 4484 3730 4564 excipi,

352 4581 713 4665 bonamque
768 4585 832 4645 in
876 4592 1118 4665 partem
1180 4595 1388 4668 posset
1435 4589 1685 4667 exponi.
1732 4592 1820 4649 Ex
1872 4589 1992 4650 hoc
2039 4587 2342 4666 temporis
2402 4586 2731 4647 intervallo
2784 4603 3120 4665 rerumque
3167 4585 3324 4645 serie
3372 4584 3735 4662 planissime

342 4679 624 4758 colligas,
682 4683 885 4762 ipsum
945 4702 1124 4760 opus,
1177 4686 1347 4763 quod
1420 4685 1715 4759 diximus,
1798 4687 1887 4746 ita
1946 4687 2027 4747 ad
2087 4704 2322 4746 annum
2388 4684 2699 4764 pertinere
2778 4681 3471 4763 quadringentesimum
3541 4678 3732 4758 septi-

344 4793 538 4850 mum,
570 4784 640 4840 ut
670 4779 768 4840 vix
800 4782 1076 4860 potuerit
1105 4783 1540 4862 subsequentis
1568 4784 1839 4862 priorem
1864 4790 2107 4863 partem
2131 4783 2431 4861 attigisse.

295 4868 303 4873 ’
420 4876 906 4955 Duodetriginta
938 4878 1361 4953 bomiliarum,
1424 4899 1565 4959 quae
1626 4900 1791 4941 nunc
1849 4880 2121 4959 primum
2183 4881 2511 4954 accedunt,
2576 4898 2985 4959 quamquam,
3048 4884 3116 4938 ut
3171 4876 3464 4949 diximus,
3522 4875 3737 4953 singu-
3823 4956 3827 4962 _

353 4968 500 5032 laris
525 4973 827 5051 estliber,
860 4994 988 5037 non
1022 4995 1146 5037 una
1177 4982 1387 5038 tamen
1447 4979 1759 5057 planeque
1811 4979 2029 5039 eadem
2082 4986 2176 5039 est
2226 4985 2399 5052 tetas,
2452 4978 2579 5039 sive
2625 4997 2750 5039 non
2790 4998 2915 5038 uno
2957 4976 3080 5036 illa:
3134 4982 3440 5054 tempore,
3501 4974 3748 5035 eodem-

352 5086 476 5146 que
535 5070 772 5150 impetu
831 5091 910 5132 ex
968 5075 1183 5135 Graeco
1240 5075 1528 5153 Origenis
1586 5082 1761 5136 textu
1823 5077 2045 5137 refusae
2104 5083 2250 5137 sunt
2289 5076 2348 5135 in
2401 5076 2717 5136 Latinum.
2750 5077 2899 5135 Cum
2947 5074 3139 5151 igitur
3186 5073 3250 5132 in
3308 5090 3565 5133 suorum
3614 5072 3747 5150 ipse

352 5184 619 5243 operum
644 5170 931 5248 catologo
961 5178 1214 5232 sanctus
1239 5172 1547 5251 interpres
1595 5173 1710 5232 sub
1757 5192 1881 5233 una
1937 5192 2155 5235 omnes
2213 5173 2576 5246 recensione
2632 5173 2841 5250 ponit:
2904 5169 2978 5230 In
3032 5171 3372 5242 Jeremiam,
3433 5168 3745 5248 inquiens,

356 5264 504 5321 etin
564 5263 928 5327 Ezechielem
983 5266 1282 5328 Homilies
1340 5269 1613 5348 Origenis
1668 5270 1891 5350 viginti
1928 5280 2079 5342 octo,
2136 5289 2289 5351 quas
2345 5269 2414 5329 de
2474 5268 2673 5331 Graeco
2732 5269 2789 5327 in
2853 5269 3152 5340 Latinum,
3216 5269 3387 5340 verti,
3447 5267 3536 5327 ita
3590 5265 3748 5326 acci-

360 5357 624 5437 piendus
694 5380 837 5424 meo
891 5365 1144 5444 quidem
1181 5364 1425 5444 judicio
1485 5372 1601 5441 est,
1663 5372 1730 5428 ut
1808 5386 1951 5429 cum
2037 5368 2328 5429 editionis
2411 5368 2791 5439 celebritate,
2870 5385 3010 5428 cum
3098 5370 3382 5427 Romano
3465 5382 3753 5426 sermone

377 5456 674 5537 cultuque
704 5459 953 5523 donata:
1001 5469 1167 5535 sunt,
1232 5468 1428 5523 notet.
1484 5463 1729 5524 Priores
1787 5465 1951 5525 enim
2013 5465 2508 5543 quatuordecim.
2572 5465 2698 5524 sive
2755 5485 2896 5543 qua:
2951 5465 3282 5524 Jerrmiam
3336 5463 3753 5541 interpretan-

353 5560 481 5623 tur.
548 5560 787 5618 Latinus
842 5563 1035 5620 multo
1096 5568 1279 5620 :mtea
1349 5562 1599 5631 fecerat,
1664 5581 1853 5640 quam
1917 5565 2172 5640 reliquis
2234 5566 2293 5620 in
2358 5563 2739 5620 lizcrl'xiclcm
2806 5584 3056 5621 [natnnm
3118 5564 3519 5629 mln'uoverct;
3576 5561 3755 5639 cujus

357 5652 449 5714 rei
500 5656 776 5740 locuples
832 5658 966 5739 ipse
1023 5659 1195 5724 testis
1255 5657 1519 5737 accedit,
1570 5659 1634 5722 in
1691 5678 1766 5723 eo
1824 5679 2014 5744 quem
2071 5662 2224 5723 huic
2285 5659 2681 5723 translationi
2708 5662 2979 5743 praaﬁxit
3033 5660 3113 5723 ad
3178 5656 3567 5722 Vincentium
3597 5659 3752 5722 Pro-
