4052 6180
166 366 239 429 15
1398 372 1460 432 S.
1509 372 1821 435 EUSEBII
1865 371 2328 436 HIERONYMI.
3480 366 3561 431 ιθ

165 501 353 578 lego:
416 501 560 563 Post
614 501 1074 584 quatuordecim,
1164 504 1391 582 inquit,
1471 503 1766 565 Homilies
1836 506 1898 565 in
1947 504 2285 580 Jeremiam,
2373 524 2523 585 quas
2604 521 2953 568 JAKPBIDBI
3030 503 3278 584 can/use
3352 500 3564 565 ordine

161 598 596 679 interpretatus
645 619 796 674 eum,
847 609 899 659 et
955 600 1060 661 has
1107 601 1550 681 quatuordecim
1612 603 1673 662 in
1726 601 2092 664 Ezechielem
2138 621 2250 683 per
2305 601 2619 665 intervalla
2684 602 2927 665 dictaui.
2984 604 3018 665 εἴ
3026 621 3131 664 am
3212 618 3363 663 vere
3432 617 3564 679 quo
3660 614 3667 621 '

165 698 453 774 tempore
482 702 778 774 utrasque
808 697 993 757 simul
1051 716 1178 758 una
1231 698 1532 775 iunxerit,
1596 699 1996 778 emiseritque
2050 718 2178 761 uno
2235 699 2418 771 libro,
2478 716 2555 760 ex
2605 716 2681 760 eo
2736 699 2884 759 licet
2937 697 3313 776 intelligere,
3368 710 3562 775 quem

161 791 227 852 in
278 792 538 861 laudato
594 795 895 873 Catalogo
953 795 1162 856 locum
1230 802 1464 857 tenent.
1527 799 1765 875 Nempe
1815 796 1961 858 hinc
2016 796 2355 858 Eusebiani
2409 796 2701 857 Chronici
2744 796 3353 876 interpretationem,
3415 792 3565 856 inde

162 888 494 967 epistolam
525 890 591 951 in
624 897 841 952 nostra
872 892 1235 953 recensione
1290 893 1388 964 18,
1451 893 1531 954 ad
1586 893 1950 966 Damasum,
2007 893 2077 955 de
2131 893 2472 974 Seraphim,
2533 893 2758 955 medias
2811 892 3225 972 interjacent;
3285 908 3562 969 cumque

161 986 332 1065 prior
378 987 488 1048 illa
544 1006 578 1048 e
620 988 867 1050 duabus
924 989 1059 1049 istis
1116 989 1660 1051 lucubrationibus
1707 991 1788 1050 ad
1846 1009 2079 1051 annum
2143 991 2648 1052 trecentesimum
2704 990 3162 1070 octogesimum
3220 989 3566 1051 certissime

162 1088 424 1162 spectet,
456 1085 656 1146 altera
690 1086 769 1145 ad
826 1086 1212 1165 insequentis
1267 1086 1571 1158 medium,
1624 1091 1693 1146 ut
1750 1087 1877 1148 suis
1934 1088 2086 1148 locis
2140 1088 2477 1166 probatum
2538 1094 2674 1149 est:
2735 1088 2891 1148 nihil
2928 1087 3063 1165 jsm
3121 1086 3566 1164 laborandum;

165 1184 239 1241 ut
268 1185 442 1242 certo
474 1182 655 1261 scias,
689 1201 815 1263 quo
851 1183 1152 1262 temporis
1180 1183 1329 1263 ipsa:
1387 1183 1719 1244 intervallo
1768 1184 2386 1263 circumscribantur,
2445 1186 2536 1247 ita
2588 1192 2800 1247 tamen
2859 1193 2931 1246 ut
2984 1185 3139 1246 velis
3192 1184 3274 1245 ad
3315 1189 3562 1246 trecen-

162 1276 455 1338 tesimum
513 1280 964 1359 octogesimum
1022 1280 1295 1359 primum
1361 1281 1616 1360 propius
1672 1281 1988 1341 accedere.
2053 1284 2409 1361 Numquam
2460 1281 2742 1362 profecto
2798 1281 3160 1343 assentiaris
3214 1279 3297 1341 el.
3367 1278 3561 1341 τίω).

163 1375 429 1450 mentio,
481 1378 590 1456 qui
647 1380 1025 1456 posteriores
1080 1378 1557 1456 quatuordecim
1616 1379 1681 1438 in
1735 1378 2121 1441 Ezechielem
2181 1374 2261 1440 ad
2321 1398 2515 1440 unum
2570 1398 2771 1458 usque
2825 1377 3334 1441 trecentesimum
3383 1380 3561 1438 oete-

161 1471 469 1549 gesimum
528 1480 773 1535 sextum
831 1475 1063 1535 differt.
1115 1478 1245 1536 Hoc
1300 1476 1393 1535 illi
1448 1476 1600 1537 satis
1680 1476 1935 1538 inﬁrma
2008 1476 2170 1539 ratio
2217 1478 2549 1556 persua‘sit,
2629 1477 2799 1557 quod
2872 1477 2939 1537 in
2997 1474 3323 1555 hujusmet
3417 1472 3565 1534 libri

160 1570 528 1646 praefatione
585 1572 914 1649 Origenem
977 1579 1153 1633 vocet
1210 1579 1463 1633 sanctus
1520 1574 1763 1650 doctor,
1821 1573 2111 1635 hominem
2162 1576 2342 1652 iuxta
2397 1574 2649 1656 Didymi
2701 1573 2948 1636 videntis
3001 1571 3348 1634 sententiam
3402 1569 3556 1632 alte-

159 1684 291 1725 rum
319 1677 453 1747 post
496 1668 794 1747 apostolos
848 1668 1255 1731 Ecclesiarum
1298 1671 1689 1749 magistrum:
1752 1671 2000 1732 laudari
2042 1671 2206 1732 enim
2266 1673 2379 1732 abs
2436 1672 2817 1751 Hieronymo
2864 1670 3225 1750 Didymum,
3286 1683 3561 1747 eumque

158 1761 445 1825 videntem
477 1766 769 1827 diciante
799 1766 967 1826 hunc
1015 1786 1277 1840 annum,
1340 1786 1466 1845 quo
1522 1768 1697 1828 illum
1771 1769 1850 1829 de
1906 1787 2013 1830 ore
2070 1770 2316 1830 noverit
2366 1769 2785 1839 Alexandriae.
2847 1769 3216 1848 neutiquam
3271 1765 3552 1847 potuisse

160 1860 502 1923 arbitratus
570 1868 686 1924 est.
738 1866 873 1924 Non
924 1871 1059 1925 erat
1113 1883 1261 1926 vero
1318 1865 1476 1927 tanti
1532 1866 1705 1927 istaec
1760 1866 2047 1927 facienda
2106 1853 2491 1946 conjectura,
2522 1867 2625 1927 cui
2651 1873 2715 1928 et
2744 1871 2876 1927 tota
2931 1863 3562 1945 Hieronymianarum

159 1957 571 2037 scriptionum
602 1960 815 2033 series,
849 1967 911 2022 ct
966 1962 1134 2040 quod
1192 1963 1281 2023 rei
1337 1967 1528 2041 caput
1574 1968 1689 2036 est,
1737 1963 2067 2043 ipsiusmet
2119 1964 2490 2025 sanctissimi
2543 1964 2903 2044 interpretis
2973 1962 3403 2024 testimonium
3454 1977 3565 2036 ea,

160 2071 283 2133 qua
337 2056 731 2119 continenter
786 2076 931 2120 suos
977 2058 1171 2120 libros
1225 2059 1290 2121 in
1332 2060 1632 2138 Catalogo
1687 2060 1768 2122 ad
1824 2061 2126 2140 temporis
2188 2066 2467 2123 recenset
2532 2061 3038 2142 praerogativam,
3121 2060 3370 2122 ratione
3448 2056 3560 2119 ad-

157 2158 463 2216 versatur.

855 2500 976 2599 ε.
1062 2498 1746 2601 EUSEBII
1841 2500 2861 2604 HIERONYMI

1304 2697 1871 2759 STRlDONENSIS
1918 2697 2414 2758 PRESBYTERI

1169 2863 2548 2971 COMMENTARIOBUM

175 3224 1748 3398 EZECHIELEM
1801 3059 1904 3265 ΞΝ
1987 3219 3555 3396 PROPHETAM

1194 3499 1488 3589 LIBRI
1547 3495 2509 3610 QUATUORDECIM-

1745 3673 1947 3693 _

1336 3801 1754 3896 LIBER
1815 3800 2363 3896 PRIMUS.

219 4113 347 4171 1-2
378 4113 584 4170 Finitis
614 4115 674 4169 in
704 4113 920 4171 Isaiam
952 4114 1152 4170 decem
1182 4118 1240 4169 et
1270 4117 1396 4170 octo
1425 4113 1796 4186 Explanatio-
1825 4122 1881 4188 Α
1908 4114 2155 4187 pendeo,
2176 4112 2545 4185 aliorumque
2559 4109 2877 4166 8-4malis
2895 4109 3557 4181 meoruoio.Post'qua'm

141 4221 286 4260 num
314 4203 735 4275 voluminibus,
757 4204 829 4259 ad
848 4202 1129 4273 Ezechiel,
1159 4204 1313 4274 quod
1336 4202 1466 4272 tibi,
1501 4206 1557 4259 et
1576 4207 1791 4259 sancta:

141 4292 436 4350 memoriae
469 4292 640 4348 matri
671 4296 784 4347 tuae
814 4292 1026 4359 Paulae,
1062 4308 1094 4348 o
1115 4289 1293 4364 Virgo
1325 4291 1543 4347 Christi
1582 4293 1794 4348 Eusto-

139 4381 355 4450 chium,
392 4398 544 4453 saepe
575 4379 870 4453 pollicitus
900 4397 1055 4451 sum,
1090 4380 1339 4437 transire
1373 4381 1705 4453 cupiebam,
1737 4384 1795 4436 et

137 4477 478 4539 extremam,
508 4473 573 4525 ut
600 4470 817 4526 dicitur
845 4486 1089 4527 manum
1122 4470 1276 4543 operi
1311 4470 1611 4542 imponere
1657 4486 1790 4543 pro-

135 4559 388 4632 phetali:
414 4564 471 4616 et
500 4576 630 4615 ecce
653 4559 848 4616 subito
872 4576 1031 4616 mors
1056 4559 1201 4614 mihi
1233 4558 1588 4615 Pammachii
1612 4562 1787 4631 atque

136 4648 439 4718 Marcellae,
468 4649 742 4705 Romanae
766 4649 929 4705 urbis
943 4649 1190 4713 obsidio,
1214 4649 1658 4719 multorumque
1681 4649 1790 4703 fra-

135 4744 292 4794 trum
316 4743 372 4795 et
396 4756 661 4796 sororum
694 4737 969 4793 dormitio
1019 4737 1290 4791 nuntiata
1318 4741 1425 4791 est.
1483 4739 1671 4808 Atque
1709 4735 1791 4791 ita

136 4831 545 4884 consternatus
575 4826 874 4898 obstupui,
909 4829 974 4879 ut
1005 4824 1150 4880 nihil
1185 4825 1343 4879 aliud
1379 4824 1586 4879 diebus
1616 4842 1791 4879 acno-

135 4914 330 4969 ctibus
356 4916 466 4969 nisi
498 4917 570 4971 dc
602 4915 790 4972 salute
822 4914 1085 4971 omnium
1105 4914 1457 4985 cogitarem:
1493 4929 1705 4984 meque
1730 4914 1788 4967 in

135 5001 468 5074 captivitate
499 5009 836 5059 sanctorum
858 5010 1124 5077 putarem
1158 5019 1285 5057 esse
1320 5002 1636 5073 captivum,
1675 5006 1786 5057 'nec

138 5106 369 5164 possem
400 5090 564 5162 prius
595 5109 696 5147 ora
725 5111 1002 5165 reserare,
1036 5093 1145 5148 nisi
1174 5091 1395 5162 aliquid
1420 5092 1637 5145 certius
1669 5092 1787 5146 dis-

138 5195 362 5235 cerem:
395 5179 535 5234 dum
570 5179 722 5234 inter
754 5198 917 5253 spem
942 5187 996 5238 et
1015 5179 1478 5254 desperationem
1503 5177 1790 5235 sollicitus

211 5322 288 5403 (ιι)
319 5322 405 5376 Ad
438 5321 672 5403 eosdem
706 5339 847 5403 mss.
869 5325 1124 5403 codices,
1149 5324 1221 5378 ad
1250 5339 1399 5403 quos
1429 5321 1789 5403 “superiores

138 5393 487 5466 tomiquarti
502 5395 1084 5461 commcntarios,hos
1097 5393 1328 5466 quoque
1346 5395 1403 5448 in
1429 5393 1785 5466 Ezechielem

139 5480 205 5537 ac
236 5464 533 5520 Danielem
566 5465 886 5536 exegimus.
920 5464 1196 5537 Sanctum
1236 5464 1523 5537 'prmlcrca
1569 5464 1779 5537 Grego-

138 5534 1030 5620 riumucognomentolllagnum,
1048 5536 1147 5608 qui
1176 5534 1392 5620 suasin
1413 5534 1779 5618 .Ezechielém

1813 5502 1861 5566 B

1900 4220 2035 4260 vero
2067 4202 2468 4259 clarissimum
2501 4205 2791 4257 terrarum
2810 4199 3078 4256 omnium
3107 4197 3307 4255 lumen
3336 4198 3561 4256 exstin-

1900 4296 2062 4349 ctum
2084 4291 2385 4361 est,immo
2410 4289 2658 4347 Romani
2679 4287 3261 4363 imperiitruncatum
3276 4289 3557 4360 oaputmt

1901 4386 1968 4437 ut
1995 4380 2192 4438 verius
2221 4380 2435 4449 dicam,
2460 4380 2521 4435 in
2552 4396 2672 4435 una
2699 4378 2852 4436 Urbe
2882 4382 3043 4436 totus
3086 4376 3246 4435 orbis
3300 4376 3551 4446 interiit,

1900 4471 2149 4528 obmutui
2178 4478 2233 4526 et
2255 4470 2586 4525 humiliatus
2613 4484 2756 4537 sum,
2782 4476 2834 4525 et
2862 4467 2999 4524 silui
3026 4483 3062 4523 τι
3091 4467 3268 4537 bonis,
3298 4469 3351 4526 et
3393 4465 3559 4525 dolor

1898 4576 2051 4615 meus
2072 4565 2365 4615 renovatus
2402 4565 2479 4613 est
2508 4574 2521 4613 :
2555 4558 2833 4613 concaluit
2859 4573 2953 4614 cor
2988 4573 3174 4615 meum
3201 4558 3357 4614 intra
3370 4572 3477 4630 me,
3498 4559 3555 4614 et

1898 4651 1957 4705 in
1986 4648 2337 4704 meditatione
2358 4664 2481 4703 mea
2510 4649 2717 4703 exarsit
2748 4647 2892 4717 ignis
2937 4648 3117 4719 (Psal.
3182 4664 3425 4716 xxxvm,
3454 4646 3509 4718 4)
3535 4662 3550 4701 :

1902 4755 2003 4793 nec
2034 4737 2228 4809 putavi
2248 4736 2409 4791 illam
2429 4737 2777 4791 sententiam
2806 4735 3215 4809 negligentiam
3241 4737 3479 4792 :Musica
3495 4736 3555 4790 in

1899 4826 2047 4879 luctu
2076 4828 2393 4896 importuna
2422 4824 2880 4895 narratio(Eccli.
2913 4842 3052 4892 xxu,
3076 4824 3153 4897 6).
3174 4824 3393 4880 Verum
3417 4822 3558 4895 quia

1899 4917 1955 4967 et
1986 4918 2048 4969 tu
2074 4914 2472 4970 indesinenter
2499 4912 2609 4968 hoc
2644 4912 2891 4986 flagitas,
2921 4918 2979 4969 et
3000 4928 3212 4986 magno
3233 4910 3460 4970 vulneri
3478 4911 3558 4967 ei-

1898 5003 2077 5056 catrix
2095 5002 2376 5074 paulatim
2399 5001 2712 5057 obducitur
2735 5002 2831 5075 :(b)
2854 5002 3251 5076 Scorpiusque
3267 5003 3422 5058 inter
3439 5001 3554 5057 En-

1896 5090 2162 5146 celadum
2184 5094 2241 5146 et
2269 5091 2340 5161 (e)
2370 5089 2827 5163 Porphyrionem
2856 5091 3166 5147 Trinacriae
3191 5090 3374 5147 humo
3404 5103 3537 5162 pre-

1899 5181 2100 5248 mitur,
2133 5185 2190 5236 et
2249 5179 2439 5251 llydra
2494 5179 2814 5235 multorum
2871 5181 3132 5253 capitum
3180 5185 3382 5238 contra
3426 5188 3543 5235 nos

1896 5323 2028 5378 illos
2053 5319 2385 5391 descripsit,
2417 5336 2579 5391 more
2601 5321 2977 5378 contulimus.

1970 5395 2044 5464 (b)
2077 5390 2325 5448 Ruﬁnus
2356 5392 2415 5464 in
2449 5390 2648 5464 Sicilia
2669 5398 2958 5449 mortuus.

1969 5462 2038 5536 (ε)
2072 5470 2149 5519 Ex
2181 5462 2411 5536 ingenio
2439 5462 2698 5533 quidem,
2731 5469 2888 5520 certa
2910 5470 3105 5521 tamen
3118 5462 3546 5533 emendatione,

1893 5535 2190 5608 substitue
2206 5535 2668 5608 Porphyrionem,
2684 5550 2787 5608 pro
2819 5552 2936 5608 quo
2958 5538 3235 5608 mendose
3260 5536 3546 5608 hactenus

139 5604 425 5664 homilias'
440 5604 1023 5680 exliiscnniornnymi
1046 5604 1483 5663 commentariis
1506 5623 1778 5677 magnam
1891 5607 2145 5681 obtinuit
2172 5604 2571 5681 Porphyrium.
2603 5604 2853 5681 Constat
2872 5624 3006 5681 vero
3037 5607 3295 5665 fabulam
3331 5607 3551 5681 Gigan-

141 5686 362 5755 gurtcm
397 5682 692 5748 del‘l\‘a\'ll,
728 5692 781 5737 ct
814 5676 1137 5747 ltuimnum,
1174 5699 1287 5750 quo
1314 5682 1556 5738 tetidem
1589 5681 1781 5739 verbis
1892 5686 2013 5740 tum
2044 5678 2248 5751 nlludi,
2284 5676 2531 5751 quorum
2569 5676 3067 5741 alter'Enceladus
3097 5681 3360 5737 omnium
3408 5676 3544 5739 Insi-
