  <div class='ocr_page' id='page_1' title='image "/cluster/home/n/w/nwhite01/storage/ocr_20150623/25/hvd.32044096580493/015.png"; bbox 0 0 4020 6186; ppageno 0'>
   <div class='ocr_carea' id='block_1_1' title="bbox 195 343 3586 422">
    <p class='ocr_par' dir='ltr' id='par_1_1' title="bbox 195 343 3586 422">
     <span class='ocr_line' id='line_1_1' title="bbox 195 343 3586 422; baseline -0.001 -4"><span class='ocrx_word' id='word_1_1' title='bbox 195 352 270 418; x_wconf 74' lang='grc'>19</span> <span class='ocrx_word' id='word_1_2' title='bbox 1170 406 1173 411; x_wconf 85' lang='grc'>.</span> <span class='ocrx_word' id='word_1_3' title='bbox 1427 352 1491 421; x_wconf 90' lang='lat' dir='ltr'>S.</span> <span class='ocrx_word' id='word_1_4' title='bbox 1535 351 1845 422; x_wconf 84' lang='lat' dir='ltr'>EUSEBII</span> <span class='ocrx_word' id='word_1_5' title='bbox 1889 348 2357 421; x_wconf 73' lang='lat' dir='ltr'>HIERONYMI.</span> <span class='ocrx_word' id='word_1_6' title='bbox 3492 343 3586 413; x_wconf 71' lang='lat'>.90</span> 
     </span>
    </p>
   </div>
   <div class='ocr_carea' id='block_1_2' title="bbox 189 480 3584 565">
    <p class='ocr_par' dir='ltr' id='par_1_2' title="bbox 189 480 3584 565">
     <span class='ocr_line' id='line_1_2' title="bbox 189 480 3584 565; baseline -0.001 -18"><span class='ocrx_word' id='word_1_7' title='bbox 189 488 570 547; x_wconf 76' lang='lat' dir='ltr'>absconditus</span> <span class='ocrx_word' id='word_1_8' title='bbox 590 491 697 560; x_wconf 91' lang='lat' dir='ltr'>est,</span> <span class='ocrx_word' id='word_1_9' title='bbox 715 493 773 548; x_wconf 92' lang='lat' dir='ltr'>et</span> <span class='ocrx_word' id='word_1_10' title='bbox 791 507 905 549; x_wconf 91' lang='lat' dir='ltr'>non</span> <span class='ocrx_word' id='word_1_11' title='bbox 927 491 1214 565; x_wconf 81' lang='lat' dir='ltr'>apparuit.</span> <span class='ocrx_word' id='word_1_12' title='bbox 1238 491 1397 558; x_wconf 88' lang='lat' dir='ltr'>Quod</span> <span class='ocrx_word' id='word_1_13' title='bbox 1422 492 1556 549; x_wconf 89' lang='lat' dir='ltr'>huic</span> <span class='ocrx_word' id='word_1_14' title='bbox 1576 490 1823 563; x_wconf 84' lang='lat' dir='ltr'>tempori</span> <span class='ocrx_word' id='word_1_15' title='bbox 1853 494 1909 562; x_wconf 74' lang='grc' dir='ltr'><strong>Α</strong></span> <span class='ocrx_word' id='word_1_16' title='bbox 1937 490 2094 547; x_wconf 89' lang='lat' dir='ltr'>enim</span> <span class='ocrx_word' id='word_1_17' title='bbox 2124 489 2269 548; x_wconf 87' lang='lat' dir='ltr'>visio</span> <span class='ocrx_word' id='word_1_18' title='bbox 2299 488 2504 563; x_wconf 86' lang='lat' dir='ltr'>quinto</span> <span class='ocrx_word' id='word_1_19' title='bbox 2533 505 2687 547; x_wconf 89' lang='lat' dir='ltr'>anno</span> <span class='ocrx_word' id='word_1_20' title='bbox 2705 480 3239 564; x_wconf 78' lang='lat' dir='ltr'>transmigrationis</span> <span class='ocrx_word' id='word_1_21' title='bbox 3269 481 3421 561; x_wconf 81' lang='lat' dir='ltr'>regis</span> <span class='ocrx_word' id='word_1_22' title='bbox 3444 482 3584 545; x_wconf 79' lang='lat' dir='ltr'>Joa-</span> 
     </span>
    </p>
   </div>
   <div class='ocr_carea' id='block_1_3' title="bbox 191 580 1832 653">
    <p class='ocr_par' dir='ltr' id='par_1_3' title="bbox 191 580 1832 653">
     <span class='ocr_line' id='line_1_3' title="bbox 191 580 1832 653; baseline 0 -18"><span class='ocrx_word' id='word_1_23' title='bbox 191 580 478 653; x_wconf 85' lang='lat' dir='ltr'>congruit,</span> <span class='ocrx_word' id='word_1_24' title='bbox 494 582 727 652; x_wconf 87' lang='lat' dir='ltr'>quando</span> <span class='ocrx_word' id='word_1_25' title='bbox 745 581 966 637; x_wconf 87' lang='lat' dir='ltr'>dictum</span> <span class='ocrx_word' id='word_1_26' title='bbox 982 588 1070 637; x_wconf 90' lang='lat' dir='ltr'>ost</span> <span class='ocrx_word' id='word_1_27' title='bbox 1090 600 1102 637; x_wconf 90' lang='lat'>:</span> <span class='ocrx_word' id='word_1_28' title='bbox 1124 585 1221 638; x_wconf 87' lang='lat' dir='ltr'>Hic</span> <span class='ocrx_word' id='word_1_29' title='bbox 1238 588 1313 637; x_wconf 88' lang='lat' dir='ltr'>est</span> <span class='ocrx_word' id='word_1_30' title='bbox 1334 584 1512 638; x_wconf 83' lang='lat' dir='ltr'>Filius</span> <span class='ocrx_word' id='word_1_31' title='bbox 1534 598 1684 637; x_wconf 86' lang='lat' dir='ltr'>meus</span> <span class='ocrx_word' id='word_1_32' title='bbox 1700 581 1832 636; x_wconf 87' lang='lat' dir='ltr'>dile-</span> 
     </span>
    </p>
   </div>
   <div class='ocr_carea' id='block_1_4' title="bbox 187 670 1830 743">
    <p class='ocr_par' dir='ltr' id='par_1_4' title="bbox 187 670 1830 743">
     <span class='ocr_line' id='line_1_4' title="bbox 187 670 1830 743; baseline 0 -20"><span class='ocrx_word' id='word_1_33' title='bbox 187 675 327 739; x_wconf 81' lang='lat' dir='ltr'>ctus,</span> <span class='ocrx_word' id='word_1_34' title='bbox 345 671 405 725; x_wconf 88' lang='lat' dir='ltr'>in</span> <span class='ocrx_word' id='word_1_35' title='bbox 418 687 522 743; x_wconf 86' lang='lat' dir='ltr'>quo</span> <span class='ocrx_word' id='word_1_36' title='bbox 536 673 995 742; x_wconf 80' lang='lat' dir='ltr'>mihimmplacui</span> <span class='ocrx_word' id='word_1_37' title='bbox 1018 672 1226 742; x_wconf 78' lang='lat' dir='ltr'>(Matth.</span> <span class='ocrx_word' id='word_1_38' title='bbox 1253 689 1335 736; x_wconf 88' lang='grc' dir='ltr'>ιιι,</span> <span class='ocrx_word' id='word_1_39' title='bbox 1364 672 1467 741; x_wconf 86' lang='lat' dir='ltr'>l7).</span> <span class='ocrx_word' id='word_1_40' title='bbox 1498 672 1670 725; x_wconf 85' lang='lat' dir='ltr'>Porro</span> <span class='ocrx_word' id='word_1_41' title='bbox 1695 670 1830 724; x_wconf 87' lang='lat' dir='ltr'>Buzi</span> 
     </span>
    </p>
   </div>
   <div class='ocr_carea' id='block_1_5' title="bbox 190 756 1832 831">
    <p class='ocr_par' dir='ltr' id='par_1_5' title="bbox 190 756 1832 831">
     <span class='ocr_line' id='line_1_5' title="bbox 190 756 1832 831; baseline -0.001 -20"><span class='ocrx_word' id='word_1_42' title='bbox 190 756 249 811; x_wconf 91' lang='lat' dir='ltr'>in</span> <span class='ocrx_word' id='word_1_43' title='bbox 269 757 532 830; x_wconf 81' lang='lat' dir='ltr'>linguam</span> <span class='ocrx_word' id='word_1_44' title='bbox 552 765 811 814; x_wconf 86' lang='lat' dir='ltr'>nostram</span> <span class='ocrx_word' id='word_1_45' title='bbox 830 761 1095 825; x_wconf 85' lang='lat' dir='ltr'>vertitur,</span> <span class='ocrx_word' id='word_1_46' title='bbox 1117 765 1326 831; x_wconf 78' lang='lat' dir='ltr'>spretus</span> <span class='ocrx_word' id='word_1_47' title='bbox 1364 765 1537 830; x_wconf 88' lang='lat' dir='ltr'>atque</span> <span class='ocrx_word' id='word_1_48' title='bbox 1564 768 1832 827; x_wconf 84' lang='lat' dir='ltr'>contemp-</span> 
     </span>
    </p>
   </div>
   <div class='ocr_carea' id='block_1_6' title="bbox 189 847 1830 915">
    <p class='ocr_par' dir='ltr' id='par_1_6' title="bbox 189 847 1830 915">
     <span class='ocr_line' id='line_1_6' title="bbox 189 847 1830 915; baseline -0.001 -14"><span class='ocrx_word' id='word_1_49' title='bbox 189 856 276 901; x_wconf 88' lang='lat' dir='ltr'>tus</span> <span class='ocrx_word' id='word_1_50' title='bbox 305 863 317 900; x_wconf 88' lang='lat'>:</span> <span class='ocrx_word' id='word_1_51' title='bbox 341 847 620 915; x_wconf 86' lang='lat' dir='ltr'>Ezechiel,</span> <span class='ocrx_word' id='word_1_52' title='bbox 646 849 929 904; x_wconf 79' lang='lat' dir='ltr'>roboratus</span> <span class='ocrx_word' id='word_1_53' title='bbox 944 866 979 903; x_wconf 83' lang='grc' dir='ltr'><em>α</em></span> <span class='ocrx_word' id='word_1_54' title='bbox 1002 852 1122 904; x_wconf 85' lang='lat' dir='ltr'>Deo.</span> <span class='ocrx_word' id='word_1_55' title='bbox 1148 850 1309 912; x_wconf 86' lang='lat' dir='ltr'>Quod</span> <span class='ocrx_word' id='word_1_56' title='bbox 1332 849 1415 905; x_wconf 91' lang='lat' dir='ltr'>sic</span> <span class='ocrx_word' id='word_1_57' title='bbox 1438 848 1682 902; x_wconf 91' lang='lat' dir='ltr'>Domino</span> <span class='ocrx_word' id='word_1_58' title='bbox 1700 863 1830 901; x_wconf 88' lang='lat' dir='ltr'>coa-</span> 
     </span>
    </p>
   </div>
   <div class='ocr_carea' id='block_1_7' title="bbox 188 925 1833 1008">
    <p class='ocr_par' dir='ltr' id='par_1_7' title="bbox 188 925 1833 1008">
     <span class='ocr_line' id='line_1_7' title="bbox 188 925 1833 1008; baseline -0.001 -18"><span class='ocrx_word' id='word_1_59' title='bbox 188 925 467 1007; x_wconf 57' lang='lat' dir='ltr'>pfabitur,</span> <span class='ocrx_word' id='word_1_60' title='bbox 487 941 551 991; x_wconf 89' lang='lat' dir='ltr'>ut</span> <span class='ocrx_word' id='word_1_61' title='bbox 565 937 830 992; x_wconf 87' lang='lat' dir='ltr'>dicamus</span> <span class='ocrx_word' id='word_1_62' title='bbox 847 937 1172 993; x_wconf 83' lang='lat' dir='ltr'>Creatorem</span> <span class='ocrx_word' id='word_1_63' title='bbox 1193 938 1419 1002; x_wconf 91' lang='lat' dir='ltr'>mundi,</span> <span class='ocrx_word' id='word_1_64' title='bbox 1444 936 1541 1008; x_wconf 88' lang='lat' dir='ltr'>qui</span> <span class='ocrx_word' id='word_1_65' title='bbox 1563 936 1729 990; x_wconf 87' lang='lat' dir='ltr'>Pater</span> <span class='ocrx_word' id='word_1_66' title='bbox 1745 939 1833 989; x_wconf 79' lang='lat' dir='ltr'>est</span> 
     </span>
    </p>
   </div>
   <div class='ocr_carea' id='block_1_8' title="bbox 189 1023 1829 1098">
    <p class='ocr_par' dir='ltr' id='par_1_8' title="bbox 189 1023 1829 1098">
     <span class='ocr_line' id='line_1_8' title="bbox 189 1023 1829 1098; baseline -0.001 -20"><span class='ocrx_word' id='word_1_67' title='bbox 189 1023 525 1091; x_wconf 84' lang='lat' dir='ltr'>Salvatoris,</span> <span class='ocrx_word' id='word_1_68' title='bbox 559 1026 630 1080; x_wconf 90' lang='lat' dir='ltr'>ab</span> <span class='ocrx_word' id='word_1_69' title='bbox 662 1025 935 1081; x_wconf 91' lang='lat' dir='ltr'>omnibus</span> <span class='ocrx_word' id='word_1_70' title='bbox 957 1026 1241 1081; x_wconf 69' lang='lat' dir='ltr'>haereticis</span> <span class='ocrx_word' id='word_1_71' title='bbox 1271 1027 1464 1098; x_wconf 84' lang='lat' dir='ltr'>sperni</span> <span class='ocrx_word' id='word_1_72' title='bbox 1494 1030 1668 1097; x_wconf 86' lang='lat' dir='ltr'>atque</span> <span class='ocrx_word' id='word_1_73' title='bbox 1691 1040 1829 1079; x_wconf 86' lang='lat' dir='ltr'>con-</span> 
     </span>
    </p>
   </div>
   <div class='ocr_carea' id='block_1_9' title="bbox 186 1111 1831 1186">
    <p class='ocr_par' dir='ltr' id='par_1_9' title="bbox 186 1111 1831 1186">
     <span class='ocr_line' id='line_1_9' title="bbox 186 1111 1831 1186; baseline 0 -21"><span class='ocrx_word' id='word_1_74' title='bbox 186 1113 392 1179; x_wconf 90' lang='lat' dir='ltr'>temni,</span> <span class='ocrx_word' id='word_1_75' title='bbox 426 1113 524 1184; x_wconf 86' lang='lat' dir='ltr'>qui</span> <span class='ocrx_word' id='word_1_76' title='bbox 557 1118 720 1168; x_wconf 87' lang='lat' dir='ltr'>vetus</span> <span class='ocrx_word' id='word_1_77' title='bbox 751 1130 863 1168; x_wconf 90' lang='lat' dir='ltr'>non</span> <span class='ocrx_word' id='word_1_78' title='bbox 898 1113 1186 1186; x_wconf 83' lang='lat' dir='ltr'>recipiunt</span> <span class='ocrx_word' id='word_1_79' title='bbox 1223 1117 1683 1170; x_wconf 74' lang='lat' dir='ltr'>Testamentum.</span> <span class='ocrx_word' id='word_1_80' title='bbox 1717 1111 1831 1165; x_wconf 91' lang='lat' dir='ltr'>Nec</span> 
     </span>
    </p>
   </div>
   <div class='ocr_carea' id='block_1_10' title="bbox 188 1199 1832 1272">
    <p class='ocr_par' dir='ltr' id='par_1_10' title="bbox 188 1199 1832 1272">
     <span class='ocr_line' id='line_1_10' title="bbox 188 1199 1832 1272; baseline -0.001 -18"><span class='ocrx_word' id='word_1_81' title='bbox 188 1199 407 1256; x_wconf 87' lang='lat' dir='ltr'>mirum</span> <span class='ocrx_word' id='word_1_82' title='bbox 446 1202 750 1257; x_wconf 88' lang='lat' dir='ltr'>robustum</span> <span class='ocrx_word' id='word_1_83' title='bbox 784 1203 881 1258; x_wconf 80' lang='lat' dir='ltr'>Dei</span> <span class='ocrx_word' id='word_1_84' title='bbox 915 1220 1042 1257; x_wconf 83' lang='lat' dir='ltr'>esse</span> <span class='ocrx_word' id='word_1_85' title='bbox 1077 1204 1385 1257; x_wconf 87' lang='lat' dir='ltr'>Dominum</span> <span class='ocrx_word' id='word_1_86' title='bbox 1414 1221 1425 1258; x_wconf 89' lang='lat'>:</span> <span class='ocrx_word' id='word_1_87' title='bbox 1453 1219 1584 1257; x_wconf 91' lang='lat' dir='ltr'>cum</span> <span class='ocrx_word' id='word_1_88' title='bbox 1608 1201 1734 1272; x_wconf 87' lang='lat' dir='ltr'>ipse</span> <span class='ocrx_word' id='word_1_89' title='bbox 1756 1200 1832 1254; x_wconf 96' lang='lat' dir='ltr'>sit</span> 
     </span>
    </p>
   </div>
   <div class='ocr_carea' id='block_1_11' title="bbox 186 1287 1092 1363">
    <p class='ocr_par' dir='ltr' id='par_1_11' title="bbox 186 1287 1092 1363">
     <span class='ocr_line' id='line_1_11' title="bbox 186 1287 1092 1363; baseline 0.003 -19"><span class='ocrx_word' id='word_1_90' title='bbox 186 1287 289 1344; x_wconf 88' lang='lat' dir='ltr'>Dei</span> <span class='ocrx_word' id='word_1_91' title='bbox 320 1291 502 1345; x_wconf 88' lang='lat' dir='ltr'>virtus</span> <span class='ocrx_word' id='word_1_92' title='bbox 533 1291 749 1363; x_wconf 83' lang='lat' dir='ltr'>Deique</span> <span class='ocrx_word' id='word_1_93' title='bbox 788 1292 1092 1363; x_wconf 77' lang='lat' dir='ltr'>sapientia.</span> 
     </span>
    </p>
   </div>
   <div class='ocr_carea' id='block_1_12' title="bbox 259 1378 1832 1452">
    <p class='ocr_par' dir='ltr' id='par_1_12' title="bbox 259 1378 1832 1452">
     <span class='ocr_line' id='line_1_12' title="bbox 259 1378 1832 1452; baseline -0.001 -19"><span class='ocrx_word' id='word_1_94' title='bbox 259 1380 324 1433; x_wconf 84' lang='lat' dir='ltr'>Et</span> <span class='ocrx_word' id='word_1_95' title='bbox 351 1381 495 1445; x_wconf 83' lang='lat' dir='ltr'>facta</span> <span class='ocrx_word' id='word_1_96' title='bbox 526 1389 605 1434; x_wconf 87' lang='lat' dir='ltr'>est</span> <span class='ocrx_word' id='word_1_97' title='bbox 630 1397 792 1452; x_wconf 88' lang='lat' dir='ltr'>super</span> <span class='ocrx_word' id='word_1_98' title='bbox 814 1398 939 1436; x_wconf 87' lang='lat' dir='ltr'>eum</span> <span class='ocrx_word' id='word_1_99' title='bbox 970 1382 1047 1435; x_wconf 86' lang='lat' dir='ltr'>ibi</span> <span class='ocrx_word' id='word_1_100' title='bbox 1074 1397 1268 1436; x_wconf 84' lang='lat' dir='ltr'>manus</span> <span class='ocrx_word' id='word_1_101' title='bbox 1301 1381 1539 1434; x_wconf 86' lang='lat' dir='ltr'>Domini.</span> <span class='ocrx_word' id='word_1_102' title='bbox 1562 1378 1735 1433; x_wconf 82' lang='lat' dir='ltr'>LXX:</span> <span class='ocrx_word' id='word_1_103' title='bbox 1768 1379 1832 1432; x_wconf 89' lang='lat' dir='ltr'>Et</span> 
     </span>
    </p>
   </div>
   <div class='ocr_carea' id='block_1_13' title="bbox 186 1467 1830 1539">
    <p class='ocr_par' dir='ltr' id='par_1_13' title="bbox 186 1467 1830 1539">
     <span class='ocr_line' id='line_1_13' title="bbox 186 1467 1830 1539; baseline -0.002 -17"><span class='ocrx_word' id='word_1_104' title='bbox 186 1470 337 1538; x_wconf 82' lang='lat' dir='ltr'>facta</span> <span class='ocrx_word' id='word_1_105' title='bbox 367 1473 445 1523; x_wconf 87' lang='lat' dir='ltr'>est</span> <span class='ocrx_word' id='word_1_106' title='bbox 462 1485 626 1539; x_wconf 83' lang='lat' dir='ltr'>super</span> <span class='ocrx_word' id='word_1_107' title='bbox 646 1486 730 1524; x_wconf 89' lang='lat' dir='ltr'>me</span> <span class='ocrx_word' id='word_1_108' title='bbox 749 1485 944 1524; x_wconf 86' lang='lat' dir='ltr'>manus</span> <span class='ocrx_word' id='word_1_109' title='bbox 964 1470 1202 1524; x_wconf 78' lang='lat' dir='ltr'>Domini.</span> <span class='ocrx_word' id='word_1_110' title='bbox 1228 1469 1299 1523; x_wconf 93' lang='lat' dir='ltr'>Ut</span> <span class='ocrx_word' id='word_1_111' title='bbox 1320 1484 1555 1523; x_wconf 88' lang='lat' dir='ltr'>cernere</span> <span class='ocrx_word' id='word_1_112' title='bbox 1576 1467 1830 1522; x_wconf 87' lang='lat' dir='ltr'>visiones</span> 
     </span>
    </p>
   </div>
   <div class='ocr_carea' id='block_1_14' title="bbox 186 1553 1828 1628">
    <p class='ocr_par' dir='ltr' id='par_1_14' title="bbox 186 1553 1828 1628">
     <span class='ocr_line' id='line_1_14' title="bbox 186 1553 1828 1628; baseline -0.002 -17"><span class='ocrx_word' id='word_1_113' title='bbox 186 1556 287 1611; x_wconf 90' lang='lat' dir='ltr'>Dei</span> <span class='ocrx_word' id='word_1_114' title='bbox 314 1560 373 1611; x_wconf 90' lang='lat' dir='ltr'>et</span> <span class='ocrx_word' id='word_1_115' title='bbox 391 1555 714 1628; x_wconf 81' lang='lat' dir='ltr'>intelligere</span> <span class='ocrx_word' id='word_1_116' title='bbox 737 1556 1053 1627; x_wconf 87' lang='lat' dir='ltr'>possimus,</span> <span class='ocrx_word' id='word_1_117' title='bbox 1082 1574 1259 1612; x_wconf 90' lang='lat' dir='ltr'>manu</span> <span class='ocrx_word' id='word_1_118' title='bbox 1281 1561 1338 1611; x_wconf 91' lang='lat' dir='ltr'>et</span> <span class='ocrx_word' id='word_1_119' title='bbox 1362 1555 1703 1611; x_wconf 79' lang='lat' dir='ltr'>fortitudine</span> <span class='ocrx_word' id='word_1_120' title='bbox 1726 1553 1828 1608; x_wconf 87' lang='lat' dir='ltr'>Dei</span> 
     </span>
    </p>
   </div>
   <div class='ocr_carea' id='block_1_15' title="bbox 185 1642 1829 1717">
    <p class='ocr_par' dir='ltr' id='par_1_15' title="bbox 185 1642 1829 1717">
     <span class='ocr_line' id='line_1_15' title="bbox 185 1642 1829 1717; baseline -0.002 -17"><span class='ocrx_word' id='word_1_121' title='bbox 185 1650 490 1715; x_wconf 83' lang='lat' dir='ltr'>supernos</span> <span class='ocrx_word' id='word_1_122' title='bbox 511 1661 657 1715; x_wconf 90' lang='lat' dir='ltr'>opus</span> <span class='ocrx_word' id='word_1_123' title='bbox 683 1649 771 1699; x_wconf 90' lang='lat' dir='ltr'>est</span> <span class='ocrx_word' id='word_1_124' title='bbox 792 1645 837 1714; x_wconf 91' lang='grc' dir='ltr'>(Ι</span> <span class='ocrx_word' id='word_1_125' title='bbox 860 1646 979 1700; x_wconf 86' lang='lat' dir='ltr'>Cor.</span> <span class='ocrx_word' id='word_1_126' title='bbox 1007 1645 1065 1716; x_wconf 97' lang='lat'>1).</span> <span class='ocrx_word' id='word_1_127' title='bbox 1093 1646 1154 1699; x_wconf 88' lang='lat' dir='ltr'>In</span> <span class='ocrx_word' id='word_1_128' title='bbox 1181 1663 1297 1717; x_wconf 88' lang='lat' dir='ltr'>qua</span> <span class='ocrx_word' id='word_1_129' title='bbox 1320 1662 1495 1699; x_wconf 87' lang='lat' dir='ltr'>manu</span> <span class='ocrx_word' id='word_1_130' title='bbox 1519 1648 1575 1698; x_wconf 91' lang='lat' dir='ltr'>et</span> <span class='ocrx_word' id='word_1_131' title='bbox 1594 1642 1829 1698; x_wconf 89' lang='lat' dir='ltr'>brachio</span> 
     </span>
    </p>
   </div>
   <div class='ocr_carea' id='block_1_16' title="bbox 185 1731 1831 1805">
    <p class='ocr_par' dir='ltr' id='par_1_16' title="bbox 185 1731 1831 1805">
     <span class='ocr_line' id='line_1_16' title="bbox 185 1731 1831 1805; baseline -0.002 -18"><span class='ocrx_word' id='word_1_132' title='bbox 185 1732 432 1788; x_wconf 85' lang='lat' dir='ltr'>eductus</span> <span class='ocrx_word' id='word_1_133' title='bbox 448 1736 537 1787; x_wconf 92' lang='lat' dir='ltr'>est</span> <span class='ocrx_word' id='word_1_134' title='bbox 559 1735 809 1804; x_wconf 88' lang='lat' dir='ltr'>populus</span> <span class='ocrx_word' id='word_1_135' title='bbox 830 1732 1003 1788; x_wconf 80' lang='lat' dir='ltr'>Israel</span> <span class='ocrx_word' id='word_1_136' title='bbox 1026 1735 1095 1788; x_wconf 93' lang='lat' dir='ltr'>de</span> <span class='ocrx_word' id='word_1_137' title='bbox 1112 1734 1353 1805; x_wconf 55' lang='lat' dir='ltr'>[Egypto</span> <span class='ocrx_word' id='word_1_138' title='bbox 1376 1751 1389 1800; x_wconf 91' lang='lat'><strong>;</strong></span> <span class='ocrx_word' id='word_1_139' title='bbox 1414 1733 1584 1803; x_wconf 88' lang='lat' dir='ltr'>cujus</span> <span class='ocrx_word' id='word_1_140' title='bbox 1606 1731 1831 1786; x_wconf 86' lang='lat' dir='ltr'>fortitu-</span> 
     </span>
    </p>
   </div>
   <div class='ocr_carea' id='block_1_17' title="bbox 184 1820 1826 1893">
    <p class='ocr_par' dir='ltr' id='par_1_17' title="bbox 184 1820 1826 1893">
     <span class='ocr_line' id='line_1_17' title="bbox 184 1820 1826 1893; baseline -0.001 -18"><span class='ocrx_word' id='word_1_141' title='bbox 184 1820 340 1875; x_wconf 90' lang='lat' dir='ltr'>dinis</span> <span class='ocrx_word' id='word_1_142' title='bbox 362 1825 585 1892; x_wconf 88' lang='lat' dir='ltr'>partem</span> <span class='ocrx_word' id='word_1_143' title='bbox 607 1822 782 1876; x_wconf 84' lang='lat' dir='ltr'>etiam</span> <span class='ocrx_word' id='word_1_144' title='bbox 804 1823 949 1893; x_wconf 86' lang='lat' dir='ltr'>Magi</span> <span class='ocrx_word' id='word_1_145' title='bbox 978 1821 1385 1877; x_wconf 82' lang='lat' dir='ltr'>intellexerunt</span> <span class='ocrx_word' id='word_1_146' title='bbox 1406 1822 1664 1876; x_wconf 90' lang='lat' dir='ltr'>dicentes</span> <span class='ocrx_word' id='word_1_147' title='bbox 1688 1836 1700 1873; x_wconf 90' lang='lat'><strong>:</strong></span> <span class='ocrx_word' id='word_1_148' title='bbox 1735 1821 1826 1874; x_wconf 90' lang='lat' dir='ltr'>Di-</span> 
     </span>
    </p>
   </div>
   <div class='ocr_carea' id='block_1_18' title="bbox 183 1908 1820 1980">
    <p class='ocr_par' dir='ltr' id='par_1_18' title="bbox 183 1908 1820 1980">
     <span class='ocr_line' id='line_1_18' title="bbox 183 1908 1820 1980; baseline -0.002 -17"><span class='ocrx_word' id='word_1_149' title='bbox 183 1911 328 1980; x_wconf 84' lang='lat' dir='ltr'>gitus</span> <span class='ocrx_word' id='word_1_150' title='bbox 355 1910 453 1964; x_wconf 89' lang='lat' dir='ltr'>Dei</span> <span class='ocrx_word' id='word_1_151' title='bbox 481 1913 558 1964; x_wconf 90' lang='lat' dir='ltr'>est</span> <span class='ocrx_word' id='word_1_152' title='bbox 588 1909 783 1979; x_wconf 74' lang='lat' dir='ltr'>(Exod.</span> <span class='ocrx_word' id='word_1_153' title='bbox 813 1912 957 1979; x_wconf 80' lang='lat' dir='ltr'>vui).</span> <span class='ocrx_word' id='word_1_154' title='bbox 993 1911 1058 1965; x_wconf 85' lang='lat' dir='ltr'>Et</span> <span class='ocrx_word' id='word_1_155' title='bbox 1086 1910 1342 1965; x_wconf 79' lang='lat' dir='ltr'>Salvator</span> <span class='ocrx_word' id='word_1_156' title='bbox 1373 1910 1430 1964; x_wconf 92' lang='lat' dir='ltr'>in</span> <span class='ocrx_word' id='word_1_157' title='bbox 1477 1908 1782 1979; x_wconf 84' lang='lat' dir='ltr'>Evangelio</span> <span class='ocrx_word' id='word_1_158' title='bbox 1808 1924 1820 1960; x_wconf 92' lang='lat'>:</span> 
     </span>
    </p>
   </div>
   <div class='ocr_carea' id='block_1_19' title="bbox 186 1997 1821 2070">
    <p class='ocr_par' dir='ltr' id='par_1_19' title="bbox 186 1997 1821 2070">
     <span class='ocr_line' id='line_1_19' title="bbox 186 1997 1821 2070; baseline -0.001 -18"><span class='ocrx_word' id='word_1_159' title='bbox 186 1997 246 2052; x_wconf 89' lang='lat' dir='ltr'>Si</span> <span class='ocrx_word' id='word_1_160' title='bbox 274 2012 367 2069; x_wconf 92' lang='lat' dir='ltr'>ego</span> <span class='ocrx_word' id='word_1_161' title='bbox 398 2000 456 2052; x_wconf 88' lang='lat' dir='ltr'>in</span> <span class='ocrx_word' id='word_1_162' title='bbox 485 1998 655 2069; x_wconf 84' lang='lat' dir='ltr'>digito</span> <span class='ocrx_word' id='word_1_163' title='bbox 686 2000 780 2053; x_wconf 92' lang='lat' dir='ltr'>Dei</span> <span class='ocrx_word' id='word_1_164' title='bbox 816 2001 972 2070; x_wconf 86' lang='lat' dir='ltr'>ejicio</span> <span class='ocrx_word' id='word_1_165' title='bbox 1003 1999 1270 2054; x_wconf 52' lang='lat' dir='ltr'>daemonia</span> <span class='ocrx_word' id='word_1_166' title='bbox 1312 2000 1527 2070; x_wconf 80' lang='lat' dir='ltr'>(Matth.</span> <span class='ocrx_word' id='word_1_167' title='bbox 1578 2015 1679 2061; x_wconf 85' lang='lat' dir='ltr'>xn,</span> <span class='ocrx_word' id='word_1_168' title='bbox 1711 1997 1821 2066; x_wconf 84' lang='lat'>28).</span> 
     </span>
    </p>
   </div>
   <div class='ocr_carea' id='block_1_20' title="bbox 186 2084 1823 2159">
    <p class='ocr_par' dir='ltr' id='par_1_20' title="bbox 186 2084 1823 2159">
     <span class='ocr_line' id='line_1_20' title="bbox 186 2084 1823 2159; baseline -0.001 -19"><span class='ocrx_word' id='word_1_169' title='bbox 186 2084 292 2140; x_wconf 86' lang='lat' dir='ltr'>Pro</span> <span class='ocrx_word' id='word_1_170' title='bbox 324 2102 438 2157; x_wconf 91' lang='lat' dir='ltr'>quo</span> <span class='ocrx_word' id='word_1_171' title='bbox 471 2086 526 2141; x_wconf 91' lang='lat' dir='ltr'>in</span> <span class='ocrx_word' id='word_1_172' title='bbox 558 2087 738 2142; x_wconf 89' lang='lat' dir='ltr'>altero</span> <span class='ocrx_word' id='word_1_173' title='bbox 766 2087 1075 2159; x_wconf 87' lang='lat' dir='ltr'>Evangelio</span> <span class='ocrx_word' id='word_1_174' title='bbox 1099 2088 1380 2159; x_wconf 89' lang='lat' dir='ltr'>scriptum</span> <span class='ocrx_word' id='word_1_175' title='bbox 1408 2093 1492 2142; x_wconf 88' lang='lat' dir='ltr'>est</span> <span class='ocrx_word' id='word_1_176' title='bbox 1525 2105 1538 2141; x_wconf 93' lang='lat'>:</span> <span class='ocrx_word' id='word_1_177' title='bbox 1564 2086 1626 2142; x_wconf 88' lang='lat' dir='ltr'>Si</span> <span class='ocrx_word' id='word_1_178' title='bbox 1651 2100 1747 2153; x_wconf 88' lang='lat' dir='ltr'>ego</span> <span class='ocrx_word' id='word_1_179' title='bbox 1766 2085 1823 2138; x_wconf 91' lang='lat' dir='ltr'>in</span> 
     </span>
    </p>
   </div>
   <div class='ocr_carea' id='block_1_21' title="bbox 180 2175 1433 2247">
    <p class='ocr_par' dir='ltr' id='par_1_21' title="bbox 180 2175 1433 2247">
     <span class='ocr_line' id='line_1_21' title="bbox 180 2175 1433 2247; baseline -0.001 -19"><span class='ocrx_word' id='word_1_180' title='bbox 180 2176 386 2247; x_wconf 79' lang='lat' dir='ltr'>spiritu</span> <span class='ocrx_word' id='word_1_181' title='bbox 415 2175 513 2230; x_wconf 86' lang='lat' dir='ltr'>Dei</span> <span class='ocrx_word' id='word_1_182' title='bbox 539 2177 703 2245; x_wconf 85' lang='lat' dir='ltr'>ejicio</span> <span class='ocrx_word' id='word_1_183' title='bbox 723 2176 991 2231; x_wconf 60' lang='lat' dir='ltr'>dwmonz‘a</span> <span class='ocrx_word' id='word_1_184' title='bbox 1019 2178 1169 2247; x_wconf 88' lang='lat' dir='ltr'>(Luc.</span> <span class='ocrx_word' id='word_1_185' title='bbox 1212 2194 1287 2240; x_wconf 83' lang='lat' dir='ltr'>xi,</span> <span class='ocrx_word' id='word_1_186' title='bbox 1318 2176 1433 2247; x_wconf 83' lang='lat'>20).</span> 
     </span>
    </p>
   </div>
   <div class='ocr_carea' id='block_1_22' title="bbox 256 2262 1827 2335">
    <p class='ocr_par' dir='ltr' id='par_1_22' title="bbox 256 2262 1827 2335">
     <span class='ocr_line' id='line_1_22' title="bbox 256 2262 1827 2335; baseline 0.001 -19"><span class='ocrx_word' id='word_1_187' title='bbox 256 2262 442 2334; x_wconf 87' lang='lat' dir='ltr'>(Vers.</span> <span class='ocrx_word' id='word_1_188' title='bbox 476 2264 552 2335; x_wconf 66' lang='lat'>5.)</span> <span class='ocrx_word' id='word_1_189' title='bbox 590 2267 653 2319; x_wconf 89' lang='lat' dir='ltr'>Et</span> <span class='ocrx_word' id='word_1_190' title='bbox 681 2264 812 2335; x_wconf 89' lang='lat' dir='ltr'>vidi,</span> <span class='ocrx_word' id='word_1_191' title='bbox 845 2273 897 2320; x_wconf 91' lang='lat' dir='ltr'>et</span> <span class='ocrx_word' id='word_1_192' title='bbox 918 2281 1036 2320; x_wconf 88' lang='lat' dir='ltr'>ecce</span> <span class='ocrx_word' id='word_1_193' title='bbox 1079 2269 1275 2320; x_wconf 85' lang='lat' dir='ltr'>ventus</span> <span class='ocrx_word' id='word_1_194' title='bbox 1315 2265 1555 2319; x_wconf 80' lang='lat' dir='ltr'>turbinis</span> <span class='ocrx_word' id='word_1_195' title='bbox 1582 2263 1827 2318; x_wconf 85' lang='lat' dir='ltr'>veniebat</span> 
     </span>
    </p>
   </div>
   <div class='ocr_carea' id='block_1_23' title="bbox 182 2351 1827 2424">
    <p class='ocr_par' dir='ltr' id='par_1_23' title="bbox 182 2351 1827 2424">
     <span class='ocr_line' id='line_1_23' title="bbox 182 2351 1827 2424; baseline -0.001 -17"><span class='ocrx_word' id='word_1_196' title='bbox 182 2352 251 2407; x_wconf 88' lang='lat' dir='ltr'>ab</span> <span class='ocrx_word' id='word_1_197' title='bbox 279 2351 561 2423; x_wconf 79' lang='lat' dir='ltr'>Aquilone,</span> <span class='ocrx_word' id='word_1_198' title='bbox 595 2356 649 2406; x_wconf 84' lang='lat' dir='ltr'>et</span> <span class='ocrx_word' id='word_1_199' title='bbox 675 2355 850 2408; x_wconf 81' lang='lat' dir='ltr'>nubes</span> <span class='ocrx_word' id='word_1_200' title='bbox 899 2370 1123 2424; x_wconf 84' lang='lat' dir='ltr'>magna,</span> <span class='ocrx_word' id='word_1_201' title='bbox 1171 2361 1221 2408; x_wconf 91' lang='lat' dir='ltr'>et</span> <span class='ocrx_word' id='word_1_202' title='bbox 1269 2354 1416 2421; x_wconf 83' lang='lat' dir='ltr'>ignis</span> <span class='ocrx_word' id='word_1_203' title='bbox 1448 2354 1745 2421; x_wconf 81' lang='lat' dir='ltr'>involvens,</span> <span class='ocrx_word' id='word_1_204' title='bbox 1776 2360 1827 2406; x_wconf 91' lang='lat' dir='ltr'>et</span> 
     </span>
    </p>
   </div>
   <div class='ocr_carea' id='block_1_24' title="bbox 182 2440 1828 2512">
    <p class='ocr_par' dir='ltr' id='par_1_24' title="bbox 182 2440 1828 2512">
     <span class='ocr_line' id='line_1_24' title="bbox 182 2440 1828 2512; baseline -0.002 -16"><span class='ocrx_word' id='word_1_205' title='bbox 182 2440 436 2511; x_wconf 80' lang='lat' dir='ltr'>splendor</span> <span class='ocrx_word' id='word_1_206' title='bbox 460 2443 519 2495; x_wconf 90' lang='lat' dir='ltr'>in</span> <span class='ocrx_word' id='word_1_207' title='bbox 551 2443 786 2497; x_wconf 83' lang='lat' dir='ltr'>circuitu</span> <span class='ocrx_word' id='word_1_208' title='bbox 816 2442 952 2512; x_wconf 70' lang='lat' dir='ltr'>ejus.</span> <span class='ocrx_word' id='word_1_209' title='bbox 987 2444 1050 2496; x_wconf 85' lang='lat' dir='ltr'>Et</span> <span class='ocrx_word' id='word_1_210' title='bbox 1078 2441 1143 2496; x_wconf 84' lang='lat' dir='ltr'>de</span> <span class='ocrx_word' id='word_1_211' title='bbox 1171 2441 1347 2496; x_wconf 87' lang='lat' dir='ltr'>medio</span> <span class='ocrx_word' id='word_1_212' title='bbox 1368 2442 1485 2511; x_wconf 86' lang='lat' dir='ltr'>ejus</span> <span class='ocrx_word' id='word_1_213' title='bbox 1513 2441 1682 2511; x_wconf 83' lang='lat' dir='ltr'>quasi</span> <span class='ocrx_word' id='word_1_214' title='bbox 1708 2456 1828 2509; x_wconf 87' lang='lat' dir='ltr'>spe-</span> 
     </span>
    </p>
   </div>
   <div class='ocr_carea' id='block_1_25' title="bbox 182 2528 1831 2600">
    <p class='ocr_par' dir='ltr' id='par_1_25' title="bbox 182 2528 1831 2600">
     <span class='ocr_line' id='line_1_25' title="bbox 182 2528 1831 2600; baseline -0.002 -16"><span class='ocrx_word' id='word_1_215' title='bbox 182 2530 290 2584; x_wconf 88' lang='lat' dir='ltr'>cies</span> <span class='ocrx_word' id='word_1_216' title='bbox 319 2529 524 2596; x_wconf 86' lang='lat' dir='ltr'>electri,</span> <span class='ocrx_word' id='word_1_217' title='bbox 566 2530 623 2585; x_wconf 86' lang='lat' dir='ltr'>id</span> <span class='ocrx_word' id='word_1_218' title='bbox 651 2535 747 2592; x_wconf 87' lang='lat' dir='ltr'>est,</span> <span class='ocrx_word' id='word_1_219' title='bbox 789 2530 851 2585; x_wconf 86' lang='lat' dir='ltr'>de</span> <span class='ocrx_word' id='word_1_220' title='bbox 881 2531 1058 2586; x_wconf 87' lang='lat' dir='ltr'>medio</span> <span class='ocrx_word' id='word_1_221' title='bbox 1109 2532 1270 2600; x_wconf 84' lang='lat' dir='ltr'>ignis.</span> <span class='ocrx_word' id='word_1_222' title='bbox 1308 2530 1482 2584; x_wconf 83' lang='lat' dir='ltr'>LXX:</span> <span class='ocrx_word' id='word_1_223' title='bbox 1516 2531 1579 2584; x_wconf 85' lang='lat' dir='ltr'>Et</span> <span class='ocrx_word' id='word_1_224' title='bbox 1610 2528 1743 2596; x_wconf 86' lang='lat' dir='ltr'>vidi,</span> <span class='ocrx_word' id='word_1_225' title='bbox 1777 2531 1831 2582; x_wconf 88' lang='lat' dir='ltr'>et</span> 
     </span>
    </p>
   </div>
   <div class='ocr_carea' id='block_1_26' title="bbox 180 2619 1828 2690">
    <p class='ocr_par' dir='ltr' id='par_1_26' title="bbox 180 2619 1828 2690">
     <span class='ocr_line' id='line_1_26' title="bbox 180 2619 1828 2690; baseline 0 -18"><span class='ocrx_word' id='word_1_226' title='bbox 180 2632 297 2672; x_wconf 73' lang='lat' dir='ltr'>ecce</span> <span class='ocrx_word' id='word_1_227' title='bbox 323 2619 552 2688; x_wconf 83' lang='lat' dir='ltr'>spiritus</span> <span class='ocrx_word' id='word_1_228' title='bbox 582 2621 838 2690; x_wconf 81' lang='lat' dir='ltr'>auferens</span> <span class='ocrx_word' id='word_1_229' title='bbox 857 2620 1001 2688; x_wconf 89' lang='lat' dir='ltr'>(sive</span> <span class='ocrx_word' id='word_1_230' title='bbox 1018 2619 1295 2690; x_wconf 78' lang='lat' dir='ltr'>attollens)</span> <span class='ocrx_word' id='word_1_231' title='bbox 1313 2619 1646 2673; x_wconf 85' lang='lat' dir='ltr'>veniebatab</span> <span class='ocrx_word' id='word_1_232' title='bbox 1664 2620 1828 2688; x_wconf 79' lang='lat' dir='ltr'>Aqui-</span> 
     </span>
    </p>
   </div>
   <div class='ocr_carea' id='block_1_27' title="bbox 182 2703 1832 2779">
    <p class='ocr_par' dir='ltr' id='par_1_27' title="bbox 182 2703 1832 2779">
     <span class='ocr_line' id='line_1_27' title="bbox 182 2703 1832 2779; baseline -0.002 -19"><span class='ocrx_word' id='word_1_233' title='bbox 182 2705 324 2771; x_wconf 86' lang='lat' dir='ltr'>lone,</span> <span class='ocrx_word' id='word_1_234' title='bbox 358 2710 409 2760; x_wconf 87' lang='lat' dir='ltr'>et</span> <span class='ocrx_word' id='word_1_235' title='bbox 429 2707 597 2762; x_wconf 80' lang='lat' dir='ltr'>nubes</span> <span class='ocrx_word' id='word_1_236' title='bbox 626 2724 829 2779; x_wconf 89' lang='lat' dir='ltr'>magna</span> <span class='ocrx_word' id='word_1_237' title='bbox 859 2710 921 2762; x_wconf 87' lang='lat' dir='ltr'>in</span> <span class='ocrx_word' id='word_1_238' title='bbox 951 2724 1032 2774; x_wconf 90' lang='lat' dir='ltr'>eo,</span> <span class='ocrx_word' id='word_1_239' title='bbox 1062 2712 1112 2762; x_wconf 90' lang='lat' dir='ltr'>et</span> <span class='ocrx_word' id='word_1_240' title='bbox 1144 2709 1286 2776; x_wconf 87' lang='lat' dir='ltr'>ignis</span> <span class='ocrx_word' id='word_1_241' title='bbox 1315 2708 1548 2771; x_wconf 85' lang='lat' dir='ltr'>micans,</span> <span class='ocrx_word' id='word_1_242' title='bbox 1572 2708 1622 2760; x_wconf 90' lang='lat' dir='ltr'>et</span> <span class='ocrx_word' id='word_1_243' title='bbox 1642 2703 1832 2774; x_wconf 81' lang='lat' dir='ltr'>splen-</span> 
     </span>
    </p>
   </div>
   <div class='ocr_carea' id='block_1_28' title="bbox 178 2792 1831 2866">
    <p class='ocr_par' dir='ltr' id='par_1_28' title="bbox 178 2792 1831 2866">
     <span class='ocr_line' id='line_1_28' title="bbox 178 2792 1831 2866; baseline -0.001 -19"><span class='ocrx_word' id='word_1_244' title='bbox 178 2793 279 2848; x_wconf 88' lang='lat' dir='ltr'>dor</span> <span class='ocrx_word' id='word_1_245' title='bbox 308 2795 365 2847; x_wconf 88' lang='lat' dir='ltr'>in</span> <span class='ocrx_word' id='word_1_246' title='bbox 396 2796 635 2849; x_wconf 87' lang='lat' dir='ltr'>circuitu</span> <span class='ocrx_word' id='word_1_247' title='bbox 664 2797 801 2866; x_wconf 84' lang='lat' dir='ltr'>ejus.</span> <span class='ocrx_word' id='word_1_248' title='bbox 826 2797 889 2849; x_wconf 87' lang='lat' dir='ltr'>Et</span> <span class='ocrx_word' id='word_1_249' title='bbox 920 2799 979 2850; x_wconf 89' lang='lat' dir='ltr'>in</span> <span class='ocrx_word' id='word_1_250' title='bbox 1008 2797 1195 2850; x_wconf 83' lang='lat' dir='ltr'>medio</span> <span class='ocrx_word' id='word_1_251' title='bbox 1217 2796 1332 2866; x_wconf 86' lang='lat' dir='ltr'>ejus</span> <span class='ocrx_word' id='word_1_252' title='bbox 1354 2794 1515 2862; x_wconf 85' lang='lat' dir='ltr'>guasi</span> <span class='ocrx_word' id='word_1_253' title='bbox 1533 2795 1671 2847; x_wconf 83' lang='lat' dir='ltr'>visio</span> <span class='ocrx_word' id='word_1_254' title='bbox 1694 2792 1831 2846; x_wconf 82' lang='lat' dir='ltr'>elec—</span> 
     </span>
    </p>
   </div>
   <div class='ocr_carea' id='block_1_29' title="bbox 181 2879 1829 2954">
    <p class='ocr_par' dir='ltr' id='par_1_29' title="bbox 181 2879 1829 2954">
     <span class='ocr_line' id='line_1_29' title="bbox 181 2879 1829 2954; baseline -0.002 -17"><span class='ocrx_word' id='word_1_255' title='bbox 181 2882 257 2937; x_wconf 89' lang='lat' dir='ltr'>tri</span> <span class='ocrx_word' id='word_1_256' title='bbox 284 2882 345 2935; x_wconf 89' lang='lat' dir='ltr'>in</span> <span class='ocrx_word' id='word_1_257' title='bbox 377 2881 559 2938; x_wconf 82' lang='lat' dir='ltr'>medio</span> <span class='ocrx_word' id='word_1_258' title='bbox 588 2884 733 2951; x_wconf 83' lang='lat' dir='ltr'>ignis</span> <span class='ocrx_word' id='word_1_259' title='bbox 776 2892 830 2950; x_wconf 59' lang='grc' dir='ltr'>-ξ</span> <span class='ocrx_word' id='word_1_260' title='bbox 858 2886 907 2937; x_wconf 90' lang='lat' dir='ltr'>et</span> <span class='ocrx_word' id='word_1_261' title='bbox 936 2883 1190 2954; x_wconf 84' lang='lat' dir='ltr'>splendor</span> <span class='ocrx_word' id='word_1_262' title='bbox 1218 2884 1277 2937; x_wconf 89' lang='lat' dir='ltr'>in</span> <span class='ocrx_word' id='word_1_263' title='bbox 1304 2898 1363 2937; x_wconf 92' lang='lat' dir='ltr'>eo</span> <span class='ocrx_word' id='word_1_264' title='bbox 1397 2922 1439 2950; x_wconf 85' lang='grc'>,.</span> <span class='ocrx_word' id='word_1_265' title='bbox 1467 2882 1530 2937; x_wconf 89' lang='lat' dir='ltr'>In</span> <span class='ocrx_word' id='word_1_266' title='bbox 1560 2879 1829 2935; x_wconf 83' lang='lat' dir='ltr'>consola-</span> 
     </span>
    </p>
   </div>
   <div class='ocr_carea' id='block_1_30' title="bbox 180 2968 1837 3043">
    <p class='ocr_par' dir='ltr' id='par_1_30' title="bbox 180 2968 1837 3043">
     <span class='ocr_line' id='line_1_30' title="bbox 180 2968 1837 3043; baseline -0.002 -18"><span class='ocrx_word' id='word_1_267' title='bbox 180 2968 403 3025; x_wconf 89' lang='lat' dir='ltr'>tionem</span> <span class='ocrx_word' id='word_1_268' title='bbox 435 2970 630 3042; x_wconf 91' lang='lat' dir='ltr'>populi</span> <span class='ocrx_word' id='word_1_269' title='bbox 662 2971 1159 3043; x_wconf 83' lang='lat' dir='ltr'>transmigrantis,</span> <span class='ocrx_word' id='word_1_270' title='bbox 1193 2974 1248 3025; x_wconf 91' lang='lat' dir='ltr'>et</span> <span class='ocrx_word' id='word_1_271' title='bbox 1270 2969 1681 3026; x_wconf 88' lang='lat' dir='ltr'>revelationcm</span> <span class='ocrx_word' id='word_1_272' title='bbox 1707 2984 1837 3023; x_wconf 85' lang='lat' dir='ltr'>seu.</span> 
     </span>
    </p>
   </div>
   <div class='ocr_carea' id='block_1_31' title="bbox 180 3057 1833 3131">
    <p class='ocr_par' dir='ltr' id='par_1_31' title="bbox 180 3057 1833 3131">
     <span class='ocr_line' id='line_1_31' title="bbox 180 3057 1833 3131; baseline -0.002 -18"><span class='ocrx_word' id='word_1_273' title='bbox 180 3057 372 3113; x_wconf 79' lang='lat' dir='ltr'>tentias</span> <span class='ocrx_word' id='word_1_274' title='bbox 403 3059 526 3130; x_wconf 93' lang='lat' dir='ltr'>Dei,</span> <span class='ocrx_word' id='word_1_275' title='bbox 553 3059 836 3131; x_wconf 85' lang='lat' dir='ltr'>prepheta</span> <span class='ocrx_word' id='word_1_276' title='bbox 855 3060 1012 3115; x_wconf 88' lang='lat' dir='ltr'>videt</span> <span class='ocrx_word' id='word_1_277' title='bbox 1032 3058 1346 3114; x_wconf 83' lang='lat' dir='ltr'>maximam</span> <span class='ocrx_word' id='word_1_278' title='bbox 1375 3061 1413 3113; x_wconf 76' lang='grc'>7</span> <span class='ocrx_word' id='word_1_279' title='bbox 1438 3058 1751 3131; x_wconf 43' lang='lat' dir='ltr'>visionem,</span> <span class='ocrx_word' id='word_1_280' title='bbox 1771 3058 1833 3111; x_wconf 89' lang='lat' dir='ltr'>In</span> 
     </span>
    </p>
   </div>
   <div class='ocr_carea' id='block_1_32' title="bbox 183 3147 1831 3220">
    <p class='ocr_par' dir='ltr' id='par_1_32' title="bbox 183 3147 1831 3220">
     <span class='ocr_line' id='line_1_32' title="bbox 183 3147 1831 3220; baseline -0.002 -18"><span class='ocrx_word' id='word_1_281' title='bbox 183 3148 353 3217; x_wconf 86' lang='lat' dir='ltr'>cujus</span> <span class='ocrx_word' id='word_1_282' title='bbox 383 3147 857 3220; x_wconf 87' lang='lat' dir='ltr'>interpretatione</span> <span class='ocrx_word' id='word_1_283' title='bbox 895 3165 1097 3204; x_wconf 90' lang='lat' dir='ltr'>omnes</span> <span class='ocrx_word' id='word_1_284' title='bbox 1147 3164 1451 3220; x_wconf 62' lang='lat' dir='ltr'>synagogas</span> <span class='ocrx_word' id='word_1_285' title='bbox 1496 3147 1831 3202; x_wconf 72' lang='lat' dir='ltr'>Judaaorum</span> 
     </span>
    </p>
   </div>
   <div class='ocr_carea' id='block_1_33' title="bbox 187 3234 1826 3303">
    <p class='ocr_par' dir='ltr' id='par_1_33' title="bbox 187 3234 1826 3303">
     <span class='ocr_line' id='line_1_33' title="bbox 187 3234 1826 3303; baseline -0.001 -12"><span class='ocrx_word' id='word_1_286' title='bbox 187 3240 362 3291; x_wconf 70' lang='lat' dir='ltr'>mulas</span> <span class='ocrx_word' id='word_1_287' title='bbox 379 3241 538 3301; x_wconf 90' lang='lat' dir='ltr'>sunt,</span> <span class='ocrx_word' id='word_1_288' title='bbox 558 3236 709 3292; x_wconf 86' lang='lat' dir='ltr'>ultra</span> <span class='ocrx_word' id='word_1_289' title='bbox 720 3236 1014 3292; x_wconf 89' lang='lat' dir='ltr'>hominem</span> <span class='ocrx_word' id='word_1_290' title='bbox 1032 3253 1160 3292; x_wconf 89' lang='lat' dir='ltr'>esse</span> <span class='ocrx_word' id='word_1_291' title='bbox 1179 3235 1521 3303; x_wconf 82' lang='lat' dir='ltr'>dicentium,</span> <span class='ocrx_word' id='word_1_292' title='bbox 1536 3238 1593 3291; x_wconf 89' lang='lat' dir='ltr'>et</span> <span class='ocrx_word' id='word_1_293' title='bbox 1611 3236 1682 3290; x_wconf 92' lang='lat' dir='ltr'>de</span> <span class='ocrx_word' id='word_1_294' title='bbox 1698 3234 1826 3302; x_wconf 90' lang='lat' dir='ltr'>hac,</span> 
     </span>
    </p>
   </div>
   <div class='ocr_carea' id='block_1_34' title="bbox 189 3322 1829 3397">
    <p class='ocr_par' dir='ltr' id='par_1_34' title="bbox 189 3322 1829 3397">
     <span class='ocr_line' id='line_1_34' title="bbox 189 3322 1829 3397; baseline -0.002 -17"><span class='ocrx_word' id='word_1_295' title='bbox 189 3330 248 3380; x_wconf 90' lang='lat' dir='ltr'>et</span> <span class='ocrx_word' id='word_1_296' title='bbox 276 3325 348 3381; x_wconf 86' lang='lat' dir='ltr'>de</span> <span class='ocrx_word' id='word_1_297' title='bbox 377 3324 756 3380; x_wconf 69' lang='lat' dir='ltr'>aediﬁcatione</span> <span class='ocrx_word' id='word_1_298' title='bbox 781 3324 1006 3397; x_wconf 88' lang='lat' dir='ltr'>templi,</span> <span class='ocrx_word' id='word_1_299' title='bbox 1029 3326 1182 3396; x_wconf 90' lang='lat' dir='ltr'>quod</span> <span class='ocrx_word' id='word_1_300' title='bbox 1209 3325 1263 3379; x_wconf 91' lang='lat' dir='ltr'>in</span> <span class='ocrx_word' id='word_1_301' title='bbox 1289 3324 1494 3379; x_wconf 82' lang='lat' dir='ltr'>ultimo</span> <span class='ocrx_word' id='word_1_302' title='bbox 1516 3322 1829 3394; x_wconf 68' lang='lat' dir='ltr'>prophetiae</span> 
     </span>
    </p>
   </div>
   <div class='ocr_carea' id='block_1_35' title="bbox 197 3411 1829 3491">
    <p class='ocr_par' dir='ltr' id='par_1_35' title="bbox 197 3411 1829 3491">
     <span class='ocr_line' id='line_1_35' title="bbox 197 3411 1829 3491; baseline -0.001 -25"><span class='ocrx_word' id='word_1_303' title='bbox 197 3411 922 3491; x_wconf 29' lang='lat' dir='ltr'>hujusiscribiturmliquid</span> <span class='ocrx_word' id='word_1_304' title='bbox 946 3412 1095 3471; x_wconf 85' lang='lat' dir='ltr'>.volle</span> <span class='ocrx_word' id='word_1_305' title='bbox 1126 3412 1466 3468; x_wconf 90' lang='lat' dir='ltr'>conari.Nos</span> <span class='ocrx_word' id='word_1_306' title='bbox 1486 3415 1681 3467; x_wconf 87' lang='lat' dir='ltr'>autem</span> <span class='ocrx_word' id='word_1_307' title='bbox 1703 3428 1829 3482; x_wconf 76' lang='lat' dir='ltr'>quae</span> 
     </span>
    </p>
   </div>
   <div class='ocr_carea' id='block_1_36' title="bbox 197 3500 1830 3573">
    <p class='ocr_par' dir='ltr' id='par_1_36' title="bbox 197 3500 1830 3573">
     <span class='ocr_line' id='line_1_36' title="bbox 197 3500 1830 3573; baseline 0.001 -19"><span class='ocrx_word' id='word_1_308' title='bbox 197 3518 231 3554; x_wconf 91' lang='lat' dir='ltr'>a</span> <span class='ocrx_word' id='word_1_309' title='bbox 262 3502 583 3573; x_wconf 78' lang='lat' dir='ltr'>majoribus</span> <span class='ocrx_word' id='word_1_310' title='bbox 622 3503 973 3573; x_wconf 90' lang='lat' dir='ltr'>accepimus,</span> <span class='ocrx_word' id='word_1_311' title='bbox 1007 3510 1063 3556; x_wconf 87' lang='lat' dir='ltr'>et</span> <span class='ocrx_word' id='word_1_312' title='bbox 1083 3503 1251 3569; x_wconf 78' lang='lat' dir='ltr'>juxta</span> <span class='ocrx_word' id='word_1_313' title='bbox 1281 3502 1521 3555; x_wconf 90' lang='lat' dir='ltr'>modum</span> <span class='ocrx_word' id='word_1_314' title='bbox 1555 3500 1830 3572; x_wconf 87' lang='lat' dir='ltr'>ingenioli</span> 
     </span>
    </p>
   </div>
   <div class='ocr_carea' id='block_1_37' title="bbox 185 3586 1828 3661">
    <p class='ocr_par' dir='ltr' id='par_1_37' title="bbox 185 3586 1828 3661">
     <span class='ocr_line' id='line_1_37' title="bbox 185 3586 1828 3661; baseline -0.001 -18"><span class='ocrx_word' id='word_1_315' title='bbox 185 3591 389 3656; x_wconf 87' lang='lat' dir='ltr'>nostri,</span> <span class='ocrx_word' id='word_1_316' title='bbox 414 3586 820 3661; x_wconf 82' lang='lat' dir='ltr'>spiritualibus</span> <span class='ocrx_word' id='word_1_317' title='bbox 843 3589 1171 3661; x_wconf 87' lang='lat' dir='ltr'>spiritualia</span> <span class='ocrx_word' id='word_1_318' title='bbox 1189 3596 1615 3661; x_wconf 75' lang='lat' dir='ltr'>comparantes,</span> <span class='ocrx_word' id='word_1_319' title='bbox 1641 3590 1828 3660; x_wconf 82' lang='lat' dir='ltr'>suspi-</span> 
     </span>
    </p>
   </div>
   <div class='ocr_carea' id='block_1_38' title="bbox 182 3674 1828 3748">
    <p class='ocr_par' dir='ltr' id='par_1_38' title="bbox 182 3674 1828 3748">
     <span class='ocr_line' id='line_1_38' title="bbox 182 3674 1828 3748; baseline -0.002 -17"><span class='ocrx_word' id='word_1_320' title='bbox 182 3677 300 3731; x_wconf 89' lang='lat' dir='ltr'>cari</span> <span class='ocrx_word' id='word_1_321' title='bbox 322 3676 506 3747; x_wconf 89' lang='lat' dir='ltr'>magis</span> <span class='ocrx_word' id='word_1_322' title='bbox 524 3694 843 3748; x_wconf 85' lang='lat' dir='ltr'>possumus</span> <span class='ocrx_word' id='word_1_323' title='bbox 861 3693 1039 3747; x_wconf 88' lang='lat' dir='ltr'>quam</span> <span class='ocrx_word' id='word_1_324' title='bbox 1061 3676 1391 3747; x_wconf 84' lang='lat' dir='ltr'>explanare,</span> <span class='ocrx_word' id='word_1_325' title='bbox 1413 3674 1695 3730; x_wconf 85' lang='lat' dir='ltr'>benivolis</span> <span class='ocrx_word' id='word_1_326' title='bbox 1712 3691 1828 3729; x_wconf 90' lang='lat' dir='ltr'>cre-</span> 
     </span>
    </p>
   </div>
   <div class='ocr_carea' id='block_1_39' title="bbox 180 3760 1823 3836">
    <p class='ocr_par' dir='ltr' id='par_1_39' title="bbox 180 3760 1823 3836">
     <span class='ocr_line' id='line_1_39' title="bbox 180 3760 1823 3836; baseline -0.002 -17"><span class='ocrx_word' id='word_1_327' title='bbox 180 3764 389 3820; x_wconf 84' lang='lat' dir='ltr'>demus</span> <span class='ocrx_word' id='word_1_328' title='bbox 408 3764 656 3836; x_wconf 90' lang='lat' dir='ltr'>fidisque</span> <span class='ocrx_word' id='word_1_329' title='bbox 676 3765 781 3835; x_wconf 77' lang='grc' dir='ltr'>[Αι.</span> <span class='ocrx_word' id='word_1_330' title='bbox 802 3764 1207 3834; x_wconf 83' lang='lat' dir='ltr'>ﬁdelibusque]</span> <span class='ocrx_word' id='word_1_331' title='bbox 1231 3763 1569 3828; x_wconf 88' lang='lat' dir='ltr'>lectoribus,</span> <span class='ocrx_word' id='word_1_332' title='bbox 1596 3760 1823 3817; x_wconf 81' lang='lat' dir='ltr'>veniam</span> 
     </span>
    </p>
   </div>
   <div class='ocr_carea' id='block_1_40' title="bbox 180 3851 1827 3924">
    <p class='ocr_par' dir='ltr' id='par_1_40' title="bbox 180 3851 1827 3924">
     <span class='ocr_line' id='line_1_40' title="bbox 180 3851 1827 3924; baseline -0.002 -16"><span class='ocrx_word' id='word_1_333' title='bbox 180 3853 561 3924; x_wconf 89' lang='lat' dir='ltr'>doprecantes</span> <span class='ocrx_word' id='word_1_334' title='bbox 585 3858 651 3908; x_wconf 89' lang='lat' dir='ltr'>ut</span> <span class='ocrx_word' id='word_1_335' title='bbox 669 3853 1002 3918; x_wconf 83' lang='lat' dir='ltr'>temeritati,</span> <span class='ocrx_word' id='word_1_336' title='bbox 1022 3854 1202 3907; x_wconf 88' lang='lat' dir='ltr'>immo</span> <span class='ocrx_word' id='word_1_337' title='bbox 1223 3853 1353 3907; x_wconf 80' lang='lat' dir='ltr'>fidei</span> <span class='ocrx_word' id='word_1_338' title='bbox 1374 3851 1653 3906; x_wconf 88' lang='lat' dir='ltr'>nescienti</span> <span class='ocrx_word' id='word_1_339' title='bbox 1671 3868 1827 3906; x_wconf 89' lang='lat' dir='ltr'>meu-</span> 
     </span>
    </p>
   </div>
   <div class='ocr_carea' id='block_1_41' title="bbox 179 3940 1826 4013">
    <p class='ocr_par' dir='ltr' id='par_1_41' title="bbox 179 3940 1826 4013">
     <span class='ocr_line' id='line_1_41' title="bbox 179 3940 1826 4013; baseline -0.002 -18"><span class='ocrx_word' id='word_1_340' title='bbox 179 3957 377 3995; x_wconf 86' lang='lat' dir='ltr'>suram</span> <span class='ocrx_word' id='word_1_341' title='bbox 401 3957 591 4007; x_wconf 90' lang='lat' dir='ltr'>suam,</span> <span class='ocrx_word' id='word_1_342' title='bbox 620 3944 847 3997; x_wconf 80' lang='lat' dir='ltr'>faveant</span> <span class='ocrx_word' id='word_1_343' title='bbox 862 3942 1047 4013; x_wconf 88' lang='lat' dir='ltr'>magis</span> <span class='ocrx_word' id='word_1_344' title='bbox 1063 3958 1239 4011; x_wconf 89' lang='lat' dir='ltr'>quam</span> <span class='ocrx_word' id='word_1_345' title='bbox 1256 3941 1600 3995; x_wconf 86' lang='lat' dir='ltr'>irascantur.</span> <span class='ocrx_word' id='word_1_346' title='bbox 1622 3944 1699 3994; x_wconf 87' lang='lat' dir='ltr'>Ac</span> <span class='ocrx_word' id='word_1_347' title='bbox 1716 3940 1826 4011; x_wconf 87' lang='lat' dir='ltr'>pri-</span> 
     </span>
    </p>
   </div>
   <div class='ocr_carea' id='block_1_42' title="bbox 180 4026 1823 4100">
    <p class='ocr_par' dir='ltr' id='par_1_42' title="bbox 180 4026 1823 4100">
     <span class='ocr_line' id='line_1_42' title="bbox 180 4026 1823 4100; baseline -0.002 -17"><span class='ocrx_word' id='word_1_348' title='bbox 180 4045 342 4083; x_wconf 89' lang='lat' dir='ltr'>mum</span> <span class='ocrx_word' id='word_1_349' title='bbox 371 4029 698 4094; x_wconf 89' lang='lat' dir='ltr'>sciendum,</span> <span class='ocrx_word' id='word_1_350' title='bbox 723 4030 997 4100; x_wconf 89' lang='lat' dir='ltr'>spiritum</span> <span class='ocrx_word' id='word_1_351' title='bbox 1017 4030 1395 4095; x_wconf 85' lang='lat' dir='ltr'>auferentem,</span> <span class='ocrx_word' id='word_1_352' title='bbox 1421 4028 1539 4082; x_wconf 89' lang='lat' dir='ltr'>sive</span> <span class='ocrx_word' id='word_1_353' title='bbox 1562 4026 1823 4081; x_wconf 86' lang='lat' dir='ltr'>attollen-</span> 
     </span>
    </p>
   </div>
   <div class='ocr_carea' id='block_1_43' title="bbox 176 4115 1822 4188">
    <p class='ocr_par' dir='ltr' id='par_1_43' title="bbox 176 4115 1822 4188">
     <span class='ocr_line' id='line_1_43' title="bbox 176 4115 1822 4188; baseline -0.002 -17"><span class='ocrx_word' id='word_1_354' title='bbox 176 4120 318 4181; x_wconf 90' lang='lat' dir='ltr'>tem,</span> <span class='ocrx_word' id='word_1_355' title='bbox 353 4133 527 4188; x_wconf 91' lang='lat' dir='ltr'>quem</span> <span class='ocrx_word' id='word_1_356' title='bbox 562 4134 668 4171; x_wconf 91' lang='lat' dir='ltr'>nos</span> <span class='ocrx_word' id='word_1_357' title='bbox 691 4118 862 4187; x_wconf 82' lang='lat' dir='ltr'>juxta</span> <span class='ocrx_word' id='word_1_358' title='bbox 889 4116 1159 4187; x_wconf 88' lang='lat' dir='ltr'>Aquilam</span> <span class='ocrx_word' id='word_1_359' title='bbox 1192 4115 1554 4186; x_wconf 83' lang='lat' dir='ltr'>interpretati</span> <span class='ocrx_word' id='word_1_360' title='bbox 1589 4131 1822 4179; x_wconf 89' lang='lat' dir='ltr'>sumus,</span> 
     </span>
    </p>
   </div>
   <div class='ocr_carea' id='block_1_44' title="bbox 175 4202 1820 4275">
    <p class='ocr_par' dir='ltr' id='par_1_44' title="bbox 175 4202 1820 4275">
     <span class='ocr_line' id='line_1_44' title="bbox 175 4202 1820 4275; baseline -0.001 -16"><span class='ocrx_word' id='word_1_361' title='bbox 175 4208 399 4259; x_wconf 84' lang='lat' dir='ltr'>ventum</span> <span class='ocrx_word' id='word_1_362' title='bbox 420 4205 681 4272; x_wconf 86' lang='lat' dir='ltr'>turbinis,</span> <span class='ocrx_word' id='word_1_363' title='bbox 703 4205 948 4274; x_wconf 84' lang='lat' dir='ltr'>etjuxta</span> <span class='ocrx_word' id='word_1_364' title='bbox 967 4203 1383 4275; x_wconf 83' lang='lat' dir='ltr'>Symmachum</span> <span class='ocrx_word' id='word_1_365' title='bbox 1408 4207 1464 4257; x_wconf 90' lang='lat' dir='ltr'>et</span> <span class='ocrx_word' id='word_1_366' title='bbox 1476 4202 1820 4257; x_wconf 89' lang='lat' dir='ltr'>Theodotio-</span> 
     </span>
    </p>
   </div>
   <div class='ocr_carea' id='block_1_45' title="bbox 176 4289 1821 4365">
    <p class='ocr_par' dir='ltr' id='par_1_45' title="bbox 176 4289 1821 4365">
     <span class='ocr_line' id='line_1_45' title="bbox 176 4289 1821 4365; baseline -0.001 -19"><span class='ocrx_word' id='word_1_367' title='bbox 176 4309 310 4348; x_wconf 87' lang='lat' dir='ltr'>nem</span> <span class='ocrx_word' id='word_1_368' title='bbox 331 4293 524 4365; x_wconf 88' lang='lat' dir='ltr'>ﬂatum</span> <span class='ocrx_word' id='word_1_369' title='bbox 543 4310 607 4348; x_wconf 89' lang='lat' dir='ltr'>ac</span> <span class='ocrx_word' id='word_1_370' title='bbox 626 4294 881 4364; x_wconf 81' lang='lat' dir='ltr'>spiritum</span> <span class='ocrx_word' id='word_1_371' title='bbox 904 4293 1258 4363; x_wconf 78' lang='lat' dir='ltr'>tempestatis,</span> <span class='ocrx_word' id='word_1_372' title='bbox 1277 4291 1349 4345; x_wconf 90' lang='lat' dir='ltr'>ab</span> <span class='ocrx_word' id='word_1_373' title='bbox 1364 4289 1495 4345; x_wconf 88' lang='lat' dir='ltr'>aliis</span> <span class='ocrx_word' id='word_1_374' title='bbox 1510 4291 1565 4344; x_wconf 92' lang='lat' dir='ltr'>in</span> <span class='ocrx_word' id='word_1_375' title='bbox 1582 4290 1821 4358; x_wconf 87' lang='lat' dir='ltr'>bonam,</span> 
     </span>
    </p>
   </div>
   <div class='ocr_carea' id='block_1_46' title="bbox 176 4377 1820 4451">
    <p class='ocr_par' dir='ltr' id='par_1_46' title="bbox 176 4377 1820 4451">
     <span class='ocr_line' id='line_1_46' title="bbox 176 4377 1820 4451; baseline -0.002 -17"><span class='ocrx_word' id='word_1_376' title='bbox 176 4379 247 4434; x_wconf 90' lang='lat' dir='ltr'>ab</span> <span class='ocrx_word' id='word_1_377' title='bbox 269 4381 399 4437; x_wconf 85' lang='lat' dir='ltr'>aliis</span> <span class='ocrx_word' id='word_1_378' title='bbox 426 4381 486 4435; x_wconf 92' lang='lat' dir='ltr'>in</span> <span class='ocrx_word' id='word_1_379' title='bbox 513 4379 865 4436; x_wconf 82' lang='lat' dir='ltr'>contrariam</span> <span class='ocrx_word' id='word_1_380' title='bbox 898 4385 1121 4451; x_wconf 88' lang='lat' dir='ltr'>partem</span> <span class='ocrx_word' id='word_1_381' title='bbox 1158 4378 1361 4449; x_wconf 84' lang='lat' dir='ltr'>accipi.</span> <span class='ocrx_word' id='word_1_382' title='bbox 1386 4377 1638 4432; x_wconf 87' lang='lat' dir='ltr'>Verbum</span> <span class='ocrx_word' id='word_1_383' title='bbox 1663 4377 1820 4431; x_wconf 91' lang='lat' dir='ltr'>enim</span> 
     </span>
    </p>
   </div>
   <div class='ocr_carea' id='block_1_47' title="bbox 176 4464 1820 4538">
    <p class='ocr_par' dir='ltr' id='par_1_47' title="bbox 176 4464 1820 4538">
     <span class='ocr_line' id='line_1_47' title="bbox 176 4464 1820 4538; baseline -0.002 -15"><span class='ocrx_word' id='word_1_384' title='bbox 176 4469 521 4525; x_wconf 82' lang='lat' dir='ltr'>Hebraicum</span> <span class='ocrx_word' id='word_1_385' title='bbox 549 4486 664 4524; x_wconf 69' lang='lat' dir='ltr'>aus</span> <span class='ocrx_word' id='word_1_386' title='bbox 696 4477 793 4529; x_wconf 76' lang='lat' dir='ltr'>rm</span> <span class='ocrx_word' id='word_1_387' title='bbox 827 4484 929 4538; x_wconf 89' lang='lat' dir='ltr'>pro</span> <span class='ocrx_word' id='word_1_388' title='bbox 961 4466 1219 4522; x_wconf 90' lang='lat' dir='ltr'>locorum</span> <span class='ocrx_word' id='word_1_389' title='bbox 1258 4464 1557 4537; x_wconf 87' lang='lat' dir='ltr'>qualitate,</span> <span class='ocrx_word' id='word_1_390' title='bbox 1589 4465 1676 4520; x_wconf 89' lang='lat' dir='ltr'>vel</span> <span class='ocrx_word' id='word_1_391' title='bbox 1705 4467 1820 4536; x_wconf 89' lang='lat' dir='ltr'>spi-</span> 
     </span>
    </p>
   </div>
   <div class='ocr_carea' id='block_1_48' title="bbox 1940 575 3585 653">
    <p class='ocr_par' dir='ltr' id='par_1_48' title="bbox 1940 575 3585 653">
     <span class='ocr_line' id='line_1_48' title="bbox 1940 575 3585 653; baseline -0.002 -19"><span class='ocrx_word' id='word_1_392' title='bbox 1940 580 2095 644; x_wconf 89' lang='lat' dir='ltr'>chin,</span> <span class='ocrx_word' id='word_1_393' title='bbox 2129 581 2229 653; x_wconf 90' lang='lat' dir='ltr'>qui</span> <span class='ocrx_word' id='word_1_394' title='bbox 2264 587 2321 635; x_wconf 93' lang='lat' dir='ltr'>et</span> <span class='ocrx_word' id='word_1_395' title='bbox 2350 579 2592 635; x_wconf 72' lang='lat' dir='ltr'>Sedeciae</span> <span class='ocrx_word' id='word_1_396' title='bbox 2616 580 2880 651; x_wconf 86' lang='lat' dir='ltr'>regnanti</span> <span class='ocrx_word' id='word_1_397' title='bbox 2902 578 2963 634; x_wconf 92' lang='lat' dir='ltr'>in</span> <span class='ocrx_word' id='word_1_398' title='bbox 2983 575 3310 635; x_wconf 87' lang='lat' dir='ltr'>Jerusalem</span> <span class='ocrx_word' id='word_1_399' title='bbox 3338 576 3585 647; x_wconf 90' lang='lat' dir='ltr'>quintus</span> 
     </span>
    </p>
   </div>
   <div class='ocr_carea' id='block_1_49' title="bbox 1940 673 3585 749">
    <p class='ocr_par' dir='ltr' id='par_1_49' title="bbox 1940 673 3585 749">
     <span class='ocr_line' id='line_1_49' title="bbox 1940 673 3585 749; baseline -0.003 -17"><span class='ocrx_word' id='word_1_400' title='bbox 1940 682 2082 744; x_wconf 87' lang='lat' dir='ltr'>erat,</span> <span class='ocrx_word' id='word_1_401' title='bbox 2116 694 2289 748; x_wconf 89' lang='lat' dir='ltr'>quem</span> <span class='ocrx_word' id='word_1_402' title='bbox 2312 677 2562 749; x_wconf 88' lang='lat' dir='ltr'>legimus</span> <span class='ocrx_word' id='word_1_403' title='bbox 2586 682 2716 748; x_wconf 90' lang='lat' dir='ltr'>post</span> <span class='ocrx_word' id='word_1_404' title='bbox 2738 692 2837 732; x_wconf 89' lang='lat' dir='ltr'>sex</span> <span class='ocrx_word' id='word_1_405' title='bbox 2867 675 3136 732; x_wconf 85' lang='lat' dir='ltr'>similiter</span> <span class='ocrx_word' id='word_1_406' title='bbox 3156 691 3363 740; x_wconf 90' lang='lat' dir='ltr'>annos,</span> <span class='ocrx_word' id='word_1_407' title='bbox 3392 673 3451 728; x_wconf 92' lang='lat' dir='ltr'>id</span> <span class='ocrx_word' id='word_1_408' title='bbox 3473 675 3585 739; x_wconf 87' lang='lat' dir='ltr'>est,</span> 
     </span>
    </p>
   </div>
   <div class='ocr_carea' id='block_1_50' title="bbox 1940 761 3586 837">
    <p class='ocr_par' dir='ltr' id='par_1_50' title="bbox 1940 761 3586 837">
     <span class='ocr_line' id='line_1_50' title="bbox 1940 761 3586 837; baseline -0.002 -17"><span class='ocrx_word' id='word_1_409' title='bbox 1940 782 2091 821; x_wconf 90' lang='lat' dir='ltr'>anno</span> <span class='ocrx_word' id='word_1_410' title='bbox 2114 765 2423 820; x_wconf 90' lang='lat' dir='ltr'>undecimo</span> <span class='ocrx_word' id='word_1_411' title='bbox 2455 765 2681 837; x_wconf 88' lang='lat' dir='ltr'>imperii</span> <span class='ocrx_word' id='word_1_412' title='bbox 2714 765 2827 832; x_wconf 90' lang='lat' dir='ltr'>sui,</span> <span class='ocrx_word' id='word_1_413' title='bbox 2861 765 3003 820; x_wconf 87' lang='lat' dir='ltr'>urbe</span> <span class='ocrx_word' id='word_1_414' title='bbox 3031 767 3218 835; x_wconf 88' lang='lat' dir='ltr'>capta,</span> <span class='ocrx_word' id='word_1_415' title='bbox 3252 762 3492 817; x_wconf 90' lang='lat' dir='ltr'>ductum</span> <span class='ocrx_word' id='word_1_416' title='bbox 3524 761 3586 816; x_wconf 89' lang='lat' dir='ltr'>in</span> 
     </span>
    </p>
   </div>
   <div class='ocr_carea' id='block_1_51' title="bbox 1941 850 3584 926">
    <p class='ocr_par' dir='ltr' id='par_1_51' title="bbox 1941 850 3584 926">
     <span class='ocr_line' id='line_1_51' title="bbox 1941 850 3584 926; baseline -0.002 -19"><span class='ocrx_word' id='word_1_417' title='bbox 1941 854 2314 926; x_wconf 85' lang='lat' dir='ltr'>Babylonem.</span> <span class='ocrx_word' id='word_1_418' title='bbox 2339 854 2435 909; x_wconf 87' lang='lat' dir='ltr'>His</span> <span class='ocrx_word' id='word_1_419' title='bbox 2450 852 3056 925; x_wconf 87' lang='lat' dir='ltr'>ergoquihabitabant</span> <span class='ocrx_word' id='word_1_420' title='bbox 3084 868 3262 924; x_wconf 87' lang='lat' dir='ltr'>prope</span> <span class='ocrx_word' id='word_1_421' title='bbox 3292 850 3584 920; x_wconf 79' lang='lat' dir='ltr'>ﬂumenfc)</span> 
     </span>
    </p>
   </div>
   <div class='ocr_carea' id='block_1_52' title="bbox 1939 938 3583 1014">
    <p class='ocr_par' dir='ltr' id='par_1_52' title="bbox 1939 938 3583 1014">
     <span class='ocr_line' id='line_1_52' title="bbox 1939 938 3583 1014; baseline -0.002 -18"><span class='ocrx_word' id='word_1_422' title='bbox 1939 942 2185 1010; x_wconf 87' lang='lat' dir='ltr'>Chohar,</span> <span class='ocrx_word' id='word_1_423' title='bbox 2203 946 2475 1014; x_wconf 89' lang='lat' dir='ltr'>etsponte</span> <span class='ocrx_word' id='word_1_424' title='bbox 2490 959 2550 998; x_wconf 90' lang='lat' dir='ltr'>se</span> <span class='ocrx_word' id='word_1_425' title='bbox 2564 944 2682 1014; x_wconf 88' lang='lat' dir='ltr'>regi</span> <span class='ocrx_word' id='word_1_426' title='bbox 2709 941 3095 1006; x_wconf 87' lang='lat' dir='ltr'>tradiderant,</span> <span class='ocrx_word' id='word_1_427' title='bbox 3123 939 3409 995; x_wconf 80' lang='lat' dir='ltr'>reveletur</span> <span class='ocrx_word' id='word_1_428' title='bbox 3428 938 3583 1011; x_wconf 89' lang='lat' dir='ltr'>quod</span> 
     </span>
    </p>
   </div>
   <div class='ocr_carea' id='block_1_53' title="bbox 1940 1027 3587 1086">
    <p class='ocr_par' dir='ltr' id='par_1_53' title="bbox 1940 1027 3587 1086">
     <span class='ocr_line' id='line_1_53' title="bbox 1940 1027 3587 1086; baseline -0.003 0"><span class='ocrx_word' id='word_1_429' title='bbox 1940 1031 2578 1086; x_wconf 86' lang='lat' dir='ltr'>benel&#39;ecerintobedire</span> <span class='ocrx_word' id='word_1_430' title='bbox 2607 1031 2907 1085; x_wconf 84' lang='lat' dir='ltr'>sententiae</span> <span class='ocrx_word' id='word_1_431' title='bbox 2929 1029 3050 1084; x_wconf 91' lang='lat' dir='ltr'>Dei.</span> <span class='ocrx_word' id='word_1_432' title='bbox 3077 1030 3139 1083; x_wconf 92' lang='lat' dir='ltr'>In</span> <span class='ocrx_word' id='word_1_433' title='bbox 3156 1027 3314 1083; x_wconf 89' lang='lat' dir='ltr'>brevi</span> <span class='ocrx_word' id='word_1_434' title='bbox 3337 1027 3493 1082; x_wconf 90' lang='lat' dir='ltr'>enim</span> <span class='ocrx_word' id='word_1_435' title='bbox 3528 1031 3587 1081; x_wconf 90' lang='lat' dir='ltr'>et</span> 
     </span>
    </p>
   </div>
   <div class='ocr_carea' id='block_1_54' title="bbox 1937 1115 3587 1191">
    <p class='ocr_par' dir='ltr' id='par_1_54' title="bbox 1937 1115 3587 1191">
     <span class='ocr_line' id='line_1_54' title="bbox 1937 1115 3587 1191; baseline -0.002 -18"><span class='ocrx_word' id='word_1_436' title='bbox 1937 1120 2202 1174; x_wconf 72' lang='lat' dir='ltr'>Judzeam</span> <span class='ocrx_word' id='word_1_437' title='bbox 2243 1119 2597 1191; x_wconf 89' lang='lat' dir='ltr'>provinciam</span> <span class='ocrx_word' id='word_1_438' title='bbox 2643 1122 2699 1173; x_wconf 91' lang='lat' dir='ltr'>et</span> <span class='ocrx_word' id='word_1_439' title='bbox 2736 1119 2940 1173; x_wconf 89' lang='lat' dir='ltr'>urbem</span> <span class='ocrx_word' id='word_1_440' title='bbox 2982 1115 3304 1172; x_wconf 86' lang='lat' dir='ltr'>Jerusalem</span> <span class='ocrx_word' id='word_1_441' title='bbox 3340 1131 3469 1171; x_wconf 89' lang='lat' dir='ltr'>esse</span> <span class='ocrx_word' id='word_1_442' title='bbox 3488 1132 3587 1170; x_wconf 77' lang='lat' dir='ltr'>ca-</span> 
     </span>
    </p>
   </div>
   <div class='ocr_carea' id='block_1_55' title="bbox 1942 1202 3586 1279">
    <p class='ocr_par' dir='ltr' id='par_1_55' title="bbox 1942 1202 3586 1279">
     <span class='ocr_line' id='line_1_55' title="bbox 1942 1202 3586 1279; baseline -0.002 -18"><span class='ocrx_word' id='word_1_443' title='bbox 1942 1207 2235 1279; x_wconf 89' lang='lat' dir='ltr'>piendam.</span> <span class='ocrx_word' id='word_1_444' title='bbox 2270 1208 2553 1278; x_wconf 84' lang='lat' dir='ltr'>Quodque</span> <span class='ocrx_word' id='word_1_445' title='bbox 2574 1207 2758 1261; x_wconf 89' lang='lat' dir='ltr'>nubes</span> <span class='ocrx_word' id='word_1_446' title='bbox 2781 1223 2995 1279; x_wconf 90' lang='lat' dir='ltr'>magna</span> <span class='ocrx_word' id='word_1_447' title='bbox 3018 1205 3391 1271; x_wconf 88' lang='lat' dir='ltr'>describitur,</span> <span class='ocrx_word' id='word_1_448' title='bbox 3414 1202 3586 1259; x_wconf 85' lang='lat' dir='ltr'>intel-</span> 
     </span>
    </p>
   </div>
   <div class='ocr_carea' id='block_1_56' title="bbox 1940 1290 3589 1367">
    <p class='ocr_par' dir='ltr' id='par_1_56' title="bbox 1940 1290 3589 1367">
     <span class='ocr_line' id='line_1_56' title="bbox 1940 1290 3589 1367; baseline -0.002 -18"><span class='ocrx_word' id='word_1_449' title='bbox 1940 1294 2193 1367; x_wconf 74' lang='lat' dir='ltr'>ligamus</span> <span class='ocrx_word' id='word_1_450' title='bbox 2213 1309 2339 1349; x_wconf 91' lang='lat' dir='ltr'>eam</span> <span class='ocrx_word' id='word_1_451' title='bbox 2357 1295 2576 1350; x_wconf 91' lang='lat' dir='ltr'>imbres</span> <span class='ocrx_word' id='word_1_452' title='bbox 2587 1295 2957 1350; x_wconf 88' lang='lat' dir='ltr'>eversionum</span> <span class='ocrx_word' id='word_1_453' title='bbox 2975 1293 3447 1364; x_wconf 62' lang='lat' dir='ltr'>superJudmam,</span> <span class='ocrx_word' id='word_1_454' title='bbox 3462 1290 3589 1362; x_wconf 85' lang='lat' dir='ltr'>plu-</span> 
     </span>
    </p>
   </div>
   <div class='ocr_carea' id='block_1_57' title="bbox 1939 1381 3587 1455">
    <p class='ocr_par' dir='ltr' id='par_1_57' title="bbox 1939 1381 3587 1455">
     <span class='ocr_line' id='line_1_57' title="bbox 1939 1381 3587 1455; baseline -0.002 -19"><span class='ocrx_word' id='word_1_455' title='bbox 1939 1384 2177 1455; x_wconf 89' lang='lat' dir='ltr'>viasque</span> <span class='ocrx_word' id='word_1_456' title='bbox 2200 1382 2531 1438; x_wconf 90' lang='lat' dir='ltr'>allisionum</span> <span class='ocrx_word' id='word_1_457' title='bbox 2561 1388 2806 1452; x_wconf 89' lang='lat' dir='ltr'>portare.</span> <span class='ocrx_word' id='word_1_458' title='bbox 2832 1384 2898 1437; x_wconf 85' lang='lat' dir='ltr'>Et</span> <span class='ocrx_word' id='word_1_459' title='bbox 2920 1382 3214 1437; x_wconf 89' lang='lat' dir='ltr'>involutus</span> <span class='ocrx_word' id='word_1_460' title='bbox 3244 1381 3400 1453; x_wconf 85' lang='lat' dir='ltr'>ignis</span> <span class='ocrx_word' id='word_1_461' title='bbox 3422 1396 3587 1436; x_wconf 86' lang='lat' dir='ltr'>mon-</span> 
     </span>
    </p>
   </div>
   <div class='ocr_carea' id='block_1_58' title="bbox 1938 1468 3586 1543">
    <p class='ocr_par' dir='ltr' id='par_1_58' title="bbox 1938 1468 3586 1543">
     <span class='ocr_line' id='line_1_58' title="bbox 1938 1468 3586 1543; baseline -0.003 -17"><span class='ocrx_word' id='word_1_462' title='bbox 1938 1476 2085 1526; x_wconf 88' lang='lat' dir='ltr'>strat</span> <span class='ocrx_word' id='word_1_463' title='bbox 2106 1477 2277 1527; x_wconf 89' lang='lat' dir='ltr'>ventu</span> <span class='ocrx_word' id='word_1_464' title='bbox 2288 1489 2349 1526; x_wconf 92' lang='lat' dir='ltr'>ra</span> <span class='ocrx_word' id='word_1_465' title='bbox 2370 1471 2680 1543; x_wconf 89' lang='lat' dir='ltr'>supplicia,</span> <span class='ocrx_word' id='word_1_466' title='bbox 2703 1476 2759 1526; x_wconf 90' lang='lat' dir='ltr'>et</span> <span class='ocrx_word' id='word_1_467' title='bbox 2780 1471 3133 1543; x_wconf 88' lang='lat' dir='ltr'>captivitatis</span> <span class='ocrx_word' id='word_1_468' title='bbox 3174 1469 3347 1526; x_wconf 87' lang='lat' dir='ltr'>mala.</span> <span class='ocrx_word' id='word_1_469' title='bbox 3381 1468 3586 1539; x_wconf 88' lang='lat' dir='ltr'>Splen-</span> 
     </span>
    </p>
   </div>
   <div class='ocr_carea' id='block_1_59' title="bbox 1938 1554 3583 1631">
    <p class='ocr_par' dir='ltr' id='par_1_59' title="bbox 1938 1554 3583 1631">
     <span class='ocr_line' id='line_1_59' title="bbox 1938 1554 3583 1631; baseline -0.004 -17"><span class='ocrx_word' id='word_1_470' title='bbox 1938 1560 2159 1631; x_wconf 91' lang='lat' dir='ltr'>dorque</span> <span class='ocrx_word' id='word_1_471' title='bbox 2186 1559 2244 1613; x_wconf 90' lang='lat' dir='ltr'>in</span> <span class='ocrx_word' id='word_1_472' title='bbox 2269 1559 2513 1615; x_wconf 89' lang='lat' dir='ltr'>circuitu</span> <span class='ocrx_word' id='word_1_473' title='bbox 2540 1560 2669 1629; x_wconf 87' lang='lat' dir='ltr'>ejus</span> <span class='ocrx_word' id='word_1_474' title='bbox 2691 1559 2982 1629; x_wconf 76' lang='lat' dir='ltr'>significat</span> <span class='ocrx_word' id='word_1_475' title='bbox 3001 1559 3101 1614; x_wconf 91' lang='lat' dir='ltr'>Dei</span> <span class='ocrx_word' id='word_1_476' title='bbox 3123 1562 3322 1629; x_wconf 89' lang='lat' dir='ltr'>aperta</span> <span class='ocrx_word' id='word_1_477' title='bbox 3337 1554 3583 1627; x_wconf 87' lang='lat' dir='ltr'>judicia.</span> 
     </span>
    </p>
   </div>
   <div class='ocr_carea' id='block_1_60' title="bbox 1937 1644 3584 1718">
    <p class='ocr_par' dir='ltr' id='par_1_60' title="bbox 1937 1644 3584 1718">
     <span class='ocr_line' id='line_1_60' title="bbox 1937 1644 3584 1718; baseline -0.003 -16"><span class='ocrx_word' id='word_1_478' title='bbox 1937 1647 2044 1712; x_wconf 91' lang='lat' dir='ltr'>Qui</span> <span class='ocrx_word' id='word_1_479' title='bbox 2077 1652 2271 1702; x_wconf 91' lang='lat' dir='ltr'>autem</span> <span class='ocrx_word' id='word_1_480' title='bbox 2305 1648 2363 1701; x_wconf 91' lang='lat' dir='ltr'>in</span> <span class='ocrx_word' id='word_1_481' title='bbox 2398 1647 2749 1703; x_wconf 87' lang='lat' dir='ltr'>contrariam</span> <span class='ocrx_word' id='word_1_482' title='bbox 2781 1651 3006 1718; x_wconf 87' lang='lat' dir='ltr'>partem</span> <span class='ocrx_word' id='word_1_483' title='bbox 3038 1646 3319 1710; x_wconf 88' lang='lat' dir='ltr'>sentiunt,</span> <span class='ocrx_word' id='word_1_484' title='bbox 3343 1644 3453 1699; x_wconf 91' lang='lat' dir='ltr'>hoc</span> <span class='ocrx_word' id='word_1_485' title='bbox 3473 1646 3584 1708; x_wconf 88' lang='lat' dir='ltr'>est,</span> 
     </span>
    </p>
   </div>
   <div class='ocr_carea' id='block_1_61' title="bbox 1938 1731 3584 1807">
    <p class='ocr_par' dir='ltr' id='par_1_61' title="bbox 1938 1731 3584 1807">
     <span class='ocr_line' id='line_1_61' title="bbox 1938 1731 3584 1807; baseline -0.003 -17"><span class='ocrx_word' id='word_1_486' title='bbox 1938 1736 2173 1802; x_wconf 87' lang='lat' dir='ltr'>bonam,</span> <span class='ocrx_word' id='word_1_487' title='bbox 2206 1736 2479 1807; x_wconf 88' lang='lat' dir='ltr'>spiritum</span> <span class='ocrx_word' id='word_1_488' title='bbox 2509 1737 2888 1804; x_wconf 87' lang='lat' dir='ltr'>auferentem,</span> <span class='ocrx_word' id='word_1_489' title='bbox 2939 1734 3060 1790; x_wconf 90' lang='lat' dir='ltr'>sive</span> <span class='ocrx_word' id='word_1_490' title='bbox 3105 1733 3152 1789; x_wconf 87' lang='lat'><strong>8</strong></span> <span class='ocrx_word' id='word_1_491' title='bbox 3192 1731 3584 1801; x_wconf 86' lang='lat' dir='ltr'>extollentem,</span> 
     </span>
    </p>
   </div>
   <div class='ocr_carea' id='block_1_62' title="bbox 1936 1815 3586 1896">
    <p class='ocr_par' dir='ltr' id='par_1_62' title="bbox 1936 1815 3586 1896">
     <span class='ocr_line' id='line_1_62' title="bbox 1936 1815 3586 1896; baseline -0.004 -17"><span class='ocrx_word' id='word_1_492' title='bbox 1936 1825 2214 1895; x_wconf 87' lang='lat' dir='ltr'>Spiritum</span> <span class='ocrx_word' id='word_1_493' title='bbox 2240 1815 2515 1879; x_wconf 72' lang='lat' dir='ltr'>sanctum</span> <span class='ocrx_word' id='word_1_494' title='bbox 2548 1823 2901 1896; x_wconf 90' lang='lat' dir='ltr'>intelligunt,</span> <span class='ocrx_word' id='word_1_495' title='bbox 2928 1822 3027 1895; x_wconf 88' lang='lat' dir='ltr'>qui</span> <span class='ocrx_word' id='word_1_496' title='bbox 3050 1823 3277 1878; x_wconf 87' lang='lat' dir='ltr'>aulerat</span> <span class='ocrx_word' id='word_1_497' title='bbox 3296 1821 3368 1876; x_wconf 91' lang='lat' dir='ltr'>ab</span> <span class='ocrx_word' id='word_1_498' title='bbox 3392 1819 3586 1875; x_wconf 90' lang='lat' dir='ltr'>homi-</span> 
     </span>
    </p>
   </div>
   <div class='ocr_carea' id='block_1_63' title="bbox 1935 1907 3585 1985">
    <p class='ocr_par' dir='ltr' id='par_1_63' title="bbox 1935 1907 3585 1985">
     <span class='ocr_line' id='line_1_63' title="bbox 1935 1907 3585 1985; baseline -0.004 -17"><span class='ocrx_word' id='word_1_499' title='bbox 1935 1912 2108 1968; x_wconf 90' lang='lat' dir='ltr'>nibus</span> <span class='ocrx_word' id='word_1_500' title='bbox 2127 1912 2265 1967; x_wconf 90' lang='lat' dir='ltr'>vitia</span> <span class='ocrx_word' id='word_1_501' title='bbox 2286 1916 2459 1984; x_wconf 90' lang='lat' dir='ltr'>atque</span> <span class='ocrx_word' id='word_1_502' title='bbox 2502 1916 2760 1985; x_wconf 89' lang='lat' dir='ltr'>peccata,</span> <span class='ocrx_word' id='word_1_503' title='bbox 2797 1910 2915 1968; x_wconf 90' lang='lat' dir='ltr'>sive</span> <span class='ocrx_word' id='word_1_504' title='bbox 2946 1912 3212 1983; x_wconf 88' lang='lat' dir='ltr'>jacentes</span> <span class='ocrx_word' id='word_1_505' title='bbox 3253 1908 3485 1964; x_wconf 90' lang='lat' dir='ltr'>attollat</span> <span class='ocrx_word' id='word_1_506' title='bbox 3514 1907 3585 1962; x_wconf 91' lang='lat' dir='ltr'>ad</span> 
     </span>
    </p>
   </div>
   <div class='ocr_carea' id='block_1_64' title="bbox 1934 1996 3584 2073">
    <p class='ocr_par' dir='ltr' id='par_1_64' title="bbox 1934 1996 3584 2073">
     <span class='ocr_line' id='line_1_64' title="bbox 1934 1996 3584 2073; baseline -0.004 -17"><span class='ocrx_word' id='word_1_507' title='bbox 1934 2000 2231 2068; x_wconf 89' lang='lat' dir='ltr'>sublimia,</span> <span class='ocrx_word' id='word_1_508' title='bbox 2268 2001 2551 2073; x_wconf 78' lang='lat' dir='ltr'>faciatque</span> <span class='ocrx_word' id='word_1_509' title='bbox 2584 2001 2848 2056; x_wconf 88' lang='lat' dir='ltr'>recedere</span> <span class='ocrx_word' id='word_1_510' title='bbox 2877 2000 2949 2056; x_wconf 91' lang='lat' dir='ltr'>ab</span> <span class='ocrx_word' id='word_1_511' title='bbox 2971 1998 3258 2071; x_wconf 87' lang='lat' dir='ltr'>Aquilone</span> <span class='ocrx_word' id='word_1_512' title='bbox 3281 2002 3454 2055; x_wconf 89' lang='lat' dir='ltr'>vento</span> <span class='ocrx_word' id='word_1_513' title='bbox 3480 1996 3584 2051; x_wconf 83' lang='lat' dir='ltr'>fri-</span> 
     </span>
    </p>
   </div>
   <div class='ocr_carea' id='block_1_65' title="bbox 1934 2087 3584 2162">
    <p class='ocr_par' dir='ltr' id='par_1_65' title="bbox 1934 2087 3584 2162">
     <span class='ocr_line' id='line_1_65' title="bbox 1934 2087 3584 2162; baseline -0.002 -19"><span class='ocrx_word' id='word_1_514' title='bbox 1934 2089 2259 2162; x_wconf 83' lang='lat' dir='ltr'>gidissime,</span> <span class='ocrx_word' id='word_1_515' title='bbox 2292 2107 2325 2143; x_wconf 89' lang='lat' dir='ltr'>a</span> <span class='ocrx_word' id='word_1_516' title='bbox 2354 2105 2469 2160; x_wconf 93' lang='lat' dir='ltr'>quo</span> <span class='ocrx_word' id='word_1_517' title='bbox 2495 2089 2884 2145; x_wconf 86' lang='lat' dir='ltr'>exardescunt</span> <span class='ocrx_word' id='word_1_518' title='bbox 2930 2087 3085 2143; x_wconf 89' lang='lat' dir='ltr'>mala</span> <span class='ocrx_word' id='word_1_519' title='bbox 3134 2102 3312 2159; x_wconf 89' lang='lat' dir='ltr'>super</span> <span class='ocrx_word' id='word_1_520' title='bbox 3350 2100 3584 2142; x_wconf 90' lang='lat' dir='ltr'>omnem</span> 
     </span>
    </p>
   </div>
   <div class='ocr_carea' id='block_1_66' title="bbox 1934 2172 3586 2249">
    <p class='ocr_par' dir='ltr' id='par_1_66' title="bbox 1934 2172 3586 2249">
     <span class='ocr_line' id='line_1_66' title="bbox 1934 2172 3586 2249; baseline -0.004 -16"><span class='ocrx_word' id='word_1_521' title='bbox 1934 2183 2148 2233; x_wconf 85' lang='lat' dir='ltr'>terram</span> <span class='ocrx_word' id='word_1_522' title='bbox 2180 2179 2400 2249; x_wconf 84' lang='lat' dir='ltr'>(Eccles.</span> <span class='ocrx_word' id='word_1_523' title='bbox 2431 2178 2593 2248; x_wconf 79' lang='lat' dir='ltr'>XLIII)</span> <span class='ocrx_word' id='word_1_524' title='bbox 2619 2195 2631 2244; x_wconf 90' lang='lat'><strong>;</strong></span> <span class='ocrx_word' id='word_1_525' title='bbox 2664 2183 2721 2232; x_wconf 90' lang='lat' dir='ltr'>et</span> <span class='ocrx_word' id='word_1_526' title='bbox 2750 2178 2809 2230; x_wconf 90' lang='lat' dir='ltr'>in</span> <span class='ocrx_word' id='word_1_527' title='bbox 2842 2176 3115 2243; x_wconf 88' lang='lat' dir='ltr'>Jeremia,</span> <span class='ocrx_word' id='word_1_528' title='bbox 3149 2175 3264 2231; x_wconf 90' lang='lat' dir='ltr'>olla</span> <span class='ocrx_word' id='word_1_529' title='bbox 3293 2172 3394 2229; x_wconf 92' lang='lat' dir='ltr'>illa</span> <span class='ocrx_word' id='word_1_530' title='bbox 3411 2174 3586 2229; x_wconf 88' lang='lat' dir='ltr'>terri-</span> 
     </span>
    </p>
   </div>
   <div class='ocr_carea' id='block_1_67' title="bbox 1937 2262 3583 2336">
    <p class='ocr_par' dir='ltr' id='par_1_67' title="bbox 1937 2262 3583 2336">
     <span class='ocr_line' id='line_1_67' title="bbox 1937 2262 3583 2336; baseline -0.003 -15"><span class='ocrx_word' id='word_1_531' title='bbox 1937 2266 2073 2321; x_wconf 88' lang='lat' dir='ltr'>bilis</span> <span class='ocrx_word' id='word_1_532' title='bbox 2104 2283 2137 2321; x_wconf 91' lang='lat' dir='ltr'>a</span> <span class='ocrx_word' id='word_1_533' title='bbox 2167 2266 2308 2321; x_wconf 88' lang='lat' dir='ltr'>facie</span> <span class='ocrx_word' id='word_1_534' title='bbox 2329 2265 2636 2336; x_wconf 85' lang='lat' dir='ltr'>Aquilonis</span> <span class='ocrx_word' id='word_1_535' title='bbox 2660 2264 3000 2321; x_wconf 89' lang='lat' dir='ltr'>accenditur</span> <span class='ocrx_word' id='word_1_536' title='bbox 3025 2266 3246 2331; x_wconf 79' lang='lat' dir='ltr'>(Jerem.</span> <span class='ocrx_word' id='word_1_537' title='bbox 3271 2264 3332 2335; x_wconf 90' lang='lat'>1).</span> <span class='ocrx_word' id='word_1_538' title='bbox 3357 2262 3583 2319; x_wconf 90' lang='lat' dir='ltr'>Nubem</span> 
     </span>
    </p>
   </div>
   <div class='ocr_carea' id='block_1_68' title="bbox 1937 2342 3587 2426">
    <p class='ocr_par' dir='ltr' id='par_1_68' title="bbox 1937 2342 3587 2426">
     <span class='ocr_line' id='line_1_68' title="bbox 1937 2342 3587 2426; baseline -0.003 -17"><span class='ocrx_word' id='word_1_539' title='bbox 1937 2371 2167 2426; x_wconf 92' lang='lat' dir='ltr'>quoque</span> <span class='ocrx_word' id='word_1_540' title='bbox 2199 2369 2471 2424; x_wconf 85' lang='lat' dir='ltr'>magnam</span> <span class='ocrx_word' id='word_1_541' title='bbox 2495 2353 2565 2408; x_wconf 88' lang='lat' dir='ltr'>ad</span> <span class='ocrx_word' id='word_1_542' title='bbox 2595 2370 2903 2419; x_wconf 87' lang='lat' dir='ltr'>personam</span> <span class='ocrx_word' id='word_1_543' title='bbox 2935 2352 3147 2408; x_wconf 79' lang='lat' dir='ltr'>Christi</span> <span class='ocrx_word' id='word_1_544' title='bbox 3180 2351 3460 2417; x_wconf 86' lang='lat' dir='ltr'>referunt,</span> <span class='ocrx_word' id='word_1_545' title='bbox 3484 2342 3587 2421; x_wconf 85' lang='lat' dir='ltr'>qui</span> 
     </span>
    </p>
   </div>
   <div class='ocr_carea' id='block_1_69' title="bbox 1937 2438 3585 2514">
    <p class='ocr_par' dir='ltr' id='par_1_69' title="bbox 1937 2438 3585 2514">
     <span class='ocr_line' id='line_1_69' title="bbox 1937 2438 3585 2514; baseline -0.002 -19"><span class='ocrx_word' id='word_1_546' title='bbox 1937 2444 2094 2497; x_wconf 88' lang='lat' dir='ltr'>venit</span> <span class='ocrx_word' id='word_1_547' title='bbox 2114 2441 2172 2496; x_wconf 93' lang='lat' dir='ltr'>in</span> <span class='ocrx_word' id='word_1_548' title='bbox 2194 2442 2502 2514; x_wconf 64' lang='lat' dir='ltr'>Egyptum</span> <span class='ocrx_word' id='word_1_549' title='bbox 2516 2441 2696 2511; x_wconf 87' lang='lat' dir='ltr'>hujus</span> <span class='ocrx_word' id='word_1_550' title='bbox 2713 2441 2912 2497; x_wconf 81' lang='lat' dir='ltr'>saeculi</span> <span class='ocrx_word' id='word_1_551' title='bbox 2935 2457 3114 2511; x_wconf 89' lang='lat' dir='ltr'>super</span> <span class='ocrx_word' id='word_1_552' title='bbox 3128 2441 3345 2495; x_wconf 88' lang='lat' dir='ltr'>nubem</span> <span class='ocrx_word' id='word_1_553' title='bbox 3364 2438 3546 2494; x_wconf 88' lang='lat' dir='ltr'>levem</span> <span class='ocrx_word' id='word_1_554' title='bbox 3571 2452 3585 2491; x_wconf 86' lang='lat'><strong>:</strong></span> 
     </span>
    </p>
   </div>
   <div class='ocr_carea' id='block_1_70' title="bbox 1940 2526 3592 2602">
    <p class='ocr_par' dir='ltr' id='par_1_70' title="bbox 1940 2526 3592 2602">
     <span class='ocr_line' id='line_1_70' title="bbox 1940 2526 3592 2602; baseline -0.003 -16"><span class='ocrx_word' id='word_1_555' title='bbox 1940 2545 2333 2602; x_wconf 86' lang='lat' dir='ltr'>magnamque</span> <span class='ocrx_word' id='word_1_556' title='bbox 2366 2530 2597 2601; x_wconf 89' lang='lat' dir='ltr'>proprie</span> <span class='ocrx_word' id='word_1_557' title='bbox 2627 2529 2737 2584; x_wconf 92' lang='lat' dir='ltr'>dici</span> <span class='ocrx_word' id='word_1_558' title='bbox 2781 2530 2851 2584; x_wconf 91' lang='lat' dir='ltr'>ad</span> <span class='ocrx_word' id='word_1_559' title='bbox 2879 2527 3374 2601; x_wconf 87' lang='lat' dir='ltr'>comparationem</span> <span class='ocrx_word' id='word_1_560' title='bbox 3408 2526 3592 2581; x_wconf 91' lang='lat' dir='ltr'>mino-</span> 
     </span>
    </p>
   </div>
   <div class='ocr_carea' id='block_1_71' title="bbox 1941 2615 3590 2690">
    <p class='ocr_par' dir='ltr' id='par_1_71' title="bbox 1941 2615 3590 2690">
     <span class='ocr_line' id='line_1_71' title="bbox 1941 2615 3590 2690; baseline -0.003 -17"><span class='ocrx_word' id='word_1_561' title='bbox 1941 2636 2094 2685; x_wconf 89' lang='lat' dir='ltr'>rum,</span> <span class='ocrx_word' id='word_1_562' title='bbox 2137 2618 2552 2690; x_wconf 86' lang='lat' dir='ltr'>prophetarum</span> <span class='ocrx_word' id='word_1_563' title='bbox 2596 2617 2884 2687; x_wconf 85' lang='lat' dir='ltr'>videlicet,</span> <span class='ocrx_word' id='word_1_564' title='bbox 2932 2622 2989 2671; x_wconf 88' lang='lat' dir='ltr'>et</span> <span class='ocrx_word' id='word_1_565' title='bbox 3034 2615 3431 2688; x_wconf 86' lang='lat' dir='ltr'>apostolorum</span> <span class='ocrx_word' id='word_1_566' title='bbox 3463 2629 3590 2669; x_wconf 89' lang='lat' dir='ltr'>om-</span> 
     </span>
    </p>
   </div>
   <div class='ocr_carea' id='block_1_72' title="bbox 1940 2703 3591 2776">
    <p class='ocr_par' dir='ltr' id='par_1_72' title="bbox 1940 2703 3591 2776">
     <span class='ocr_line' id='line_1_72' title="bbox 1940 2703 3591 2776; baseline -0.002 -16"><span class='ocrx_word' id='word_1_567' title='bbox 1940 2705 2222 2776; x_wconf 88' lang='lat' dir='ltr'>niumque</span> <span class='ocrx_word' id='word_1_568' title='bbox 2244 2709 2601 2771; x_wconf 86' lang='lat' dir='ltr'>sanctorum,</span> <span class='ocrx_word' id='word_1_569' title='bbox 2628 2706 2699 2759; x_wconf 92' lang='lat' dir='ltr'>de</span> <span class='ocrx_word' id='word_1_570' title='bbox 2723 2705 2936 2776; x_wconf 87' lang='lat' dir='ltr'>quibus</span> <span class='ocrx_word' id='word_1_571' title='bbox 2959 2704 3244 2774; x_wconf 85' lang='lat' dir='ltr'>scriptum</span> <span class='ocrx_word' id='word_1_572' title='bbox 3270 2707 3394 2757; x_wconf 89' lang='lat' dir='ltr'>est:</span> <span class='ocrx_word' id='word_1_573' title='bbox 3421 2703 3484 2756; x_wconf 84' lang='lat' dir='ltr'>Et</span> <span class='ocrx_word' id='word_1_574' title='bbox 3501 2716 3591 2757; x_wconf 89' lang='lat' dir='ltr'>ve-</span> 
     </span>
    </p>
   </div>
   <div class='ocr_carea' id='block_1_73' title="bbox 1940 2791 3590 2863">
    <p class='ocr_par' dir='ltr' id='par_1_73' title="bbox 1940 2791 3590 2863">
     <span class='ocr_line' id='line_1_73' title="bbox 1940 2791 3590 2863; baseline -0.001 -15"><span class='ocrx_word' id='word_1_575' title='bbox 1940 2796 2077 2848; x_wconf 86' lang='lat' dir='ltr'>ritas</span> <span class='ocrx_word' id='word_1_576' title='bbox 2106 2798 2203 2848; x_wconf 84' lang='lat' dir='ltr'>tua</span> <span class='ocrx_word' id='word_1_577' title='bbox 2235 2808 2404 2862; x_wconf 77' lang='lat' dir='ltr'>usque</span> <span class='ocrx_word' id='word_1_578' title='bbox 2430 2792 2501 2847; x_wconf 86' lang='lat' dir='ltr'>ad</span> <span class='ocrx_word' id='word_1_579' title='bbox 2529 2794 2697 2847; x_wconf 86' lang='lat' dir='ltr'>nubes</span> <span class='ocrx_word' id='word_1_580' title='bbox 2728 2794 2838 2863; x_wconf 86' lang='lat' dir='ltr'>(Ps.</span> <span class='ocrx_word' id='word_1_581' title='bbox 2870 2809 3039 2859; x_wconf 83' lang='lat' dir='ltr'>xxxv,</span> <span class='ocrx_word' id='word_1_582' title='bbox 3071 2794 3127 2861; x_wconf 89' lang='lat'>6)</span> <span class='ocrx_word' id='word_1_583' title='bbox 3154 2809 3166 2859; x_wconf 93' lang='lat'><strong>;</strong></span> <span class='ocrx_word' id='word_1_584' title='bbox 3191 2797 3247 2846; x_wconf 88' lang='lat' dir='ltr'>et</span> <span class='ocrx_word' id='word_1_585' title='bbox 3273 2807 3285 2846; x_wconf 92' lang='lat'><strong>:</strong></span> <span class='ocrx_word' id='word_1_586' title='bbox 3312 2791 3590 2847; x_wconf 83' lang='lat' dir='ltr'>Mandabo</span> 
     </span>
    </p>
   </div>
   <div class='ocr_carea' id='block_1_74' title="bbox 1939 2880 3588 2952">
    <p class='ocr_par' dir='ltr' id='par_1_74' title="bbox 1939 2880 3588 2952">
     <span class='ocr_line' id='line_1_74' title="bbox 1939 2880 3588 2952; baseline -0.001 -15"><span class='ocrx_word' id='word_1_587' title='bbox 1939 2882 2180 2937; x_wconf 83' lang='lat' dir='ltr'>nubibus</span> <span class='ocrx_word' id='word_1_588' title='bbox 2206 2897 2274 2935; x_wconf 89' lang='lat' dir='ltr'>ne</span> <span class='ocrx_word' id='word_1_589' title='bbox 2304 2882 2504 2952; x_wconf 86' lang='lat' dir='ltr'>pluant</span> <span class='ocrx_word' id='word_1_590' title='bbox 2550 2897 2715 2951; x_wconf 84' lang='lat' dir='ltr'>super</span> <span class='ocrx_word' id='word_1_591' title='bbox 2750 2881 2919 2936; x_wconf 85' lang='lat' dir='ltr'>Israel</span> <span class='ocrx_word' id='word_1_592' title='bbox 2963 2881 3192 2936; x_wconf 87' lang='lat' dir='ltr'>imbrem</span> <span class='ocrx_word' id='word_1_593' title='bbox 3222 2882 3372 2951; x_wconf 89' lang='lat' dir='ltr'>(Isai.</span> <span class='ocrx_word' id='word_1_594' title='bbox 3404 2898 3464 2948; x_wconf 91' lang='lat' dir='ltr'>v,</span> <span class='ocrx_word' id='word_1_595' title='bbox 3492 2880 3588 2951; x_wconf 86' lang='lat'>6);</span> 
     </span>
    </p>
   </div>
   <div class='ocr_carea' id='block_1_75' title="bbox 1942 2969 3594 3040">
    <p class='ocr_par' dir='ltr' id='par_1_75' title="bbox 1942 2969 3594 3040">
     <span class='ocr_line' id='line_1_75' title="bbox 1942 2969 3594 3040; baseline -0.002 -14"><span class='ocrx_word' id='word_1_596' title='bbox 1942 2974 1999 3026; x_wconf 91' lang='lat' dir='ltr'>et</span> <span class='ocrx_word' id='word_1_597' title='bbox 2027 2969 2164 3024; x_wconf 90' lang='lat' dir='ltr'>alibi</span> <span class='ocrx_word' id='word_1_598' title='bbox 2201 2987 2213 3025; x_wconf 90' lang='lat'><strong>:</strong></span> <span class='ocrx_word' id='word_1_599' title='bbox 2248 2970 2421 3025; x_wconf 70' lang='lat' dir='ltr'>Nubes</span> <span class='ocrx_word' id='word_1_600' title='bbox 2447 2971 2634 3040; x_wconf 85' lang='lat' dir='ltr'>pulvis</span> <span class='ocrx_word' id='word_1_601' title='bbox 2681 2969 2881 3040; x_wconf 87' lang='lat' dir='ltr'>pedum</span> <span class='ocrx_word' id='word_1_602' title='bbox 2927 2970 3044 3040; x_wconf 86' lang='lat' dir='ltr'>ejus</span> <span class='ocrx_word' id='word_1_603' title='bbox 3092 2970 3292 3040; x_wconf 86' lang='lat' dir='ltr'>(Naum</span> <span class='ocrx_word' id='word_1_604' title='bbox 3341 2987 3379 3035; x_wconf 86' lang='lat'>1,</span> <span class='ocrx_word' id='word_1_605' title='bbox 3408 2969 3503 3039; x_wconf 82' lang='lat'>3);</span> <span class='ocrx_word' id='word_1_606' title='bbox 3535 2970 3594 3024; x_wconf 90' lang='lat' dir='ltr'>et</span> 
     </span>
    </p>
   </div>
   <div class='ocr_carea' id='block_1_76' title="bbox 1942 3056 3587 3129">
    <p class='ocr_par' dir='ltr' id='par_1_76' title="bbox 1942 3056 3587 3129">
     <span class='ocr_line' id='line_1_76' title="bbox 1942 3056 3587 3129; baseline 0 -17"><span class='ocrx_word' id='word_1_607' title='bbox 1942 3058 2188 3114; x_wconf 90' lang='lat' dir='ltr'>iterum:</span> <span class='ocrx_word' id='word_1_608' title='bbox 2222 3060 2397 3113; x_wconf 83' lang='lat' dir='ltr'>Nubes</span> <span class='ocrx_word' id='word_1_609' title='bbox 2426 3066 2477 3113; x_wconf 89' lang='lat' dir='ltr'>et</span> <span class='ocrx_word' id='word_1_610' title='bbox 2520 3059 2694 3129; x_wconf 88' lang='lat' dir='ltr'>caligo</span> <span class='ocrx_word' id='word_1_611' title='bbox 2743 3060 2802 3113; x_wconf 88' lang='lat' dir='ltr'>in</span> <span class='ocrx_word' id='word_1_612' title='bbox 2829 3059 3068 3113; x_wconf 85' lang='lat' dir='ltr'>circuitu</span> <span class='ocrx_word' id='word_1_613' title='bbox 3098 3056 3261 3112; x_wconf 88' lang='lat' dir='ltr'>illius</span> <span class='ocrx_word' id='word_1_614' title='bbox 3292 3058 3403 3128; x_wconf 91' lang='lat' dir='ltr'>(Ps.</span> <span class='ocrx_word' id='word_1_615' title='bbox 3436 3073 3587 3126; x_wconf 75' lang='lat' dir='ltr'>xcvr,</span> 
     </span>
    </p>
   </div>
   <div class='ocr_carea' id='block_1_77' title="bbox 1942 3143 3588 3216">
    <p class='ocr_par' dir='ltr' id='par_1_77' title="bbox 1942 3143 3588 3216">
     <span class='ocr_line' id='line_1_77' title="bbox 1942 3143 3588 3216; baseline -0.001 -17"><span class='ocrx_word' id='word_1_616' title='bbox 1942 3145 2020 3216; x_wconf 88' lang='lat'>2).</span> <span class='ocrx_word' id='word_1_617' title='bbox 2056 3147 2253 3216; x_wconf 86' lang='lat' dir='ltr'>Ignem</span> <span class='ocrx_word' id='word_1_618' title='bbox 2285 3161 2518 3216; x_wconf 90' lang='lat' dir='ltr'>quoque</span> <span class='ocrx_word' id='word_1_619' title='bbox 2549 3145 2860 3203; x_wconf 83' lang='lat' dir='ltr'>micantem</span> <span class='ocrx_word' id='word_1_620' title='bbox 2895 3149 2951 3200; x_wconf 88' lang='lat' dir='ltr'>et</span> <span class='ocrx_word' id='word_1_621' title='bbox 2986 3143 3356 3216; x_wconf 89' lang='lat' dir='ltr'>splendorem</span> <span class='ocrx_word' id='word_1_622' title='bbox 3386 3144 3445 3199; x_wconf 88' lang='lat' dir='ltr'>in</span> <span class='ocrx_word' id='word_1_623' title='bbox 3477 3145 3588 3198; x_wconf 89' lang='lat' dir='ltr'>cir-</span> 
     </span>
    </p>
   </div>
   <div class='ocr_carea' id='block_1_78' title="bbox 1860 3217 3587 3305">
    <p class='ocr_par' dir='ltr' id='par_1_78' title="bbox 1860 3217 3587 3305">
     <span class='ocr_line' id='line_1_78' title="bbox 1860 3217 3587 3305; baseline 0.002 -21"><span class='ocrx_word' id='word_1_624' title='bbox 1860 3217 1903 3284; x_wconf 86' lang='lat' dir='ltr'>C</span> <span class='ocrx_word' id='word_1_625' title='bbox 1942 3234 2099 3289; x_wconf 87' lang='lat' dir='ltr'>cuitu</span> <span class='ocrx_word' id='word_1_626' title='bbox 2118 3234 2166 3305; x_wconf 90' lang='lat' dir='ltr'>ej</span> <span class='ocrx_word' id='word_1_627' title='bbox 2178 3233 2599 3304; x_wconf 71' lang='lat' dir='ltr'>us,juxtaillud</span> <span class='ocrx_word' id='word_1_628' title='bbox 2629 3233 2809 3305; x_wconf 87' lang='lat' dir='ltr'>accipi</span> <span class='ocrx_word' id='word_1_629' title='bbox 2828 3233 2983 3305; x_wconf 83' lang='lat' dir='ltr'>quod</span> <span class='ocrx_word' id='word_1_630' title='bbox 3003 3233 3287 3304; x_wconf 88' lang='lat' dir='ltr'>scriptum</span> <span class='ocrx_word' id='word_1_631' title='bbox 3308 3236 3427 3288; x_wconf 88' lang='lat' dir='ltr'>est:</span> <span class='ocrx_word' id='word_1_632' title='bbox 3447 3234 3587 3288; x_wconf 82' lang='lat' dir='ltr'>Deus</span> 
     </span>
    </p>
   </div>
   <div class='ocr_carea' id='block_1_79' title="bbox 1942 3320 3585 3393">
    <p class='ocr_par' dir='ltr' id='par_1_79' title="bbox 1942 3320 3585 3393">
     <span class='ocr_line' id='line_1_79' title="bbox 1942 3320 3585 3393; baseline 0 -17"><span class='ocrx_word' id='word_1_633' title='bbox 1942 3324 2086 3393; x_wconf 87' lang='lat' dir='ltr'>ignis</span> <span class='ocrx_word' id='word_1_634' title='bbox 2113 3338 2437 3379; x_wconf 80' lang='lat' dir='ltr'>consumens</span> <span class='ocrx_word' id='word_1_635' title='bbox 2467 3330 2545 3377; x_wconf 88' lang='lat' dir='ltr'>est</span> <span class='ocrx_word' id='word_1_636' title='bbox 2575 3323 2746 3393; x_wconf 84' lang='lat' dir='ltr'>(Deut.</span> <span class='ocrx_word' id='word_1_637' title='bbox 2786 3340 2859 3390; x_wconf 85' lang='grc' dir='ltr'>ιν,</span> <span class='ocrx_word' id='word_1_638' title='bbox 2886 3323 2998 3393; x_wconf 78' lang='grc'>24).</span> <span class='ocrx_word' id='word_1_639' title='bbox 3032 3321 3120 3376; x_wconf 85' lang='lat' dir='ltr'>Ad</span> <span class='ocrx_word' id='word_1_640' title='bbox 3147 3337 3321 3392; x_wconf 88' lang='lat' dir='ltr'>quem</span> <span class='ocrx_word' id='word_1_641' title='bbox 3346 3320 3585 3376; x_wconf 87' lang='lat' dir='ltr'>mitten-</span> 
     </span>
    </p>
   </div>
   <div class='ocr_carea' id='block_1_80' title="bbox 1939 3407 3585 3482">
    <p class='ocr_par' dir='ltr' id='par_1_80' title="bbox 1939 3407 3585 3482">
     <span class='ocr_line' id='line_1_80' title="bbox 1939 3407 3585 3482; baseline -0.002 -17"><span class='ocrx_word' id='word_1_642' title='bbox 1939 3411 2081 3465; x_wconf 91' lang='lat' dir='ltr'>dum</span> <span class='ocrx_word' id='word_1_643' title='bbox 2115 3426 2293 3482; x_wconf 91' lang='lat' dir='ltr'>super</span> <span class='ocrx_word' id='word_1_644' title='bbox 2320 3416 2535 3465; x_wconf 88' lang='lat' dir='ltr'>terram</span> <span class='ocrx_word' id='word_1_645' title='bbox 2568 3410 2831 3465; x_wconf 89' lang='lat' dir='ltr'>Salvator</span> <span class='ocrx_word' id='word_1_646' title='bbox 2866 3409 3098 3465; x_wconf 85' lang='lat' dir='ltr'>venisse</span> <span class='ocrx_word' id='word_1_647' title='bbox 3140 3425 3203 3465; x_wconf 87' lang='lat' dir='ltr'>se</span> <span class='ocrx_word' id='word_1_648' title='bbox 3248 3408 3409 3475; x_wconf 91' lang='lat' dir='ltr'>dicit,</span> <span class='ocrx_word' id='word_1_649' title='bbox 3440 3412 3498 3463; x_wconf 90' lang='lat' dir='ltr'>et</span> <span class='ocrx_word' id='word_1_650' title='bbox 3525 3407 3585 3462; x_wconf 91' lang='lat' dir='ltr'>in</span> 
     </span>
    </p>
   </div>
   <div class='ocr_carea' id='block_1_81' title="bbox 1940 3497 3582 3569">
    <p class='ocr_par' dir='ltr' id='par_1_81' title="bbox 1940 3497 3582 3569">
     <span class='ocr_line' id='line_1_81' title="bbox 1940 3497 3582 3569; baseline -0.002 -15"><span class='ocrx_word' id='word_1_651' title='bbox 1940 3499 2111 3569; x_wconf 79' lang='lat' dir='ltr'>nobis</span> <span class='ocrx_word' id='word_1_652' title='bbox 2121 3498 2512 3569; x_wconf 88' lang='lat' dir='ltr'>omnibusque</span> <span class='ocrx_word' id='word_1_653' title='bbox 2525 3498 2898 3554; x_wconf 89' lang='lat' dir='ltr'>credentibus</span> <span class='ocrx_word' id='word_1_654' title='bbox 2911 3498 3114 3553; x_wconf 83' lang='lat' dir='ltr'>ardere</span> <span class='ocrx_word' id='word_1_655' title='bbox 3126 3497 3582 3569; x_wconf 87' lang='lat' dir='ltr'>desiderat(Luc.</span> 
     </span>
    </p>
   </div>
   <div class='ocr_carea' id='block_1_82' title="bbox 1936 3586 3585 3658">
    <p class='ocr_par' dir='ltr' id='par_1_82' title="bbox 1936 3586 3585 3658">
     <span class='ocr_line' id='line_1_82' title="bbox 1936 3586 3585 3658; baseline -0.001 -16"><span class='ocrx_word' id='word_1_656' title='bbox 1936 3588 2052 3658; x_wconf 82' lang='lat' dir='ltr'>x1);</span> <span class='ocrx_word' id='word_1_657' title='bbox 2087 3588 2186 3658; x_wconf 89' lang='lat' dir='ltr'>qui</span> <span class='ocrx_word' id='word_1_658' title='bbox 2217 3604 2349 3642; x_wconf 87' lang='lat' dir='ltr'>cum</span> <span class='ocrx_word' id='word_1_659' title='bbox 2391 3590 2669 3641; x_wconf 89' lang='lat' dir='ltr'>terrorem</span> <span class='ocrx_word' id='word_1_660' title='bbox 2725 3586 3127 3657; x_wconf 86' lang='lat' dir='ltr'>peccatoribus</span> <span class='ocrx_word' id='word_1_661' title='bbox 3174 3586 3384 3640; x_wconf 79' lang='lat' dir='ltr'>inferat</span> <span class='ocrx_word' id='word_1_662' title='bbox 3410 3590 3585 3657; x_wconf 87' lang='lat' dir='ltr'>atque</span> 
     </span>
    </p>
   </div>
   <div class='ocr_carea' id='block_1_83' title="bbox 1937 3673 3586 3748">
    <p class='ocr_par' dir='ltr' id='par_1_83' title="bbox 1937 3673 3586 3748">
     <span class='ocr_line' id='line_1_83' title="bbox 1937 3673 3586 3748; baseline -0.002 -16"><span class='ocrx_word' id='word_1_663' title='bbox 1937 3676 2243 3748; x_wconf 89' lang='lat' dir='ltr'>supplicia,</span> <span class='ocrx_word' id='word_1_664' title='bbox 2276 3680 2472 3730; x_wconf 89' lang='lat' dir='ltr'>tamen</span> <span class='ocrx_word' id='word_1_665' title='bbox 2494 3674 2804 3746; x_wconf 89' lang='lat' dir='ltr'>splendore</span> <span class='ocrx_word' id='word_1_666' title='bbox 2825 3675 3043 3741; x_wconf 88' lang='lat' dir='ltr'>rutilet,</span> <span class='ocrx_word' id='word_1_667' title='bbox 3067 3679 3125 3729; x_wconf 89' lang='lat' dir='ltr'>et</span> <span class='ocrx_word' id='word_1_668' title='bbox 3144 3674 3368 3729; x_wconf 89' lang='lat' dir='ltr'>lumine</span> <span class='ocrx_word' id='word_1_669' title='bbox 3389 3690 3455 3728; x_wconf 89' lang='lat' dir='ltr'>ac</span> <span class='ocrx_word' id='word_1_670' title='bbox 3478 3673 3586 3728; x_wconf 82' lang='lat' dir='ltr'>lul-</span> 
     </span>
    </p>
   </div>
   <div class='ocr_carea' id='block_1_84' title="bbox 1935 3762 3584 3836">
    <p class='ocr_par' dir='ltr' id='par_1_84' title="bbox 1935 3762 3584 3836">
     <span class='ocr_line' id='line_1_84' title="bbox 1935 3762 3584 3836; baseline 0 -18"><span class='ocrx_word' id='word_1_671' title='bbox 1935 3779 2072 3836; x_wconf 90' lang='lat' dir='ltr'>gore</span> <span class='ocrx_word' id='word_1_672' title='bbox 2102 3765 2179 3818; x_wconf 91' lang='lat' dir='ltr'>sit</span> <span class='ocrx_word' id='word_1_673' title='bbox 2208 3763 2437 3835; x_wconf 89' lang='lat' dir='ltr'>plenus.</span> <span class='ocrx_word' id='word_1_674' title='bbox 2471 3763 2692 3819; x_wconf 90' lang='lat' dir='ltr'>Idcirco</span> <span class='ocrx_word' id='word_1_675' title='bbox 2724 3779 2830 3818; x_wconf 91' lang='lat' dir='ltr'>nos</span> <span class='ocrx_word' id='word_1_676' title='bbox 2860 3779 3208 3835; x_wconf 84' lang='lat' dir='ltr'>excoquens,</span> <span class='ocrx_word' id='word_1_677' title='bbox 3236 3768 3298 3817; x_wconf 89' lang='lat' dir='ltr'>ut</span> <span class='ocrx_word' id='word_1_678' title='bbox 3320 3762 3482 3833; x_wconf 91' lang='lat' dir='ltr'>puris</span> <span class='ocrx_word' id='word_1_679' title='bbox 3501 3766 3584 3818; x_wconf 86' lang='lat' dir='ltr'>at-</span> 
     </span>
    </p>
   </div>
   <div class='ocr_carea' id='block_1_85' title="bbox 1935 3848 3423 3925">
    <p class='ocr_par' dir='ltr' id='par_1_85' title="bbox 1935 3848 3423 3925">
     <span class='ocr_line' id='line_1_85' title="bbox 1935 3848 3423 3925; baseline -0.001 -18"><span class='ocrx_word' id='word_1_680' title='bbox 1935 3869 2047 3924; x_wconf 89' lang='lat' dir='ltr'>que</span> <span class='ocrx_word' id='word_1_681' title='bbox 2080 3853 2342 3925; x_wconf 87' lang='lat' dir='ltr'>purgatis</span> <span class='ocrx_word' id='word_1_682' title='bbox 2363 3853 2590 3907; x_wconf 88' lang='lat' dir='ltr'>tribuat</span> <span class='ocrx_word' id='word_1_683' title='bbox 2618 3852 2859 3907; x_wconf 64' lang='lat' dir='ltr'>laetiora.</span> <span class='ocrx_word' id='word_1_684' title='bbox 3422 3848 3423 3851; x_wconf 49' lang='grc'><em>“</em></span> 
     </span>
    </p>
   </div>
   <div class='ocr_carea' id='block_1_86' title="bbox 2005 3940 3581 4012">
    <p class='ocr_par' dir='ltr' id='par_1_86' title="bbox 2005 3940 3581 4012">
     <span class='ocr_line' id='line_1_86' title="bbox 2005 3940 3581 4012; baseline 0.001 -20"><span class='ocrx_word' id='word_1_685' title='bbox 2005 3941 2190 4009; x_wconf 90' lang='lat' dir='ltr'>(Vers.</span> <span class='ocrx_word' id='word_1_686' title='bbox 2223 3942 2305 4011; x_wconf 86' lang='lat'>5.)</span> <span class='ocrx_word' id='word_1_687' title='bbox 2331 3943 2396 3995; x_wconf 85' lang='lat' dir='ltr'>Et</span> <span class='ocrx_word' id='word_1_688' title='bbox 2426 3943 2485 3995; x_wconf 87' lang='lat' dir='ltr'>in</span> <span class='ocrx_word' id='word_1_689' title='bbox 2514 3941 2694 3995; x_wconf 85' lang='lat' dir='ltr'>medio</span> <span class='ocrx_word' id='word_1_690' title='bbox 2724 3942 2841 4012; x_wconf 88' lang='lat' dir='ltr'>ejus</span> <span class='ocrx_word' id='word_1_691' title='bbox 2860 3940 3164 3996; x_wconf 83' lang='lat' dir='ltr'>similitudo</span> <span class='ocrx_word' id='word_1_692' title='bbox 3193 3942 3428 4010; x_wconf 86' lang='lat' dir='ltr'>quatuor</span> <span class='ocrx_word' id='word_1_693' title='bbox 3455 3942 3581 3994; x_wconf 87' lang='lat' dir='ltr'>ani-</span> 
     </span>
    </p>
   </div>
   <div class='ocr_carea' id='block_1_87' title="bbox 1932 4028 3583 4101">
    <p class='ocr_par' dir='ltr' id='par_1_87' title="bbox 1932 4028 3583 4101">
     <span class='ocr_line' id='line_1_87' title="bbox 1932 4028 3583 4101; baseline 0 -18"><span class='ocrx_word' id='word_1_694' title='bbox 1932 4032 2182 4092; x_wconf 86' lang='lat' dir='ltr'>malium,</span> <span class='ocrx_word' id='word_1_695' title='bbox 2215 4032 2270 4084; x_wconf 85' lang='lat' dir='ltr'>ei</span> <span class='ocrx_word' id='word_1_696' title='bbox 2303 4031 2393 4084; x_wconf 81' lang='lat' dir='ltr'>hic</span> <span class='ocrx_word' id='word_1_697' title='bbox 2411 4038 2660 4101; x_wconf 84' lang='lat' dir='ltr'>aspectus</span> <span class='ocrx_word' id='word_1_698' title='bbox 2686 4045 2875 4084; x_wconf 89' lang='lat' dir='ltr'>eorum</span> <span class='ocrx_word' id='word_1_699' title='bbox 2902 4045 2914 4082; x_wconf 91' lang='lat'><strong>:</strong></span> <span class='ocrx_word' id='word_1_700' title='bbox 2947 4028 3250 4085; x_wconf 83' lang='lat' dir='ltr'>similitudo</span> <span class='ocrx_word' id='word_1_701' title='bbox 3266 4028 3502 4083; x_wconf 84' lang='lat' dir='ltr'>hominis</span> <span class='ocrx_word' id='word_1_702' title='bbox 3521 4029 3583 4083; x_wconf 87' lang='lat' dir='ltr'>in</span> 
     </span>
    </p>
   </div>
   <div class='ocr_carea' id='block_1_88' title="bbox 1932 4115 3581 4188">
    <p class='ocr_par' dir='ltr' id='par_1_88' title="bbox 1932 4115 3581 4188">
     <span class='ocr_line' id='line_1_88' title="bbox 1932 4115 3581 4188; baseline 0 -17"><span class='ocrx_word' id='word_1_703' title='bbox 1932 4121 2028 4172; x_wconf 87' lang='lat' dir='ltr'>eis.</span> <span class='ocrx_word' id='word_1_704' title='bbox 2064 4118 2346 4188; x_wconf 87' lang='lat' dir='ltr'>Quodque</span> <span class='ocrx_word' id='word_1_705' title='bbox 2376 4117 2664 4188; x_wconf 86' lang='lat' dir='ltr'>sequitur,</span> <span class='ocrx_word' id='word_1_706' title='bbox 2698 4119 2760 4172; x_wconf 86' lang='lat' dir='ltr'>Et</span> <span class='ocrx_word' id='word_1_707' title='bbox 2787 4117 3045 4188; x_wconf 87' lang='lat' dir='ltr'>splendor</span> <span class='ocrx_word' id='word_1_708' title='bbox 3063 4119 3121 4171; x_wconf 88' lang='lat' dir='ltr'>in</span> <span class='ocrx_word' id='word_1_709' title='bbox 3147 4132 3226 4183; x_wconf 91' lang='lat' dir='ltr'>eo,</span> <span class='ocrx_word' id='word_1_710' title='bbox 3250 4115 3416 4171; x_wconf 90' lang='lat' dir='ltr'>obelo</span> <span class='ocrx_word' id='word_1_711' title='bbox 3437 4133 3581 4188; x_wconf 64' lang='lat' dir='ltr'>pra;-</span> 
     </span>
    </p>
   </div>
   <div class='ocr_carea' id='block_1_89' title="bbox 1931 4202 3582 4276">
    <p class='ocr_par' dir='ltr' id='par_1_89' title="bbox 1931 4202 3582 4276">
     <span class='ocr_line' id='line_1_89' title="bbox 1931 4202 3582 4276; baseline -0.002 -16"><span class='ocrx_word' id='word_1_712' title='bbox 1931 4205 2255 4260; x_wconf 89' lang='lat' dir='ltr'>notandum</span> <span class='ocrx_word' id='word_1_713' title='bbox 2286 4209 2394 4260; x_wconf 89' lang='lat' dir='ltr'>est.</span> <span class='ocrx_word' id='word_1_714' title='bbox 2422 4204 2544 4260; x_wconf 89' lang='lat' dir='ltr'>Nisi</span> <span class='ocrx_word' id='word_1_715' title='bbox 2566 4205 2893 4260; x_wconf 89' lang='lat' dir='ltr'>addidisset</span> <span class='ocrx_word' id='word_1_716' title='bbox 2919 4205 3235 4276; x_wconf 84' lang='lat' dir='ltr'>Scriptura,</span> <span class='ocrx_word' id='word_1_717' title='bbox 3260 4203 3461 4257; x_wconf 89' lang='lat' dir='ltr'>dicens</span> <span class='ocrx_word' id='word_1_718' title='bbox 3484 4218 3497 4258; x_wconf 90' lang='lat'><strong>:</strong></span> <span class='ocrx_word' id='word_1_719' title='bbox 3522 4202 3582 4257; x_wconf 87' lang='lat' dir='ltr'>Id</span> 
     </span>
    </p>
   </div>
   <div class='ocr_carea' id='block_1_90' title="bbox 1930 4290 3580 4365">
    <p class='ocr_par' dir='ltr' id='par_1_90' title="bbox 1930 4290 3580 4365">
     <span class='ocr_line' id='line_1_90' title="bbox 1930 4290 3580 4365; baseline -0.002 -17"><span class='ocrx_word' id='word_1_720' title='bbox 1930 4297 2034 4360; x_wconf 88' lang='lat' dir='ltr'>est,</span> <span class='ocrx_word' id='word_1_721' title='bbox 2064 4295 2131 4347; x_wconf 89' lang='lat' dir='ltr'>de</span> <span class='ocrx_word' id='word_1_722' title='bbox 2163 4293 2339 4347; x_wconf 88' lang='lat' dir='ltr'>medio</span> <span class='ocrx_word' id='word_1_723' title='bbox 2370 4295 2536 4364; x_wconf 86' lang='lat' dir='ltr'>ignis,</span> <span class='ocrx_word' id='word_1_724' title='bbox 2570 4298 2804 4365; x_wconf 88' lang='lat' dir='ltr'>propter</span> <span class='ocrx_word' id='word_1_725' title='bbox 2833 4291 3277 4364; x_wconf 88' lang='lat' dir='ltr'>ambiguitatem</span> <span class='ocrx_word' id='word_1_726' title='bbox 3308 4290 3469 4347; x_wconf 88' lang='lat' dir='ltr'>verbi</span> <span class='ocrx_word' id='word_1_727' title='bbox 3490 4307 3580 4347; x_wconf 85' lang='lat' dir='ltr'>er-</span> 
     </span>
    </p>
   </div>
   <div class='ocr_carea' id='block_1_91' title="bbox 1932 4378 3582 4453">
    <p class='ocr_par' dir='ltr' id='par_1_91' title="bbox 1932 4378 3582 4453">
     <span class='ocr_line' id='line_1_91' title="bbox 1932 4378 3582 4453; baseline 0.001 -18"><span class='ocrx_word' id='word_1_728' title='bbox 1932 4398 2062 4437; x_wconf 91' lang='lat' dir='ltr'>rare</span> <span class='ocrx_word' id='word_1_729' title='bbox 2082 4385 2548 4453; x_wconf 88' lang='lat' dir='ltr'>poteramus,aut</span> <span class='ocrx_word' id='word_1_730' title='bbox 2560 4386 2900 4453; x_wconf 89' lang='lat' dir='ltr'>putaremus</span> <span class='ocrx_word' id='word_1_731' title='bbox 2919 4378 3285 4452; x_wconf 88' lang='lat' dir='ltr'>speciem,vel</span> <span class='ocrx_word' id='word_1_732' title='bbox 3298 4378 3582 4436; x_wconf 88' lang='lat' dir='ltr'>visionem</span> 
     </span>
    </p>
   </div>
   <div class='ocr_carea' id='block_1_92' title="bbox 1930 4467 3580 4540">
    <p class='ocr_par' dir='ltr' id='par_1_92' title="bbox 1930 4467 3580 4540">
     <span class='ocr_line' id='line_1_92' title="bbox 1930 4467 3580 4540; baseline 0 -16"><span class='ocrx_word' id='word_1_733' title='bbox 1930 4468 2125 4525; x_wconf 88' lang='lat' dir='ltr'>electri</span> <span class='ocrx_word' id='word_1_734' title='bbox 2157 4485 2285 4524; x_wconf 87' lang='lat' dir='ltr'>esse</span> <span class='ocrx_word' id='word_1_735' title='bbox 2316 4468 2375 4523; x_wconf 92' lang='lat' dir='ltr'>in</span> <span class='ocrx_word' id='word_1_736' title='bbox 2408 4469 2600 4525; x_wconf 90' lang='lat' dir='ltr'>medio</span> <span class='ocrx_word' id='word_1_737' title='bbox 2641 4469 2815 4535; x_wconf 88' lang='lat' dir='ltr'>venti,</span> <span class='ocrx_word' id='word_1_738' title='bbox 2862 4467 2947 4524; x_wconf 89' lang='lat' dir='ltr'>vel</span> <span class='ocrx_word' id='word_1_739' title='bbox 2990 4467 3253 4540; x_wconf 89' lang='lat' dir='ltr'>spiritus.</span> <span class='ocrx_word' id='word_1_740' title='bbox 3291 4468 3438 4540; x_wconf 87' lang='lat' dir='ltr'>Ergo</span> <span class='ocrx_word' id='word_1_741' title='bbox 3469 4468 3580 4524; x_wconf 85' lang='lat' dir='ltr'>hoc</span> 
     </span>
    </p>
   </div>
   <div class='ocr_carea' id='block_1_93' title="bbox 172 4553 3578 4637">
    <p class='ocr_par' dir='ltr' id='par_1_93' title="bbox 172 4553 3578 4637">
     <span class='ocr_line' id='line_1_93' title="bbox 172 4553 3578 4637; baseline 0.001 -27"><span class='ocrx_word' id='word_1_742' title='bbox 172 4557 434 4621; x_wconf 87' lang='lat' dir='ltr'>ritus,vel</span> <span class='ocrx_word' id='word_1_743' title='bbox 455 4555 973 4623; x_wconf 64' lang='lat' dir='ltr'>anima,velventu._s</span> <span class='ocrx_word' id='word_1_744' title='bbox 991 4555 1290 4626; x_wconf 87' lang='lat' dir='ltr'>accipitur.</span> <span class='ocrx_word' id='word_1_745' title='bbox 1317 4553 1593 4626; x_wconf 86' lang='lat' dir='ltr'>Spiritus,</span> <span class='ocrx_word' id='word_1_746' title='bbox 1615 4558 1679 4608; x_wconf 90' lang='lat' dir='ltr'>ut</span> <span class='ocrx_word' id='word_1_747' title='bbox 1700 4554 1813 4608; x_wconf 90' lang='lat' dir='ltr'>ibi:</span> <span class='ocrx_word' id='word_1_748' title='bbox 1850 4574 1896 4637; x_wconf 85' lang='lat' dir='ltr'><strong>D</strong></span> <span class='ocrx_word' id='word_1_749' title='bbox 1931 4558 2326 4627; x_wconf 84' lang='lat' dir='ltr'>sentiendum,</span> <span class='ocrx_word' id='word_1_750' title='bbox 2369 4558 2523 4628; x_wconf 89' lang='lat' dir='ltr'>quod</span> <span class='ocrx_word' id='word_1_751' title='bbox 2555 4559 2611 4613; x_wconf 91' lang='lat' dir='ltr'>in</span> <span class='ocrx_word' id='word_1_752' title='bbox 2644 4557 2837 4613; x_wconf 87' lang='lat' dir='ltr'>medio</span> <span class='ocrx_word' id='word_1_753' title='bbox 2867 4557 3024 4628; x_wconf 87' lang='lat' dir='ltr'>ignis</span> <span class='ocrx_word' id='word_1_754' title='bbox 3061 4560 3578 4613; x_wconf 82' lang='lat' dir='ltr'>ettormentorum</span> 
     </span>
    </p>
   </div>
   <div class='ocr_carea' id='block_1_94' title="bbox 170 4643 1814 4716">
    <p class='ocr_par' dir='ltr' id='par_1_94' title="bbox 170 4643 1814 4716">
     <span class='ocr_line' id='line_1_94' title="bbox 170 4643 1814 4716; baseline -0.002 -17"><span class='ocrx_word' id='word_1_755' title='bbox 170 4646 369 4700; x_wconf 84' lang='lat' dir='ltr'>Emitte</span> <span class='ocrx_word' id='word_1_756' title='bbox 414 4647 674 4716; x_wconf 87' lang='lat' dir='ltr'>spiritum</span> <span class='ocrx_word' id='word_1_757' title='bbox 728 4652 882 4699; x_wconf 87' lang='lat' dir='ltr'>tuum</span> <span class='ocrx_word' id='word_1_758' title='bbox 939 4649 990 4699; x_wconf 91' lang='lat' dir='ltr'>et</span> <span class='ocrx_word' id='word_1_759' title='bbox 1043 4644 1373 4698; x_wconf 82' lang='lat' dir='ltr'>creabuutur</span> <span class='ocrx_word' id='word_1_760' title='bbox 1409 4643 1519 4710; x_wconf 85' lang='lat' dir='ltr'>(Ps.</span> <span class='ocrx_word' id='word_1_761' title='bbox 1553 4659 1674 4712; x_wconf 86' lang='lat' dir='ltr'>cm,</span> <span class='ocrx_word' id='word_1_762' title='bbox 1702 4643 1814 4712; x_wconf 89' lang='lat'>30).</span> 
     </span>
    </p>
   </div>
   <div class='ocr_carea' id='block_1_95' title="bbox 168 4731 1819 4804">
    <p class='ocr_par' dir='ltr' id='par_1_95' title="bbox 168 4731 1819 4804">
     <span class='ocr_line' id='line_1_95' title="bbox 168 4731 1819 4804; baseline -0.002 -16"><span class='ocrx_word' id='word_1_763' title='bbox 168 4734 381 4788; x_wconf 86' lang='lat' dir='ltr'>Anima</span> <span class='ocrx_word' id='word_1_764' title='bbox 406 4750 419 4788; x_wconf 90' lang='lat'><strong>:</strong></span> <span class='ocrx_word' id='word_1_765' title='bbox 439 4732 757 4804; x_wconf 87' lang='lat' dir='ltr'>Egredietur</span> <span class='ocrx_word' id='word_1_766' title='bbox 775 4735 1000 4804; x_wconf 87' lang='lat' dir='ltr'>spiritus</span> <span class='ocrx_word' id='word_1_767' title='bbox 1017 4733 1136 4802; x_wconf 83' lang='lat' dir='ltr'>ejus</span> <span class='ocrx_word' id='word_1_768' title='bbox 1146 4736 1196 4787; x_wconf 91' lang='lat' dir='ltr'>et</span> <span class='ocrx_word' id='word_1_769' title='bbox 1217 4735 1515 4786; x_wconf 86' lang='lat' dir='ltr'>revertetur</span> <span class='ocrx_word' id='word_1_770' title='bbox 1529 4731 1590 4785; x_wconf 84' lang='lat' dir='ltr'>in</span> <span class='ocrx_word' id='word_1_771' title='bbox 1609 4734 1819 4785; x_wconf 88' lang='lat' dir='ltr'>terram</span> 
     </span>
    </p>
   </div>
   <div class='ocr_carea' id='block_1_96' title="bbox 166 4820 1816 4892">
    <p class='ocr_par' dir='ltr' id='par_1_96' title="bbox 166 4820 1816 4892">
     <span class='ocr_line' id='line_1_96' title="bbox 166 4820 1816 4892; baseline -0.002 -15"><span class='ocrx_word' id='word_1_772' title='bbox 166 4838 326 4877; x_wconf 88' lang='lat' dir='ltr'>suam</span> <span class='ocrx_word' id='word_1_773' title='bbox 354 4823 463 4891; x_wconf 88' lang='lat' dir='ltr'>(Ps.</span> <span class='ocrx_word' id='word_1_774' title='bbox 499 4838 657 4891; x_wconf 76' lang='lat' dir='ltr'>CXLV,</span> <span class='ocrx_word' id='word_1_775' title='bbox 691 4823 765 4892; x_wconf 82' lang='grc'>4),</span> <span class='ocrx_word' id='word_1_776' title='bbox 813 4821 1071 4875; x_wconf 86' lang='lat' dir='ltr'>Ventus:</span> <span class='ocrx_word' id='word_1_777' title='bbox 1106 4822 1169 4874; x_wconf 89' lang='lat' dir='ltr'>In</span> <span class='ocrx_word' id='word_1_778' title='bbox 1217 4822 1418 4890; x_wconf 87' lang='lat' dir='ltr'>spiritu</span> <span class='ocrx_word' id='word_1_779' title='bbox 1464 4820 1539 4890; x_wconf 91' lang='lat' dir='ltr'>(a)</span> <span class='ocrx_word' id='word_1_780' title='bbox 1583 4820 1816 4874; x_wconf 87' lang='lat' dir='ltr'>violento</span> 
     </span>
    </p>
   </div>
   <div class='ocr_carea' id='block_1_97' title="bbox 166 4906 1815 4978">
    <p class='ocr_par' dir='ltr' id='par_1_97' title="bbox 166 4906 1815 4978">
     <span class='ocr_line' id='line_1_97' title="bbox 166 4906 1815 4978; baseline -0.001 -14"><span class='ocrx_word' id='word_1_781' title='bbox 166 4918 407 4965; x_wconf 83' lang='lat' dir='ltr'>conteres</span> <span class='ocrx_word' id='word_1_782' title='bbox 437 4927 602 4965; x_wconf 86' lang='lat' dir='ltr'>naves</span> <span class='ocrx_word' id='word_1_783' title='bbox 644 4911 857 4965; x_wconf 85' lang='lat' dir='ltr'>Tharsis</span> <span class='ocrx_word' id='word_1_784' title='bbox 884 4916 996 4978; x_wconf 80' lang='lat' dir='ltr'>(Ps.</span> <span class='ocrx_word' id='word_1_785' title='bbox 1028 4926 1204 4973; x_wconf 76' lang='lat' dir='ltr'>XLVII,</span> <span class='ocrx_word' id='word_1_786' title='bbox 1238 4909 1312 4977; x_wconf 80' lang='lat'>8).</span> <span class='ocrx_word' id='word_1_787' title='bbox 1353 4908 1423 4962; x_wconf 89' lang='lat' dir='ltr'>Et</span> <span class='ocrx_word' id='word_1_788' title='bbox 1452 4906 1591 4962; x_wconf 89' lang='lat' dir='ltr'>alibi</span> <span class='ocrx_word' id='word_1_789' title='bbox 1618 4925 1631 4961; x_wconf 76' lang='grc' dir='ltr'>ε</span> <span class='ocrx_word' id='word_1_790' title='bbox 1663 4911 1815 4977; x_wconf 86' lang='lat' dir='ltr'>Ignis</span> 
     </span>
    </p>
   </div>
   <div class='ocr_carea' id='block_1_98' title="bbox 166 4995 1815 5069">
    <p class='ocr_par' dir='ltr' id='par_1_98' title="bbox 166 4995 1815 5069">
     <span class='ocr_line' id='line_1_98' title="bbox 166 4995 1815 5069; baseline -0.001 -17"><span class='ocrx_word' id='word_1_791' title='bbox 166 5008 218 5052; x_wconf 84' lang='lat' dir='ltr'>et</span> <span class='ocrx_word' id='word_1_792' title='bbox 244 4999 496 5069; x_wconf 82' lang='lat' dir='ltr'>sulphur,</span> <span class='ocrx_word' id='word_1_793' title='bbox 525 5007 575 5053; x_wconf 89' lang='lat' dir='ltr'>et</span> <span class='ocrx_word' id='word_1_794' title='bbox 599 4999 829 5069; x_wconf 72' lang='lat' dir='ltr'>spiritus</span> <span class='ocrx_word' id='word_1_795' title='bbox 843 4998 1234 5069; x_wconf 85' lang='lat' dir='ltr'>procellarum,</span> <span class='ocrx_word' id='word_1_796' title='bbox 1256 5012 1394 5065; x_wconf 84' lang='lat' dir='ltr'>pars</span> <span class='ocrx_word' id='word_1_797' title='bbox 1414 4995 1606 5050; x_wconf 82' lang='lat' dir='ltr'>colicis</span> <span class='ocrx_word' id='word_1_798' title='bbox 1627 5012 1815 5051; x_wconf 86' lang='lat' dir='ltr'>eorum</span> 
     </span>
    </p>
   </div>
   <div class='ocr_carea' id='block_1_99' title="bbox 166 5084 1811 5158">
    <p class='ocr_par' dir='ltr' id='par_1_99' title="bbox 166 5084 1811 5158">
     <span class='ocr_line' id='line_1_99' title="bbox 166 5084 1811 5158; baseline -0.001 -17"><span class='ocrx_word' id='word_1_799' title='bbox 166 5087 283 5158; x_wconf 88' lang='lat' dir='ltr'>(Ps.</span> <span class='ocrx_word' id='word_1_800' title='bbox 314 5104 372 5149; x_wconf 84' lang='lat' dir='ltr'>x,</span> <span class='ocrx_word' id='word_1_801' title='bbox 400 5085 602 5157; x_wconf 89' lang='lat' dir='ltr'>7).Qui</span> <span class='ocrx_word' id='word_1_802' title='bbox 632 5092 871 5141; x_wconf 88' lang='lat' dir='ltr'>ventum</span> <span class='ocrx_word' id='word_1_803' title='bbox 893 5090 950 5140; x_wconf 91' lang='lat' dir='ltr'>et</span> <span class='ocrx_word' id='word_1_804' title='bbox 972 5086 1175 5140; x_wconf 85' lang='lat' dir='ltr'>flatum</span> <span class='ocrx_word' id='word_1_805' title='bbox 1208 5084 1569 5153; x_wconf 84' lang='lat' dir='ltr'>tempestatis</span> <span class='ocrx_word' id='word_1_806' title='bbox 1590 5084 1811 5154; x_wconf 86' lang='lat' dir='ltr'>legunt,</span> 
     </span>
    </p>
   </div>
   <div class='ocr_carea' id='block_1_100' title="bbox 167 5171 1814 5242">
    <p class='ocr_par' dir='ltr' id='par_1_100' title="bbox 167 5171 1814 5242">
     <span class='ocr_line' id='line_1_100' title="bbox 167 5171 1814 5242; baseline -0.002 -13"><span class='ocrx_word' id='word_1_807' title='bbox 167 5174 276 5229; x_wconf 89' lang='lat' dir='ltr'>hoc</span> <span class='ocrx_word' id='word_1_808' title='bbox 289 5174 576 5229; x_wconf 76' lang='lat' dir='ltr'>sentiunt:</span> <span class='ocrx_word' id='word_1_809' title='bbox 592 5173 739 5228; x_wconf 88' lang='lat' dir='ltr'>iram</span> <span class='ocrx_word' id='word_1_810' title='bbox 757 5179 815 5228; x_wconf 91' lang='lat' dir='ltr'>et</span> <span class='ocrx_word' id='word_1_811' title='bbox 836 5174 1089 5229; x_wconf 87' lang='lat' dir='ltr'>furorem</span> <span class='ocrx_word' id='word_1_812' title='bbox 1115 5171 1209 5226; x_wconf 87' lang='lat' dir='ltr'>Dei</span> <span class='ocrx_word' id='word_1_813' title='bbox 1235 5172 1429 5226; x_wconf 88' lang='lat' dir='ltr'>venire</span> <span class='ocrx_word' id='word_1_814' title='bbox 1449 5172 1518 5225; x_wconf 90' lang='lat' dir='ltr'>ab</span> <span class='ocrx_word' id='word_1_815' title='bbox 1542 5171 1814 5242; x_wconf 72' lang='lat' dir='ltr'>(1))Aqui-</span> 
     </span>
    </p>
   </div>
   <div class='ocr_carea' id='block_1_101' title="bbox 164 5258 1814 5331">
    <p class='ocr_par' dir='ltr' id='par_1_101' title="bbox 164 5258 1814 5331">
     <span class='ocr_line' id='line_1_101' title="bbox 164 5258 1814 5331; baseline 0 -15"><span class='ocrx_word' id='word_1_816' title='bbox 164 5261 314 5327; x_wconf 87' lang='lat' dir='ltr'>lone,</span> <span class='ocrx_word' id='word_1_817' title='bbox 352 5262 459 5317; x_wconf 93' lang='lat' dir='ltr'>hoc</span> <span class='ocrx_word' id='word_1_818' title='bbox 488 5267 579 5315; x_wconf 88' lang='lat' dir='ltr'>est</span> <span class='ocrx_word' id='word_1_819' title='bbox 626 5261 1178 5325; x_wconf 86' lang='lat' dir='ltr'>Nabuchodonosor,</span> <span class='ocrx_word' id='word_1_820' title='bbox 1231 5264 1287 5314; x_wconf 90' lang='lat' dir='ltr'>et</span> <span class='ocrx_word' id='word_1_821' title='bbox 1331 5258 1653 5313; x_wconf 87' lang='lat' dir='ltr'>Jerusalem</span> <span class='ocrx_word' id='word_1_822' title='bbox 1683 5265 1814 5331; x_wconf 89' lang='lat' dir='ltr'>post</span> 
     </span>
    </p>
   </div>
   <div class='ocr_carea' id='block_1_102' title="bbox 166 5346 1812 5420">
    <p class='ocr_par' dir='ltr' id='par_1_102' title="bbox 166 5346 1812 5420">
     <span class='ocr_line' id='line_1_102' title="bbox 166 5346 1812 5420; baseline -0.002 -14"><span class='ocrx_word' id='word_1_823' title='bbox 166 5367 266 5406; x_wconf 79' lang='lat' dir='ltr'>sex</span> <span class='ocrx_word' id='word_1_824' title='bbox 295 5367 480 5406; x_wconf 82' lang='lat' dir='ltr'>annos</span> <span class='ocrx_word' id='word_1_825' title='bbox 513 5351 688 5420; x_wconf 88' lang='lat' dir='ltr'>hujus</span> <span class='ocrx_word' id='word_1_826' title='bbox 718 5350 961 5404; x_wconf 88' lang='lat' dir='ltr'>visionis</span> <span class='ocrx_word' id='word_1_827' title='bbox 993 5365 1120 5404; x_wconf 89' lang='lat' dir='ltr'>esse</span> <span class='ocrx_word' id='word_1_828' title='bbox 1144 5347 1509 5418; x_wconf 86' lang='lat' dir='ltr'>capiendam.</span> <span class='ocrx_word' id='word_1_829' title='bbox 1542 5346 1812 5403; x_wconf 88' lang='lat' dir='ltr'>Cernitur</span> 
     </span>
    </p>
   </div>
   <div class='ocr_carea' id='block_1_103' title="bbox 237 5507 1802 5579">
    <p class='ocr_par' dir='ltr' id='par_1_103' title="bbox 237 5507 1802 5579">
     <span class='ocr_line' id='line_1_103' title="bbox 237 5507 1802 5579; baseline 0.001 -17"><span class='ocrx_word' id='word_1_830' title='bbox 237 5508 314 5579; x_wconf 87' lang='lat' dir='ltr'>(a)</span> <span class='ocrx_word' id='word_1_831' title='bbox 330 5507 442 5574; x_wconf 76' lang='lat' dir='ltr'>AL,</span> <span class='ocrx_word' id='word_1_832' title='bbox 466 5511 527 5563; x_wconf 88' lang='lat' dir='ltr'>In.</span> <span class='ocrx_word' id='word_1_833' title='bbox 545 5510 747 5578; x_wconf 86' lang='lat' dir='ltr'>spiritu</span> <span class='ocrx_word' id='word_1_834' title='bbox 792 5508 1094 5563; x_wconf 84' lang='lat' dir='ltr'>vehementi</span> <span class='ocrx_word' id='word_1_835' title='bbox 1112 5509 1461 5578; x_wconf 81' lang='lat' dir='ltr'>confringens</span> <span class='ocrx_word' id='word_1_836' title='bbox 1485 5524 1671 5574; x_wconf 85' lang='lat' dir='ltr'>naves,</span> <span class='ocrx_word' id='word_1_837' title='bbox 1695 5513 1802 5563; x_wconf 93' lang='lat' dir='ltr'>etc.</span> 
     </span>
    </p>
   </div>
   <div class='ocr_carea' id='block_1_104' title="bbox 238 5579 1801 5647">
    <p class='ocr_par' dir='ltr' id='par_1_104' title="bbox 238 5579 1801 5647">
     <span class='ocr_line' id='line_1_104' title="bbox 238 5579 1801 5647; baseline 0.001 -15"><span class='ocrx_word' id='word_1_838' title='bbox 238 5579 312 5644; x_wconf 71' lang='grc' dir='ltr'>(ὁ)</span> <span class='ocrx_word' id='word_1_839' title='bbox 346 5584 528 5634; x_wconf 81' lang='lat' dir='ltr'>Penes</span> <span class='ocrx_word' id='word_1_840' title='bbox 561 5581 802 5647; x_wconf 64' lang='lat' dir='ltr'>Haben,</span> <span class='ocrx_word' id='word_1_841' title='bbox 834 5581 1018 5635; x_wconf 85' lang='lat' dir='ltr'>venire</span> <span class='ocrx_word' id='word_1_842' title='bbox 1037 5596 1071 5632; x_wconf 89' lang='lat' dir='ltr'>a</span> <span class='ocrx_word' id='word_1_843' title='bbox 1094 5579 1386 5647; x_wconf 77' lang='lat' dir='ltr'>Babylone,</span> <span class='ocrx_word' id='word_1_844' title='bbox 1412 5579 1509 5633; x_wconf 85' lang='lat' dir='ltr'>hoc</span> <span class='ocrx_word' id='word_1_845' title='bbox 1528 5584 1603 5633; x_wconf 88' lang='lat' dir='ltr'>est</span> <span class='ocrx_word' id='word_1_846' title='bbox 1625 5580 1801 5635; x_wconf 86' lang='lat' dir='ltr'>Nabu-</span> 
     </span>
    </p>
   </div>
   <div class='ocr_carea' id='block_1_105' title="bbox 162 5651 652 5718">
    <p class='ocr_par' dir='ltr' id='par_1_105' title="bbox 162 5651 652 5718">
     <span class='ocr_line' id='line_1_105' title="bbox 162 5651 652 5718; baseline 0.002 -13"><span class='ocrx_word' id='word_1_847' title='bbox 162 5651 511 5718; x_wconf 83' lang='lat' dir='ltr'>chodonosor,</span> <span class='ocrx_word' id='word_1_848' title='bbox 544 5657 652 5707; x_wconf 90' lang='lat' dir='ltr'>etc.</span> 
     </span>
    </p>
   </div>
   <div class='ocr_carea' id='block_1_106' title="bbox 1926 4645 3581 4718">
    <p class='ocr_par' dir='ltr' id='par_1_106' title="bbox 1926 4645 3581 4718">
     <span class='ocr_line' id='line_1_106' title="bbox 1926 4645 3581 4718; baseline 0.002 -19"><span class='ocrx_word' id='word_1_849' title='bbox 1926 4645 2047 4711; x_wconf 92' lang='lat' dir='ltr'>Dei,</span> <span class='ocrx_word' id='word_1_850' title='bbox 2077 4647 2275 4701; x_wconf 89' lang='lat' dir='ltr'>electri</span> <span class='ocrx_word' id='word_1_851' title='bbox 2297 4645 2622 4701; x_wconf 90' lang='lat' dir='ltr'>similitudo</span> <span class='ocrx_word' id='word_1_852' title='bbox 2646 4645 2746 4713; x_wconf 90' lang='lat' dir='ltr'>sit,</span> <span class='ocrx_word' id='word_1_853' title='bbox 2772 4646 2927 4717; x_wconf 90' lang='lat' dir='ltr'>quod</span> <span class='ocrx_word' id='word_1_854' title='bbox 2949 4649 3041 4702; x_wconf 89' lang='lat' dir='ltr'>est</span> <span class='ocrx_word' id='word_1_855' title='bbox 3059 4662 3202 4701; x_wconf 91' lang='lat' dir='ltr'>auro</span> <span class='ocrx_word' id='word_1_856' title='bbox 3224 4650 3581 4718; x_wconf 87' lang='lat' dir='ltr'>argentoque</span> 
     </span>
    </p>
   </div>
   <div class='ocr_carea' id='block_1_107' title="bbox 1926 4734 3578 4806">
    <p class='ocr_par' dir='ltr' id='par_1_107' title="bbox 1926 4734 3578 4806">
     <span class='ocr_line' id='line_1_107' title="bbox 1926 4734 3578 4806; baseline -0.001 -17"><span class='ocrx_word' id='word_1_857' title='bbox 1926 4734 2275 4806; x_wconf 87' lang='lat' dir='ltr'>pretiosius;</span> <span class='ocrx_word' id='word_1_858' title='bbox 2307 4742 2369 4789; x_wconf 90' lang='lat' dir='ltr'>ut</span> <span class='ocrx_word' id='word_1_859' title='bbox 2402 4740 2532 4806; x_wconf 85' lang='lat' dir='ltr'>post</span> <span class='ocrx_word' id='word_1_860' title='bbox 2555 4734 2848 4805; x_wconf 86' lang='lat' dir='ltr'>judicium</span> <span class='ocrx_word' id='word_1_861' title='bbox 2883 4739 3060 4806; x_wconf 89' lang='lat' dir='ltr'>atque</span> <span class='ocrx_word' id='word_1_862' title='bbox 3106 4739 3418 4803; x_wconf 88' lang='lat' dir='ltr'>tormenta,</span> <span class='ocrx_word' id='word_1_863' title='bbox 3449 4750 3578 4805; x_wconf 68' lang='lat' dir='ltr'>qum</span> 
     </span>
    </p>
   </div>
   <div class='ocr_carea' id='block_1_108' title="bbox 1926 4821 3579 4894">
    <p class='ocr_par' dir='ltr' id='par_1_108' title="bbox 1926 4821 3579 4894">
     <span class='ocr_line' id='line_1_108' title="bbox 1926 4821 3579 4894; baseline 0 -16"><span class='ocrx_word' id='word_1_864' title='bbox 1926 4823 2284 4894; x_wconf 88' lang='lat' dir='ltr'>patientibus</span> <span class='ocrx_word' id='word_1_865' title='bbox 2313 4822 2504 4878; x_wconf 88' lang='lat' dir='ltr'>tristia</span> <span class='ocrx_word' id='word_1_866' title='bbox 2534 4823 2804 4878; x_wconf 90' lang='lat' dir='ltr'>videntur</span> <span class='ocrx_word' id='word_1_867' title='bbox 2833 4828 2891 4879; x_wconf 89' lang='lat' dir='ltr'>et</span> <span class='ocrx_word' id='word_1_868' title='bbox 2922 4825 3089 4893; x_wconf 90' lang='lat' dir='ltr'>dura,</span> <span class='ocrx_word' id='word_1_869' title='bbox 3132 4822 3441 4893; x_wconf 88' lang='lat' dir='ltr'>pretiosior</span> <span class='ocrx_word' id='word_1_870' title='bbox 3459 4821 3579 4878; x_wconf 87' lang='lat' dir='ltr'>ele-</span> 
     </span>
    </p>
   </div>
   <div class='ocr_carea' id='block_1_109' title="bbox 1924 4909 3576 4983">
    <p class='ocr_par' dir='ltr' id='par_1_109' title="bbox 1924 4909 3576 4983">
     <span class='ocr_line' id='line_1_109' title="bbox 1924 4909 3576 4983; baseline 0.001 -20"><span class='ocrx_word' id='word_1_871' title='bbox 1924 4910 2027 4964; x_wconf 89' lang='lat' dir='ltr'>ctri</span> <span class='ocrx_word' id='word_1_872' title='bbox 2054 4910 2244 4982; x_wconf 81' lang='lat' dir='ltr'>fulgor</span> <span class='ocrx_word' id='word_1_873' title='bbox 2264 4916 2559 4981; x_wconf 87' lang='lat' dir='ltr'>appareat.</span> <span class='ocrx_word' id='word_1_874' title='bbox 2584 4911 2725 4965; x_wconf 91' lang='lat' dir='ltr'>dum</span> <span class='ocrx_word' id='word_1_875' title='bbox 2750 4912 3110 4982; x_wconf 87' lang='lat' dir='ltr'>providentia</span> <span class='ocrx_word' id='word_1_876' title='bbox 3130 4909 3231 4965; x_wconf 89' lang='lat' dir='ltr'>Dei</span> <span class='ocrx_word' id='word_1_877' title='bbox 3248 4910 3449 4965; x_wconf 89' lang='lat' dir='ltr'>omnia</span> <span class='ocrx_word' id='word_1_878' title='bbox 3467 4926 3576 4983; x_wconf 88' lang='lat' dir='ltr'>gu-</span> 
     </span>
    </p>
   </div>
   <div class='ocr_carea' id='block_1_110' title="bbox 1925 4997 3447 5071">
    <p class='ocr_par' dir='ltr' id='par_1_110' title="bbox 1925 4997 3447 5071">
     <span class='ocr_line' id='line_1_110' title="bbox 1925 4997 3447 5071; baseline 0.001 -18"><span class='ocrx_word' id='word_1_879' title='bbox 1925 4998 2264 5064; x_wconf 86' lang='lat' dir='ltr'>bernantur,</span> <span class='ocrx_word' id='word_1_880' title='bbox 2287 5005 2346 5054; x_wconf 90' lang='lat' dir='ltr'>et</span> <span class='ocrx_word' id='word_1_881' title='bbox 2375 5015 2503 5069; x_wconf 72' lang='lat' dir='ltr'>qua:</span> <span class='ocrx_word' id='word_1_882' title='bbox 2531 5005 2986 5071; x_wconf 53' lang='lat' dir='ltr'>putaturvana,</span> <span class='ocrx_word' id='word_1_883' title='bbox 3019 4997 3310 5054; x_wconf 88' lang='lat' dir='ltr'>medicina</span> <span class='ocrx_word' id='word_1_884' title='bbox 3336 5003 3447 5054; x_wconf 89' lang='lat' dir='ltr'>est.</span> 
     </span>
    </p>
   </div>
   <div class='ocr_carea' id='block_1_111' title="bbox 1993 5087 3573 5159">
    <p class='ocr_par' dir='ltr' id='par_1_111' title="bbox 1993 5087 3573 5159">
     <span class='ocr_line' id='line_1_111' title="bbox 1993 5087 3573 5159; baseline 0 -19"><span class='ocrx_word' id='word_1_885' title='bbox 1993 5088 2179 5158; x_wconf 88' lang='lat' dir='ltr'>(Vers.</span> <span class='ocrx_word' id='word_1_886' title='bbox 2210 5090 2289 5158; x_wconf 86' lang='grc'>6.)</span> <span class='ocrx_word' id='word_1_887' title='bbox 2318 5089 2385 5142; x_wconf 84' lang='lat' dir='ltr'>Et</span> <span class='ocrx_word' id='word_1_888' title='bbox 2416 5090 2473 5142; x_wconf 61' lang='lat' dir='ltr'>in.</span> <span class='ocrx_word' id='word_1_889' title='bbox 2503 5089 2679 5143; x_wconf 86' lang='lat' dir='ltr'>medio</span> <span class='ocrx_word' id='word_1_890' title='bbox 2708 5090 2827 5159; x_wconf 88' lang='lat' dir='ltr'>ejus</span> <span class='ocrx_word' id='word_1_891' title='bbox 2853 5087 3161 5143; x_wconf 85' lang='lat' dir='ltr'>similitudo</span> <span class='ocrx_word' id='word_1_892' title='bbox 3190 5091 3427 5157; x_wconf 84' lang='lat' dir='ltr'>quatuor</span> <span class='ocrx_word' id='word_1_893' title='bbox 3453 5087 3573 5141; x_wconf 85' lang='lat' dir='ltr'>ani-</span> 
     </span>
    </p>
   </div>
   <div class='ocr_carea' id='block_1_112' title="bbox 1920 5175 3571 5247">
    <p class='ocr_par' dir='ltr' id='par_1_112' title="bbox 1920 5175 3571 5247">
     <span class='ocr_line' id='line_1_112' title="bbox 1920 5175 3571 5247; baseline -0.002 -17"><span class='ocrx_word' id='word_1_894' title='bbox 1920 5178 2172 5245; x_wconf 81' lang='lat' dir='ltr'>malium,</span> <span class='ocrx_word' id='word_1_895' title='bbox 2206 5181 2255 5231; x_wconf 90' lang='lat' dir='ltr'>et</span> <span class='ocrx_word' id='word_1_896' title='bbox 2288 5177 2376 5230; x_wconf 84' lang='lat' dir='ltr'>hic</span> <span class='ocrx_word' id='word_1_897' title='bbox 2403 5185 2644 5247; x_wconf 85' lang='lat' dir='ltr'>aspectus</span> <span class='ocrx_word' id='word_1_898' title='bbox 2672 5192 2863 5232; x_wconf 89' lang='lat' dir='ltr'>eorum</span> <span class='ocrx_word' id='word_1_899' title='bbox 2882 5194 2901 5230; x_wconf 89' lang='lat'><strong><em>:</em></strong></span> <span class='ocrx_word' id='word_1_900' title='bbox 2924 5175 3230 5231; x_wconf 84' lang='lat' dir='ltr'>similitudo</span> <span class='ocrx_word' id='word_1_901' title='bbox 3252 5176 3489 5231; x_wconf 83' lang='lat' dir='ltr'>hominis</span> <span class='ocrx_word' id='word_1_902' title='bbox 3510 5175 3571 5227; x_wconf 87' lang='lat' dir='ltr'>in</span> 
     </span>
    </p>
   </div>
   <div class='ocr_carea' id='block_1_113' title="bbox 1919 5259 3568 5335">
    <p class='ocr_par' dir='ltr' id='par_1_113' title="bbox 1919 5259 3568 5335">
     <span class='ocr_line' id='line_1_113' title="bbox 1919 5259 3568 5335; baseline -0.003 -15"><span class='ocrx_word' id='word_1_903' title='bbox 1919 5267 2014 5321; x_wconf 88' lang='lat' dir='ltr'>eis.</span> <span class='ocrx_word' id='word_1_904' title='bbox 2042 5267 2102 5319; x_wconf 89' lang='lat' dir='ltr'>In</span> <span class='ocrx_word' id='word_1_905' title='bbox 2136 5264 2322 5318; x_wconf 89' lang='lat' dir='ltr'>medio</span> <span class='ocrx_word' id='word_1_906' title='bbox 2353 5266 2502 5333; x_wconf 83' lang='lat' dir='ltr'>ejus,</span> <span class='ocrx_word' id='word_1_907' title='bbox 2538 5264 2891 5319; x_wconf 85' lang='lat' dir='ltr'>subauditur</span> <span class='ocrx_word' id='word_1_908' title='bbox 2920 5263 3180 5335; x_wconf 88' lang='lat' dir='ltr'>quidem,</span> <span class='ocrx_word' id='word_1_909' title='bbox 3206 5262 3441 5320; x_wconf 91' lang='lat' dir='ltr'>electri:</span> <span class='ocrx_word' id='word_1_910' title='bbox 3465 5259 3568 5316; x_wconf 88' lang='lat' dir='ltr'>sed</span> 
     </span>
    </p>
   </div>
   <div class='ocr_carea' id='block_1_114' title="bbox 1920 5350 3568 5425">
    <p class='ocr_par' dir='ltr' id='par_1_114' title="bbox 1920 5350 3568 5425">
     <span class='ocr_line' id='line_1_114' title="bbox 1920 5350 3568 5425; baseline -0.001 -17"><span class='ocrx_word' id='word_1_911' title='bbox 1920 5352 2131 5409; x_wconf 89' lang='lat' dir='ltr'>melius</span> <span class='ocrx_word' id='word_1_912' title='bbox 2148 5352 2417 5425; x_wconf 88' lang='lat' dir='ltr'>utignem</span> <span class='ocrx_word' id='word_1_913' title='bbox 2434 5350 2852 5423; x_wconf 89' lang='lat' dir='ltr'>intelligamus,</span> <span class='ocrx_word' id='word_1_914' title='bbox 2868 5352 3350 5424; x_wconf 88' lang='lat' dir='ltr'>quicredentibus</span> <span class='ocrx_word' id='word_1_915' title='bbox 3368 5350 3568 5406; x_wconf 88' lang='lat' dir='ltr'>lumen</span> 
     </span>
    </p>
   </div>
   <div class='ocr_carea' id='block_1_115' title="bbox 1986 5507 3570 5582">
    <p class='ocr_par' dir='ltr' id='par_1_115' title="bbox 1986 5507 3570 5582">
     <span class='ocr_line' id='line_1_115' title="bbox 1986 5507 3570 5582; baseline 0.001 -17"><span class='ocrx_word' id='word_1_916' title='bbox 1986 5512 2054 5580; x_wconf 88' lang='lat' dir='ltr'>(c)</span> <span class='ocrx_word' id='word_1_917' title='bbox 2089 5512 2212 5567; x_wconf 92' lang='lat' dir='ltr'>Duo</span> <span class='ocrx_word' id='word_1_918' title='bbox 2245 5528 2411 5579; x_wconf 91' lang='lat' dir='ltr'>mss.,</span> <span class='ocrx_word' id='word_1_919' title='bbox 2442 5518 2662 5582; x_wconf 88' lang='lat' dir='ltr'>propter</span> <span class='ocrx_word' id='word_1_920' title='bbox 2687 5513 2895 5580; x_wconf 82' lang='lat' dir='ltr'>ﬂumen</span> <span class='ocrx_word' id='word_1_921' title='bbox 2927 5510 3160 5578; x_wconf 80' lang='lat' dir='ltr'>Chobar,</span> <span class='ocrx_word' id='word_1_922' title='bbox 3193 5515 3302 5567; x_wconf 88' lang='lat' dir='ltr'>etc.</span> <span class='ocrx_word' id='word_1_923' title='bbox 3331 5507 3570 5566; x_wconf 88' lang='lat' dir='ltr'>Leviora</span> 
     </span>
    </p>
   </div>
   <div class='ocr_carea' id='block_1_116' title="bbox 1917 5582 2804 5653">
    <p class='ocr_par' dir='ltr' id='par_1_116' title="bbox 1917 5582 2804 5653">
     <span class='ocr_line' id='line_1_116' title="bbox 1917 5582 2804 5653; baseline -0.002 -16"><span class='ocrx_word' id='word_1_924' title='bbox 1917 5584 2182 5653; x_wconf 65' lang='lat' dir='ltr'>quaedam</span> <span class='ocrx_word' id='word_1_925' title='bbox 2218 5583 2369 5638; x_wconf 88' lang='lat' dir='ltr'>infra</span> <span class='ocrx_word' id='word_1_926' title='bbox 2398 5582 2804 5638; x_wconf 86' lang='lat' dir='ltr'>emendamus.</span> 
     </span>
    </p>
   </div>
  </div>
