  <div class='ocr_page' id='page_1' title='image "/cluster/home/n/w/nwhite01/storage/ocr_20150623/25/hvd.32044096580493/016.png"; bbox 0 0 4052 6180; ppageno 0'>
   <div class='ocr_carea' id='block_1_1' title="bbox 398 382 3805 465">
    <p class='ocr_par' dir='ltr' id='par_1_1' title="bbox 398 382 3805 465">
     <span class='ocr_line' id='line_1_1' title="bbox 398 382 3805 465; baseline -0.003 -2"><span class='ocrx_word' id='word_1_1' title='bbox 398 395 475 463; x_wconf 71' lang='lat' dir='ltr'>li</span> <span class='ocrx_word' id='word_1_2' title='bbox 1096 392 1846 465; x_wconf 76' lang='lat' dir='ltr'>COMMENTARIORUM</span> <span class='ocrx_word' id='word_1_3' title='bbox 1890 392 1971 460; x_wconf 86' lang='lat' dir='ltr'>IN</span> <span class='ocrx_word' id='word_1_4' title='bbox 2015 392 2513 461; x_wconf 82' lang='lat' dir='ltr'><strong>EZECHIELEM</strong></span> <span class='ocrx_word' id='word_1_5' title='bbox 2558 395 2706 462; x_wconf 82' lang='lat' dir='ltr'>LIB.</span> <span class='ocrx_word' id='word_1_6' title='bbox 2754 397 2801 461; x_wconf 86' lang='grc' dir='ltr'>ἰ.</span> <span class='ocrx_word' id='word_1_7' title='bbox 2849 392 3019 461; x_wconf 78' lang='lat' dir='ltr'>CAP.</span> <span class='ocrx_word' id='word_1_8' title='bbox 3064 390 3112 458; x_wconf 89' lang='grc' dir='ltr'><strong>Ῑ.</strong></span> <span class='ocrx_word' id='word_1_9' title='bbox 3725 382 3805 455; x_wconf 69' lang='grc'><strong>29</strong></span> 
     </span>
    </p>
   </div>
   <div class='ocr_carea' id='block_1_2' title="bbox 395 520 3805 608">
    <p class='ocr_par' dir='ltr' id='par_1_2' title="bbox 395 520 3805 608">
     <span class='ocr_line' id='line_1_2' title="bbox 395 520 3805 608; baseline -0.004 -16"><span class='ocrx_word' id='word_1_10' title='bbox 395 527 723 593; x_wconf 80' lang='lat' dir='ltr'>incredulis</span> <span class='ocrx_word' id='word_1_11' title='bbox 755 529 1113 607; x_wconf 86' lang='lat' dir='ltr'>supplicium</span> <span class='ocrx_word' id='word_1_12' title='bbox 1135 539 1243 591; x_wconf 90' lang='lat' dir='ltr'>est.</span> <span class='ocrx_word' id='word_1_13' title='bbox 1270 536 1334 591; x_wconf 89' lang='lat' dir='ltr'>In</span> <span class='ocrx_word' id='word_1_14' title='bbox 1355 536 1531 607; x_wconf 88' lang='lat' dir='ltr'>hujus</span> <span class='ocrx_word' id='word_1_15' title='bbox 1545 534 1849 607; x_wconf 79' lang='lat' dir='ltr'>ergoignis</span> <span class='ocrx_word' id='word_1_16' title='bbox 1864 535 2055 589; x_wconf 88' lang='lat' dir='ltr'>medio</span> <span class='ocrx_word' id='word_1_17' title='bbox 2085 535 2137 597; x_wconf 77' lang='grc' dir='ltr'><strong>Α</strong></span> <span class='ocrx_word' id='word_1_18' title='bbox 2170 535 2315 608; x_wconf 81' lang='lat' dir='ltr'>lypsi</span> <span class='ocrx_word' id='word_1_19' title='bbox 2347 535 2591 591; x_wconf 81' lang='lat' dir='ltr'>Joannis</span> <span class='ocrx_word' id='word_1_20' title='bbox 2622 535 2770 608; x_wconf 83' lang='lat' dir='ltr'>(Cap.</span> <span class='ocrx_word' id='word_1_21' title='bbox 2825 532 2901 605; x_wconf 77' lang='grc' dir='ltr'>ιν)</span> <span class='ocrx_word' id='word_1_22' title='bbox 2934 533 3142 588; x_wconf 88' lang='lat' dir='ltr'>horum</span> <span class='ocrx_word' id='word_1_23' title='bbox 3167 520 3557 586; x_wconf 84' lang='lat' dir='ltr'>animantium</span> <span class='ocrx_word' id='word_1_24' title='bbox 3581 522 3805 600; x_wconf 85' lang='lat' dir='ltr'>species</span> 
     </span>
    </p>
   </div>
   <div class='ocr_carea' id='block_1_3' title="bbox 401 622 2047 697">
    <p class='ocr_par' dir='ltr' id='par_1_3' title="bbox 401 622 2047 697">
     <span class='ocr_line' id='line_1_3' title="bbox 401 622 2047 697; baseline -0.004 -14"><span class='ocrx_word' id='word_1_25' title='bbox 401 630 528 683; x_wconf 83' lang='lat' dir='ltr'>erat</span> <span class='ocrx_word' id='word_1_26' title='bbox 553 625 604 681; x_wconf 70' lang='grc' dir='ltr'><strong>θ</strong></span> <span class='ocrx_word' id='word_1_27' title='bbox 634 622 963 681; x_wconf 94' lang='lat' dir='ltr'>similitudo</span> <span class='ocrx_word' id='word_1_28' title='bbox 994 629 1248 697; x_wconf 78' lang='lat' dir='ltr'>quatuor</span> <span class='ocrx_word' id='word_1_29' title='bbox 1298 624 1669 693; x_wconf 79' lang='lat' dir='ltr'>animalium,</span> <span class='ocrx_word' id='word_1_30' title='bbox 1701 624 2047 689; x_wconf 67' lang='lat' dir='ltr'>similitudo,</span> 
     </span>
    </p>
   </div>
   <div class='ocr_carea' id='block_1_4' title="bbox 399 711 2050 785">
    <p class='ocr_par' dir='ltr' id='par_1_4' title="bbox 399 711 2050 785">
     <span class='ocr_line' id='line_1_4' title="bbox 399 711 2050 785; baseline -0.002 -15"><span class='ocrx_word' id='word_1_31' title='bbox 399 730 520 770; x_wconf 93' lang='lat' dir='ltr'>non</span> <span class='ocrx_word' id='word_1_32' title='bbox 540 717 752 770; x_wconf 86' lang='lat' dir='ltr'>natura</span> <span class='ocrx_word' id='word_1_33' title='bbox 775 730 788 781; x_wconf 94' lang='lat'>;</span> <span class='ocrx_word' id='word_1_34' title='bbox 811 716 1183 785; x_wconf 81' lang='lat' dir='ltr'>quatuorque</span> <span class='ocrx_word' id='word_1_35' title='bbox 1205 713 1567 784; x_wconf 83' lang='lat' dir='ltr'>animalium,</span> <span class='ocrx_word' id='word_1_36' title='bbox 1594 731 1721 785; x_wconf 66' lang='lat' dir='ltr'>quin</span> <span class='ocrx_word' id='word_1_37' title='bbox 1743 718 1942 784; x_wconf 88' lang='lat' dir='ltr'>postea</span> <span class='ocrx_word' id='word_1_38' title='bbox 1963 711 2050 767; x_wconf 89' lang='lat' dir='ltr'>di-</span> 
     </span>
    </p>
   </div>
   <div class='ocr_carea' id='block_1_5' title="bbox 397 801 2052 874">
    <p class='ocr_par' dir='ltr' id='par_1_5' title="bbox 397 801 2052 874">
     <span class='ocr_line' id='line_1_5' title="bbox 397 801 2052 874; baseline -0.003 -14"><span class='ocrx_word' id='word_1_39' title='bbox 397 807 621 860; x_wconf 86' lang='lat' dir='ltr'>cuntur</span> <span class='ocrx_word' id='word_1_40' title='bbox 646 802 1089 874; x_wconf 86' lang='lat' dir='ltr'>quadriformia,</span> <span class='ocrx_word' id='word_1_41' title='bbox 1115 819 1231 859; x_wconf 88' lang='lat' dir='ltr'>una</span> <span class='ocrx_word' id='word_1_42' title='bbox 1250 802 1571 858; x_wconf 82' lang='lat' dir='ltr'>similitudo</span> <span class='ocrx_word' id='word_1_43' title='bbox 1588 808 1677 859; x_wconf 89' lang='lat' dir='ltr'>est</span> <span class='ocrx_word' id='word_1_44' title='bbox 1694 801 1969 871; x_wconf 83' lang='lat' dir='ltr'>hominis,</span> <span class='ocrx_word' id='word_1_45' title='bbox 1988 804 2052 855; x_wconf 91' lang='lat' dir='ltr'>ut</span> 
     </span>
    </p>
   </div>
   <div class='ocr_carea' id='block_1_6' title="bbox 398 891 2050 950">
    <p class='ocr_par' dir='ltr' id='par_1_6' title="bbox 398 891 2050 950">
     <span class='ocr_line' id='line_1_6' title="bbox 398 891 2050 950; baseline -0.003 0"><span class='ocrx_word' id='word_1_46' title='bbox 398 891 607 950; x_wconf 92' lang='lat' dir='ltr'>omnia</span> <span class='ocrx_word' id='word_1_47' title='bbox 633 891 688 947; x_wconf 91' lang='lat' dir='ltr'>in</span> <span class='ocrx_word' id='word_1_48' title='bbox 711 891 933 947; x_wconf 92' lang='lat' dir='ltr'>mundo</span> <span class='ocrx_word' id='word_1_49' title='bbox 966 891 1336 947; x_wconf 76' lang='lat' dir='ltr'>rationabilis</span> <span class='ocrx_word' id='word_1_50' title='bbox 1359 893 1850 947; x_wconf 87' lang='lat' dir='ltr'>demonstrentur:</span> <span class='ocrx_word' id='word_1_51' title='bbox 1867 893 2050 948; x_wconf 84' lang='lat' dir='ltr'>Facia-</span> 
     </span>
    </p>
   </div>
   <div class='ocr_carea' id='block_1_7' title="bbox 398 979 2048 1053">
    <p class='ocr_par' dir='ltr' id='par_1_7' title="bbox 398 979 2048 1053">
     <span class='ocr_line' id='line_1_7' title="bbox 398 979 2048 1053; baseline -0.002 -16"><span class='ocrx_word' id='word_1_52' title='bbox 398 997 531 1037; x_wconf 81' lang='lat' dir='ltr'>mus</span> <span class='ocrx_word' id='word_1_53' title='bbox 546 982 709 1051; x_wconf 83' lang='lat' dir='ltr'>enim,</span> <span class='ocrx_word' id='word_1_54' title='bbox 733 979 956 1053; x_wconf 91' lang='lat' dir='ltr'>inquit,</span> <span class='ocrx_word' id='word_1_55' title='bbox 969 980 1243 1036; x_wconf 81' lang='lat' dir='ltr'>hominem</span> <span class='ocrx_word' id='word_1_56' title='bbox 1260 980 1331 1035; x_wconf 83' lang='lat' dir='ltr'>ad</span> <span class='ocrx_word' id='word_1_57' title='bbox 1346 982 1645 1052; x_wconf 78' lang='lat' dir='ltr'>imaginem</span> <span class='ocrx_word' id='word_1_58' title='bbox 1657 985 1708 1037; x_wconf 88' lang='lat' dir='ltr'>et</span> <span class='ocrx_word' id='word_1_59' title='bbox 1727 982 1777 1035; x_wconf 88' lang='lat' dir='ltr'>si</span> <span class='ocrx_word' id='word_1_60' title='bbox 1782 979 2048 1036; x_wconf 77' lang='lat' dir='ltr'>militudi-</span> 
     </span>
    </p>
   </div>
   <div class='ocr_carea' id='block_1_8' title="bbox 401 1068 2048 1141">
    <p class='ocr_par' dir='ltr' id='par_1_8' title="bbox 401 1068 2048 1141">
     <span class='ocr_line' id='line_1_8' title="bbox 401 1068 2048 1141; baseline -0.002 -16"><span class='ocrx_word' id='word_1_61' title='bbox 401 1085 533 1126; x_wconf 84' lang='lat' dir='ltr'>nem</span> <span class='ocrx_word' id='word_1_62' title='bbox 554 1074 799 1125; x_wconf 84' lang='lat' dir='ltr'>nostram</span> <span class='ocrx_word' id='word_1_63' title='bbox 824 1068 1034 1141; x_wconf 77' lang='lat' dir='ltr'>(Cenes.</span> <span class='ocrx_word' id='word_1_64' title='bbox 1069 1070 1129 1141; x_wconf 82' lang='grc' dir='ltr'>ι).</span> <span class='ocrx_word' id='word_1_65' title='bbox 1166 1070 1364 1141; x_wconf 82' lang='lat' dir='ltr'>Imago</span> <span class='ocrx_word' id='word_1_66' title='bbox 1395 1074 1591 1125; x_wconf 88' lang='lat' dir='ltr'>autem</span> <span class='ocrx_word' id='word_1_67' title='bbox 1638 1074 1694 1125; x_wconf 89' lang='lat' dir='ltr'>et</span> <span class='ocrx_word' id='word_1_68' title='bbox 1724 1069 2048 1125; x_wconf 78' lang='lat' dir='ltr'>similitudo</span> 
     </span>
    </p>
   </div>
   <div class='ocr_carea' id='block_1_9' title="bbox 399 1157 2051 1231">
    <p class='ocr_par' dir='ltr' id='par_1_9' title="bbox 399 1157 2051 1231">
     <span class='ocr_line' id='line_1_9' title="bbox 399 1157 2051 1231; baseline -0.002 -15"><span class='ocrx_word' id='word_1_69' title='bbox 399 1158 502 1216; x_wconf 88' lang='lat' dir='ltr'>Dei</span> <span class='ocrx_word' id='word_1_70' title='bbox 530 1174 646 1214; x_wconf 89' lang='lat' dir='ltr'>non</span> <span class='ocrx_word' id='word_1_71' title='bbox 676 1161 772 1215; x_wconf 85' lang='lat' dir='ltr'>est</span> <span class='ocrx_word' id='word_1_72' title='bbox 799 1157 1059 1231; x_wconf 87' lang='lat' dir='ltr'>corporis</span> <span class='ocrx_word' id='word_1_73' title='bbox 1088 1158 1299 1223; x_wconf 85' lang='lat' dir='ltr'>forma,</span> <span class='ocrx_word' id='word_1_74' title='bbox 1324 1159 1425 1214; x_wconf 90' lang='lat' dir='ltr'>sed</span> <span class='ocrx_word' id='word_1_75' title='bbox 1469 1158 1684 1213; x_wconf 83' lang='lat' dir='ltr'>mentis</span> <span class='ocrx_word' id='word_1_76' title='bbox 1712 1174 1725 1211; x_wconf 75' lang='grc' dir='ltr'>ε</span> <span class='ocrx_word' id='word_1_77' title='bbox 1759 1157 2051 1229; x_wconf 86' lang='lat' dir='ltr'>descripta</span> 
     </span>
    </p>
   </div>
   <div class='ocr_carea' id='block_1_10' title="bbox 395 1245 2049 1321">
    <p class='ocr_par' dir='ltr' id='par_1_10' title="bbox 395 1245 2049 1321">
     <span class='ocr_line' id='line_1_10' title="bbox 395 1245 2049 1321; baseline -0.004 -15"><span class='ocrx_word' id='word_1_78' title='bbox 395 1248 469 1306; x_wconf 78' lang='lat' dir='ltr'>ad</span> <span class='ocrx_word' id='word_1_79' title='bbox 497 1245 960 1307; x_wconf 73' lang='lat' dir='ltr'>similitudinem</span> <span class='ocrx_word' id='word_1_80' title='bbox 1013 1263 1157 1301; x_wconf 67' lang='lat' dir='ltr'>verae</span> <span class='ocrx_word' id='word_1_81' title='bbox 1206 1247 1487 1321; x_wconf 75' lang='lat' dir='ltr'>imaginis</span> <span class='ocrx_word' id='word_1_82' title='bbox 1530 1245 1765 1312; x_wconf 77' lang='lat' dir='ltr'>Christi,</span> <span class='ocrx_word' id='word_1_83' title='bbox 1822 1246 1917 1316; x_wconf 91' lang='lat' dir='ltr'>qui</span> <span class='ocrx_word' id='word_1_84' title='bbox 1962 1250 2049 1301; x_wconf 84' lang='lat' dir='ltr'>est</span> 
     </span>
    </p>
   </div>
   <div class='ocr_carea' id='block_1_11' title="bbox 394 1333 2047 1411">
    <p class='ocr_par' dir='ltr' id='par_1_11' title="bbox 394 1333 2047 1411">
     <span class='ocr_line' id='line_1_11' title="bbox 394 1333 2047 1411; baseline 0 -16"><span class='ocrx_word' id='word_1_85' title='bbox 394 1338 590 1411; x_wconf 76' lang='lat' dir='ltr'>imago</span> <span class='ocrx_word' id='word_1_86' title='bbox 604 1336 712 1393; x_wconf 87' lang='lat' dir='ltr'>Dei</span> <span class='ocrx_word' id='word_1_87' title='bbox 729 1333 1064 1394; x_wconf 82' lang='lat' dir='ltr'>invisibilis.</span> <span class='ocrx_word' id='word_1_88' title='bbox 1082 1336 1179 1393; x_wconf 67' lang='lat' dir='ltr'>Has</span> <span class='ocrx_word' id='word_1_89' title='bbox 1191 1335 1503 1393; x_wconf 72' lang='lat' dir='ltr'>rationales</span> <span class='ocrx_word' id='word_1_90' title='bbox 1519 1339 1798 1394; x_wconf 78' lang='lat' dir='ltr'>creaturae</span> <span class='ocrx_word' id='word_1_91' title='bbox 1819 1335 1879 1393; x_wconf 89' lang='lat' dir='ltr'>in</span> <span class='ocrx_word' id='word_1_92' title='bbox 1902 1351 2047 1409; x_wconf 82' lang='lat' dir='ltr'>qua-</span> 
     </span>
    </p>
   </div>
   <div class='ocr_carea' id='block_1_12' title="bbox 398 1424 2048 1500">
    <p class='ocr_par' dir='ltr' id='par_1_12' title="bbox 398 1424 2048 1500">
     <span class='ocr_line' id='line_1_12' title="bbox 398 1424 2048 1500; baseline -0.001 -16"><span class='ocrx_word' id='word_1_93' title='bbox 398 1432 537 1484; x_wconf 83' lang='lat' dir='ltr'>tuor</span> <span class='ocrx_word' id='word_1_94' title='bbox 560 1429 870 1483; x_wconf 77' lang='lat' dir='ltr'>versantur</span> <span class='ocrx_word' id='word_1_95' title='bbox 898 1424 1061 1497; x_wconf 88' lang='lat' dir='ltr'>locis,</span> <span class='ocrx_word' id='word_1_96' title='bbox 1096 1426 1213 1482; x_wconf 88' lang='lat' dir='ltr'>sive</span> <span class='ocrx_word' id='word_1_97' title='bbox 1242 1431 1479 1499; x_wconf 88' lang='lat' dir='ltr'>propter</span> <span class='ocrx_word' id='word_1_98' title='bbox 1506 1430 1755 1500; x_wconf 85' lang='lat' dir='ltr'>quatuor</span> <span class='ocrx_word' id='word_1_99' title='bbox 1779 1425 2048 1483; x_wconf 85' lang='lat' dir='ltr'>cardines</span> 
     </span>
    </p>
   </div>
   <div class='ocr_carea' id='block_1_13' title="bbox 401 1515 2049 1588">
    <p class='ocr_par' dir='ltr' id='par_1_13' title="bbox 401 1515 2049 1588">
     <span class='ocr_line' id='line_1_13' title="bbox 401 1515 2049 1588; baseline -0.001 -16"><span class='ocrx_word' id='word_1_100' title='bbox 401 1516 630 1581; x_wconf 88' lang='lat' dir='ltr'>mundi,</span> <span class='ocrx_word' id='word_1_101' title='bbox 647 1516 868 1588; x_wconf 89' lang='lat' dir='ltr'>quibus</span> <span class='ocrx_word' id='word_1_102' title='bbox 884 1515 1043 1571; x_wconf 89' lang='lat' dir='ltr'>orbis</span> <span class='ocrx_word' id='word_1_103' title='bbox 1058 1515 1396 1585; x_wconf 89' lang='lat' dir='ltr'>includitur,</span> <span class='ocrx_word' id='word_1_104' title='bbox 1413 1517 1532 1571; x_wconf 86' lang='lat' dir='ltr'>sive</span> <span class='ocrx_word' id='word_1_105' title='bbox 1547 1522 1782 1588; x_wconf 87' lang='lat' dir='ltr'>prepter</span> <span class='ocrx_word' id='word_1_106' title='bbox 1797 1520 2049 1588; x_wconf 82' lang='lat' dir='ltr'><strong>quatuor</strong></span> 
     </span>
    </p>
   </div>
   <div class='ocr_carea' id='block_1_14' title="bbox 394 1603 2045 1670">
    <p class='ocr_par' dir='ltr' id='par_1_14' title="bbox 394 1603 2045 1670">
     <span class='ocr_line' id='line_1_14' title="bbox 394 1603 2045 1670; baseline -0.003 -8"><span class='ocrx_word' id='word_1_107' title='bbox 394 1603 524 1662; x_wconf 86' lang='lat' dir='ltr'>loca</span> <span class='ocrx_word' id='word_1_108' title='bbox 552 1603 900 1670; x_wconf 64' lang='lat' dir='ltr'>caelestium,</span> <span class='ocrx_word' id='word_1_109' title='bbox 932 1604 1325 1669; x_wconf 81' lang='lat' dir='ltr'>terrestrium,</span> <span class='ocrx_word' id='word_1_110' title='bbox 1353 1609 1410 1660; x_wconf 89' lang='lat' dir='ltr'>et</span> <span class='ocrx_word' id='word_1_111' title='bbox 1438 1604 1824 1667; x_wconf 88' lang='lat' dir='ltr'>infernorum,</span> <span class='ocrx_word' id='word_1_112' title='bbox 1858 1609 1914 1659; x_wconf 91' lang='lat' dir='ltr'>et</span> <span class='ocrx_word' id='word_1_113' title='bbox 1944 1620 2045 1658; x_wconf 90' lang='lat' dir='ltr'>su-</span> 
     </span>
    </p>
   </div>
   <div class='ocr_carea' id='block_1_15' title="bbox 395 1691 2049 1766">
    <p class='ocr_par' dir='ltr' id='par_1_15' title="bbox 395 1691 2049 1766">
     <span class='ocr_line' id='line_1_15' title="bbox 395 1691 2049 1766; baseline -0.002 -17"><span class='ocrx_word' id='word_1_114' title='bbox 395 1691 850 1766; x_wconf 74' lang='lat' dir='ltr'>percoalestium,</span> <span class='ocrx_word' id='word_1_115' title='bbox 882 1693 954 1748; x_wconf 89' lang='lat' dir='ltr'>de</span> <span class='ocrx_word' id='word_1_116' title='bbox 984 1692 1200 1763; x_wconf 87' lang='lat' dir='ltr'>quibus</span> <span class='ocrx_word' id='word_1_117' title='bbox 1229 1696 1283 1748; x_wconf 90' lang='lat' dir='ltr'>et</span> <span class='ocrx_word' id='word_1_118' title='bbox 1302 1692 1517 1749; x_wconf 85' lang='lat' dir='ltr'>Paulus</span> <span class='ocrx_word' id='word_1_119' title='bbox 1538 1694 1839 1764; x_wconf 86' lang='lat' dir='ltr'>apostolus</span> <span class='ocrx_word' id='word_1_120' title='bbox 1863 1691 2049 1763; x_wconf 90' lang='lat' dir='ltr'>loqui-</span> 
     </span>
    </p>
   </div>
   <div class='ocr_carea' id='block_1_16' title="bbox 391 1781 2044 1852">
    <p class='ocr_par' dir='ltr' id='par_1_16' title="bbox 391 1781 2044 1852">
     <span class='ocr_line' id='line_1_16' title="bbox 391 1781 2044 1852; baseline -0.001 -15"><span class='ocrx_word' id='word_1_121' title='bbox 391 1786 532 1838; x_wconf 89' lang='lat' dir='ltr'>tur:</span> <span class='ocrx_word' id='word_1_122' title='bbox 568 1783 633 1839; x_wconf 89' lang='lat' dir='ltr'>Ut</span> <span class='ocrx_word' id='word_1_123' title='bbox 658 1783 716 1835; x_wconf 86' lang='lat' dir='ltr'>in</span> <span class='ocrx_word' id='word_1_124' title='bbox 762 1782 986 1836; x_wconf 79' lang='lat' dir='ltr'>nomine</span> <span class='ocrx_word' id='word_1_125' title='bbox 1014 1782 1141 1836; x_wconf 91' lang='lat' dir='ltr'>Jesu</span> <span class='ocrx_word' id='word_1_126' title='bbox 1168 1797 1327 1837; x_wconf 84' lang='lat' dir='ltr'>omne</span> <span class='ocrx_word' id='word_1_127' title='bbox 1372 1798 1517 1851; x_wconf 87' lang='lat' dir='ltr'>genu</span> <span class='ocrx_word' id='word_1_128' title='bbox 1561 1784 1831 1852; x_wconf 84' lang='lat' dir='ltr'>ﬂectatur,</span> <span class='ocrx_word' id='word_1_129' title='bbox 1864 1781 2044 1836; x_wconf 73' lang='lat' dir='ltr'>cccles-</span> 
     </span>
    </p>
   </div>
   <div class='ocr_carea' id='block_1_17' title="bbox 2161 613 3803 694">
    <p class='ocr_par' dir='ltr' id='par_1_17' title="bbox 2161 613 3803 694">
     <span class='ocr_line' id='line_1_17' title="bbox 2161 613 3803 694; baseline -0.005 -13"><span class='ocrx_word' id='word_1_130' title='bbox 2161 642 2225 681; x_wconf 90' lang='lat' dir='ltr'>ac</span> <span class='ocrx_word' id='word_1_131' title='bbox 2257 627 2496 681; x_wconf 85' lang='lat' dir='ltr'>nomina</span> <span class='ocrx_word' id='word_1_132' title='bbox 2545 626 2877 682; x_wconf 85' lang='lat' dir='ltr'>referuntur</span> <span class='ocrx_word' id='word_1_133' title='bbox 2925 624 2997 680; x_wconf 91' lang='lat' dir='ltr'>ad</span> <span class='ocrx_word' id='word_1_134' title='bbox 3047 625 3302 694; x_wconf 82' lang='lat' dir='ltr'>quatuor</span> <span class='ocrx_word' id='word_1_135' title='bbox 3349 613 3662 689; x_wconf 83' lang='lat' dir='ltr'>Evangelia</span> <span class='ocrx_word' id='word_1_136' title='bbox 3694 615 3803 688; x_wconf 82' lang='grc' dir='ltr'>[Αἱ.</span> 
     </span>
    </p>
   </div>
   <div class='ocr_carea' id='block_1_18' title="bbox 2158 704 3805 787">
    <p class='ocr_par' dir='ltr' id='par_1_18' title="bbox 2158 704 3805 787">
     <span class='ocr_line' id='line_1_18' title="bbox 2158 704 3805 787; baseline -0.008 -17"><span class='ocrx_word' id='word_1_137' title='bbox 2158 715 2569 787; x_wconf 83' lang='lat' dir='ltr'>Evanglistas].</span> <span class='ocrx_word' id='word_1_138' title='bbox 2606 714 2826 780; x_wconf 88' lang='lat' dir='ltr'>Quibus</span> <span class='ocrx_word' id='word_1_139' title='bbox 2860 710 3151 784; x_wconf 89' lang='lat' dir='ltr'>quomodo</span> <span class='ocrx_word' id='word_1_140' title='bbox 3178 706 3364 780; x_wconf 84' lang='lat' dir='ltr'>possit</span> <span class='ocrx_word' id='word_1_141' title='bbox 3384 704 3648 760; x_wconf 91' lang='lat' dir='ltr'>omnium</span> <span class='ocrx_word' id='word_1_142' title='bbox 3679 704 3805 759; x_wconf 89' lang='lat' dir='ltr'>ani-</span> 
     </span>
    </p>
   </div>
   <div class='ocr_carea' id='block_1_19' title="bbox 2159 792 3804 875">
    <p class='ocr_par' dir='ltr' id='par_1_19' title="bbox 2159 792 3804 875">
     <span class='ocr_line' id='line_1_19' title="bbox 2159 792 3804 875; baseline -0.007 -17"><span class='ocrx_word' id='word_1_143' title='bbox 2159 802 2405 859; x_wconf 87' lang='lat' dir='ltr'>malium</span> <span class='ocrx_word' id='word_1_144' title='bbox 2435 804 2745 875; x_wconf 86' lang='lat' dir='ltr'>descriptio</span> <span class='ocrx_word' id='word_1_145' title='bbox 2768 800 3049 873; x_wconf 86' lang='lat' dir='ltr'>coaptari,</span> <span class='ocrx_word' id='word_1_146' title='bbox 3074 797 3432 854; x_wconf 82' lang='lat' dir='ltr'>tentabimus</span> <span class='ocrx_word' id='word_1_147' title='bbox 3456 809 3562 847; x_wconf 92' lang='lat' dir='ltr'>suo</span> <span class='ocrx_word' id='word_1_148' title='bbox 3583 792 3707 848; x_wconf 90' lang='lat' dir='ltr'>loco</span> <span class='ocrx_word' id='word_1_149' title='bbox 3720 793 3804 848; x_wconf 89' lang='lat' dir='ltr'>di-</span> 
     </span>
    </p>
   </div>
   <div class='ocr_carea' id='block_1_20' title="bbox 2159 883 3805 964">
    <p class='ocr_par' dir='ltr' id='par_1_20' title="bbox 2159 883 3805 964">
     <span class='ocr_line' id='line_1_20' title="bbox 2159 883 3805 964; baseline -0.005 -17"><span class='ocrx_word' id='word_1_150' title='bbox 2159 908 2303 947; x_wconf 89' lang='lat' dir='ltr'>cere.</span> <span class='ocrx_word' id='word_1_151' title='bbox 2323 892 2430 948; x_wconf 87' lang='lat' dir='ltr'>Alii</span> <span class='ocrx_word' id='word_1_152' title='bbox 2456 910 2588 948; x_wconf 90' lang='lat' dir='ltr'>vero</span> <span class='ocrx_word' id='word_1_153' title='bbox 2605 892 2703 964; x_wconf 90' lang='lat' dir='ltr'>qui</span> <span class='ocrx_word' id='word_1_154' title='bbox 2722 890 3197 963; x_wconf 88' lang='lat' dir='ltr'>philosophorum</span> <span class='ocrx_word' id='word_1_155' title='bbox 3220 883 3456 941; x_wconf 85' lang='lat' dir='ltr'>stultam</span> <span class='ocrx_word' id='word_1_156' title='bbox 3474 885 3805 953; x_wconf 86' lang='lat' dir='ltr'>sequuntur</span> 
     </span>
    </p>
   </div>
   <div class='ocr_carea' id='block_1_21' title="bbox 2159 969 3803 1053">
    <p class='ocr_par' dir='ltr' id='par_1_21' title="bbox 2159 969 3803 1053">
     <span class='ocr_line' id='line_1_21' title="bbox 2159 969 3803 1053; baseline -0.007 -16"><span class='ocrx_word' id='word_1_157' title='bbox 2159 982 2527 1053; x_wconf 84' lang='lat' dir='ltr'>sapientiam,</span> <span class='ocrx_word' id='word_1_158' title='bbox 2545 982 2657 1036; x_wconf 92' lang='lat' dir='ltr'>duo</span> <span class='ocrx_word' id='word_1_159' title='bbox 2675 978 3084 1051; x_wconf 63' lang='lat' dir='ltr'>hemisphaeria</span> <span class='ocrx_word' id='word_1_160' title='bbox 3105 976 3163 1030; x_wconf 91' lang='lat' dir='ltr'>in</span> <span class='ocrx_word' id='word_1_161' title='bbox 3186 972 3417 1030; x_wconf 90' lang='lat' dir='ltr'>duobus</span> <span class='ocrx_word' id='word_1_162' title='bbox 3437 969 3639 1042; x_wconf 90' lang='lat' dir='ltr'>templi</span> <span class='ocrx_word' id='word_1_163' title='bbox 3661 969 3803 1026; x_wconf 88' lang='lat' dir='ltr'>Che-</span> 
     </span>
    </p>
   </div>
   <div class='ocr_carea' id='block_1_22' title="bbox 2158 1062 3801 1142">
    <p class='ocr_par' dir='ltr' id='par_1_22' title="bbox 2158 1062 3801 1142">
     <span class='ocr_line' id='line_1_22' title="bbox 2158 1062 3801 1142; baseline -0.006 -17"><span class='ocrx_word' id='word_1_164' title='bbox 2158 1070 2372 1138; x_wconf 86' lang='lat' dir='ltr'>rubim,</span> <span class='ocrx_word' id='word_1_165' title='bbox 2409 1087 2515 1125; x_wconf 89' lang='lat' dir='ltr'>nos</span> <span class='ocrx_word' id='word_1_166' title='bbox 2544 1069 2885 1142; x_wconf 88' lang='lat' dir='ltr'>Antipodas,</span> <span class='ocrx_word' id='word_1_167' title='bbox 2922 1066 3091 1139; x_wconf 86' lang='lat' dir='ltr'>quasi</span> <span class='ocrx_word' id='word_1_168' title='bbox 3144 1062 3387 1135; x_wconf 90' lang='lat' dir='ltr'>supinos</span> <span class='ocrx_word' id='word_1_169' title='bbox 3433 1065 3489 1117; x_wconf 92' lang='lat' dir='ltr'>et</span> <span class='ocrx_word' id='word_1_170' title='bbox 3526 1062 3801 1117; x_wconf 88' lang='lat' dir='ltr'>cadentes</span> 
     </span>
    </p>
   </div>
   <div class='ocr_carea' id='block_1_23' title="bbox 2156 1151 3798 1231">
    <p class='ocr_par' dir='ltr' id='par_1_23' title="bbox 2156 1151 3798 1231">
     <span class='ocr_line' id='line_1_23' title="bbox 2156 1151 3798 1231; baseline -0.007 -17"><span class='ocrx_word' id='word_1_171' title='bbox 2156 1159 2424 1214; x_wconf 86' lang='lat' dir='ltr'>homines</span> <span class='ocrx_word' id='word_1_172' title='bbox 2450 1161 2844 1231; x_wconf 87' lang='lat' dir='ltr'>suspicantur.</span> <span class='ocrx_word' id='word_1_173' title='bbox 2872 1155 3343 1227; x_wconf 83' lang='lat' dir='ltr'>P1erique,juxta</span> <span class='ocrx_word' id='word_1_174' title='bbox 3365 1151 3690 1218; x_wconf 86' lang='lat' dir='ltr'>Platonem,</span> <span class='ocrx_word' id='word_1_175' title='bbox 3708 1165 3798 1204; x_wconf 90' lang='lat' dir='ltr'>ra-</span> 
     </span>
    </p>
   </div>
   <div class='ocr_carea' id='block_1_24' title="bbox 2158 1239 3800 1318">
    <p class='ocr_par' dir='ltr' id='par_1_24' title="bbox 2158 1239 3800 1318">
     <span class='ocr_line' id='line_1_24' title="bbox 2158 1239 3800 1318; baseline -0.008 -12"><span class='ocrx_word' id='word_1_176' title='bbox 2158 1247 2370 1306; x_wconf 76' lang='lat' dir='ltr'>tionale</span> <span class='ocrx_word' id='word_1_177' title='bbox 2398 1250 2625 1318; x_wconf 65' lang='lat' dir='ltr'>animai,</span> <span class='ocrx_word' id='word_1_178' title='bbox 2658 1253 2716 1303; x_wconf 89' lang='lat' dir='ltr'>et</span> <span class='ocrx_word' id='word_1_179' title='bbox 2743 1246 3127 1311; x_wconf 89' lang='lat' dir='ltr'>irascitivum,</span> <span class='ocrx_word' id='word_1_180' title='bbox 3157 1246 3214 1298; x_wconf 88' lang='lat' dir='ltr'>et</span> <span class='ocrx_word' id='word_1_181' title='bbox 3252 1239 3800 1312; x_wconf 85' lang='lat' dir='ltr'>concupiscitivum,</span> 
     </span>
    </p>
   </div>
   <div class='ocr_carea' id='block_1_25' title="bbox 2156 1326 3800 1413">
    <p class='ocr_par' dir='ltr' id='par_1_25' title="bbox 2156 1326 3800 1413">
     <span class='ocr_line' id='line_1_25' title="bbox 2156 1326 3800 1413; baseline -0.009 -16"><span class='ocrx_word' id='word_1_182' title='bbox 2156 1340 2311 1413; x_wconf 91' lang='lat' dir='ltr'><strong>quod</strong></span> <span class='ocrx_word' id='word_1_183' title='bbox 2342 1339 2439 1395; x_wconf 91' lang='lat' dir='ltr'>ille</span> <span class='ocrx_word' id='word_1_184' title='bbox 2459 1337 2681 1413; x_wconf 68' lang='grc' dir='ltr'>λθγικὸν</span> <span class='ocrx_word' id='word_1_185' title='bbox 2707 1342 2764 1394; x_wconf 91' lang='lat' dir='ltr'>et</span> <span class='ocrx_word' id='word_1_186' title='bbox 2784 1334 3007 1411; x_wconf 75' lang='grc' dir='ltr'>θυμικὸν</span> <span class='ocrx_word' id='word_1_187' title='bbox 3032 1338 3089 1389; x_wconf 87' lang='lat' dir='ltr'>et</span> <span class='ocrx_word' id='word_1_188' title='bbox 3104 1329 3489 1402; x_wconf 75' lang='grc' dir='ltr'>ἐπιθυμητικὸν</span> <span class='ocrx_word' id='word_1_189' title='bbox 3512 1330 3697 1399; x_wconf 90' lang='lat' dir='ltr'>vocat,</span> <span class='ocrx_word' id='word_1_190' title='bbox 3729 1326 3800 1383; x_wconf 86' lang='lat' dir='ltr'>ad</span> 
     </span>
    </p>
   </div>
   <div class='ocr_carea' id='block_1_26' title="bbox 2155 1416 3841 1496">
    <p class='ocr_par' dir='ltr' id='par_1_26' title="bbox 2155 1416 3841 1496">
     <span class='ocr_line' id='line_1_26' title="bbox 2155 1416 3841 1496; baseline -0.009 -10"><span class='ocrx_word' id='word_1_191' title='bbox 2155 1428 2476 1496; x_wconf 88' lang='lat' dir='ltr'>hominem,</span> <span class='ocrx_word' id='word_1_192' title='bbox 2501 1433 2557 1484; x_wconf 90' lang='lat' dir='ltr'>et</span> <span class='ocrx_word' id='word_1_193' title='bbox 2585 1428 2811 1485; x_wconf 90' lang='lat' dir='ltr'>leonem</span> <span class='ocrx_word' id='word_1_194' title='bbox 2828 1442 2894 1482; x_wconf 87' lang='lat' dir='ltr'>ac</span> <span class='ocrx_word' id='word_1_195' title='bbox 2915 1422 3164 1482; x_wconf 90' lang='lat' dir='ltr'>vitulum</span> <span class='ocrx_word' id='word_1_196' title='bbox 3188 1420 3449 1477; x_wconf 88' lang='lat' dir='ltr'>referunt</span> <span class='ocrx_word' id='word_1_197' title='bbox 3474 1434 3486 1473; x_wconf 91' lang='lat'><strong>:</strong></span> <span class='ocrx_word' id='word_1_198' title='bbox 3516 1416 3801 1473; x_wconf 88' lang='lat' dir='ltr'>rationem</span> <span class='ocrx_word' id='word_1_199' title='bbox 3828 1448 3841 1459; x_wconf 88' lang='lat'><strong>-</strong></span> 
     </span>
    </p>
   </div>
   <div class='ocr_carea' id='block_1_27' title="bbox 2156 1505 3800 1592">
    <p class='ocr_par' dir='ltr' id='par_1_27' title="bbox 2156 1505 3800 1592">
     <span class='ocr_line' id='line_1_27' title="bbox 2156 1505 3800 1592; baseline -0.009 -18"><span class='ocrx_word' id='word_1_200' title='bbox 2156 1523 2213 1574; x_wconf 89' lang='lat' dir='ltr'>et</span> <span class='ocrx_word' id='word_1_201' title='bbox 2243 1518 2658 1592; x_wconf 75' lang='lat' dir='ltr'>cognitionem,</span> <span class='ocrx_word' id='word_1_202' title='bbox 2680 1522 2737 1571; x_wconf 88' lang='lat' dir='ltr'>et</span> <span class='ocrx_word' id='word_1_203' title='bbox 2757 1519 3036 1582; x_wconf 88' lang='lat' dir='ltr'>mentem,</span> <span class='ocrx_word' id='word_1_204' title='bbox 3058 1516 3115 1568; x_wconf 91' lang='lat' dir='ltr'>et</span> <span class='ocrx_word' id='word_1_205' title='bbox 3144 1507 3480 1575; x_wconf 87' lang='lat' dir='ltr'>consilium,</span> <span class='ocrx_word' id='word_1_206' title='bbox 3504 1505 3800 1562; x_wconf 84' lang='lat' dir='ltr'>eamdem-</span> 
     </span>
    </p>
   </div>
   <div class='ocr_carea' id='block_1_28' title="bbox 2158 1594 3803 1680">
    <p class='ocr_par' dir='ltr' id='par_1_28' title="bbox 2158 1594 3803 1680">
     <span class='ocr_line' id='line_1_28' title="bbox 2158 1594 3803 1680; baseline -0.01 -16"><span class='ocrx_word' id='word_1_207' title='bbox 2158 1624 2269 1680; x_wconf 90' lang='lat' dir='ltr'>que</span> <span class='ocrx_word' id='word_1_208' title='bbox 2300 1608 2574 1663; x_wconf 88' lang='lat' dir='ltr'>virtutem</span> <span class='ocrx_word' id='word_1_209' title='bbox 2607 1611 2782 1677; x_wconf 86' lang='lat' dir='ltr'>atque</span> <span class='ocrx_word' id='word_1_210' title='bbox 2812 1601 3163 1676; x_wconf 86' lang='lat' dir='ltr'>sapientiam</span> <span class='ocrx_word' id='word_1_211' title='bbox 3193 1598 3254 1654; x_wconf 89' lang='lat' dir='ltr'>in</span> <span class='ocrx_word' id='word_1_212' title='bbox 3285 1594 3508 1653; x_wconf 87' lang='lat' dir='ltr'>cerebri</span> <span class='ocrx_word' id='word_1_213' title='bbox 3538 1608 3803 1680; x_wconf 77' lang='lat' dir='ltr'>arcepo-</span> 
     </span>
    </p>
   </div>
   <div class='ocr_carea' id='block_1_29' title="bbox 2156 1679 3803 1757">
    <p class='ocr_par' dir='ltr' id='par_1_29' title="bbox 2156 1679 3803 1757">
     <span class='ocr_line' id='line_1_29' title="bbox 2156 1679 3803 1757; baseline -0.008 -6"><span class='ocrx_word' id='word_1_214' title='bbox 2156 1679 2360 1753; x_wconf 82' lang='lat' dir='ltr'>nentes</span> <span class='ocrx_word' id='word_1_215' title='bbox 2386 1714 2397 1751; x_wconf 91' lang='lat'>:</span> <span class='ocrx_word' id='word_1_216' title='bbox 2432 1696 2720 1753; x_wconf 84' lang='lat' dir='ltr'>feritatem</span> <span class='ocrx_word' id='word_1_217' title='bbox 2752 1711 2887 1749; x_wconf 85' lang='lat' dir='ltr'>vero</span> <span class='ocrx_word' id='word_1_218' title='bbox 2919 1697 2974 1747; x_wconf 90' lang='lat' dir='ltr'>et</span> <span class='ocrx_word' id='word_1_219' title='bbox 2996 1687 3362 1746; x_wconf 87' lang='lat' dir='ltr'>iracundiam</span> <span class='ocrx_word' id='word_1_220' title='bbox 3384 1688 3559 1757; x_wconf 89' lang='lat' dir='ltr'>atque</span> <span class='ocrx_word' id='word_1_221' title='bbox 3583 1679 3803 1740; x_wconf 82' lang='lat' dir='ltr'>violen-</span> 
     </span>
    </p>
   </div>
   <div class='ocr_carea' id='block_1_30' title="bbox 2156 1770 3801 1855">
    <p class='ocr_par' dir='ltr' id='par_1_30' title="bbox 2156 1770 3801 1855">
     <span class='ocr_line' id='line_1_30' title="bbox 2156 1770 3801 1855; baseline -0.009 -15"><span class='ocrx_word' id='word_1_222' title='bbox 2156 1785 2296 1840; x_wconf 85' lang='lat' dir='ltr'>tiam</span> <span class='ocrx_word' id='word_1_223' title='bbox 2319 1786 2378 1840; x_wconf 89' lang='lat' dir='ltr'>in</span> <span class='ocrx_word' id='word_1_224' title='bbox 2401 1784 2584 1855; x_wconf 89' lang='lat' dir='ltr'>leone,</span> <span class='ocrx_word' id='word_1_225' title='bbox 2602 1801 2727 1855; x_wconf 68' lang='lat' dir='ltr'>quae</span> <span class='ocrx_word' id='word_1_226' title='bbox 2751 1781 3034 1838; x_wconf 89' lang='lat' dir='ltr'>consistat</span> <span class='ocrx_word' id='word_1_227' title='bbox 3052 1779 3111 1834; x_wconf 91' lang='lat' dir='ltr'>in</span> <span class='ocrx_word' id='word_1_228' title='bbox 3141 1776 3290 1833; x_wconf 85' lang='lat' dir='ltr'>felle.</span> <span class='ocrx_word' id='word_1_229' title='bbox 3308 1780 3482 1831; x_wconf 89' lang='lat' dir='ltr'><strong>Porro</strong></span> <span class='ocrx_word' id='word_1_230' title='bbox 3497 1770 3801 1828; x_wconf 87' lang='lat' dir='ltr'>libidinem</span> 
     </span>
    </p>
   </div>
   <div class='ocr_carea' id='block_1_31' title="bbox 392 1859 3804 1970">
    <p class='ocr_par' dir='ltr' id='par_1_31' title="bbox 392 1859 3804 1970">
     <span class='ocr_line' id='line_1_31' title="bbox 392 1859 3804 1970; baseline -0.004 -43"><span class='ocrx_word' id='word_1_231' title='bbox 392 1872 561 1939; x_wconf 79' lang='lat' dir='ltr'>tium,</span> <span class='ocrx_word' id='word_1_232' title='bbox 593 1870 960 1935; x_wconf 70' lang='lat' dir='ltr'>terrestrium,</span> <span class='ocrx_word' id='word_1_233' title='bbox 993 1876 1046 1923; x_wconf 90' lang='lat' dir='ltr'>et</span> <span class='ocrx_word' id='word_1_234' title='bbox 1077 1870 1421 1939; x_wconf 78' lang='lat' dir='ltr'>infernarum</span> <span class='ocrx_word' id='word_1_235' title='bbox 1451 1870 1686 1942; x_wconf 87' lang='lat' dir='ltr'>(Philip.</span> <span class='ocrx_word' id='word_1_236' title='bbox 1723 1888 1783 1939; x_wconf 80' lang='grc' dir='ltr'>ιι,</span> <span class='ocrx_word' id='word_1_237' title='bbox 1815 1870 1926 1937; x_wconf 82' lang='lat' dir='ltr'>l0).</span> <span class='ocrx_word' id='word_1_238' title='bbox 1972 1872 2047 1922; x_wconf 87' lang='lat' dir='ltr'>De</span> <span class='ocrx_word' id='word_1_239' title='bbox 2079 1907 2126 1970; x_wconf 82' lang='grc' dir='ltr'><strong>Β</strong></span> <span class='ocrx_word' id='word_1_240' title='bbox 2160 1873 2477 1939; x_wconf 82' lang='lat' dir='ltr'>luxuriam,</span> <span class='ocrx_word' id='word_1_241' title='bbox 2501 1878 2557 1928; x_wconf 92' lang='lat' dir='ltr'>et</span> <span class='ocrx_word' id='word_1_242' title='bbox 2588 1871 2852 1927; x_wconf 90' lang='lat' dir='ltr'>omnium</span> <span class='ocrx_word' id='word_1_243' title='bbox 2885 1868 3251 1940; x_wconf 84' lang='lat' dir='ltr'>voluptatum</span> <span class='ocrx_word' id='word_1_244' title='bbox 3275 1861 3612 1970; x_wconf 67' lang='lat' dir='ltr'>cupidinem</span> <span class='ocrx_word' id='word_1_245' title='bbox 3636 1859 3694 1914; x_wconf 92' lang='lat' dir='ltr'>in</span> <span class='ocrx_word' id='word_1_246' title='bbox 3718 1859 3804 1970; x_wconf 75' lang='lat' dir='ltr'>je-</span> 
     </span>
    </p>
   </div>
   <div class='ocr_carea' id='block_1_32' title="bbox 391 1957 2044 2030">
    <p class='ocr_par' dir='ltr' id='par_1_32' title="bbox 391 1957 2044 2030">
     <span class='ocr_line' id='line_1_32' title="bbox 391 1957 2044 2030; baseline -0.002 -14"><span class='ocrx_word' id='word_1_247' title='bbox 391 1959 609 2029; x_wconf 83' lang='lat' dir='ltr'>tribus,</span> <span class='ocrx_word' id='word_1_248' title='bbox 628 1957 794 2013; x_wconf 89' lang='lat' dir='ltr'>Pauli</span> <span class='ocrx_word' id='word_1_249' title='bbox 806 1957 1209 2015; x_wconf 88' lang='lat' dir='ltr'>testimonium</span> <span class='ocrx_word' id='word_1_250' title='bbox 1226 1963 1329 2013; x_wconf 89' lang='lat' dir='ltr'>est.</span> <span class='ocrx_word' id='word_1_251' title='bbox 1347 1959 1667 2015; x_wconf 87' lang='lat' dir='ltr'>Videamus</span> <span class='ocrx_word' id='word_1_252' title='bbox 1681 1961 2044 2030; x_wconf 88' lang='lat' dir='ltr'>ctquartum.</span> 
     </span>
    </p>
   </div>
   <div class='ocr_carea' id='block_1_33' title="bbox 393 2047 2051 2119">
    <p class='ocr_par' dir='ltr' id='par_1_33' title="bbox 393 2047 2051 2119">
     <span class='ocr_line' id='line_1_33' title="bbox 393 2047 2051 2119; baseline -0.003 -14"><span class='ocrx_word' id='word_1_253' title='bbox 393 2048 639 2105; x_wconf 81' lang='lat' dir='ltr'>Laudate</span> <span class='ocrx_word' id='word_1_254' title='bbox 658 2048 978 2113; x_wconf 87' lang='lat' dir='ltr'>Dominum,</span> <span class='ocrx_word' id='word_1_255' title='bbox 997 2047 1418 2117; x_wconf 72' lang='lat' dir='ltr'>cmlicrelorum,</span> <span class='ocrx_word' id='word_1_256' title='bbox 1436 2051 1485 2103; x_wconf 87' lang='lat' dir='ltr'>et</span> <span class='ocrx_word' id='word_1_257' title='bbox 1498 2048 1574 2119; x_wconf 88' lang='lat' dir='ltr'>(a)</span> <span class='ocrx_word' id='word_1_258' title='bbox 1587 2064 1729 2118; x_wconf 85' lang='lat' dir='ltr'>aqua</span> <span class='ocrx_word' id='word_1_259' title='bbox 1749 2062 1871 2119; x_wconf 70' lang='lat' dir='ltr'>qua:</span> <span class='ocrx_word' id='word_1_260' title='bbox 1885 2063 2051 2118; x_wconf 83' lang='lat' dir='ltr'>super</span> 
     </span>
    </p>
   </div>
   <div class='ocr_carea' id='block_1_34' title="bbox 393 2135 2044 2205">
    <p class='ocr_par' dir='ltr' id='par_1_34' title="bbox 393 2135 2044 2205">
     <span class='ocr_line' id='line_1_34' title="bbox 393 2135 2044 2205; baseline -0.004 -12"><span class='ocrx_word' id='word_1_261' title='bbox 393 2138 556 2193; x_wconf 77' lang='lat' dir='ltr'>caelos</span> <span class='ocrx_word' id='word_1_262' title='bbox 580 2139 681 2204; x_wconf 82' lang='lat' dir='ltr'>est,</span> <span class='ocrx_word' id='word_1_263' title='bbox 714 2135 899 2191; x_wconf 86' lang='lat' dir='ltr'>laudet</span> <span class='ocrx_word' id='word_1_264' title='bbox 941 2150 1142 2191; x_wconf 82' lang='lat' dir='ltr'>nomen</span> <span class='ocrx_word' id='word_1_265' title='bbox 1207 2138 1435 2191; x_wconf 83' lang='lat' dir='ltr'>Domini</span> <span class='ocrx_word' id='word_1_266' title='bbox 1491 2137 1661 2205; x_wconf 87' lang='lat' dir='ltr'>(Psal.</span> <span class='ocrx_word' id='word_1_267' title='bbox 1713 2152 1940 2202; x_wconf 76' lang='lat' dir='ltr'>cxnvm,</span> <span class='ocrx_word' id='word_1_268' title='bbox 1970 2135 2044 2201; x_wconf 87' lang='lat'>3).</span> 
     </span>
    </p>
   </div>
   <div class='ocr_carea' id='block_1_35' title="bbox 401 2223 2051 2296">
    <p class='ocr_par' dir='ltr' id='par_1_35' title="bbox 401 2223 2051 2296">
     <span class='ocr_line' id='line_1_35' title="bbox 401 2223 2051 2296; baseline -0.003 -14"><span class='ocrx_word' id='word_1_269' title='bbox 401 2225 782 2296; x_wconf 83' lang='lat' dir='ltr'>Rursumque</span> <span class='ocrx_word' id='word_1_270' title='bbox 810 2223 885 2279; x_wconf 86' lang='lat' dir='ltr'>ab</span> <span class='ocrx_word' id='word_1_271' title='bbox 914 2223 1194 2295; x_wconf 89' lang='lat' dir='ltr'>Apostolo</span> <span class='ocrx_word' id='word_1_272' title='bbox 1226 2224 1342 2281; x_wconf 89' lang='lat' dir='ltr'>alia</span> <span class='ocrx_word' id='word_1_273' title='bbox 1370 2226 1647 2281; x_wconf 90' lang='lat' dir='ltr'>dicuntur</span> <span class='ocrx_word' id='word_1_274' title='bbox 1686 2223 1962 2291; x_wconf 79' lang='lat' dir='ltr'>cmlestia,</span> <span class='ocrx_word' id='word_1_275' title='bbox 1994 2225 2051 2278; x_wconf 90' lang='lat' dir='ltr'>et</span> 
     </span>
    </p>
   </div>
   <div class='ocr_carea' id='block_1_36' title="bbox 398 2311 1358 2385">
    <p class='ocr_par' dir='ltr' id='par_1_36' title="bbox 398 2311 1358 2385">
     <span class='ocr_line' id='line_1_36' title="bbox 398 2311 1358 2385; baseline -0.003 -15"><span class='ocrx_word' id='word_1_276' title='bbox 398 2311 517 2370; x_wconf 81' lang='lat' dir='ltr'>alia</span> <span class='ocrx_word' id='word_1_277' title='bbox 545 2312 984 2385; x_wconf 66' lang='lat' dir='ltr'>supermelestia</span> <span class='ocrx_word' id='word_1_278' title='bbox 1011 2314 1062 2380; x_wconf 90' lang='grc' dir='ltr'>(Ι</span> <span class='ocrx_word' id='word_1_279' title='bbox 1090 2312 1210 2368; x_wconf 86' lang='lat' dir='ltr'>Cor.</span> <span class='ocrx_word' id='word_1_280' title='bbox 1244 2318 1358 2383; x_wconf 87' lang='lat' dir='ltr'>xv).</span> 
     </span>
    </p>
   </div>
   <div class='ocr_carea' id='block_1_37' title="bbox 474 2402 2048 2475">
    <p class='ocr_par' dir='ltr' id='par_1_37' title="bbox 474 2402 2048 2475">
     <span class='ocr_line' id='line_1_37' title="bbox 474 2402 2048 2475; baseline -0.003 -16"><span class='ocrx_word' id='word_1_281' title='bbox 474 2403 660 2473; x_wconf 73' lang='lat' dir='ltr'>(Vera.</span> <span class='ocrx_word' id='word_1_282' title='bbox 678 2406 762 2471; x_wconf 82' lang='lat'>7.)</span> <span class='ocrx_word' id='word_1_283' title='bbox 784 2402 1025 2470; x_wconf 83' lang='lat' dir='ltr'>Quatuor</span> <span class='ocrx_word' id='word_1_284' title='bbox 1042 2403 1213 2473; x_wconf 77' lang='lat' dir='ltr'>[acies</span> <span class='ocrx_word' id='word_1_285' title='bbox 1236 2405 1357 2470; x_wconf 88' lang='lat' dir='ltr'>uni,</span> <span class='ocrx_word' id='word_1_286' title='bbox 1382 2408 1432 2458; x_wconf 85' lang='lat' dir='ltr'>et</span> <span class='ocrx_word' id='word_1_287' title='bbox 1456 2407 1694 2475; x_wconf 80' lang='lat' dir='ltr'>quatuor</span> <span class='ocrx_word' id='word_1_288' title='bbox 1708 2417 1909 2474; x_wconf 67' lang='lat' dir='ltr'>pennae</span> <span class='ocrx_word' id='word_1_289' title='bbox 1928 2405 2048 2465; x_wconf 84' lang='lat' dir='ltr'>uni,</span> 
     </span>
    </p>
   </div>
   <div class='ocr_carea' id='block_1_38' title="bbox 409 2490 2053 2563">
    <p class='ocr_par' dir='ltr' id='par_1_38' title="bbox 409 2490 2053 2563">
     <span class='ocr_line' id='line_1_38' title="bbox 409 2490 2053 2563; baseline -0.003 -16"><span class='ocrx_word' id='word_1_290' title='bbox 409 2495 467 2547; x_wconf 78' lang='lat' dir='ltr'>et</span> <span class='ocrx_word' id='word_1_291' title='bbox 489 2490 659 2563; x_wconf 85' lang='lat' dir='ltr'>pedes</span> <span class='ocrx_word' id='word_1_292' title='bbox 688 2507 865 2547; x_wconf 87' lang='lat' dir='ltr'>eorum</span> <span class='ocrx_word' id='word_1_293' title='bbox 882 2490 1045 2562; x_wconf 85' lang='lat' dir='ltr'>pedes</span> <span class='ocrx_word' id='word_1_294' title='bbox 1057 2493 1213 2559; x_wconf 79' lang='lat' dir='ltr'>recti,</span> <span class='ocrx_word' id='word_1_295' title='bbox 1239 2496 1288 2546; x_wconf 85' lang='lat' dir='ltr'>et</span> <span class='ocrx_word' id='word_1_296' title='bbox 1305 2492 1499 2563; x_wconf 83' lang='lat' dir='ltr'>planta</span> <span class='ocrx_word' id='word_1_297' title='bbox 1514 2493 1669 2563; x_wconf 84' lang='lat' dir='ltr'>pedis</span> <span class='ocrx_word' id='word_1_298' title='bbox 1688 2508 1874 2546; x_wconf 89' lang='lat' dir='ltr'>eorum</span> <span class='ocrx_word' id='word_1_299' title='bbox 1895 2491 2053 2561; x_wconf 84' lang='lat' dir='ltr'>quasi</span> 
     </span>
    </p>
   </div>
   <div class='ocr_carea' id='block_1_39' title="bbox 406 2578 2052 2652">
    <p class='ocr_par' dir='ltr' id='par_1_39' title="bbox 406 2578 2052 2652">
     <span class='ocr_line' id='line_1_39' title="bbox 406 2578 2052 2652; baseline -0.002 -17"><span class='ocrx_word' id='word_1_300' title='bbox 406 2580 607 2652; x_wconf 90' lang='lat' dir='ltr'>planta</span> <span class='ocrx_word' id='word_1_301' title='bbox 618 2579 779 2651; x_wconf 81' lang='lat' dir='ltr'>pedis</span> <span class='ocrx_word' id='word_1_302' title='bbox 797 2581 970 2650; x_wconf 74' lang='lat' dir='ltr'>uituli,</span> <span class='ocrx_word' id='word_1_303' title='bbox 994 2583 1046 2635; x_wconf 83' lang='lat' dir='ltr'>et</span> <span class='ocrx_word' id='word_1_304' title='bbox 1064 2581 1323 2636; x_wconf 64' lang='lat' dir='ltr'>scintillis</span> <span class='ocrx_word' id='word_1_305' title='bbox 1344 2578 1499 2651; x_wconf 84' lang='lat' dir='ltr'>quasi</span> <span class='ocrx_word' id='word_1_306' title='bbox 1519 2591 1761 2652; x_wconf 81' lang='lat' dir='ltr'>aspectus</span> <span class='ocrx_word' id='word_1_307' title='bbox 1778 2580 1907 2635; x_wconf 76' lang='lat' dir='ltr'>aeris</span> <span class='ocrx_word' id='word_1_308' title='bbox 1925 2594 2052 2632; x_wconf 86' lang='lat' dir='ltr'>can-</span> 
     </span>
    </p>
   </div>
   <div class='ocr_carea' id='block_1_40' title="bbox 410 2668 2053 2741">
    <p class='ocr_par' dir='ltr' id='par_1_40' title="bbox 410 2668 2053 2741">
     <span class='ocr_line' id='line_1_40' title="bbox 410 2668 2053 2741; baseline -0.004 -17"><span class='ocrx_word' id='word_1_309' title='bbox 410 2668 607 2724; x_wconf 78' lang='lat' dir='ltr'>dentis.</span> <span class='ocrx_word' id='word_1_310' title='bbox 637 2670 707 2723; x_wconf 85' lang='lat' dir='ltr'>Et</span> <span class='ocrx_word' id='word_1_311' title='bbox 731 2684 927 2723; x_wconf 87' lang='lat' dir='ltr'>manus</span> <span class='ocrx_word' id='word_1_312' title='bbox 949 2669 1192 2725; x_wconf 85' lang='lat' dir='ltr'>hominis</span> <span class='ocrx_word' id='word_1_313' title='bbox 1210 2670 1307 2725; x_wconf 84' lang='lat' dir='ltr'>sub</span> <span class='ocrx_word' id='word_1_314' title='bbox 1316 2672 1511 2741; x_wconf 86' lang='lat' dir='ltr'>pennis</span> <span class='ocrx_word' id='word_1_315' title='bbox 1530 2686 1718 2725; x_wconf 88' lang='lat' dir='ltr'>eorum</span> <span class='ocrx_word' id='word_1_316' title='bbox 1739 2671 1798 2723; x_wconf 89' lang='lat' dir='ltr'>in</span> <span class='ocrx_word' id='word_1_317' title='bbox 1818 2671 2053 2738; x_wconf 89' lang='lat' dir='ltr'>quatuor</span> 
     </span>
    </p>
   </div>
   <div class='ocr_carea' id='block_1_41' title="bbox 405 2755 2050 2831">
    <p class='ocr_par' dir='ltr' id='par_1_41' title="bbox 405 2755 2050 2831">
     <span class='ocr_line' id='line_1_41' title="bbox 405 2755 2050 2831; baseline -0.002 -19"><span class='ocrx_word' id='word_1_318' title='bbox 405 2758 680 2829; x_wconf 82' lang='lat' dir='ltr'>partibus.</span> <span class='ocrx_word' id='word_1_319' title='bbox 711 2757 869 2813; x_wconf 64' lang='lat' dir='ltr'>LM:</span> <span class='ocrx_word' id='word_1_320' title='bbox 904 2758 969 2812; x_wconf 87' lang='lat' dir='ltr'>Et</span> <span class='ocrx_word' id='word_1_321' title='bbox 996 2760 1234 2828; x_wconf 81' lang='lat' dir='ltr'>quatuor</span> <span class='ocrx_word' id='word_1_322' title='bbox 1258 2761 1425 2831; x_wconf 80' lang='lat' dir='ltr'>facies</span> <span class='ocrx_word' id='word_1_323' title='bbox 1453 2760 1573 2829; x_wconf 81' lang='lat' dir='ltr'>uni,</span> <span class='ocrx_word' id='word_1_324' title='bbox 1606 2763 1656 2814; x_wconf 88' lang='lat' dir='ltr'>et</span> <span class='ocrx_word' id='word_1_325' title='bbox 1688 2766 1919 2830; x_wconf 84' lang='lat' dir='ltr'>quatuor</span> <span class='ocrx_word' id='word_1_326' title='bbox 1946 2755 2050 2809; x_wconf 74' lang='lat' dir='ltr'>alae</span> 
     </span>
    </p>
   </div>
   <div class='ocr_carea' id='block_1_42' title="bbox 406 2834 2047 2920">
    <p class='ocr_par' dir='ltr' id='par_1_42' title="bbox 406 2834 2047 2920">
     <span class='ocr_line' id='line_1_42' title="bbox 406 2834 2047 2920; baseline -0.002 -20"><span class='ocrx_word' id='word_1_327' title='bbox 406 2845 529 2916; x_wconf 81' lang='lat' dir='ltr'>uni,</span> <span class='ocrx_word' id='word_1_328' title='bbox 556 2854 608 2900; x_wconf 86' lang='lat' dir='ltr'>et</span> <span class='ocrx_word' id='word_1_329' title='bbox 636 2861 801 2901; x_wconf 86' lang='lat' dir='ltr'>crura</span> <span class='ocrx_word' id='word_1_330' title='bbox 824 2861 1014 2901; x_wconf 89' lang='lat' dir='ltr'>eorum</span> <span class='ocrx_word' id='word_1_331' title='bbox 1072 2854 1237 2918; x_wconf 86' lang='lat' dir='ltr'>recta,</span> <span class='ocrx_word' id='word_1_332' title='bbox 1288 2856 1339 2903; x_wconf 90' lang='lat' dir='ltr'>et</span> <span class='ocrx_word' id='word_1_333' title='bbox 1377 2850 1611 2920; x_wconf 86' lang='lat' dir='ltr'>pennati</span> <span class='ocrx_word' id='word_1_334' title='bbox 1657 2834 1815 2919; x_wconf 82' lang='lat' dir='ltr'>pedes</span> <span class='ocrx_word' id='word_1_335' title='bbox 1842 2860 2047 2901; x_wconf 88' lang='lat' dir='ltr'>eorum.</span> 
     </span>
    </p>
   </div>
   <div class='ocr_carea' id='block_1_43' title="bbox 406 2933 2051 3006">
    <p class='ocr_par' dir='ltr' id='par_1_43' title="bbox 406 2933 2051 3006">
     <span class='ocr_line' id='line_1_43' title="bbox 406 2933 2051 3006; baseline -0.002 -16"><span class='ocrx_word' id='word_1_336' title='bbox 406 2934 471 2990; x_wconf 83' lang='lat' dir='ltr'>Et</span> <span class='ocrx_word' id='word_1_337' title='bbox 498 2933 765 2992; x_wconf 72' lang='lat' dir='ltr'>scintillae</span> <span class='ocrx_word' id='word_1_338' title='bbox 784 2937 947 3006; x_wconf 87' lang='lat' dir='ltr'>quasi</span> <span class='ocrx_word' id='word_1_339' title='bbox 972 2936 1266 3005; x_wconf 82' lang='lat' dir='ltr'>fulgurans</span> <span class='ocrx_word' id='word_1_340' title='bbox 1290 2945 1670 3005; x_wconf 68' lang='lat' dir='ltr'>acramentum,</span> <span class='ocrx_word' id='word_1_341' title='bbox 1693 2939 1746 2991; x_wconf 86' lang='lat' dir='ltr'>et</span> <span class='ocrx_word' id='word_1_342' title='bbox 1767 2936 1906 2990; x_wconf 85' lang='lat' dir='ltr'>leves</span> <span class='ocrx_word' id='word_1_343' title='bbox 1920 2949 2051 3004; x_wconf 86' lang='lat' dir='ltr'>pen-</span> 
     </span>
    </p>
   </div>
   <div class='ocr_carea' id='block_1_44' title="bbox 404 3024 2052 3098">
    <p class='ocr_par' dir='ltr' id='par_1_44' title="bbox 404 3024 2052 3098">
     <span class='ocr_line' id='line_1_44' title="bbox 404 3024 2052 3098; baseline -0.004 -17"><span class='ocrx_word' id='word_1_344' title='bbox 404 3038 497 3081; x_wconf 67' lang='lat' dir='ltr'>na!</span> <span class='ocrx_word' id='word_1_345' title='bbox 514 3040 730 3092; x_wconf 83' lang='lat' dir='ltr'>eorum,</span> <span class='ocrx_word' id='word_1_346' title='bbox 758 3033 810 3079; x_wconf 88' lang='lat' dir='ltr'>et</span> <span class='ocrx_word' id='word_1_347' title='bbox 821 3040 1023 3080; x_wconf 86' lang='lat' dir='ltr'>manus</span> <span class='ocrx_word' id='word_1_348' title='bbox 1041 3024 1277 3081; x_wconf 87' lang='lat' dir='ltr'>hominis</span> <span class='ocrx_word' id='word_1_349' title='bbox 1297 3027 1394 3081; x_wconf 86' lang='lat' dir='ltr'>sub</span> <span class='ocrx_word' id='word_1_350' title='bbox 1406 3028 1602 3098; x_wconf 85' lang='lat' dir='ltr'>pennis</span> <span class='ocrx_word' id='word_1_351' title='bbox 1620 3042 1807 3081; x_wconf 87' lang='lat' dir='ltr'>eorum</span> <span class='ocrx_word' id='word_1_352' title='bbox 1837 3026 1897 3078; x_wconf 87' lang='lat' dir='ltr'>in</span> <span class='ocrx_word' id='word_1_353' title='bbox 1921 3038 2052 3093; x_wconf 89' lang='lat' dir='ltr'>qua-</span> 
     </span>
    </p>
   </div>
   <div class='ocr_carea' id='block_1_45' title="bbox 402 3113 2048 3185">
    <p class='ocr_par' dir='ltr' id='par_1_45' title="bbox 402 3113 2048 3185">
     <span class='ocr_line' id='line_1_45' title="bbox 402 3113 2048 3185; baseline -0.002 -18"><span class='ocrx_word' id='word_1_354' title='bbox 402 3115 531 3168; x_wconf 80' lang='lat' dir='ltr'>tuor</span> <span class='ocrx_word' id='word_1_355' title='bbox 541 3113 789 3184; x_wconf 82' lang='lat' dir='ltr'>partibus</span> <span class='ocrx_word' id='word_1_356' title='bbox 808 3127 1019 3168; x_wconf 88' lang='lat' dir='ltr'>eorum.</span> <span class='ocrx_word' id='word_1_357' title='bbox 1037 3118 1114 3169; x_wconf 89' lang='lat' dir='ltr'>De</span> <span class='ocrx_word' id='word_1_358' title='bbox 1131 3117 1385 3185; x_wconf 90' lang='lat' dir='ltr'>quatuor</span> <span class='ocrx_word' id='word_1_359' title='bbox 1399 3113 1776 3181; x_wconf 89' lang='lat' dir='ltr'>animalibus,</span> <span class='ocrx_word' id='word_1_360' title='bbox 1798 3126 2048 3184; x_wconf 90' lang='lat' dir='ltr'>quorum</span> 
     </span>
    </p>
   </div>
   <div class='ocr_carea' id='block_1_46' title="bbox 2159 1943 3918 2030">
    <p class='ocr_par' dir='ltr' id='par_1_46' title="bbox 2159 1943 3918 2030">
     <span class='ocr_line' id='line_1_46' title="bbox 2159 1943 3918 2030; baseline -0.01 -12"><span class='ocrx_word' id='word_1_361' title='bbox 2159 1979 2310 2028; x_wconf 90' lang='lat' dir='ltr'>core,</span> <span class='ocrx_word' id='word_1_362' title='bbox 2344 1963 2402 2016; x_wconf 93' lang='lat' dir='ltr'>id</span> <span class='ocrx_word' id='word_1_363' title='bbox 2433 1966 2521 2017; x_wconf 90' lang='lat' dir='ltr'>est</span> <span class='ocrx_word' id='word_1_364' title='bbox 2549 1962 2610 2016; x_wconf 91' lang='lat' dir='ltr'>in</span> <span class='ocrx_word' id='word_1_365' title='bbox 2657 1960 2838 2015; x_wconf 89' lang='lat' dir='ltr'>vitulo</span> <span class='ocrx_word' id='word_1_366' title='bbox 2888 1957 2987 2030; x_wconf 89' lang='lat' dir='ltr'>qui</span> <span class='ocrx_word' id='word_1_367' title='bbox 3034 1961 3199 2011; x_wconf 66' lang='lat' dir='ltr'>terras</span> <span class='ocrx_word' id='word_1_368' title='bbox 3247 1951 3522 2025; x_wconf 89' lang='lat' dir='ltr'>operibus</span> <span class='ocrx_word' id='word_1_369' title='bbox 3565 1948 3801 2004; x_wconf 67' lang='lat' dir='ltr'>hazreat.</span> <span class='ocrx_word' id='word_1_370' title='bbox 3904 1943 3918 1953; x_wconf 84' lang='grc'><strong>’</strong></span> 
     </span>
    </p>
   </div>
   <div class='ocr_carea' id='block_1_47' title="bbox 2159 2036 3804 2123">
    <p class='ocr_par' dir='ltr' id='par_1_47' title="bbox 2159 2036 3804 2123">
     <span class='ocr_line' id='line_1_47' title="bbox 2159 2036 3804 2123; baseline -0.009 -18"><span class='ocrx_word' id='word_1_371' title='bbox 2159 2053 2553 2122; x_wconf 87' lang='lat' dir='ltr'>Quartamque</span> <span class='ocrx_word' id='word_1_372' title='bbox 2586 2053 2808 2123; x_wconf 90' lang='lat' dir='ltr'>ponunt</span> <span class='ocrx_word' id='word_1_373' title='bbox 2838 2065 2964 2120; x_wconf 79' lang='lat' dir='ltr'>quae</span> <span class='ocrx_word' id='word_1_374' title='bbox 2994 2061 3171 2117; x_wconf 90' lang='lat' dir='ltr'>super</span> <span class='ocrx_word' id='word_1_375' title='bbox 3219 2042 3341 2098; x_wconf 70' lang='lat' dir='ltr'>hinc</span> <span class='ocrx_word' id='word_1_376' title='bbox 3399 2043 3455 2096; x_wconf 88' lang='lat' dir='ltr'>et</span> <span class='ocrx_word' id='word_1_377' title='bbox 3492 2042 3654 2094; x_wconf 81' lang='lat' dir='ltr'>extra</span> <span class='ocrx_word' id='word_1_378' title='bbox 3682 2036 3804 2091; x_wconf 60' lang='lat' dir='ltr'>haec</span> 
     </span>
    </p>
   </div>
   <div class='ocr_carea' id='block_1_48' title="bbox 2158 2124 3803 2210">
    <p class='ocr_par' dir='ltr' id='par_1_48' title="bbox 2158 2124 3803 2210">
     <span class='ocr_line' id='line_1_48' title="bbox 2158 2124 3803 2210; baseline -0.01 -15"><span class='ocrx_word' id='word_1_379' title='bbox 2158 2139 2271 2194; x_wconf 89' lang='lat' dir='ltr'>tria</span> <span class='ocrx_word' id='word_1_380' title='bbox 2300 2145 2407 2206; x_wconf 88' lang='lat' dir='ltr'>est,</span> <span class='ocrx_word' id='word_1_381' title='bbox 2442 2156 2619 2210; x_wconf 88' lang='lat' dir='ltr'>quam</span> <span class='ocrx_word' id='word_1_382' title='bbox 2652 2138 2831 2194; x_wconf 62' lang='grc' dir='ltr'>(ἓνωοί</span> <span class='ocrx_word' id='word_1_383' title='bbox 2864 2138 3073 2192; x_wconf 88' lang='lat' dir='ltr'>vocant</span> <span class='ocrx_word' id='word_1_384' title='bbox 3103 2131 3452 2205; x_wconf 76' lang='grc' dir='ltr'>συντήρησιν,</span> <span class='ocrx_word' id='word_1_385' title='bbox 3486 2144 3612 2200; x_wconf 78' lang='lat' dir='ltr'>quae</span> <span class='ocrx_word' id='word_1_386' title='bbox 3644 2124 3803 2182; x_wconf 90' lang='lat' dir='ltr'>scin-</span> 
     </span>
    </p>
   </div>
   <div class='ocr_carea' id='block_1_49' title="bbox 2159 2219 3801 2298">
    <p class='ocr_par' dir='ltr' id='par_1_49' title="bbox 2159 2219 3801 2298">
     <span class='ocr_line' id='line_1_49' title="bbox 2159 2219 3801 2298; baseline -0.009 -15"><span class='ocrx_word' id='word_1_387' title='bbox 2159 2228 2285 2283; x_wconf 88' lang='lat' dir='ltr'>tilla</span> <span class='ocrx_word' id='word_1_388' title='bbox 2297 2228 2662 2285; x_wconf 75' lang='lat' dir='ltr'>conscientise</span> <span class='ocrx_word' id='word_1_389' title='bbox 2677 2227 2733 2281; x_wconf 91' lang='lat' dir='ltr'>in</span> <span class='ocrx_word' id='word_1_390' title='bbox 2748 2226 2823 2298; x_wconf 74' lang='lat' dir='ltr'>(b)</span> <span class='ocrx_word' id='word_1_391' title='bbox 2837 2225 2973 2280; x_wconf 90' lang='lat' dir='ltr'>Cain</span> <span class='ocrx_word' id='word_1_392' title='bbox 2989 2238 3218 2296; x_wconf 90' lang='lat' dir='ltr'>quoque</span> <span class='ocrx_word' id='word_1_393' title='bbox 3234 2219 3801 2292; x_wconf 85' lang='lat' dir='ltr'>pectore,postquam</span> 
     </span>
    </p>
   </div>
   <div class='ocr_carea' id='block_1_50' title="bbox 2160 2300 3802 2388">
    <p class='ocr_par' dir='ltr' id='par_1_50' title="bbox 2160 2300 3802 2388">
     <span class='ocr_line' id='line_1_50' title="bbox 2160 2300 3802 2388; baseline -0.01 -16"><span class='ocrx_word' id='word_1_394' title='bbox 2160 2318 2380 2388; x_wconf 87' lang='lat' dir='ltr'>ejectus</span> <span class='ocrx_word' id='word_1_395' title='bbox 2405 2321 2495 2373; x_wconf 90' lang='lat' dir='ltr'>est</span> <span class='ocrx_word' id='word_1_396' title='bbox 2512 2317 2583 2371; x_wconf 91' lang='lat' dir='ltr'>de</span> <span class='ocrx_word' id='word_1_397' title='bbox 2607 2314 2897 2387; x_wconf 86' lang='lat' dir='ltr'>paradiso,</span> <span class='ocrx_word' id='word_1_398' title='bbox 2920 2330 3034 2368; x_wconf 91' lang='lat' dir='ltr'>non</span> <span class='ocrx_word' id='word_1_399' title='bbox 3056 2308 3435 2381; x_wconf 79' lang='lat' dir='ltr'>extinguitur,</span> <span class='ocrx_word' id='word_1_400' title='bbox 3460 2310 3516 2361; x_wconf 91' lang='lat' dir='ltr'>et</span> <span class='ocrx_word' id='word_1_401' title='bbox 3536 2320 3655 2376; x_wconf 89' lang='lat' dir='ltr'>qua</span> <span class='ocrx_word' id='word_1_402' title='bbox 3671 2300 3802 2356; x_wconf 90' lang='lat' dir='ltr'>victi</span> 
     </span>
    </p>
   </div>
   <div class='ocr_carea' id='block_1_51' title="bbox 2158 2388 3803 2476">
    <p class='ocr_par' dir='ltr' id='par_1_51' title="bbox 2158 2388 3803 2476">
     <span class='ocr_line' id='line_1_51' title="bbox 2158 2388 3803 2476; baseline -0.009 -17"><span class='ocrx_word' id='word_1_403' title='bbox 2158 2404 2578 2476; x_wconf 88' lang='lat' dir='ltr'>voluptatibus,</span> <span class='ocrx_word' id='word_1_404' title='bbox 2610 2403 2697 2459; x_wconf 90' lang='lat' dir='ltr'>vel</span> <span class='ocrx_word' id='word_1_405' title='bbox 2729 2404 2943 2472; x_wconf 88' lang='lat' dir='ltr'>furore,</span> <span class='ocrx_word' id='word_1_406' title='bbox 2975 2402 3221 2472; x_wconf 88' lang='lat' dir='ltr'>ipsaque</span> <span class='ocrx_word' id='word_1_407' title='bbox 3242 2395 3537 2452; x_wconf 89' lang='lat' dir='ltr'>interdum</span> <span class='ocrx_word' id='word_1_408' title='bbox 3560 2388 3803 2447; x_wconf 90' lang='lat' dir='ltr'>rationis</span> 
     </span>
    </p>
   </div>
   <div class='ocr_carea' id='block_1_52' title="bbox 2159 2481 3794 2564">
    <p class='ocr_par' dir='ltr' id='par_1_52' title="bbox 2159 2481 3794 2564">
     <span class='ocr_line' id='line_1_52' title="bbox 2159 2481 3794 2564; baseline -0.01 -16"><span class='ocrx_word' id='word_1_409' title='bbox 2159 2493 2381 2564; x_wconf 87' lang='lat' dir='ltr'>decepti</span> <span class='ocrx_word' id='word_1_410' title='bbox 2409 2492 2814 2557; x_wconf 89' lang='lat' dir='ltr'>similitudine,</span> <span class='ocrx_word' id='word_1_411' title='bbox 2847 2507 2953 2545; x_wconf 91' lang='lat' dir='ltr'>nos</span> <span class='ocrx_word' id='word_1_412' title='bbox 2988 2502 3226 2560; x_wconf 89' lang='lat' dir='ltr'>peccare</span> <span class='ocrx_word' id='word_1_413' title='bbox 3265 2484 3573 2540; x_wconf 88' lang='lat' dir='ltr'>sentimus.</span> <span class='ocrx_word' id='word_1_414' title='bbox 3609 2481 3794 2545; x_wconf 88' lang='lat' dir='ltr'>Quam</span> 
     </span>
    </p>
   </div>
   <div class='ocr_carea' id='block_1_53' title="bbox 2161 2567 3805 2653">
    <p class='ocr_par' dir='ltr' id='par_1_53' title="bbox 2161 2567 3805 2653">
     <span class='ocr_line' id='line_1_53' title="bbox 2161 2567 3805 2653; baseline -0.011 -16"><span class='ocrx_word' id='word_1_415' title='bbox 2161 2582 2391 2653; x_wconf 88' lang='lat' dir='ltr'>proprie</span> <span class='ocrx_word' id='word_1_416' title='bbox 2411 2580 2630 2651; x_wconf 78' lang='lat' dir='ltr'>Aquilae</span> <span class='ocrx_word' id='word_1_417' title='bbox 2657 2580 2958 2650; x_wconf 87' lang='lat' dir='ltr'>deputant,</span> <span class='ocrx_word' id='word_1_418' title='bbox 2985 2593 3097 2630; x_wconf 90' lang='lat' dir='ltr'>non</span> <span class='ocrx_word' id='word_1_419' title='bbox 3123 2591 3185 2630; x_wconf 91' lang='lat' dir='ltr'>se</span> <span class='ocrx_word' id='word_1_420' title='bbox 3206 2573 3554 2628; x_wconf 85' lang='lat' dir='ltr'>miscentem</span> <span class='ocrx_word' id='word_1_421' title='bbox 3585 2567 3805 2631; x_wconf 88' lang='lat' dir='ltr'>tribus,</span> 
     </span>
    </p>
   </div>
   <div class='ocr_carea' id='block_1_54' title="bbox 2162 2653 3801 2738">
    <p class='ocr_par' dir='ltr' id='par_1_54' title="bbox 2162 2653 3801 2738">
     <span class='ocr_line' id='line_1_54' title="bbox 2162 2653 3801 2738; baseline -0.009 -13"><span class='ocrx_word' id='word_1_422' title='bbox 2162 2670 2263 2725; x_wconf 82' lang='lat' dir='ltr'>sed</span> <span class='ocrx_word' id='word_1_423' title='bbox 2296 2669 2407 2723; x_wconf 87' lang='lat' dir='ltr'>tria</span> <span class='ocrx_word' id='word_1_424' title='bbox 2436 2668 2691 2724; x_wconf 88' lang='lat' dir='ltr'>errantia</span> <span class='ocrx_word' id='word_1_425' title='bbox 2719 2667 3126 2738; x_wconf 85' lang='lat' dir='ltr'>corrigentem,</span> <span class='ocrx_word' id='word_1_426' title='bbox 3160 2677 3338 2734; x_wconf 91' lang='lat' dir='ltr'>quam</span> <span class='ocrx_word' id='word_1_427' title='bbox 3389 2659 3449 2713; x_wconf 92' lang='lat' dir='ltr'>in</span> <span class='ocrx_word' id='word_1_428' title='bbox 3480 2653 3801 2727; x_wconf 85' lang='lat' dir='ltr'>Scripturis</span> 
     </span>
    </p>
   </div>
   <div class='ocr_carea' id='block_1_55' title="bbox 2161 2743 3801 2828">
    <p class='ocr_par' dir='ltr' id='par_1_55' title="bbox 2161 2743 3801 2828">
     <span class='ocr_line' id='line_1_55' title="bbox 2161 2743 3801 2828; baseline -0.01 -15"><span class='ocrx_word' id='word_1_429' title='bbox 2161 2758 2453 2814; x_wconf 86' lang='lat' dir='ltr'>interdum</span> <span class='ocrx_word' id='word_1_430' title='bbox 2485 2756 2676 2814; x_wconf 88' lang='lat' dir='ltr'>vocari</span> <span class='ocrx_word' id='word_1_431' title='bbox 2708 2756 2960 2828; x_wconf 88' lang='lat' dir='ltr'>legimus</span> <span class='ocrx_word' id='word_1_432' title='bbox 2991 2752 3285 2825; x_wconf 88' lang='lat' dir='ltr'>spiritum,</span> <span class='ocrx_word' id='word_1_433' title='bbox 3328 2750 3424 2820; x_wconf 89' lang='lat' dir='ltr'>qui</span> <span class='ocrx_word' id='word_1_434' title='bbox 3481 2743 3801 2814; x_wconf 79' lang='lat' dir='ltr'>interpellat</span> 
     </span>
    </p>
   </div>
   <div class='ocr_carea' id='block_1_56' title="bbox 2155 2831 3799 2919">
    <p class='ocr_par' dir='ltr' id='par_1_56' title="bbox 2155 2831 3799 2919">
     <span class='ocr_line' id='line_1_56' title="bbox 2155 2831 3799 2919; baseline -0.01 -17"><span class='ocrx_word' id='word_1_435' title='bbox 2155 2863 2255 2919; x_wconf 81' lang='lat' dir='ltr'>pro</span> <span class='ocrx_word' id='word_1_436' title='bbox 2288 2848 2437 2903; x_wconf 89' lang='lat' dir='ltr'>nobis</span> <span class='ocrx_word' id='word_1_437' title='bbox 2464 2847 2754 2916; x_wconf 80' lang='lat' dir='ltr'>gemitibus</span> <span class='ocrx_word' id='word_1_438' title='bbox 2786 2842 3257 2900; x_wconf 86' lang='lat' dir='ltr'>inenarrabilibus</span> <span class='ocrx_word' id='word_1_439' title='bbox 3304 2838 3479 2909; x_wconf 80' lang='lat' dir='ltr'>(Rom.</span> <span class='ocrx_word' id='word_1_440' title='bbox 3530 2849 3654 2903; x_wconf 82' lang='lat' dir='ltr'>VIII,</span> <span class='ocrx_word' id='word_1_441' title='bbox 3683 2831 3799 2893; x_wconf 88' lang='lat'>26).</span> 
     </span>
    </p>
   </div>
   <div class='ocr_carea' id='block_1_57' title="bbox 2158 2920 3805 3006">
    <p class='ocr_par' dir='ltr' id='par_1_57' title="bbox 2158 2920 3805 3006">
     <span class='ocr_line' id='line_1_57' title="bbox 2158 2920 3805 3006; baseline -0.01 -17"><span class='ocrx_word' id='word_1_442' title='bbox 2158 2935 2322 2991; x_wconf 87' lang='lat' dir='ltr'>Nemo</span> <span class='ocrx_word' id='word_1_443' title='bbox 2351 2937 2499 2992; x_wconf 88' lang='lat' dir='ltr'>enim</span> <span class='ocrx_word' id='word_1_444' title='bbox 2522 2937 2623 2991; x_wconf 86' lang='lat' dir='ltr'>scit</span> <span class='ocrx_word' id='word_1_445' title='bbox 2646 2952 2711 2990; x_wconf 87' lang='lat' dir='ltr'>ea</span> <span class='ocrx_word' id='word_1_446' title='bbox 2740 2951 2858 3006; x_wconf 68' lang='lat' dir='ltr'>qua:</span> <span class='ocrx_word' id='word_1_447' title='bbox 2888 2932 3125 2989; x_wconf 85' lang='lat' dir='ltr'>hominis</span> <span class='ocrx_word' id='word_1_448' title='bbox 3144 2930 3293 2995; x_wconf 85' lang='lat' dir='ltr'>sunt,</span> <span class='ocrx_word' id='word_1_449' title='bbox 3319 2926 3430 2981; x_wconf 84' lang='lat' dir='ltr'>nisi</span> <span class='ocrx_word' id='word_1_450' title='bbox 3446 2922 3679 2995; x_wconf 85' lang='lat' dir='ltr'>spiritus</span> <span class='ocrx_word' id='word_1_451' title='bbox 3708 2920 3805 2991; x_wconf 89' lang='lat' dir='ltr'>qui</span> 
     </span>
    </p>
   </div>
   <div class='ocr_carea' id='block_1_58' title="bbox 2158 3007 3800 3095">
    <p class='ocr_par' dir='ltr' id='par_1_58' title="bbox 2158 3007 3800 3095">
     <span class='ocr_line' id='line_1_58' title="bbox 2158 3007 3800 3095; baseline -0.01 -17"><span class='ocrx_word' id='word_1_452' title='bbox 2158 3025 2220 3078; x_wconf 89' lang='lat' dir='ltr'>in</span> <span class='ocrx_word' id='word_1_453' title='bbox 2240 3040 2299 3079; x_wconf 89' lang='lat' dir='ltr'>eo</span> <span class='ocrx_word' id='word_1_454' title='bbox 2318 3029 2401 3080; x_wconf 85' lang='lat' dir='ltr'>est</span> <span class='ocrx_word' id='word_1_455' title='bbox 2421 3026 2467 3095; x_wconf 89' lang='grc' dir='ltr'>(ι</span> <span class='ocrx_word' id='word_1_456' title='bbox 2490 3026 2704 3093; x_wconf 84' lang='lat' dir='ltr'>Cor.,n,</span> <span class='ocrx_word' id='word_1_457' title='bbox 2729 3024 2836 3093; x_wconf 90' lang='grc'>11).</span> <span class='ocrx_word' id='word_1_458' title='bbox 2871 3023 3052 3086; x_wconf 89' lang='lat' dir='ltr'>Quem</span> <span class='ocrx_word' id='word_1_459' title='bbox 3079 3022 3135 3073; x_wconf 89' lang='lat' dir='ltr'>et</span> <span class='ocrx_word' id='word_1_460' title='bbox 3168 3013 3382 3070; x_wconf 89' lang='lat' dir='ltr'>Paulus</span> <span class='ocrx_word' id='word_1_461' title='bbox 3405 3012 3476 3067; x_wconf 90' lang='lat' dir='ltr'>ad</span> <span class='ocrx_word' id='word_1_462' title='bbox 3495 3007 3800 3065; x_wconf 91' lang='lat' dir='ltr'>Thessalo-</span> 
     </span>
    </p>
   </div>
   <div class='ocr_carea' id='block_1_59' title="bbox 2160 3095 3803 3180">
    <p class='ocr_par' dir='ltr' id='par_1_59' title="bbox 2160 3095 3803 3180">
     <span class='ocr_line' id='line_1_59' title="bbox 2160 3095 3803 3180; baseline -0.011 -13"><span class='ocrx_word' id='word_1_463' title='bbox 2160 3111 2428 3170; x_wconf 90' lang='lat' dir='ltr'>nicenses</span> <span class='ocrx_word' id='word_1_464' title='bbox 2444 3116 2485 3168; x_wconf 82' lang='grc'>1</span> <span class='ocrx_word' id='word_1_465' title='bbox 2500 3116 2539 3168; x_wconf 80' lang='grc'><strong>1</strong></span> <span class='ocrx_word' id='word_1_466' title='bbox 2564 3113 2847 3180; x_wconf 91' lang='lat' dir='ltr'>scribens,</span> <span class='ocrx_word' id='word_1_467' title='bbox 2867 3125 3001 3165; x_wconf 90' lang='lat' dir='ltr'>cum</span> <span class='ocrx_word' id='word_1_468' title='bbox 3025 3106 3223 3163; x_wconf 88' lang='lat' dir='ltr'>anima</span> <span class='ocrx_word' id='word_1_469' title='bbox 3245 3106 3303 3159; x_wconf 88' lang='lat' dir='ltr'>et</span> <span class='ocrx_word' id='word_1_470' title='bbox 3323 3115 3559 3172; x_wconf 90' lang='lat' dir='ltr'>corpore</span> <span class='ocrx_word' id='word_1_471' title='bbox 3582 3095 3803 3153; x_wconf 89' lang='lat' dir='ltr'>servari</span> 
     </span>
    </p>
   </div>
   <div class='ocr_carea' id='block_1_60' title="bbox 406 3183 3803 3274">
    <p class='ocr_par' dir='ltr' id='par_1_60' title="bbox 406 3183 3803 3274">
     <span class='ocr_line' id='line_1_60' title="bbox 406 3183 3803 3274; baseline -0.006 -17"><span class='ocrx_word' id='word_1_472' title='bbox 406 3183 679 3272; x_wconf 82' lang='lat' dir='ltr'>aspectus</span> <span class='ocrx_word' id='word_1_473' title='bbox 708 3205 837 3257; x_wconf 86' lang='lat' dir='ltr'>erat</span> <span class='ocrx_word' id='word_1_474' title='bbox 866 3183 1192 3258; x_wconf 81' lang='lat' dir='ltr'>similitudo</span> <span class='ocrx_word' id='word_1_475' title='bbox 1222 3203 1480 3259; x_wconf 86' lang='lat' dir='ltr'>hominis</span> <span class='ocrx_word' id='word_1_476' title='bbox 1507 3203 1610 3274; x_wconf 75' lang='lat' dir='ltr'>(ita</span> <span class='ocrx_word' id='word_1_477' title='bbox 1652 3183 1955 3257; x_wconf 69' lang='lat' dir='ltr'>dumtaxat</span> <span class='ocrx_word' id='word_1_478' title='bbox 1984 3204 2051 3253; x_wconf 89' lang='lat' dir='ltr'>ut</span> <span class='ocrx_word' id='word_1_479' title='bbox 2097 3272 2108 3274; x_wconf 22' lang='grc' dir='ltr'><strong>Α</strong></span> <span class='ocrx_word' id='word_1_480' title='bbox 2159 3200 2453 3273; x_wconf 86' lang='lat' dir='ltr'>integrum</span> <span class='ocrx_word' id='word_1_481' title='bbox 2486 3202 2829 3273; x_wconf 88' lang='lat' dir='ltr'>deprecatur</span> <span class='ocrx_word' id='word_1_482' title='bbox 2858 3200 2906 3270; x_wconf 80' lang='lat' dir='ltr'>(l</span> <span class='ocrx_word' id='word_1_483' title='bbox 2952 3197 3125 3252; x_wconf 87' lang='lat' dir='ltr'>Thess.</span> <span class='ocrx_word' id='word_1_484' title='bbox 3176 3194 3253 3265; x_wconf 93' lang='lat' dir='ltr'>v).</span> <span class='ocrx_word' id='word_1_485' title='bbox 3306 3192 3373 3246; x_wconf 88' lang='lat' dir='ltr'>Et</span> <span class='ocrx_word' id='word_1_486' title='bbox 3423 3193 3619 3274; x_wconf 85' lang='lat' dir='ltr'>tamen</span> <span class='ocrx_word' id='word_1_487' title='bbox 3650 3183 3803 3274; x_wconf 79' lang='lat' dir='ltr'>hanc</span> 
     </span>
    </p>
   </div>
   <div class='ocr_carea' id='block_1_61' title="bbox 405 3272 3806 3363">
    <p class='ocr_par' dir='ltr' id='par_1_61' title="bbox 405 3272 3806 3363">
     <span class='ocr_line' id='line_1_61' title="bbox 405 3272 3806 3363; baseline -0.006 -18"><span class='ocrx_word' id='word_1_488' title='bbox 405 3288 640 3362; x_wconf 85' lang='lat' dir='ltr'>singula</span> <span class='ocrx_word' id='word_1_489' title='bbox 653 3289 1266 3361; x_wconf 88' lang='lat' dir='ltr'>haberentquaternas</span> <span class='ocrx_word' id='word_1_490' title='bbox 1282 3292 1481 3357; x_wconf 83' lang='lat' dir='ltr'>facies,</span> <span class='ocrx_word' id='word_1_491' title='bbox 1500 3272 1557 3348; x_wconf 87' lang='lat' dir='ltr'>et</span> <span class='ocrx_word' id='word_1_492' title='bbox 1573 3296 1886 3363; x_wconf 84' lang='lat' dir='ltr'>quaternas</span> <span class='ocrx_word' id='word_1_493' title='bbox 1903 3289 2045 3354; x_wconf 86' lang='lat' dir='ltr'>alas,</span> <span class='ocrx_word' id='word_1_494' title='bbox 2077 3272 2121 3335; x_wconf 82' lang='lat' dir='ltr'>C</span> <span class='ocrx_word' id='word_1_495' title='bbox 2161 3306 2313 3361; x_wconf 91' lang='lat' dir='ltr'>quoq</span> <span class='ocrx_word' id='word_1_496' title='bbox 2326 3272 2594 3362; x_wconf 85' lang='lat' dir='ltr'>ueipsam</span> <span class='ocrx_word' id='word_1_497' title='bbox 2615 3278 3388 3353; x_wconf 81' lang='lat' dir='ltr'>conscientiam,juxtaillud</span> <span class='ocrx_word' id='word_1_498' title='bbox 3414 3275 3564 3348; x_wconf 89' lang='lat' dir='ltr'>quod</span> <span class='ocrx_word' id='word_1_499' title='bbox 3590 3272 3648 3328; x_wconf 92' lang='lat' dir='ltr'>in</span> <span class='ocrx_word' id='word_1_500' title='bbox 3674 3272 3806 3326; x_wconf 90' lang='lat' dir='ltr'><strong>Pro-</strong></span> 
     </span>
    </p>
   </div>
   <div class='ocr_carea' id='block_1_62' title="bbox 404 3378 2047 3452">
    <p class='ocr_par' dir='ltr' id='par_1_62' title="bbox 404 3378 2047 3452">
     <span class='ocr_line' id='line_1_62' title="bbox 404 3378 2047 3452; baseline -0.003 -18"><span class='ocrx_word' id='word_1_501' title='bbox 404 3378 699 3451; x_wconf 84' lang='lat' dir='ltr'>pedesque</span> <span class='ocrx_word' id='word_1_502' title='bbox 730 3382 944 3446; x_wconf 88' lang='lat' dir='ltr'>rectos,</span> <span class='ocrx_word' id='word_1_503' title='bbox 973 3384 1030 3434; x_wconf 86' lang='lat' dir='ltr'>et</span> <span class='ocrx_word' id='word_1_504' title='bbox 1048 3378 1305 3450; x_wconf 87' lang='lat' dir='ltr'>plantam</span> <span class='ocrx_word' id='word_1_505' title='bbox 1331 3381 1515 3452; x_wconf 90' lang='lat' dir='ltr'>pedis,</span> <span class='ocrx_word' id='word_1_506' title='bbox 1540 3380 1709 3452; x_wconf 87' lang='lat' dir='ltr'>quasi</span> <span class='ocrx_word' id='word_1_507' title='bbox 1735 3378 2047 3451; x_wconf 88' lang='lat' dir='ltr'>vestigium</span> 
     </span>
    </p>
   </div>
   <div class='ocr_carea' id='block_1_63' title="bbox 406 3465 2049 3541">
    <p class='ocr_par' dir='ltr' id='par_1_63' title="bbox 406 3465 2049 3541">
     <span class='ocr_line' id='line_1_63' title="bbox 406 3465 2049 3541; baseline -0.001 -20"><span class='ocrx_word' id='word_1_508' title='bbox 406 3466 575 3539; x_wconf 73' lang='lat' dir='ltr'>podis</span> <span class='ocrx_word' id='word_1_509' title='bbox 602 3465 794 3535; x_wconf 86' lang='lat' dir='ltr'>vituli,</span> <span class='ocrx_word' id='word_1_510' title='bbox 828 3467 969 3537; x_wconf 89' lang='lat' dir='ltr'>sive,</span> <span class='ocrx_word' id='word_1_511' title='bbox 994 3473 1058 3523; x_wconf 88' lang='lat' dir='ltr'>ut</span> <span class='ocrx_word' id='word_1_512' title='bbox 1077 3469 1492 3541; x_wconf 89' lang='lat' dir='ltr'>interpretatus</span> <span class='ocrx_word' id='word_1_513' title='bbox 1512 3474 1601 3526; x_wconf 91' lang='lat' dir='ltr'>est</span> <span class='ocrx_word' id='word_1_514' title='bbox 1617 3469 1841 3541; x_wconf 85' lang='lat' dir='ltr'>Aquila,</span> <span class='ocrx_word' id='word_1_515' title='bbox 1860 3475 2049 3522; x_wconf 88' lang='lat' dir='ltr'>rotun-</span> 
     </span>
    </p>
   </div>
   <div class='ocr_carea' id='block_1_64' title="bbox 413 3554 2051 3629">
    <p class='ocr_par' dir='ltr' id='par_1_64' title="bbox 413 3554 2051 3629">
     <span class='ocr_line' id='line_1_64' title="bbox 413 3554 2051 3629; baseline -0.002 -17"><span class='ocrx_word' id='word_1_516' title='bbox 413 3554 564 3625; x_wconf 80' lang='lat' dir='ltr'>dam,</span> <span class='ocrx_word' id='word_1_517' title='bbox 595 3554 752 3626; x_wconf 90' lang='lat' dir='ltr'>quod</span> <span class='ocrx_word' id='word_1_518' title='bbox 804 3555 941 3610; x_wconf 83' lang='lat' dir='ltr'>LXX</span> <span class='ocrx_word' id='word_1_519' title='bbox 982 3556 1217 3628; x_wconf 88' lang='lat' dir='ltr'>penitus</span> <span class='ocrx_word' id='word_1_520' title='bbox 1270 3557 1638 3629; x_wconf 88' lang='lat' dir='ltr'>omiserunt),</span> <span class='ocrx_word' id='word_1_521' title='bbox 1669 3559 1741 3613; x_wconf 90' lang='lat' dir='ltr'>de</span> <span class='ocrx_word' id='word_1_522' title='bbox 1780 3554 2051 3612; x_wconf 88' lang='lat' dir='ltr'>scintillis</span> 
     </span>
    </p>
   </div>
   <div class='ocr_carea' id='block_1_65' title="bbox 409 3642 2052 3717">
    <p class='ocr_par' dir='ltr' id='par_1_65' title="bbox 409 3642 2052 3717">
     <span class='ocr_line' id='line_1_65' title="bbox 409 3642 2052 3717; baseline 0 -18"><span class='ocrx_word' id='word_1_523' title='bbox 409 3658 644 3715; x_wconf 86' lang='lat' dir='ltr'>quoque</span> <span class='ocrx_word' id='word_1_524' title='bbox 671 3642 806 3699; x_wconf 64' lang='lat' dir='ltr'>aeris</span> <span class='ocrx_word' id='word_1_525' title='bbox 833 3646 1145 3717; x_wconf 87' lang='lat' dir='ltr'>splendore</span> <span class='ocrx_word' id='word_1_526' title='bbox 1174 3645 1573 3714; x_wconf 87' lang='lat' dir='ltr'>rutilantibus,</span> <span class='ocrx_word' id='word_1_527' title='bbox 1607 3651 1664 3703; x_wconf 89' lang='lat' dir='ltr'>et</span> <span class='ocrx_word' id='word_1_528' title='bbox 1714 3646 1784 3701; x_wconf 91' lang='lat' dir='ltr'>de</span> <span class='ocrx_word' id='word_1_529' title='bbox 1832 3645 2052 3701; x_wconf 90' lang='lat' dir='ltr'>levibus</span> 
     </span>
    </p>
   </div>
   <div class='ocr_carea' id='block_1_66' title="bbox 410 3732 2056 3805">
    <p class='ocr_par' dir='ltr' id='par_1_66' title="bbox 410 3732 2056 3805">
     <span class='ocr_line' id='line_1_66' title="bbox 410 3732 2056 3805; baseline 0.002 -17"><span class='ocrx_word' id='word_1_530' title='bbox 410 3732 625 3805; x_wconf 89' lang='lat' dir='ltr'>pennis</span> <span class='ocrx_word' id='word_1_531' title='bbox 652 3748 881 3802; x_wconf 87' lang='lat' dir='ltr'>eorum,</span> <span class='ocrx_word' id='word_1_532' title='bbox 912 3734 1066 3804; x_wconf 91' lang='lat' dir='ltr'>quod</span> <span class='ocrx_word' id='word_1_533' title='bbox 1097 3733 1157 3789; x_wconf 92' lang='lat' dir='ltr'>in</span> <span class='ocrx_word' id='word_1_534' title='bbox 1189 3734 1468 3791; x_wconf 88' lang='lat' dir='ltr'>Hebraico</span> <span class='ocrx_word' id='word_1_535' title='bbox 1510 3752 1625 3791; x_wconf 89' lang='lat' dir='ltr'>non</span> <span class='ocrx_word' id='word_1_536' title='bbox 1674 3736 1945 3803; x_wconf 89' lang='lat' dir='ltr'>habetur,</span> <span class='ocrx_word' id='word_1_537' title='bbox 1985 3738 2056 3793; x_wconf 91' lang='lat' dir='ltr'>de</span> 
     </span>
    </p>
   </div>
   <div class='ocr_carea' id='block_1_67' title="bbox 410 3821 2059 3895">
    <p class='ocr_par' dir='ltr' id='par_1_67' title="bbox 410 3821 2059 3895">
     <span class='ocr_line' id='line_1_67' title="bbox 410 3821 2059 3895; baseline 0.002 -18"><span class='ocrx_word' id='word_1_538' title='bbox 410 3834 594 3877; x_wconf 82' lang='lat' dir='ltr'>manu</span> <span class='ocrx_word' id='word_1_539' title='bbox 622 3837 861 3893; x_wconf 89' lang='lat' dir='ltr'>quoque</span> <span class='ocrx_word' id='word_1_540' title='bbox 884 3821 1144 3878; x_wconf 89' lang='lat' dir='ltr'>hominis</span> <span class='ocrx_word' id='word_1_541' title='bbox 1174 3824 1284 3878; x_wconf 88' lang='lat' dir='ltr'>sub</span> <span class='ocrx_word' id='word_1_542' title='bbox 1317 3822 1426 3879; x_wconf 88' lang='lat' dir='ltr'>alis</span> <span class='ocrx_word' id='word_1_543' title='bbox 1456 3840 1655 3879; x_wconf 90' lang='lat' dir='ltr'>eorum</span> <span class='ocrx_word' id='word_1_544' title='bbox 1705 3825 1762 3879; x_wconf 91' lang='lat' dir='ltr'>in</span> <span class='ocrx_word' id='word_1_545' title='bbox 1804 3829 2059 3895; x_wconf 90' lang='lat' dir='ltr'>quatuor</span> 
     </span>
    </p>
   </div>
   <div class='ocr_carea' id='block_1_68' title="bbox 412 3909 2057 3984">
    <p class='ocr_par' dir='ltr' id='par_1_68' title="bbox 412 3909 2057 3984">
     <span class='ocr_line' id='line_1_68' title="bbox 412 3909 2057 3984; baseline 0.004 -21"><span class='ocrx_word' id='word_1_546' title='bbox 412 3912 631 3982; x_wconf 79' lang='lat' dir='ltr'>partes,</span> <span class='ocrx_word' id='word_1_547' title='bbox 666 3913 725 3964; x_wconf 83' lang='lat' dir='ltr'>et</span> <span class='ocrx_word' id='word_1_548' title='bbox 745 3909 986 3982; x_wconf 89' lang='lat' dir='ltr'>reliquis</span> <span class='ocrx_word' id='word_1_549' title='bbox 1002 3927 1131 3983; x_wconf 69' lang='lat' dir='ltr'>quae</span> <span class='ocrx_word' id='word_1_550' title='bbox 1149 3912 1526 3984; x_wconf 86' lang='lat' dir='ltr'>propheticus</span> <span class='ocrx_word' id='word_1_551' title='bbox 1545 3930 1735 3969; x_wconf 90' lang='lat' dir='ltr'>sermo</span> <span class='ocrx_word' id='word_1_552' title='bbox 1758 3913 2057 3983; x_wconf 89' lang='lat' dir='ltr'>describit,</span> 
     </span>
    </p>
   </div>
   <div class='ocr_carea' id='block_1_69' title="bbox 414 3997 2058 4074">
    <p class='ocr_par' dir='ltr' id='par_1_69' title="bbox 414 3997 2058 4074">
     <span class='ocr_line' id='line_1_69' title="bbox 414 3997 2058 4074; baseline 0.003 -20"><span class='ocrx_word' id='word_1_553' title='bbox 414 3997 763 4054; x_wconf 81' lang='lat' dir='ltr'>conabimur</span> <span class='ocrx_word' id='word_1_554' title='bbox 772 4000 912 4071; x_wconf 91' lang='lat' dir='ltr'>quid</span> <span class='ocrx_word' id='word_1_555' title='bbox 926 4000 1098 4055; x_wconf 89' lang='lat' dir='ltr'>nobis</span> <span class='ocrx_word' id='word_1_556' title='bbox 1112 4001 1373 4057; x_wconf 90' lang='lat' dir='ltr'>videatur</span> <span class='ocrx_word' id='word_1_557' title='bbox 1383 4002 1593 4069; x_wconf 91' lang='lat' dir='ltr'>dicere,</span> <span class='ocrx_word' id='word_1_558' title='bbox 1609 4018 1741 4057; x_wconf 88' lang='lat' dir='ltr'>cum</span> <span class='ocrx_word' id='word_1_559' title='bbox 1756 4002 2058 4074; x_wconf 90' lang='lat' dir='ltr'>opiniones</span> 
     </span>
    </p>
   </div>
   <div class='ocr_carea' id='block_1_70' title="bbox 422 4083 2063 4161">
    <p class='ocr_par' dir='ltr' id='par_1_70' title="bbox 422 4083 2063 4161">
     <span class='ocr_line' id='line_1_70' title="bbox 422 4083 2063 4161; baseline 0.005 -22"><span class='ocrx_word' id='word_1_560' title='bbox 422 4083 789 4155; x_wconf 82' lang='lat' dir='ltr'>singulorum</span> <span class='ocrx_word' id='word_1_561' title='bbox 814 4087 1070 4144; x_wconf 90' lang='lat' dir='ltr'>breviter</span> <span class='ocrx_word' id='word_1_562' title='bbox 1085 4089 1518 4146; x_wconf 84' lang='lat' dir='ltr'>strinxerimus.</span> <span class='ocrx_word' id='word_1_563' title='bbox 1535 4091 1783 4155; x_wconf 89' lang='lat' dir='ltr'>Quidam</span> <span class='ocrx_word' id='word_1_564' title='bbox 1810 4099 2063 4161; x_wconf 87' lang='lat' dir='ltr'>quatuor</span> 
     </span>
    </p>
   </div>
   <div class='ocr_carea' id='block_1_71' title="bbox 423 4171 2064 4249">
    <p class='ocr_par' dir='ltr' id='par_1_71' title="bbox 423 4171 2064 4249">
     <span class='ocr_line' id='line_1_71' title="bbox 423 4171 2064 4249; baseline 0.005 -22"><span class='ocrx_word' id='word_1_565' title='bbox 423 4171 748 4245; x_wconf 84' lang='lat' dir='ltr'>Evangelia,</span> <span class='ocrx_word' id='word_1_566' title='bbox 778 4192 928 4246; x_wconf 90' lang='lat' dir='ltr'>quos</span> <span class='ocrx_word' id='word_1_567' title='bbox 957 4192 1064 4232; x_wconf 90' lang='lat' dir='ltr'>nos</span> <span class='ocrx_word' id='word_1_568' title='bbox 1093 4192 1323 4248; x_wconf 91' lang='lat' dir='ltr'>quoque</span> <span class='ocrx_word' id='word_1_569' title='bbox 1357 4178 1417 4232; x_wconf 93' lang='lat' dir='ltr'>in</span> <span class='ocrx_word' id='word_1_570' title='bbox 1448 4179 1729 4249; x_wconf 61' lang='lat' dir='ltr'>prooemio</span> <span class='ocrx_word' id='word_1_571' title='bbox 1759 4195 2064 4235; x_wconf 87' lang='lat' dir='ltr'>commen-</span> 
     </span>
    </p>
   </div>
   <div class='ocr_carea' id='block_1_72' title="bbox 417 4258 2063 4332">
    <p class='ocr_par' dir='ltr' id='par_1_72' title="bbox 417 4258 2063 4332">
     <span class='ocr_line' id='line_1_72' title="bbox 417 4258 2063 4332; baseline 0.004 -17"><span class='ocrx_word' id='word_1_572' title='bbox 417 4258 707 4316; x_wconf 83' lang='lat' dir='ltr'>tariorum</span> <span class='ocrx_word' id='word_1_573' title='bbox 740 4261 996 4318; x_wconf 59' lang='lat' dir='ltr'>Matthari</span> <span class='ocrx_word' id='word_1_574' title='bbox 1026 4264 1203 4319; x_wconf 83' lang='lat' dir='ltr'>secuti</span> <span class='ocrx_word' id='word_1_575' title='bbox 1228 4266 1331 4320; x_wconf 77' lang='lat'>10</span> <span class='ocrx_word' id='word_1_576' title='bbox 1350 4281 1581 4332; x_wconf 89' lang='lat' dir='ltr'>sumus,</span> <span class='ocrx_word' id='word_1_577' title='bbox 1605 4265 1814 4321; x_wconf 90' lang='lat' dir='ltr'>horum</span> <span class='ocrx_word' id='word_1_578' title='bbox 1839 4268 2063 4322; x_wconf 88' lang='lat' dir='ltr'>anima-</span> 
     </span>
    </p>
   </div>
   <div class='ocr_carea' id='block_1_73' title="bbox 420 4345 2063 4426">
    <p class='ocr_par' dir='ltr' id='par_1_73' title="bbox 420 4345 2063 4426">
     <span class='ocr_line' id='line_1_73' title="bbox 420 4345 2063 4426; baseline 0.004 -23"><span class='ocrx_word' id='word_1_579' title='bbox 420 4345 570 4404; x_wconf 90' lang='lat' dir='ltr'>lium</span> <span class='ocrx_word' id='word_1_580' title='bbox 600 4353 809 4420; x_wconf 77' lang='lat' dir='ltr'>putant</span> <span class='ocrx_word' id='word_1_581' title='bbox 837 4351 1179 4407; x_wconf 88' lang='lat' dir='ltr'>nominibus</span> <span class='ocrx_word' id='word_1_582' title='bbox 1217 4353 1510 4424; x_wconf 86' lang='lat' dir='ltr'>designari</span> <span class='ocrx_word' id='word_1_583' title='bbox 1539 4370 1551 4408; x_wconf 93' lang='lat'><strong>:</strong></span> <span class='ocrx_word' id='word_1_584' title='bbox 1599 4354 1875 4420; x_wconf 83' lang='lat' dir='ltr'>Matthaei,</span> <span class='ocrx_word' id='word_1_585' title='bbox 1909 4356 2063 4426; x_wconf 88' lang='lat' dir='ltr'>quod</span> 
     </span>
    </p>
   </div>
   <div class='ocr_carea' id='block_1_74' title="bbox 418 4436 2069 4513">
    <p class='ocr_par' dir='ltr' id='par_1_74' title="bbox 418 4436 2069 4513">
     <span class='ocr_line' id='line_1_74' title="bbox 418 4436 2069 4513; baseline 0.004 -21"><span class='ocrx_word' id='word_1_586' title='bbox 418 4436 595 4509; x_wconf 79' lang='lat' dir='ltr'>quasi</span> <span class='ocrx_word' id='word_1_587' title='bbox 606 4436 908 4496; x_wconf 89' lang='lat' dir='ltr'>hominem</span> <span class='ocrx_word' id='word_1_588' title='bbox 929 4440 1307 4513; x_wconf 90' lang='lat' dir='ltr'>descripserit</span> <span class='ocrx_word' id='word_1_589' title='bbox 1329 4459 1340 4496; x_wconf 94' lang='lat'>:</span> <span class='ocrx_word' id='word_1_590' title='bbox 1368 4443 1529 4497; x_wconf 88' lang='lat' dir='ltr'>Liber</span> <span class='ocrx_word' id='word_1_591' title='bbox 1554 4445 1924 4512; x_wconf 84' lang='lat' dir='ltr'>generationis</span> <span class='ocrx_word' id='word_1_592' title='bbox 1943 4446 2069 4499; x_wconf 74' lang='lat' dir='ltr'>Iesu</span> 
     </span>
    </p>
   </div>
   <div class='ocr_carea' id='block_1_75' title="bbox 419 4524 2067 4599">
    <p class='ocr_par' dir='ltr' id='par_1_75' title="bbox 419 4524 2067 4599">
     <span class='ocr_line' id='line_1_75' title="bbox 419 4524 2067 4599; baseline 0.004 -18"><span class='ocrx_word' id='word_1_593' title='bbox 419 4524 643 4591; x_wconf 76' lang='lat' dir='ltr'>Christi,</span> <span class='ocrx_word' id='word_1_594' title='bbox 673 4526 787 4595; x_wconf 80' lang='lat' dir='ltr'>lilii</span> <span class='ocrx_word' id='word_1_595' title='bbox 816 4528 1128 4598; x_wconf 58' lang='lat' dir='ltr'>Davidﬁlii</span> <span class='ocrx_word' id='word_1_596' title='bbox 1155 4530 1446 4585; x_wconf 83' lang='lat' dir='ltr'>Abraham.</span> <span class='ocrx_word' id='word_1_597' title='bbox 1469 4531 1694 4599; x_wconf 90' lang='lat' dir='ltr'>Leonis,</span> <span class='ocrx_word' id='word_1_598' title='bbox 1719 4533 1788 4586; x_wconf 90' lang='lat' dir='ltr'>ad</span> <span class='ocrx_word' id='word_1_599' title='bbox 1813 4536 2067 4587; x_wconf 81' lang='lat' dir='ltr'>Marcum</span> 
     </span>
    </p>
   </div>
   <div class='ocr_carea' id='block_1_76' title="bbox 2158 3363 3800 3457">
    <p class='ocr_par' dir='ltr' id='par_1_76' title="bbox 2158 3363 3800 3457">
     <span class='ocr_line' id='line_1_76' title="bbox 2158 3363 3800 3457; baseline -0.012 -24"><span class='ocrx_word' id='word_1_600' title='bbox 2158 3379 2372 3434; x_wconf 89' lang='lat' dir='ltr'>verbiis</span> <span class='ocrx_word' id='word_1_601' title='bbox 2403 3380 2689 3450; x_wconf 87' lang='lat' dir='ltr'>scriptum</span> <span class='ocrx_word' id='word_1_602' title='bbox 2720 3382 2808 3431; x_wconf 87' lang='lat' dir='ltr'>est</span> <span class='ocrx_word' id='word_1_603' title='bbox 2837 3394 2849 3431; x_wconf 92' lang='lat'>:</span> <span class='ocrx_word' id='word_1_604' title='bbox 2885 3375 3087 3444; x_wconf 86' lang='lat' dir='ltr'>Impius</span> <span class='ocrx_word' id='word_1_605' title='bbox 3113 3387 3237 3426; x_wconf 91' lang='lat' dir='ltr'>cum</span> <span class='ocrx_word' id='word_1_606' title='bbox 3258 3367 3467 3424; x_wconf 80' lang='lat' dir='ltr'>venerit</span> <span class='ocrx_word' id='word_1_607' title='bbox 3492 3363 3800 3457; x_wconf 40' lang='lat' dir='ltr'>{apro/un.-</span> 
     </span>
    </p>
   </div>
   <div class='ocr_carea' id='block_1_77' title="bbox 2159 3452 3801 3540">
    <p class='ocr_par' dir='ltr' id='par_1_77' title="bbox 2159 3452 3801 3540">
     <span class='ocr_line' id='line_1_77' title="bbox 2159 3452 3801 3540; baseline -0.014 -16"><span class='ocrx_word' id='word_1_608' title='bbox 2159 3468 2290 3523; x_wconf 86' lang='lat' dir='ltr'>dum</span> <span class='ocrx_word' id='word_1_609' title='bbox 2314 3473 2684 3540; x_wconf 76' lang='lat' dir='ltr'>peccatorum,</span> <span class='ocrx_word' id='word_1_610' title='bbox 2715 3465 3011 3520; x_wconf 83' lang='lat' dir='ltr'>contemnit</span> <span class='ocrx_word' id='word_1_611' title='bbox 3041 3461 3221 3531; x_wconf 87' lang='lat' dir='ltr'>(Prov.</span> <span class='ocrx_word' id='word_1_612' title='bbox 3255 3457 3436 3525; x_wconf 83' lang='lat' dir='ltr'>xvm),</span> <span class='ocrx_word' id='word_1_613' title='bbox 3469 3452 3559 3522; x_wconf 75' lang='lat' dir='ltr'>l3)</span> <span class='ocrx_word' id='word_1_614' title='bbox 3585 3452 3801 3540; x_wconf 63' lang='lat' dir='ltr'>:_cerni-</span> 
     </span>
    </p>
   </div>
   <div class='ocr_carea' id='block_1_78' title="bbox 2163 3537 3805 3628">
    <p class='ocr_par' dir='ltr' id='par_1_78' title="bbox 2163 3537 3805 3628">
     <span class='ocr_line' id='line_1_78' title="bbox 2163 3537 3805 3628; baseline -0.014 -15"><span class='ocrx_word' id='word_1_615' title='bbox 2163 3537 2693 3628; x_wconf 25' lang='lat' dir='ltr'>musvpraecipitari</span> <span class='ocrx_word' id='word_1_616' title='bbox 2738 3553 2893 3624; x_wconf 89' lang='lat' dir='ltr'>apud</span> <span class='ocrx_word' id='word_1_617' title='bbox 2938 3549 3224 3622; x_wconf 88' lang='lat' dir='ltr'>quosdam</span> <span class='ocrx_word' id='word_1_618' title='bbox 3282 3550 3340 3600; x_wconf 92' lang='lat' dir='ltr'>et</span> <span class='ocrx_word' id='word_1_619' title='bbox 3386 3556 3562 3598; x_wconf 84' lang='lat' dir='ltr'>suum</span> <span class='ocrx_word' id='word_1_620' title='bbox 3611 3537 3805 3628; x_wconf 73' lang='lat' dir='ltr'>locum</span> 
     </span>
    </p>
   </div>
   <div class='ocr_carea' id='block_1_79' title="bbox 2165 3624 3808 3715">
    <p class='ocr_par' dir='ltr' id='par_1_79' title="bbox 2165 3624 3808 3715">
     <span class='ocr_line' id='line_1_79' title="bbox 2165 3624 3808 3715; baseline -0.014 -14"><span class='ocrx_word' id='word_1_621' title='bbox 2165 3624 2448 3708; x_wconf 79' lang='lat' dir='ltr'>amittere,</span> <span class='ocrx_word' id='word_1_622' title='bbox 2482 3624 2581 3715; x_wconf 79' lang='lat' dir='ltr'>qui</span> <span class='ocrx_word' id='word_1_623' title='bbox 2615 3660 2683 3697; x_wconf 89' lang='lat' dir='ltr'>ne</span> <span class='ocrx_word' id='word_1_624' title='bbox 2718 3641 2995 3713; x_wconf 89' lang='lat' dir='ltr'>pudorem</span> <span class='ocrx_word' id='word_1_625' title='bbox 3028 3637 3267 3708; x_wconf 86' lang='lat' dir='ltr'>quidem</span> <span class='ocrx_word' id='word_1_626' title='bbox 3300 3637 3357 3687; x_wconf 90' lang='lat' dir='ltr'>et</span> <span class='ocrx_word' id='word_1_627' title='bbox 3396 3624 3808 3685; x_wconf 88' lang='lat' dir='ltr'>verecundiam</span> 
     </span>
    </p>
   </div>
   <div class='ocr_carea' id='block_1_80' title="bbox 2165 3716 3806 3795">
    <p class='ocr_par' dir='ltr' id='par_1_80' title="bbox 2165 3716 3806 3795">
     <span class='ocr_line' id='line_1_80' title="bbox 2165 3716 3806 3795; baseline -0.016 -4"><span class='ocrx_word' id='word_1_628' title='bbox 2165 3735 2383 3791; x_wconf 89' lang='lat' dir='ltr'>habent</span> <span class='ocrx_word' id='word_1_629' title='bbox 2412 3733 2470 3787; x_wconf 88' lang='lat' dir='ltr'>in</span> <span class='ocrx_word' id='word_1_630' title='bbox 2505 3731 2751 3795; x_wconf 86' lang='lat' dir='ltr'>delictis,</span> <span class='ocrx_word' id='word_1_631' title='bbox 2786 3733 2842 3784; x_wconf 88' lang='lat' dir='ltr'>et</span> <span class='ocrx_word' id='word_1_632' title='bbox 2873 3733 3172 3782; x_wconf 85' lang='lat' dir='ltr'>merentur</span> <span class='ocrx_word' id='word_1_633' title='bbox 3201 3721 3442 3777; x_wconf 86' lang='lat' dir='ltr'>audire:</span> <span class='ocrx_word' id='word_1_634' title='bbox 3476 3716 3658 3771; x_wconf 86' lang='lat' dir='ltr'>Facies</span> <span class='ocrx_word' id='word_1_635' title='bbox 3690 3728 3806 3766; x_wconf 83' lang='lat' dir='ltr'>me-</span> 
     </span>
    </p>
   </div>
   <div class='ocr_carea' id='block_1_81' title="bbox 2168 3801 3811 3893">
    <p class='ocr_par' dir='ltr' id='par_1_81' title="bbox 2168 3801 3811 3893">
     <span class='ocr_line' id='line_1_81' title="bbox 2168 3801 3811 3893; baseline -0.015 -15"><span class='ocrx_word' id='word_1_636' title='bbox 2168 3822 2377 3877; x_wconf 88' lang='lat' dir='ltr'>retricis</span> <span class='ocrx_word' id='word_1_637' title='bbox 2407 3822 2557 3893; x_wconf 83' lang='lat' dir='ltr'>facta</span> <span class='ocrx_word' id='word_1_638' title='bbox 2595 3822 2669 3873; x_wconf 87' lang='lat' dir='ltr'>est</span> <span class='ocrx_word' id='word_1_639' title='bbox 2700 3818 2819 3882; x_wconf 82' lang='lat' dir='ltr'>tibi,</span> <span class='ocrx_word' id='word_1_640' title='bbox 2852 3813 3080 3869; x_wconf 83' lang='lat' dir='ltr'>noluisti</span> <span class='ocrx_word' id='word_1_641' title='bbox 3110 3809 3222 3881; x_wconf 75' lang='grc' dir='ltr'>[ΑΙ.</span> <span class='ocrx_word' id='word_1_642' title='bbox 3254 3806 3448 3875; x_wconf 83' lang='lat' dir='ltr'>nescis]</span> <span class='ocrx_word' id='word_1_643' title='bbox 3495 3801 3811 3893; x_wconf 81' lang='lat' dir='ltr'>erubescere</span> 
     </span>
    </p>
   </div>
   <div class='ocr_carea' id='block_1_82' title="bbox 2169 3890 3811 3981">
    <p class='ocr_par' dir='ltr' id='par_1_82' title="bbox 2169 3890 3811 3981">
     <span class='ocr_line' id='line_1_82' title="bbox 2169 3890 3811 3981; baseline -0.015 -15"><span class='ocrx_word' id='word_1_644' title='bbox 2169 3914 2384 3981; x_wconf 84' lang='lat' dir='ltr'>(Jerem.</span> <span class='ocrx_word' id='word_1_645' title='bbox 2407 3890 2496 3974; x_wconf 73' lang='lat' dir='ltr'>in,</span> <span class='ocrx_word' id='word_1_646' title='bbox 2527 3909 2606 3978; x_wconf 90' lang='lat'>3),</span> <span class='ocrx_word' id='word_1_647' title='bbox 2625 3907 2781 3960; x_wconf 80' lang='lat' dir='ltr'>lianc</span> <span class='ocrx_word' id='word_1_648' title='bbox 2800 3903 2977 3975; x_wconf 87' lang='lat' dir='ltr'>igitur</span> <span class='ocrx_word' id='word_1_649' title='bbox 2996 3897 3345 3971; x_wconf 89' lang='lat' dir='ltr'>quadrigam</span> <span class='ocrx_word' id='word_1_650' title='bbox 3364 3894 3423 3947; x_wconf 91' lang='lat' dir='ltr'>in</span> <span class='ocrx_word' id='word_1_651' title='bbox 3447 3890 3668 3981; x_wconf 67' lang='lat' dir='ltr'>aurigae</span> <span class='ocrx_word' id='word_1_652' title='bbox 3684 3903 3811 3981; x_wconf 81' lang='lat' dir='ltr'>mo-</span> 
     </span>
    </p>
   </div>
   <div class='ocr_carea' id='block_1_83' title="bbox 2170 3977 3815 4067">
    <p class='ocr_par' dir='ltr' id='par_1_83' title="bbox 2170 3977 3815 4067">
     <span class='ocr_line' id='line_1_83' title="bbox 2170 3977 3815 4067; baseline -0.016 -11"><span class='ocrx_word' id='word_1_653' title='bbox 2170 3977 2311 4056; x_wconf 86' lang='lat' dir='ltr'>dum</span> <span class='ocrx_word' id='word_1_654' title='bbox 2337 4004 2486 4053; x_wconf 88' lang='lat' dir='ltr'>Deus</span> <span class='ocrx_word' id='word_1_655' title='bbox 2508 3995 2671 4067; x_wconf 85' lang='lat' dir='ltr'>regit,</span> <span class='ocrx_word' id='word_1_656' title='bbox 2692 3999 2749 4048; x_wconf 91' lang='lat' dir='ltr'>et</span> <span class='ocrx_word' id='word_1_657' title='bbox 2770 3988 3174 4061; x_wconf 87' lang='lat' dir='ltr'>incompositis</span> <span class='ocrx_word' id='word_1_658' title='bbox 3191 3986 3518 4041; x_wconf 87' lang='lat' dir='ltr'>currentem</span> <span class='ocrx_word' id='word_1_659' title='bbox 3532 3977 3815 4067; x_wconf 85' lang='lat' dir='ltr'>gradibus</span> 
     </span>
    </p>
   </div>
   <div class='ocr_carea' id='block_1_84' title="bbox 2172 4065 3814 4153">
    <p class='ocr_par' dir='ltr' id='par_1_84' title="bbox 2172 4065 3814 4153">
     <span class='ocr_line' id='line_1_84' title="bbox 2172 4065 3814 4153; baseline -0.015 -9"><span class='ocrx_word' id='word_1_660' title='bbox 2172 4089 2445 4153; x_wconf 80' lang='lat' dir='ltr'>refrenat,</span> <span class='ocrx_word' id='word_1_661' title='bbox 2478 4065 2841 4151; x_wconf 75' lang='lat' dir='ltr'>docilemque</span> <span class='ocrx_word' id='word_1_662' title='bbox 2874 4080 3028 4143; x_wconf 85' lang='lat' dir='ltr'>facit,</span> <span class='ocrx_word' id='word_1_663' title='bbox 3053 4082 3110 4132; x_wconf 90' lang='lat' dir='ltr'>et</span> <span class='ocrx_word' id='word_1_664' title='bbox 3140 4092 3245 4131; x_wconf 88' lang='lat' dir='ltr'>suo</span> <span class='ocrx_word' id='word_1_665' title='bbox 3272 4086 3506 4145; x_wconf 89' lang='lat' dir='ltr'>parcere</span> <span class='ocrx_word' id='word_1_666' title='bbox 3527 4067 3684 4138; x_wconf 90' lang='lat' dir='ltr'>cogit</span> <span class='ocrx_word' id='word_1_667' title='bbox 3707 4065 3814 4120; x_wconf 89' lang='lat' dir='ltr'>im-</span> 
     </span>
    </p>
   </div>
   <div class='ocr_carea' id='block_1_85' title="bbox 2176 4154 3815 4251">
    <p class='ocr_par' dir='ltr' id='par_1_85' title="bbox 2176 4154 3815 4251">
     <span class='ocr_line' id='line_1_85' title="bbox 2176 4154 3815 4251; baseline -0.018 -17"><span class='ocrx_word' id='word_1_668' title='bbox 2176 4178 2352 4250; x_wconf 89' lang='lat' dir='ltr'>perio.</span> <span class='ocrx_word' id='word_1_669' title='bbox 2386 4177 2571 4240; x_wconf 86' lang='lat' dir='ltr'>Quam</span> <span class='ocrx_word' id='word_1_670' title='bbox 2602 4170 3059 4242; x_wconf 87' lang='lat' dir='ltr'>disputationem</span> <span class='ocrx_word' id='word_1_671' title='bbox 3093 4164 3345 4236; x_wconf 88' lang='lat' dir='ltr'>partium</span> <span class='ocrx_word' id='word_1_672' title='bbox 3366 4157 3595 4251; x_wconf 63' lang='lat' dir='ltr'>animae,</span> <span class='ocrx_word' id='word_1_673' title='bbox 3622 4154 3679 4208; x_wconf 89' lang='lat' dir='ltr'>id</span> <span class='ocrx_word' id='word_1_674' title='bbox 3705 4156 3815 4251; x_wconf 72' lang='lat' dir='ltr'>est,</span> 
     </span>
    </p>
   </div>
   <div class='ocr_carea' id='block_1_86' title="bbox 2176 4240 3815 4337">
    <p class='ocr_par' dir='ltr' id='par_1_86' title="bbox 2176 4240 3815 4337">
     <span class='ocr_line' id='line_1_86' title="bbox 2176 4240 3815 4337; baseline -0.018 -15"><span class='ocrx_word' id='word_1_675' title='bbox 2176 4240 2455 4331; x_wconf 82' lang='lat' dir='ltr'>hominis,</span> <span class='ocrx_word' id='word_1_676' title='bbox 2487 4262 2586 4335; x_wconf 90' lang='lat' dir='ltr'>qui</span> <span class='ocrx_word' id='word_1_677' title='bbox 2621 4240 2811 4315; x_wconf 80' lang='lat' dir='ltr'>minor</span> <span class='ocrx_word' id='word_1_678' title='bbox 2839 4257 3101 4313; x_wconf 90' lang='lat' dir='ltr'>mundus</span> <span class='ocrx_word' id='word_1_679' title='bbox 3125 4254 3195 4309; x_wconf 90' lang='lat' dir='ltr'>ab</span> <span class='ocrx_word' id='word_1_680' title='bbox 3220 4251 3424 4306; x_wconf 89' lang='lat' dir='ltr'>iisdem</span> <span class='ocrx_word' id='word_1_681' title='bbox 3451 4240 3815 4337; x_wconf 76' lang='lat' dir='ltr'>philosOphis</span> 
     </span>
    </p>
   </div>
   <div class='ocr_carea' id='block_1_87' title="bbox 2179 4326 3819 4427">
    <p class='ocr_par' dir='ltr' id='par_1_87' title="bbox 2179 4326 3819 4427">
     <span class='ocr_line' id='line_1_87' title="bbox 2179 4326 3819 4427; baseline -0.018 -18"><span class='ocrx_word' id='word_1_682' title='bbox 2179 4326 2521 4425; x_wconf 68' lang='lat' dir='ltr'>appellatur,</span> <span class='ocrx_word' id='word_1_683' title='bbox 2555 4349 2731 4405; x_wconf 88' lang='lat' dir='ltr'>etiam</span> <span class='ocrx_word' id='word_1_684' title='bbox 2765 4363 2869 4402; x_wconf 91' lang='lat' dir='ltr'>nos</span> <span class='ocrx_word' id='word_1_685' title='bbox 2892 4344 3269 4414; x_wconf 75' lang='lat' dir='ltr'>attingemus.</span> <span class='ocrx_word' id='word_1_686' title='bbox 3294 4337 3449 4427; x_wconf 49' lang='lat' dir='ltr'>sunt</span> <span class='ocrx_word' id='word_1_687' title='bbox 3467 4331 3567 4404; x_wconf 92' lang='lat' dir='ltr'>qui</span> <span class='ocrx_word' id='word_1_688' title='bbox 3590 4326 3819 4427; x_wconf 80' lang='lat' dir='ltr'>simpli-</span> 
     </span>
    </p>
   </div>
   <div class='ocr_carea' id='block_1_88' title="bbox 2180 4424 3821 4511">
    <p class='ocr_par' dir='ltr' id='par_1_88' title="bbox 2180 4424 3821 4511">
     <span class='ocr_line' id='line_1_88' title="bbox 2180 4424 3821 4511; baseline -0.018 -13"><span class='ocrx_word' id='word_1_689' title='bbox 2180 4424 2322 4497; x_wconf 84' lang='lat' dir='ltr'>citer</span> <span class='ocrx_word' id='word_1_690' title='bbox 2351 4441 2409 4495; x_wconf 89' lang='lat' dir='ltr'>in</span> <span class='ocrx_word' id='word_1_691' title='bbox 2444 4442 2697 4511; x_wconf 86' lang='lat' dir='ltr'>quatuor</span> <span class='ocrx_word' id='word_1_692' title='bbox 2717 4433 3094 4493; x_wconf 88' lang='lat' dir='ltr'>animalibus,</span> <span class='ocrx_word' id='word_1_693' title='bbox 3114 4431 3284 4499; x_wconf 82' lang='lat' dir='ltr'>juxta</span> <span class='ocrx_word' id='word_1_694' title='bbox 3307 4424 3673 4511; x_wconf 74' lang='lat' dir='ltr'>Hippocratis</span> <span class='ocrx_word' id='word_1_695' title='bbox 3694 4431 3821 4471; x_wconf 88' lang='lat' dir='ltr'>sen-</span> 
     </span>
    </p>
   </div>
   <div class='ocr_carea' id='block_1_89' title="bbox 2182 4505 3825 4598">
    <p class='ocr_par' dir='ltr' id='par_1_89' title="bbox 2182 4505 3825 4598">
     <span class='ocr_line' id='line_1_89' title="bbox 2182 4505 3825 4598; baseline -0.018 -13"><span class='ocrx_word' id='word_1_696' title='bbox 2182 4529 2445 4595; x_wconf 85' lang='lat' dir='ltr'>tentiam,</span> <span class='ocrx_word' id='word_1_697' title='bbox 2463 4505 2731 4598; x_wconf 69' lang='lat' dir='ltr'>quatuor</span> <span class='ocrx_word' id='word_1_698' title='bbox 2762 4522 3123 4577; x_wconf 87' lang='lat' dir='ltr'>arbitrantur</span> <span class='ocrx_word' id='word_1_699' title='bbox 3140 4514 3429 4571; x_wconf 86' lang='lat' dir='ltr'>elementa</span> <span class='ocrx_word' id='word_1_700' title='bbox 3442 4505 3646 4563; x_wconf 92' lang='lat' dir='ltr'>mundi</span> <span class='ocrx_word' id='word_1_701' title='bbox 3663 4520 3825 4559; x_wconf 92' lang='lat' dir='ltr'>mon-</span> 
     </span>
    </p>
   </div>
   <div class='ocr_carea' id='block_1_90' title="bbox 416 4600 3821 4691">
    <p class='ocr_par' dir='ltr' id='par_1_90' title="bbox 416 4600 3821 4691">
     <span class='ocr_line' id='line_1_90' title="bbox 416 4600 3821 4691; baseline 0.002 -23"><span class='ocrx_word' id='word_1_702' title='bbox 416 4612 723 4669; x_wconf 81' lang='lat' dir='ltr'>referunt:</span> <span class='ocrx_word' id='word_1_703' title='bbox 754 4616 987 4671; x_wconf 87' lang='lat' dir='ltr'>Initium</span> <span class='ocrx_word' id='word_1_704' title='bbox 1028 4618 1315 4688; x_wconf 75' lang='lat' dir='ltr'>Evangelii</span> <span class='ocrx_word' id='word_1_705' title='bbox 1361 4620 1487 4675; x_wconf 81' lang='lat' dir='ltr'>Jesu</span> <span class='ocrx_word' id='word_1_706' title='bbox 1534 4618 1737 4675; x_wconf 80' lang='lat' dir='ltr'>Christi</span> <span class='ocrx_word' id='word_1_707' title='bbox 1782 4621 1921 4676; x_wconf 88' lang='lat' dir='ltr'>Filii</span> <span class='ocrx_word' id='word_1_708' title='bbox 1950 4622 2067 4687; x_wconf 88' lang='lat' dir='ltr'>Dei,</span> <span class='ocrx_word' id='word_1_709' title='bbox 2103 4627 2147 4691; x_wconf 79' lang='grc' dir='ltr'>ι)</span> <span class='ocrx_word' id='word_1_710' title='bbox 2180 4617 2371 4684; x_wconf 88' lang='lat' dir='ltr'>strari,</span> <span class='ocrx_word' id='word_1_711' title='bbox 2406 4617 2477 4670; x_wconf 90' lang='lat' dir='ltr'>de</span> <span class='ocrx_word' id='word_1_712' title='bbox 2509 4614 2727 4686; x_wconf 81' lang='lat' dir='ltr'>quibus</span> <span class='ocrx_word' id='word_1_713' title='bbox 2757 4611 3027 4665; x_wconf 82' lang='lat' dir='ltr'>constant</span> <span class='ocrx_word' id='word_1_714' title='bbox 3067 4603 3265 4660; x_wconf 79' lang='lat' dir='ltr'>omnia</span> <span class='ocrx_word' id='word_1_715' title='bbox 3290 4619 3317 4691; x_wconf 13' lang='grc' dir='ltr'>εί</span> <span class='ocrx_word' id='word_1_716' title='bbox 3358 4600 3575 4691; x_wconf 57' lang='lat' dir='ltr'>issem,</span> <span class='ocrx_word' id='word_1_717' title='bbox 3606 4606 3821 4691; x_wconf 48' lang='lat' dir='ltr'>semmf</span> 
     </span>
    </p>
   </div>
   <div class='ocr_carea' id='block_1_91' title="bbox 419 4683 3824 4784">
    <p class='ocr_par' dir='ltr' id='par_1_91' title="bbox 419 4683 3824 4784">
     <span class='ocr_line' id='line_1_91' title="bbox 419 4683 3824 4784; baseline 0.006 -28"><span class='ocrx_word' id='word_1_718' title='bbox 419 4703 564 4757; x_wconf 69' lang='lat' dir='ltr'>sistit</span> <span class='ocrx_word' id='word_1_719' title='bbox 591 4704 858 4774; x_wconf 80' lang='lat' dir='ltr'>scriptum</span> <span class='ocrx_word' id='word_1_720' title='bbox 883 4708 963 4759; x_wconf 85' lang='lat' dir='ltr'>est</span> <span class='ocrx_word' id='word_1_721' title='bbox 992 4705 1055 4760; x_wconf 89' lang='lat' dir='ltr'>in</span> <span class='ocrx_word' id='word_1_722' title='bbox 1086 4683 1228 4761; x_wconf 81' lang='lat' dir='ltr'>Isaia</span> <span class='ocrx_word' id='word_1_723' title='bbox 1266 4707 1525 4777; x_wconf 85' lang='lat' dir='ltr'>propheta</span> <span class='ocrx_word' id='word_1_724' title='bbox 1548 4727 1566 4761; x_wconf 91' lang='lat'><strong><em>:</em></strong></span> <span class='ocrx_word' id='word_1_725' title='bbox 1630 4710 1740 4763; x_wconf 75' lang='lat' dir='ltr'>V0.2:</span> <span class='ocrx_word' id='word_1_726' title='bbox 1779 4683 2069 4765; x_wconf 81' lang='lat' dir='ltr'>clamantis</span> <span class='ocrx_word' id='word_1_727' title='bbox 2103 4683 2141 4691; x_wconf 43' lang='grc' dir='ltr'><em>υ</em></span> <span class='ocrx_word' id='word_1_728' title='bbox 2181 4722 2414 4779; x_wconf 87' lang='lat' dir='ltr'>aquam,</span> <span class='ocrx_word' id='word_1_729' title='bbox 2447 4683 2681 4758; x_wconf 75' lang='lat' dir='ltr'>terram-</span> <span class='ocrx_word' id='word_1_730' title='bbox 2716 4702 2850 4765; x_wconf 66' lang='lat' dir='ltr'>QL&quot;B</span> <span class='ocrx_word' id='word_1_731' title='bbox 2882 4690 3331 4784; x_wconf 37' lang='grc' dir='ltr'>ειιιυτηοάρ-είω</span> <span class='ocrx_word' id='word_1_732' title='bbox 3358 4683 3824 4784; x_wconf 30' lang='lat' dir='ltr'>mimi“???</span> 
     </span>
    </p>
   </div>
   <div class='ocr_carea' id='block_1_92' title="bbox 420 4781 3826 4867">
    <p class='ocr_par' dir='ltr' id='par_1_92' title="bbox 420 4781 3826 4867">
     <span class='ocr_line' id='line_1_92' title="bbox 420 4781 3826 4867; baseline -0.002 -22"><span class='ocrx_word' id='word_1_733' title='bbox 420 4791 480 4845; x_wconf 84' lang='lat' dir='ltr'>in</span> <span class='ocrx_word' id='word_1_734' title='bbox 510 4788 968 4862; x_wconf 74' lang='lat' dir='ltr'>deserto,Parate</span> <span class='ocrx_word' id='word_1_735' title='bbox 998 4795 1144 4848; x_wconf 85' lang='lat' dir='ltr'>viam</span> <span class='ocrx_word' id='word_1_736' title='bbox 1172 4795 1430 4850; x_wconf 86' lang='lat' dir='ltr'>Domini:</span> <span class='ocrx_word' id='word_1_737' title='bbox 1460 4802 1633 4851; x_wconf 83' lang='lat' dir='ltr'>rectas</span> <span class='ocrx_word' id='word_1_738' title='bbox 1657 4797 1828 4867; x_wconf 82' lang='lat' dir='ltr'>facite</span> <span class='ocrx_word' id='word_1_739' title='bbox 1847 4801 2072 4853; x_wconf 85' lang='lat' dir='ltr'>semitas</span> <span class='ocrx_word' id='word_1_740' title='bbox 2181 4812 2315 4851; x_wconf 92' lang='lat' dir='ltr'>cum</span> <span class='ocrx_word' id='word_1_741' title='bbox 2333 4791 2567 4865; x_wconf 87' lang='lat' dir='ltr'>singula</span> <span class='ocrx_word' id='word_1_742' title='bbox 2586 4791 2725 4856; x_wconf 86' lang='lat' dir='ltr'>sint,</span> <span class='ocrx_word' id='word_1_743' title='bbox 2750 4788 2859 4844; x_wconf 89' lang='lat' dir='ltr'>sibi</span> <span class='ocrx_word' id='word_1_744' title='bbox 2876 4788 3085 4858; x_wconf 88' lang='lat' dir='ltr'>juncta</span> <span class='ocrx_word' id='word_1_745' title='bbox 3107 4781 3437 4867; x_wconf 69' lang='lat' dir='ltr'>videantur,</span> <span class='ocrx_word' id='word_1_746' title='bbox 3460 4781 3826 4867; x_wconf 64' lang='grc' dir='ltr'>ίιινιοθπξίιυθ</span> 
     </span>
    </p>
   </div>
   <div class='ocr_carea' id='block_1_93' title="bbox 424 4879 2070 4957">
    <p class='ocr_par' dir='ltr' id='par_1_93' title="bbox 424 4879 2070 4957">
     <span class='ocr_line' id='line_1_93' title="bbox 424 4879 2070 4957; baseline 0.004 -23"><span class='ocrx_word' id='word_1_747' title='bbox 424 4879 541 4949; x_wconf 78' lang='lat' dir='ltr'>eius</span> <span class='ocrx_word' id='word_1_748' title='bbox 572 4879 728 4948; x_wconf 82' lang='lat' dir='ltr'>(Isai.</span> <span class='ocrx_word' id='word_1_749' title='bbox 759 4897 853 4947; x_wconf 73' lang='lat' dir='ltr'>XL,</span> <span class='ocrx_word' id='word_1_750' title='bbox 884 4882 961 4953; x_wconf 91' lang='grc'>3).</span> <span class='ocrx_word' id='word_1_751' title='bbox 995 4880 1279 4948; x_wconf 87' lang='lat' dir='ltr'>Vituli,ad</span> <span class='ocrx_word' id='word_1_752' title='bbox 1300 4883 1467 4938; x_wconf 71' lang='lat' dir='ltr'>Luca:</span> <span class='ocrx_word' id='word_1_753' title='bbox 1489 4883 1889 4957; x_wconf 84' lang='lat' dir='ltr'>Evangelium,</span> <span class='ocrx_word' id='word_1_754' title='bbox 1916 4887 2070 4957; x_wconf 90' lang='lat' dir='ltr'>quod</span> 
     </span>
    </p>
   </div>
   <div class='ocr_carea' id='block_1_94' title="bbox 426 4966 2075 5043">
    <p class='ocr_par' dir='ltr' id='par_1_94' title="bbox 426 4966 2075 5043">
     <span class='ocr_line' id='line_1_94' title="bbox 426 4966 2075 5043; baseline 0.004 -20"><span class='ocrx_word' id='word_1_755' title='bbox 426 4982 465 5023; x_wconf 69' lang='grc' dir='ltr'>ι</span> <span class='ocrx_word' id='word_1_756' title='bbox 491 4966 776 5024; x_wconf 63' lang='lat' dir='ltr'>Zachariae</span> <span class='ocrx_word' id='word_1_757' title='bbox 805 4969 1013 5041; x_wconf 88' lang='lat' dir='ltr'>incipit</span> <span class='ocrx_word' id='word_1_758' title='bbox 1041 4970 1389 5027; x_wconf 87' lang='lat' dir='ltr'>sacerdotio.</span> <span class='ocrx_word' id='word_1_759' title='bbox 1425 4971 1666 5043; x_wconf 73' lang='lat' dir='ltr'>Aquilae,</span> <span class='ocrx_word' id='word_1_760' title='bbox 1718 4974 1791 5029; x_wconf 90' lang='lat' dir='ltr'>ad</span> <span class='ocrx_word' id='word_1_761' title='bbox 1828 4974 2075 5030; x_wconf 87' lang='lat' dir='ltr'>Joannis</span> 
     </span>
    </p>
   </div>
   <div class='ocr_carea' id='block_1_95' title="bbox 423 5055 2074 5134">
    <p class='ocr_par' dir='ltr' id='par_1_95' title="bbox 423 5055 2074 5134">
     <span class='ocr_line' id='line_1_95' title="bbox 423 5055 2074 5134; baseline 0.002 -21"><span class='ocrx_word' id='word_1_762' title='bbox 423 5055 753 5126; x_wconf 77' lang='lat' dir='ltr'>exordium,</span> <span class='ocrx_word' id='word_1_763' title='bbox 787 5058 889 5130; x_wconf 92' lang='lat' dir='ltr'>qui</span> <span class='ocrx_word' id='word_1_764' title='bbox 920 5059 993 5113; x_wconf 89' lang='lat' dir='ltr'>ad</span> <span class='ocrx_word' id='word_1_765' title='bbox 1026 5059 1325 5115; x_wconf 85' lang='lat' dir='ltr'>excelsum</span> <span class='ocrx_word' id='word_1_766' title='bbox 1346 5060 1582 5116; x_wconf 90' lang='lat' dir='ltr'>evolans</span> <span class='ocrx_word' id='word_1_767' title='bbox 1603 5062 1775 5133; x_wconf 84' lang='lat' dir='ltr'>ccepit</span> <span class='ocrx_word' id='word_1_768' title='bbox 1797 5078 1810 5115; x_wconf 89' lang='lat'><strong>:</strong></span> <span class='ocrx_word' id='word_1_769' title='bbox 1834 5064 1897 5117; x_wconf 87' lang='lat' dir='ltr'>In</span> <span class='ocrx_word' id='word_1_770' title='bbox 1912 5065 2074 5134; x_wconf 83' lang='lat' dir='ltr'>prin-</span> 
     </span>
    </p>
   </div>
   <div class='ocr_carea' id='block_1_96' title="bbox 422 5145 2079 5220">
    <p class='ocr_par' dir='ltr' id='par_1_96' title="bbox 422 5145 2079 5220">
     <span class='ocr_line' id='line_1_96' title="bbox 422 5145 2079 5220; baseline 0.002 -18"><span class='ocrx_word' id='word_1_771' title='bbox 422 5145 573 5216; x_wconf 72' lang='lat' dir='ltr'>cipio</span> <span class='ocrx_word' id='word_1_772' title='bbox 601 5149 723 5200; x_wconf 76' lang='lat' dir='ltr'>erat</span> <span class='ocrx_word' id='word_1_773' title='bbox 756 5147 1003 5215; x_wconf 81' lang='lat' dir='ltr'>Verbum,</span> <span class='ocrx_word' id='word_1_774' title='bbox 1057 5156 1108 5203; x_wconf 89' lang='lat' dir='ltr'>et</span> <span class='ocrx_word' id='word_1_775' title='bbox 1156 5148 1386 5204; x_wconf 81' lang='lat' dir='ltr'>Verbum</span> <span class='ocrx_word' id='word_1_776' title='bbox 1424 5152 1543 5205; x_wconf 86' lang='lat' dir='ltr'>erat</span> <span class='ocrx_word' id='word_1_777' title='bbox 1592 5150 1740 5220; x_wconf 86' lang='lat' dir='ltr'>apud</span> <span class='ocrx_word' id='word_1_778' title='bbox 1794 5152 1986 5219; x_wconf 87' lang='lat' dir='ltr'>Deum,</span> <span class='ocrx_word' id='word_1_779' title='bbox 2026 5155 2079 5207; x_wconf 85' lang='lat' dir='ltr'>et</span> 
     </span>
    </p>
   </div>
   <div class='ocr_carea' id='block_1_97' title="bbox 427 5232 2074 5310">
    <p class='ocr_par' dir='ltr' id='par_1_97' title="bbox 427 5232 2074 5310">
     <span class='ocr_line' id='line_1_97' title="bbox 427 5232 2074 5310; baseline 0.004 -22"><span class='ocrx_word' id='word_1_780' title='bbox 427 5232 570 5288; x_wconf 80' lang='lat' dir='ltr'>Deus</span> <span class='ocrx_word' id='word_1_781' title='bbox 602 5236 726 5289; x_wconf 83' lang='lat' dir='ltr'>erat</span> <span class='ocrx_word' id='word_1_782' title='bbox 751 5234 993 5291; x_wconf 79' lang='lat' dir='ltr'>Verbum.</span> <span class='ocrx_word' id='word_1_783' title='bbox 1015 5239 1202 5307; x_wconf 87' lang='lat' dir='ltr'>Super</span> <span class='ocrx_word' id='word_1_784' title='bbox 1220 5237 1376 5307; x_wconf 92' lang='lat' dir='ltr'>quod</span> <span class='ocrx_word' id='word_1_785' title='bbox 1400 5236 1540 5308; x_wconf 90' lang='lat' dir='ltr'>quid</span> <span class='ocrx_word' id='word_1_786' title='bbox 1563 5238 1730 5293; x_wconf 88' lang='lat' dir='ltr'>nobis</span> <span class='ocrx_word' id='word_1_787' title='bbox 1766 5239 2074 5310; x_wconf 89' lang='lat' dir='ltr'>videretur,</span> 
     </span>
    </p>
   </div>
   <div class='ocr_carea' id='block_1_98' title="bbox 426 5319 2078 5400">
    <p class='ocr_par' dir='ltr' id='par_1_98' title="bbox 426 5319 2078 5400">
     <span class='ocr_line' id='line_1_98' title="bbox 426 5319 2078 5400; baseline 0.005 -24"><span class='ocrx_word' id='word_1_788' title='bbox 426 5319 491 5376; x_wconf 90' lang='lat' dir='ltr'>in</span> <span class='ocrx_word' id='word_1_789' title='bbox 521 5321 860 5394; x_wconf 82' lang='lat' dir='ltr'>supradicto</span> <span class='ocrx_word' id='word_1_790' title='bbox 888 5339 1059 5396; x_wconf 86' lang='lat' dir='ltr'>opere</span> <span class='ocrx_word' id='word_1_791' title='bbox 1090 5322 1368 5395; x_wconf 82' lang='lat' dir='ltr'>diximus,</span> <span class='ocrx_word' id='word_1_792' title='bbox 1396 5324 1747 5398; x_wconf 90' lang='lat' dir='ltr'>pleniusque</span> <span class='ocrx_word' id='word_1_793' title='bbox 1775 5326 1835 5382; x_wconf 91' lang='lat' dir='ltr'>in</span> <span class='ocrx_word' id='word_1_794' title='bbox 1858 5330 2078 5400; x_wconf 81' lang='lat' dir='ltr'>Apoca-</span> 
     </span>
    </p>
   </div>
   <div class='ocr_carea' id='block_1_99' title="bbox 2184 4859 3828 4954">
    <p class='ocr_par' dir='ltr' id='par_1_99' title="bbox 2184 4859 3828 4954">
     <span class='ocr_line' id='line_1_99' title="bbox 2184 4859 3828 4954; baseline -0.021 -13"><span class='ocrx_word' id='word_1_795' title='bbox 2184 4901 2245 4941; x_wconf 89' lang='lat' dir='ltr'>se</span> <span class='ocrx_word' id='word_1_796' title='bbox 2274 4859 2536 4954; x_wconf 66' lang='lat' dir='ltr'>tangant,</span> <span class='ocrx_word' id='word_1_797' title='bbox 2568 4884 2625 4935; x_wconf 89' lang='lat' dir='ltr'>et</span> <span class='ocrx_word' id='word_1_798' title='bbox 2656 4879 2715 4933; x_wconf 87' lang='lat' dir='ltr'>in</span> <span class='ocrx_word' id='word_1_799' title='bbox 2744 4893 2861 4931; x_wconf 91' lang='lat' dir='ltr'>una</span> <span class='ocrx_word' id='word_1_800' title='bbox 2882 4888 3131 4947; x_wconf 87' lang='lat' dir='ltr'>persona</span> <span class='ocrx_word' id='word_1_801' title='bbox 3156 4859 3828 4954; x_wconf 5' lang='lat' dir='ltr'>animantiumgquatupr</span> 
     </span>
    </p>
   </div>
   <div class='ocr_carea' id='block_1_100' title="bbox 2185 4941 3825 5045">
    <p class='ocr_par' dir='ltr' id='par_1_100' title="bbox 2185 4941 3825 5045">
     <span class='ocr_line' id='line_1_100' title="bbox 2185 4941 3825 5045; baseline -0.02 -17"><span class='ocrx_word' id='word_1_802' title='bbox 2185 4941 2411 5045; x_wconf 67' lang='lat' dir='ltr'>species</span> <span class='ocrx_word' id='word_1_803' title='bbox 2430 4941 2683 5024; x_wconf 84' lang='lat' dir='ltr'>habeant</span> <span class='ocrx_word' id='word_1_804' title='bbox 2706 4983 2772 5021; x_wconf 90' lang='lat' dir='ltr'>ac</span> <span class='ocrx_word' id='word_1_805' title='bbox 2794 4966 3033 5035; x_wconf 82' lang='lat' dir='ltr'>ﬁguras,</span> <span class='ocrx_word' id='word_1_806' title='bbox 3057 4974 3173 5012; x_wconf 90' lang='lat' dir='ltr'>non</span> <span class='ocrx_word' id='word_1_807' title='bbox 3196 4959 3287 5045; x_wconf 85' lang='lat' dir='ltr'>est</span> <span class='ocrx_word' id='word_1_808' title='bbox 3312 4945 3590 5045; x_wconf 74' lang='lat' dir='ltr'>propositi</span> <span class='ocrx_word' id='word_1_809' title='bbox 3612 4941 3825 5045; x_wconf 80' lang='lat' dir='ltr'>operis.</span> 
     </span>
    </p>
   </div>
   <div class='ocr_carea' id='block_1_101' title="bbox 2187 5032 3833 5128">
    <p class='ocr_par' dir='ltr' id='par_1_101' title="bbox 2187 5032 3833 5128">
     <span class='ocr_line' id='line_1_101' title="bbox 2187 5032 3833 5128; baseline -0.019 -12"><span class='ocrx_word' id='word_1_810' title='bbox 2187 5032 2446 5125; x_wconf 75' lang='lat' dir='ltr'>Quatuor</span> <span class='ocrx_word' id='word_1_811' title='bbox 2475 5072 2707 5128; x_wconf 83' lang='lat' dir='ltr'>quoque</span> <span class='ocrx_word' id='word_1_812' title='bbox 2739 5032 2893 5107; x_wconf 79' lang='lat' dir='ltr'>rotas</span> <span class='ocrx_word' id='word_1_813' title='bbox 2924 5052 2994 5103; x_wconf 91' lang='lat' dir='ltr'>de</span> <span class='ocrx_word' id='word_1_814' title='bbox 3025 5043 3272 5101; x_wconf 88' lang='lat' dir='ltr'>terrenis</span> <span class='ocrx_word' id='word_1_815' title='bbox 3301 5038 3373 5096; x_wconf 91' lang='lat' dir='ltr'>ad</span> <span class='ocrx_word' id='word_1_816' title='bbox 3400 5032 3678 5094; x_wconf 90' lang='lat' dir='ltr'>sublimia</span> <span class='ocrx_word' id='word_1_817' title='bbox 3696 5048 3833 5128; x_wconf 73' lang='lat' dir='ltr'>eon-</span> 
     </span>
    </p>
   </div>
   <div class='ocr_carea' id='block_1_102' title="bbox 2189 5119 3836 5221">
    <p class='ocr_par' dir='ltr' id='par_1_102' title="bbox 2189 5119 3836 5221">
     <span class='ocr_line' id='line_1_102' title="bbox 2189 5119 3836 5221; baseline -0.019 -16"><span class='ocrx_word' id='word_1_818' title='bbox 2189 5119 2511 5220; x_wconf 54' lang='lat' dir='ltr'>surgentes:</span> <span class='ocrx_word' id='word_1_819' title='bbox 2529 5119 2775 5216; x_wconf 74' lang='lat' dir='ltr'>singulis</span> <span class='ocrx_word' id='word_1_820' title='bbox 2790 5145 2845 5195; x_wconf 87' lang='lat' dir='ltr'>et</span> <span class='ocrx_word' id='word_1_821' title='bbox 2860 5136 3012 5210; x_wconf 84' lang='lat' dir='ltr'>quad</span> <span class='ocrx_word' id='word_1_822' title='bbox 3024 5133 3066 5188; x_wconf 90' lang='lat' dir='ltr'>ri</span> <span class='ocrx_word' id='word_1_823' title='bbox 3076 5131 3360 5188; x_wconf 87' lang='lat' dir='ltr'>formibus</span> <span class='ocrx_word' id='word_1_824' title='bbox 3363 5128 3602 5221; x_wconf 78' lang='lat' dir='ltr'>junctae</span> <span class='ocrx_word' id='word_1_825' title='bbox 3613 5119 3836 5221; x_wconf 67' lang='lat' dir='ltr'>anima-</span> 
     </span>
    </p>
   </div>
   <div class='ocr_carea' id='block_1_103' title="bbox 2189 5213 3835 5307">
    <p class='ocr_par' dir='ltr' id='par_1_103' title="bbox 2189 5213 3835 5307">
     <span class='ocr_line' id='line_1_103' title="bbox 2189 5213 3835 5307; baseline -0.019 -14"><span class='ocrx_word' id='word_1_826' title='bbox 2189 5213 2363 5307; x_wconf 47' lang='lat' dir='ltr'>libuvs,</span> <span class='ocrx_word' id='word_1_827' title='bbox 2396 5233 2485 5291; x_wconf 91' lang='lat' dir='ltr'>vel</span> <span class='ocrx_word' id='word_1_828' title='bbox 2510 5213 2848 5288; x_wconf 73' lang='lat' dir='ltr'>eorumdem</span> <span class='ocrx_word' id='word_1_829' title='bbox 2883 5225 3306 5282; x_wconf 89' lang='lat' dir='ltr'>elementorum</span> <span class='ocrx_word' id='word_1_830' title='bbox 3351 5213 3835 5307; x_wconf 71' lang='lat' dir='ltr'>commuttionem</span> 
     </span>
    </p>
   </div>
   <div class='ocr_carea' id='block_1_104' title="bbox 2190 5300 3839 5389">
    <p class='ocr_par' dir='ltr' id='par_1_104' title="bbox 2190 5300 3839 5389">
     <span class='ocr_line' id='line_1_104' title="bbox 2190 5300 3839 5389; baseline -0.019 -8"><span class='ocrx_word' id='word_1_831' title='bbox 2190 5300 2502 5389; x_wconf 80' lang='lat' dir='ltr'>aestimant,</span> <span class='ocrx_word' id='word_1_832' title='bbox 2548 5320 2635 5377; x_wconf 90' lang='lat' dir='ltr'>vel</span> <span class='ocrx_word' id='word_1_833' title='bbox 2688 5320 2939 5389; x_wconf 90' lang='lat' dir='ltr'>quatuor</span> <span class='ocrx_word' id='word_1_834' title='bbox 2978 5325 3311 5384; x_wconf 88' lang='lat' dir='ltr'>temporum</span> <span class='ocrx_word' id='word_1_835' title='bbox 3368 5300 3676 5367; x_wconf 89' lang='lat' dir='ltr'>circulum,</span> <span class='ocrx_word' id='word_1_836' title='bbox 3735 5300 3839 5367; x_wconf 89' lang='lat' dir='ltr'>qui</span> 
     </span>
    </p>
   </div>
   <div class='ocr_carea' id='block_1_105' title="bbox 506 5532 3847 5631">
    <p class='ocr_par' dir='ltr' id='par_1_105' title="bbox 506 5532 3847 5631">
     <span class='ocr_line' id='line_1_105' title="bbox 506 5532 3847 5631; baseline -0.002 -23"><span class='ocrx_word' id='word_1_837' title='bbox 506 5551 583 5631; x_wconf 67' lang='grc' dir='ltr'>(ρ)</span> <span class='ocrx_word' id='word_1_838' title='bbox 615 5551 910 5631; x_wconf 79' lang='lat' dir='ltr'>Victorius</span> <span class='ocrx_word' id='word_1_839' title='bbox 929 5553 1198 5631; x_wconf 82' lang='lat' dir='ltr'>plurium</span> <span class='ocrx_word' id='word_1_840' title='bbox 1232 5571 1497 5631; x_wconf 85' lang='lat' dir='ltr'>num_ero,</span> <span class='ocrx_word' id='word_1_841' title='bbox 1520 5558 1571 5610; x_wconf 88' lang='lat' dir='ltr'>et</span> <span class='ocrx_word' id='word_1_842' title='bbox 1601 5571 1763 5627; x_wconf 62' lang='lat' dir='ltr'>aquae</span> <span class='ocrx_word' id='word_1_843' title='bbox 1778 5572 1903 5629; x_wconf 60' lang='lat' dir='ltr'>quae</span> <span class='ocrx_word' id='word_1_844' title='bbox 1922 5575 2084 5631; x_wconf 85' lang='lat' dir='ltr'>super</span> <span class='ocrx_word' id='word_1_845' title='bbox 2196 5556 2452 5631; x_wconf 77' lang='lat' dir='ltr'>gendum</span> <span class='ocrx_word' id='word_1_846' title='bbox 2485 5566 2587 5623; x_wconf 77' lang='lat' dir='ltr'>pro</span> <span class='ocrx_word' id='word_1_847' title='bbox 2621 5548 2777 5631; x_wconf 44' lang='lat' dir='ltr'>Citii};</span> <span class='ocrx_word' id='word_1_848' title='bbox 2810 5546 3095 5600; x_wconf 67' lang='lat' dir='ltr'>Cmtcrum</span> <span class='ocrx_word' id='word_1_849' title='bbox 3116 5539 3268 5613; x_wconf 75' lang='lat' dir='ltr'>apud</span> <span class='ocrx_word' id='word_1_850' title='bbox 3289 5532 3847 5604; x_wconf 66' lang='grc' dir='ltr'>Παδαηοιρθσοαίθνε</span> 
     </span>
    </p>
   </div>
   <div class='ocr_carea' id='block_1_106' title="bbox 429 5624 1565 5695">
    <p class='ocr_par' dir='ltr' id='par_1_106' title="bbox 429 5624 1565 5695">
     <span class='ocr_line' id='line_1_106' title="bbox 429 5624 1565 5695; baseline 0.002 -16"><span class='ocrx_word' id='word_1_851' title='bbox 429 5624 601 5695; x_wconf 64' lang='lat' dir='ltr'>caelos</span> <span class='ocrx_word' id='word_1_852' title='bbox 622 5633 774 5695; x_wconf 68' lang='lat' dir='ltr'>sunt,</span> <span class='ocrx_word' id='word_1_853' title='bbox 808 5624 1053 5692; x_wconf 78' lang='lat' dir='ltr'>laudent,</span> <span class='ocrx_word' id='word_1_854' title='bbox 1087 5630 1222 5692; x_wconf 90' lang='lat' dir='ltr'>etc.,</span> <span class='ocrx_word' id='word_1_855' title='bbox 1253 5643 1322 5681; x_wconf 82' lang='lat' dir='ltr'>ex</span> <span class='ocrx_word' id='word_1_856' title='bbox 1351 5626 1565 5682; x_wconf 64' lang='lat' dir='ltr'>Graeco.</span> 
     </span>
    </p>
   </div>
   <div class='ocr_carea' id='block_1_107' title="bbox 504 5694 2085 5772">
    <p class='ocr_par' dir='ltr' id='par_1_107' title="bbox 504 5694 2085 5772">
     <span class='ocr_line' id='line_1_107' title="bbox 504 5694 2085 5772; baseline 0.004 -21"><span class='ocrx_word' id='word_1_857' title='bbox 504 5694 587 5767; x_wconf 87' lang='lat' dir='ltr'>(b)</span> <span class='ocrx_word' id='word_1_858' title='bbox 619 5694 900 5755; x_wconf 85' lang='lat' dir='ltr'>Videatur</span> <span class='ocrx_word' id='word_1_859' title='bbox 921 5696 1095 5754; x_wconf 81' lang='lat' dir='ltr'>Adam</span> <span class='ocrx_word' id='word_1_860' title='bbox 1124 5698 1224 5771; x_wconf 91' lang='lat' dir='ltr'>qui</span> <span class='ocrx_word' id='word_1_861' title='bbox 1246 5698 1467 5770; x_wconf 89' lang='lat' dir='ltr'>ejectus</span> <span class='ocrx_word' id='word_1_862' title='bbox 1490 5698 1561 5754; x_wconf 91' lang='lat' dir='ltr'>de</span> <span class='ocrx_word' id='word_1_863' title='bbox 1583 5696 1851 5769; x_wconf 88' lang='lat' dir='ltr'>paradiso</span> <span class='ocrx_word' id='word_1_864' title='bbox 1876 5703 1982 5772; x_wconf 89' lang='lat' dir='ltr'>est,</span> <span class='ocrx_word' id='word_1_865' title='bbox 2006 5700 2085 5758; x_wconf 86' lang='lat' dir='ltr'>le-</span> 
     </span>
    </p>
   </div>
   <div class='ocr_carea' id='block_1_108' title="bbox 2196 5618 2862 5703">
    <p class='ocr_par' dir='ltr' id='par_1_108' title="bbox 2196 5618 2862 5703">
     <span class='ocr_line' id='line_1_108' title="bbox 2196 5618 2862 5703; baseline -0.021 -18"><span class='ocrx_word' id='word_1_866' title='bbox 2196 5618 2298 5703; x_wconf 67' lang='lat' dir='ltr'>pro</span> <span class='ocrx_word' id='word_1_867' title='bbox 2326 5618 2538 5699; x_wconf 76' lang='lat' dir='ltr'>pectore</span> <span class='ocrx_word' id='word_1_868' title='bbox 2567 5618 2862 5675; x_wconf 88' lang='lat' dir='ltr'>scribitur.</span> 
     </span>
    </p>
   </div>
  </div>
