4052 6180
171 370 249 436 33
1400 377 1464 441 S.
1513 373 1817 442 EUSE‘Bil

1930 373 2334 441 lERONYMl.
3493 372 3578 440 Ἃ

165 507 352 566 ternis
379 509 686 566 conficitur
714 511 1036 583 mensibus,
1095 527 1435 584 annumque
1462 515 1802 580 vertentem,
1831 512 1886 580 Α
1914 511 1985 566 ad
2019 508 2439 567 sacerdotalem
2470 513 2527 566 et
2555 507 2843 567 leviticam
2865 507 3091 567 tribum
3118 523 3132 566 :
3157 510 3321 566 extra
3341 521 3476 582 quin
3491 506 3576 574 sit

165 599 263 672 qui
298 601 369 655 ab
401 616 469 655 eo
492 604 572 669 (ιι)
602 602 754 672 quod
789 618 1020 672 semper
1049 607 1308 656 vertatur
1331 606 1386 656 et
1418 602 1474 654 in
1509 618 1569 656 se
1597 601 1810 668 redeat,

165 705 378 744 nomen
408 689 714 761 acceperit.
748 690 825 744 De
857 691 1075 761 quibus
1107 691 1347 762 pulchre
1380 707 1494 746 uno
1526 688 1812 745 versiculo

167 776 390 833 dictum
423 782 544 836 est:

231 903 352 962 Ver,
375 907 548 963 testas,
587 909 895 962 autumnus,
927 904 1130 968 byems,
1155 908 1208 954 et
1237 904 1453 962 mensis,
1478 906 1527 952 et
1558 915 1752 952 annus.

170 1017 453 1089 Quodque
484 1018 737 1074 dicitur:
772 1024 902 1075 Erat
931 1030 1071 1086 rota,
1105 1022 1160 1074 in
1185 1029 1324 1088 rota,
1344 1036 1549 1073 annum
1582 1019 1637 1072 in
1670 1033 1814 1072 anno

171 1109 483 1178 significari
527 1112 742 1180 putant.
792 1110 870 1165 De
925 1127 1038 1180 qno
1087 1109 1238 1163 alius
1294 1115 1460 1181 poeta
1506 1108 1723 1180 (Virgil.
1776 1125 1815 1162 ιι

171 1194 398 1269 Georg.)
425 1215 438 1254 :

323 1312 492 1375 Atque
523 1313 576 1361 in
607 1327 661 1361 se
694 1327 788 1362 sua
824 1327 918 1376 per
946 1314 1169 1376 vestigia
1210 1313 1437 1362 volvitur
1465 1326 1655 1361 annus.

170 1437 547 1491 Firmamenti
567 1437 741 1492 etiam
765 1436 1210 1492 similitudinem
1229 1436 1502 1509 crystallo
1521 1453 1814 1508 compara-

168 1529 314 1591 tam,
345 1525 553 1581 cculum
589 1526 696 1580 hoc
727 1527 881 1597 quod
917 1525 1275 1598 suspicimus
1305 1526 1548 1597 intelligi
1583 1525 1807 1580 volunt:

167 1614 278 1669 sub
311 1630 426 1685 quo
457 1613 774 1669 volvuntur
794 1620 850 1669 et
870 1619 1178 1670 transeunt
1201 1619 1452 1685 quatuor
1470 1615 1809 1669 animantia.

175 1702 596 1774 Thronumque
619 1703 829 1758 coloris
857 1704 1142 1775 sapphiri,
1168 1709 1224 1758 et
1245 1703 1542 1758 sedentem
1565 1705 1815 1774 desuper

169 1791 466 1846 hominem
484 1792 594 1847 sub
613 1792 872 1847 humana
887 1792 1296 1858 similitudine,
1313 1791 1622 1863 imperium
1635 1809 1811 1847 cunc-

88 1945 104 1960 .
172 1886 229 1935 ta
245 1880 498 1951 regentis
520 1880 832 1952 omniaque
849 1881 1117 1936 habentis
1138 1881 1246 1936 sub
1265 1881 1513 1952 pedibus
1530 1881 1674 1946 suis,
1699 1897 1814 1935 om-
1850 1882 1891 1945 Β

174 1968 510 2040 nipotentim
530 1969 626 2023 Dei
648 1969 896 2024 describi
922 1974 1230 2024 autumant
1255 1987 1267 2035 ;
1294 1968 1525 2039 dicique
1543 1969 1614 2022 ad
1637 1972 1817 2023 extre-

176 2074 338 2111 mum
370 2075 382 2112 :
419 2059 543 2113 ch
571 2060 705 2113 visio
733 2042 1120 2113 similitudinis
1148 2058 1350 2125 gloriae
1379 2058 1476 2112 Dei
1499 2072 1510 2111 :
1558 2073 1660 2127 per
1689 2073 1815 2127 qua)

181 2146 347 2217 quasi
374 2163 475 2217 per
494 2148 780 2218 picturam
804 2148 1118 2218 quamdam
1139 2151 1196 2200 et
1218 2147 1317 2202 I2
1349 2145 1820 2216 imaginem,pro-

174 2234 486 2290 videntiam
511 2235 921 2290 demonstrari.
937 2236 1220 2306 Quodque
1233 2235 1410 2306 pedes
1429 2233 1817 2288 animantium

178 2322 320 2377 recti
341 2339 470 2378 esse
499 2322 786 2391 dicantur,
821 2327 876 2377 et
901 2325 1093 2394 planta
1123 2323 1275 2392 pedis
1299 2324 1483 2392 vituli,
1506 2338 1603 2376 seu
1625 2330 1819 2375 rotun-

175 2411 264 2481 da,
301 2416 526 2467 terrena
557 2429 802 2484 quaeque
831 2413 902 2467 ad
927 2413 1182 2468 coelestia
1204 2411 1530 2476 subvolare,
1553 2415 1611 2466 et
1632 2409 1818 2465 omni-

178 2499 289 2554 bus
322 2500 552 2571 angulis
603 2501 940 2572 amputatis,
996 2500 1407 2555 rotunditatem
1459 2498 1644 2569 sequi,
1693 2513 1819 2568 quae

179 2587 442 2642 omnium
462 2588 784 2660 ﬁgurarum
810 2587 1203 2660 pulcherrima
1224 2592 1328 2642 est.
1357 2585 1650 2642 Scintillas
1674 2586 1818 2640 ruti-

180 2675 388 2741 iantes,
421 2683 631 2732 cuncta
655 2677 826 2748 plena
847 2676 1088 2731 luminis
1115 2676 1386 2741 indicare,
1413 2679 1469 2730 et
1488 2691 1697 2728 manus
1721 2675 1819 2728 ho-

184 2765 362 2819 minis
392 2767 501 2819 sub
536 2766 880 2837 pennistam
903 2764 1088 2836 ipsius
1115 2764 1391 2830 hominis,
1417 2779 1592 2834 quam
1615 2762 1820 2827 leonis,

181 2857 238 2907 et
266 2851 454 2921 vituli,
487 2857 544 2907 et
567 2853 778 2924 aquila:
809 2869 820 2907 :
855 2858 918 2907 ut
965 2853 1110 2906 ratio
1143 2856 1351 2906 cuncta
1398 2855 1702 2917 sustentet,
1757 2866 1821 2904 ac

187 2941 256 2994 de
287 2939 618 2994 humilitate
649 2945 876 2995 terrena
905 2942 975 2996 ad
1009 2940 1264 2996 cmlestia
1294 2939 1573 2996 sublevet.
1608 2940 1736 2994 Haec
1768 2942 1824 2994 et

185 3029 256 3084 ad
289 3028 597 3100 Evangelia
623 3036 677 3083 et
706 3029 777 3084 ad
809 3034 1016 3084 cuncta
1047 3045 1169 3101 qua:
1204 3045 1382 3100 supra
1414 3028 1720 3100 posuimus
1743 3046 1826 3083 re-

187 3116 334 3171 ferre
365 3132 702 3188 possumus.
743 3116 990 3172 Audisse
1023 3134 1114 3171 me
1145 3117 1382 3171 memini
1409 3121 1660 3188 quatuor
1696 3132 1823 3188 per-

182 3204 564 3275 turbationes,
597 3207 667 3260 de
700 3205 914 3276 quibus
947 3205 1282 3277 plenissime
1305 3205 1497 3260 Cicero
1521 3205 1576 3259 in
1601 3206 1826 3261 Tuscu-

187 3292 339 3348 lanis
388 3293 669 3365 disputat,
718 3293 938 3364 gaudii,
990 3294 1372 3366 aegritudinis,
1419 3294 1712 3366 cupidinis
1771 3299 1827 3350 et

191 3381 444 3449 timoris,
469 3399 718 3453 quorum
743 3383 857 3438 duo
875 3383 1198 3454 praesentia,
1221 3385 1334 3437 duo
1355 3383 1547 3437 futura
1565 3387 1702 3437 sunt
1724 3399 1827 3453 per

187 3474 438 3539 quatuor
469 3469 785 3541 signiﬁcari
813 3471 1110 3538 animalia,
1139 3472 1208 3525 de
1233 3471 1448 3542 quibus
1473 3476 1528 3526 et
1547 3471 1824 3543 Virgilius

186 3558 436 3612 breviter
466 3559 713 3629 (AEneid.
749 3559 848 3613 lib.
879 3561 994 3629 v1):

280 3681 414 3730 llinc
440 3686 705 3740 metuunt,
736 3683 1086 3745 cupiuntque,
1117 3681 1316 3736 dolent.
1347 3682 1728 3745 gaudentque:

185 3821 310 3875 qua:
340 3805 458 3877 regi
480 3806 726 3862 debeant
748 3806 1330 3878 ratione,etpotentia
1345 3807 1443 3862 Dei
1463 3806 1824 3878 ;quibusque

183 3894 464 3962 oppositae
495 3895 632 3962 sint,
681 3895 860 3948 immo
905 3895 1210 3966 impositae,
1262 3895 1506 3951 virtutes
1552 3902 1821 3966 quatuor,

183 3981 518 4050 Prudentia,
551 3983 808 4048 Justitia,
836 3983 1156 4048 Fortitudo,
1188 3984 1615 4053 Temperantia,
1641 3990 1703 4038 ut
1721 3984 1822 4038 ha-

183 4085 314 4121 rum
350 4068 746 4137 gubernentur
776 4069 1035 4124 arbitrio.
1069 4071 1201 4133 Qum
1235 4071 1526 4141 quomodo
1565 4071 1824 4126 vultibus

187 4155 460 4221 hominis,
521 4154 725 4223 leonis,
777 4156 1060 4227 vitulique
1105 4162 1160 4212 et
1211 4158 1418 4229 aquila:
1461 4163 1822 4229 coaptentur,

184 4243 426 4298 omnino
453 4248 780 4298 tacuerunt.
816 4246 1002 4316 Super
1030 4246 1410 4317 quibusidem
1441 4245 1824 4318 philos0phus

183 4338 237 4385 et
270 4336 465 4386 orator
488 4332 546 4386 in
572 4332 760 4387 tribus
787 4333 856 4388 ad
883 4333 1066 4387 filium
1095 4334 1416 4388 officiorum
1439 4334 1601 4389 libris
1627 4335 1825 4407 dispu-

183 4425 285 4474 tat.
322 4420 454 4491 Legi
478 4424 535 4474 et
563 4422 870 4488 cuiusdam
894 4422 1127 4489 (latinae,
1163 4437 1334 4493 quem
1367 4422 1489 4494 Syri
1525 4419 1741 4491 λεπτὸν,
1768 4424 1824 4479 id

183 4513 289 4574 est,
312 4512 544 4562 acutum
569 4514 624 4563 et
647 4511 1016 4578 ingeniosum,
1048 4516 1276 4576 vocant,
1301 4511 1533 4566 brevem
1556 4511 1824 4582 disputa-

1922 600 2098 655 facies
2129 599 2358 672 aquilae,
2393 600 2649 659 vindicta
2679 604 2738 657 et
2769 599 2912 657 ultio
2941 599 3044 656 Dei
3070 599 3146 655 de
3189 599 3335 656 caelo
3363 602 3577 660 cuncta

1921 689 2303 760 prospiciens,
2338 694 2396 744 et
2425 706 2549 760 quea
2571 687 3099 760 paratasitlauiare
3122 691 3481 760 peccantem,
3502 687 3578 743 de

1923 793 2039 848 qua
2067 783 2123 832 et
2152 779 2210 830 in
2243 777 2386 832 Osee
2413 778 2641 832 dicatur
2667 795 2679 833 :
2711 778 2872 833 Sicut
2915 777 3108 846 aquila
3160 793 3326 848 super
3353 777 3580 832 domum

1921 867 2024 921 18
2053 866 2151 920 Dei
2200 866 2339 936 (Ose.
2369 883 2488 932 vm,
2523 867 2609 933 12,
2653 865 2848 929 idest,
2900 864 3207 935 templum,
3260 866 3327 921 ﬁt
3357 865 3416 920 in
3467 865 3576 921 hoc

1923 955 2122 1009 eodem
2159 955 2440 1026 propheta
2470 955 2648 1025 (Infra
2677 955 2838 1024 xvn),
2861 953 3122 1024 aquilam
3146 968 3423 1025 magnam
3447 969 3574 1010 ma-

1923 1059 2168 1115 gnarum
2193 1042 2419 1098 alarum
2432 1047 2488 1097 et
2508 1042 2815 1114 unguium,
2843 1057 2974 1112 quae
2994 1041 3206 1098 habent
3223 1043 3466 1098 ductum
3489 1041 3576 1098 in-

1921 1131 2114 1186 trandi
2134 1132 2193 1185 in
2213 1131 2520 1196 Libanum,
2548 1130 3084 1186 Nabuchodonosor
3102 1129 3371 1202 intelligi,
3392 1147 3571 1202 quem

1923 1224 1981 1275 et
2011 1237 2165 1275 nunc
2193 1221 2238 1274 si
2250 1220 2484 1292 gniﬂcet
2505 1234 2633 1275 esse
2658 1224 2994 1283 venturum,
3013 1235 3079 1273 ac
3103 1234 3280 1290 super
3299 1219 3568 1289 hujusce-

1923 1308 2440 1380 modiquadrigam
2473 1309 2658 1363 instar
2687 1308 2912 1379 aurigae:
2937 1308 3138 1368 sedere
3169 1308 3450 1378 Deum-,et
3478 1307 3566 1364 fa-

1922 1389 2146 1464 cienda,
2199 1396 2287 1452 vel
2320 1414 2433 1452 non
2496 1395 2761 1452 facienda
2813 1396 3142 1468 praecipere.
3194 1399 3315 1451 Hoc
3351 1401 3571 1467 autem,

1921 1485 2132 1557 inquit,
2167 1485 2380 1557 populo
2414 1485 2650 1552 dicitur,
2701 1484 2804 1557 qui
2851 1484 2911 1538 in
2963 1483 3252 1556 Babylone
3284 1487 3570 1554 versatur,

1923 1575 2076 1645 quod
2097 1574 2143 1629 si
2163 1574 2278 1630 Deo
2295 1573 2445 1629 colla
2470 1573 2806 1644 subjecerit,
2829 1571 3136 1644 ipsiusque
3157 1572 3414 1644 paruerit
3437 1571 3572 1659 reti:

1924 1661 2169 1732 naculis,
2204 1679 2438 1717 rursum
2473 1663 2602 1733 ejus
2625 1666 2919 1718 mereatur
2943 1660 3330 1730 auxilium,_et
3353 1659 3590 1720 terrent}

1923 1766 2101 1822 quam
2131 1750 2428 1820 amiserat,
2463 1749 2722 1821 recipiat.

1995 1840 2182 1909 (Vers.
2215 1841 2268 1909 8,
2299 1839 2380 1910 9.)
2410 1839 2474 1894 Et
2500 1840 2668 1908 facies
2699 1841 2752 1894 et
2776 1854 2985 1910 pennas
3009 1854 3111 1909 per
3129 1843 3363 1909 quatuor
3385 1841 3575 1909 partes

1927 1927 2197 1982 habebant
2219 1943 2233 1982 :
2250 1929 2566 1999 juneteeque
2586 1935 2748 1983 erant
2765 1942 2964 1999 pennae
2984 1927 3104 2001 ejus
3123 1927 3316 1999 (Vulg.
3340 1927 3576 1997 eorum],

1924 2016 2151 2071 alterius
2167 2016 2237 2070 ad
2249 2017 2304 2070 a1
2309 2023 2503 2072 (erum.
2522 2017 2639 2072 Non
2662 2016 3068 2072 revertebantur
3080 2033 3206 2072 cum
3221 2015 3538 2072 incederent
3557 2032 3577 2072 :

1925 2104 2016 2159 sed
2046 2105 2468 2176 unumquodque
2530 2109 2659 2159 ante
2724 2106 2924 2174 faciem
2975 2120 3134 2160 suam
3196 2103 3574 2175 gradiebatur.

1924 2191 2133 2248 Juncta
2167 2192 2278 2248 sibi
2327 2197 2465 2248 sunt
2515 2191 2822 2265 Evangelia
2873 2192 3209 2263 haerentqne
3260 2197 3488 2259 mutuo,
3520 2195 3580 2248 et

1927 2282 1986 2335 in
2032 2285 2151 2336 toto
2202 2281 2338 2336 orbe
2385 2280 2690 2336 volitantia
2737 2279 2850 2336 huc
2893 2279 3152 2352 illucque
3191 2280 3573 2336 discurrunt:

1928 2385 2033 2424 nec
2056 2369 2273 2424 habent
2295 2369 2471 2424 finem
2489 2369 2736 2438 volatus,
2765 2385 2870 2423 nec
2886 2367 3205 2440 aliquando
3220 2373 3577 2440 superantur

1929 2461 1986 2512 et
2004 2458 2301 2528 recedunt,
2318 2457 2413 2511 sed
2433 2473 2555 2512 sem
2564 2471 2663 2528 per
2676 2456 2745 2512 ad
2763 2455 3042 2512 ulteriora
3052 2456 3398 2528 procedunt.
3415 2455 3580 2512 Unde

1929 2551 1985 2602 et
2013 2546 2228 2603 Paulus
2258 2547 2434 2601 dicit:
2469 2548 2887 2601 Praeteritorum
2916 2546 3238 2601 obliviscens
3261 2547 3394 2608 etin
3419 2547 3575 2616 futu-

1929 2651 2055 2689 rum
2081 2651 2167 2690 me
2195 2634 2493 2690 extendens
2526 2635 2753 2705 (Philip.
2807 2651 2891 2701 ιιι,
2926 2633 3039 2705 43).
3071 2633 3186 2690 Ηοο
3217 2633 3371 2690 idem
3419 2636 3476 2688 et
3505 2632 3579 2688 de

1929 2723 2246 2778 virtutibus
2271 2722 2452 2777 animi
2475 2739 2793 2794 possumus
2814 2722 3027 2790 dicere,
3052 2723 3202 2778 etde
3220 2721 3412 2784 volatu
3436 2726 3580 2776 tem-

1930 2827 2160 2883 porum,
2185 2810 2716 2883 commixtioneque
2732 2809 3180 2879 elementorum,
3201 2811 3358 2882 quod
3383 2813 3581 2881 priete-

1932 2901 2042 2955 rita
2069 2899 2487 2971 relinquentes,
2510 2916 2744 2970 semper
2762 2899 2834 2953 ad
2867 2899 3061 2971 priora
3095 2900 3388 2955 festinent.
3414 2899 3578 2964 Quod

1931 2994 2127 3044 autem
2159 2993 2423 3059 tempora
2445 2987 2718 3042 labantur
2748 2992 2804 3042 et
2833 2987 3079 3058 fugiant,
3105 2988 3260 3042 brevi
3292 2986 3578 3044 versiculo

1932 3077 2369 3132 demonstratur
2399 3076 2615 3147 (Virgil.
2649 3093 2712 3130 ιιι
2744 3074 2999 3144 Georg.):

2089 3209 2190 3258 Sed
2222 3208 2358 3271 fugit
2388 3209 2612 3268 interea,
2658 3207 2793 3272 fugit
2822 3207 3164 3272 irreparabile
3193 3211 3421 3271 tempus.

1937 3307 2006 3361 Et
2037 3305 2096 3360 in
2128 3305 2385 3360 carmine
2414 3303 2592 3376 lyrico
2625 3305 2832 3373 (Horat.
2867 3304 3052 3360 Carm.
3084 3305 3170 3361 od.
3207 3305 3327 3373 lii):

2122 3439 2252 3495 lleu,
2285 3437 2408 3496 heu,
2473 3437 2708 3499 fugaces,
2745 3429 3051 3496 Postb‘ume,
3089 3437 3393 3493 Posthume,

2213 3500 2491 3548 Labuntur
2512 3499 2639 3548 anni
2663 3499 2674 3547 Ξ

2005 3631 2188 3700 (Vers.
2224 3631 2336 3700 10.)
2363 3630 2684 3686 Similitudo
2709 3639 2895 3687 autem
2923 3631 3107 3687 vultus
3152 3645 3358 3701 eorum,
3405 3632 3582 3700 facies

1931 3721 2170 3775 hominis
2227 3728 2278 3774 et
2306 3718 2480 3792 facies
2509 3720 2678 3774 leonis
2707 3736 2742 3774 a
2770 3721 2978 3775 dextris
3028 3722 3272 3791 ipsorum
3301 3723 3543 3790 quatuor
3560 3735 3580 3773 .'

1929 3811 2098 3880 facies
2127 3817 2310 3863 autem
2375 3807 2527 3862 bovis
2589 3825 2623 3862 a
2689 3810 2932 3864 sinistris
2993 3811 3234 3879 ipsorum
3303 3816 3584 3878 quatuor:

1931 3908 1981 3953 et
2009 3899 2178 3968 facies
2211 3896 2418 3967 aquilae
2445 3896 2669 3966 desuper
2689 3896 2883 3968 (Vulg.
2909 3896 3042 3952 silet
3067 3897 3583 3968 demperjipsomm

1933 3985 2389 4056 quatuor.Facies
2401 3984 2687 4056 principia
2701 3985 3352 4057 dicitEvangeliorum,e
3365 3983 3584 4055 quibus

1933 4075 2107 4129 homo
2121 4079 2176 4128 et
2188 4073 2297 4143 leo,
2315 4073 2422 4129 hoc
2436 4076 2541 4142 est,
2559 4073 2830 4126 nativitas
2843 4073 3082 4138 Christi,
3096 4079 3152 4126 et
3165 4072 3461 4142 prophetae
3472 4086 3582 4126 vox

1935 4159 2258 4214 tonantisin
2273 4175 2466 4214 eremo
2477 4159 2710 4212 dextras
2725 4160 2916 4226 partes
2929 4156 3337 4212 tenent.Vituli
3355 4161 3551 4212 autem
3562 4199 3578 4226 ,

1934 4247 1992 4302 id
2026 4254 2132 4313 est,
2159 4247 2528 4302 victimarum
2547 4250 2606 4300 et
2633 4245 2939 4300 sacerdotii
2961 4245 3326 4314 Judaeorum,
3349 4245 3410 4298 in
3434 4243 3578 4299 sini-

1933 4335 2040 4391 tris
2052 4340 2136 4390 est
2155 4335 2329 4406 :quod
2345 4334 2562 4390 abolitu
2573 4349 2627 4388 m
2642 4332 2909 4387 transivit
2920 4333 2991 4386 ad
3007 4331 3399 4387 sacerdotium
3411 4331 3584 4404 spiri-

1934 4423 2110 4486 tuale,
2136 4424 2206 4478 de
2228 4439 2342 4493 quo
2365 4422 2588 4477 dictum
2617 4425 2706 4476 est
2732 4437 2746 4476 :
2769 4421 2841 4475 Tu
2859 4436 2914 4476 es
2942 4419 3191 4476 sacerdos
3219 4422 3283 4474 in
3308 4428 3584 4477 internum

1934 4512 2228 4568 secundum
2247 4511 2493 4567 ordinem
2516 4509 2892 4566 Melchisedech
2910 4510 3022 4580 (Ps.
3050 4524 3167 4577 cxx,
3187 4509 3244 4580 2)
3260 4509 3385 4571 ;ita
3407 4509 3584 4566 dum-

183 4597 532 4662 tiuuculam,
560 4597 820 4668 putantis
844 4603 1169 4654 castrorum
1209 4599 1473 4655 ordinem
1514 4600 1824 4656 duodecim
1856 4607 1902 4671 Β
1931 4605 2110 4666 taxat,
2131 4605 2195 4655 ut
2215 4599 2414 4654 omnia
2429 4597 2541 4654 sibi
2560 4597 3580 4670 hiereant,unoque(b)corporeoen-

182 4685 446 4741 tribuum
471 4684 723 4740 describi
749 4686 804 4740 in
823 4685 1155 4756 solitudine,
1180 4687 1249 4741 ad
1273 4686 1562 4742 Orientem
1585 4693 1641 4742 et
1666 4689 1821 4744 Occi-

181 4775 440 4843 dentem,
474 4773 938 4847 Septentrionem
971 4778 1027 4828 et
1057 4775 1379 4845 Meridiem,
1411 4792 1537 4844 qum
1583 4775 1692 4832 sibi
1732 4777 1820 4832 in-

177 4862 382 4932 vicem,
414 4869 467 4919 et
491 4864 786 4932 charitate,
812 4868 869 4919 et
888 4863 1395 4934 consanguinitate
1418 4864 1736 4934 sociantur,
1765 4869 1822 4921 et

181 4949 288 5003 hoc
319 4966 446 5005 esse
477 4957 658 5008 rotam
693 4953 750 5007 in
783 4957 928 5019 rota,
963 4969 1090 5024 quae
1123 4952 1416 5006 ducantur
1439 4969 1472 5006 a
1501 4953 1730 5023 spiritu,
1765 4959 1822 5010 et

180 5037 332 5092 nube
355 5041 732 5108 protegantur
756 5043 812 5096 in
835 5058 1028 5097 eremo
1050 5045 1107 5096 et
1131 5039 1404 5094 columna
1426 5040 1576 5111 ignis
1601 5042 1816 5097 illumi-

178 5129 390 5180 nentur
421 5125 477 5178 in
513 5133 710 5193 nocte;
749 5145 850 5184 nec
883 5134 1246 5186 revertantur
1268 5129 1324 5182 in
1349 5132 1683 5200 Egyptum,
1718 5132 1816 5186 sed

178 5230 410 5285 semper
436 5214 506 5267 ad
543 5218 754 5268 terram
779 5217 1247 5287 repromissionis
1271 5217 1350 5273 ire
1373 5218 1665 5273 festinent.
1694 5219 1816 5274 Ele-

178 5303 283 5356 ctri
317 5307 511 5356 autem
548 5301 604 5354 in
657 5303 846 5356 medio
892 5307 1359 5371 similitudinem,
1405 5305 1819 5376 interpretatur

175 5392 388 5446 Sancta
442 5394 784 5453 sauctortm,
838 5393 1162 5464 faciemque
1215 5395 1470 5448 hominis
1521 5397 1693 5449 refert
1744 5399 1814 5451 ad

176 5484 362 5534 totum
392 5479 601 5544 Israel;
635 5478 901 5533 leonisad
924 5482 1112 5548 regale
1128 5483 1624 5552 sceptrumludai;
1651 5484 1812 5538 vituli

248 5601 323 5672 (ιι)
356 5607 556 5658 Deerat
574 5603 714 5675 quod
734 5602 960 5664 vocula.
984 5603 1106 5658 sine
1129 5620 1244 5673 qua
1265 5621 1473 5662 sensus
1494 5605 1810 5663 laborabat.

176 5674 524 5740 Hujusmodi
575 5674 689 5730 alia
720 5675 969 5730 subinde
1001 5675 1407 5740 emendantur,
1459 5677 1668 5735 lectore
1698 5696 1813 5735 non

1933 4695 2190 4746 seantur.
2218 4688 2430 4761 Aquila
2449 4693 2666 4756 autem,
2693 4705 2820 4760 qua:
2845 4692 2901 4743 et
2929 4703 3108 4759 super
3137 4686 3500 4742 nativitatem
3523 4690 3583 4742 et

1933 4795 2110 4851 super
2133 4777 2494 4850 prophetiam
2510 4781 2616 4847 est,
2634 4794 2762 4848 qua:
2778 4776 3007 4833 Domini
3022 4774 3288 4847 expletur
3303 4775 3576 4845 adventu,

1930 4874 1986 4923 et
2017 4883 2193 4939 super
2219 4866 2611 4923 sacerdotium
2645 4867 2798 4937 quod
2847 4865 3142 4938 praeteriit,
3192 4866 3294 4919 14
3331 4867 3392 4918 et
3418 4866 3581 4918 extra

1929 4957 2050 5011 haec
2080 4955 2278 5012 omnia
2308 4959 2416 5020 est,
2450 4955 2520 5010 de
2587 4953 2888 5011 nativitate
2937 4954 3193 5008 referens
3256 4949 3579 5023 spirituali,

1930 5045 2223 5116 quomodo
2253 5047 2426 5098 Pater
2455 5043 2514 5097 in
2550 5041 2710 5110 Filio,
2743 5045 2800 5096 et
2829 5040 3007 5096 Filius
3055 5038 3114 5094 in
3164 5039 3332 5094 Patre
3362 5039 3459 5095 sit.
3498 5039 3581 5095 De

1928 5149 2044 5203 qua
2075 5131 2397 5188 rectissime
2419 5130 2632 5186 dicitur
2656 5147 2669 5185 ε
2695 5131 3115 5186 Generationem
3136 5128 3255 5198 ejus
3275 5128 3402 5197 quis
3413 5141 3579 5183 enar-

1926 5222 2074 5277 rabit
2121 5223 2275 5292 (lsai.
2313 5238 2429 5290 Llll,
2460 5220 2564 5288 8)?
2596 5223 2714 5274 lsta
2765 5223 2906 5275 sunt
2942 5218 3114 5287 juxta
3163 5215 3576 5288 Apocalypsim

1926 5310 2082 5381 (Cap.
2120 5311 2217 5379 ιν),
2245 5313 2311 5363 ut
2341 5314 2474 5363 ante
2497 5310 2622 5378 jam
2671 5308 2948 5374 diximus,
2999 5308 3257 5376 quatuor
3296 5303 3578 5360 animalia

1927 5399 2099 5470 plena
2129 5397 2313 5452 oculis
2331 5403 2462 5452 ante
2493 5403 2550 5452 et
2580 5402 2752 5465 retro,
2777 5411 3026 5466 quorum
3048 5411 3232 5448 unum
3257 5391 3476 5448 animal
3495 5393 3575 5448 si-

1929 5486 2064 5542 mile
2096 5486 2267 5552 leoni,
2301 5491 2358 5539 et
2387 5486 2709 5539 secundum
2744 5483 2937 5538 simile
2982 5481 3186 5546 vitulo,
3235 5485 3292 5535 et
3332 5480 3574 5538 tertium

1927 5611 2288 5753 Magniﬁca
2316 5682 2440 5738 erat
2469 5695 2806 5751 unoquoque,
2837 5683 3042 5738 contra
3073 5693 3217 5736 mss.
3247 5675 3450 5734 ﬁdem.
