4020 6186
231 376 316 445 so
937 374 1688 447 conunuumonuu
1729 377 1811 444 IN
1854 374 2356 450 nzncmnmu
2403 382 2555 449 LIB.
2598 383 2649 449 ι.
2696 383 2867 450 exp.
2896 326 2961 450 ἰ.
3575 384 3657 451 ao

231 512 493 587 quodque
516 512 743 569 duabus
767 512 874 569 alis
901 513 1114 569 velabat
1141 530 1337 587 corpus
1364 532 1548 581 suum,
1581 518 1634 571 et
1657 515 1894 571 alterum
1922 521 1977 583 Α
2005 515 2314 591 Evangelio
2340 536 2353 587 ;
2386 520 2551 576 Homo
2581 518 2813 591 quidam
2836 518 3113 592 plantavit
3139 517 3379 587 vineam,
3410 527 3466 578 et
3502 518 3648 580 loca-

232 604 508 661 sirniliter
524 603 821 659 velabatur.
852 603 916 658 Et
936 602 1227 659 audiebam
1242 619 1441 659 sonum
1461 605 1703 670 alarum,
1750 619 1890 676 quas

236 710 439 750 sonum
453 710 730 764 aquarum
748 692 1075 762 muttit-um,
1100 694 1257 764 quasi
1269 709 1464 749 sonum
1483 693 1740 749 sublimis
1764 693 1888 749 Dei.

236 782 379 838 Cum
410 783 780 848 ambularent,
808 783 972 853 quasi
988 797 1155 837 sonus
1180 790 1303 837 erat
1317 781 1717 852 multitudinis,
1734 786 1795 837 ut
1810 796 1894 837 so-

234 888 348 926 nus
369 877 699 939 castrorum,
730 885 965 942 cumque
986 874 1217 936 starent,
1247 869 1678 927 demittebantur
1695 884 1896 942 penna

234 976 469 1015 eorum.
496 961 626 1015 Nam
652 975 778 1013 cum
805 958 961 1027 ﬁeret
989 974 1093 1015 v0.2:
1118 975 1284 1030 supra
1311 960 1729 1029 ﬁrmamentum
1756 958 1897 1030 quod

235 1056 371 1104 erat
394 1064 558 1118 super
583 1051 749 1118 caput
776 1063 990 1114 eorum,
1020 1048 1233 1102 stabant
1262 1051 1315 1104 et
1351 1048 1739 1104 submittebant
1778 1048 1896 1103 alas

236 1154 394 1193 suas.
432 1137 498 1191 Et
520 1152 695 1207 super
725 1136 1137 1191 ﬁrmamentum
1168 1136 1307 1207 quod
1334 1140 1457 1193 erat
1476 1138 1772 1192 imminens
1800 1152 1896 1191 ca-

234 1228 347 1296 piti
368 1241 559 1280 eorum
591 1225 758 1296 quasi
785 1230 1028 1296 aspectus
1056 1225 1265 1297 lapidis
1285 1225 1567 1298 sapphiri,
1589 1224 1895 1281 similitudo

235 1314 453 1378 throni,
483 1321 533 1367 et
550 1330 728 1385 super
745 1315 1167 1369 similitudinem
1192 1315 1393 1381 throni,
1411 1314 1720 1370 similitudo
1741 1314 1898 1385 quasi

240 1408 491 1475 aspectus
516 1403 759 1457 hominis
786 1402 1038 1474 desuper.
1059 1401 1171 1459 Ubi
1204 1420 1310 1460 nos
1340 1404 1668 1477 posuimus,
1697 1417 1897 1476 pennae

243 1508 433 1547 eorum
461 1495 640 1557 rectas,
672 1495 727 1546 et
757 1492 916 1562 quasi
944 1507 1159 1558 sonum,
1190 1492 1274 1548 vel
1295 1509 1476 1548 vocem
1497 1493 1755 1549 sublimis
1779 1490 1893 1559 Dei,

242 1579 388 1634 LXX
408 1579 861 1645 transtulerunt,
882 1581 986 1635 ale
1022 1595 1210 1635 eorum
1240 1589 1477 1638 extentae
1500 1590 1551 1636 et
1608 1580 1894 1649 volantes;

239 1672 297 1723 et
323 1669 486 1740 quasi
510 1684 703 1723 vocem
729 1669 895 1739 fortis
916 1684 929 1722 :
954 1670 1108 1740 quod
1141 1669 1199 1723 in
1233 1669 1512 1725 Hebraico
1539 1670 1895 1726 dlCltUI‘SAD-

242 1773 338 1812 nu
367 1756 551 1827 (ντες).
586 1756 886 1829 Multaque
917 1760 973 1813 et
1001 1757 1062 1812 in
1094 1757 1223 1824 hoc,
1248 1761 1307 1813 et
1347 1758 1406 1814 in
1446 1758 1579 1815 aliis
1620 1756 1897 1832 capitulis

240 1845 315 1900 ab
339 1846 430 1900 eis
458 1844 857 1917 praetermissa
889 1850 1046 1913 sunt,
1079 1862 1210 1918 quae
1240 1847 1312 1902 ob
1344 1846 1776 1919 longitudinem
1800 1862 1898 1919 po-

241 1950 380 1989 nere
400 1932 734 2005 supersedi.
767 1934 929 1997 Quod
962 1937 1154 1990 autem
1189 1952 1296 1991 nos
1321 1936 1692 1992 manifestius
1722 1935 1898 1991 inter-

241 2023 456 2093 pretati
482 2039 717 2091 sumus,
749 2023 981 2079 alterius
1010 2023 1081 2078 ad
1139 2024 1414 2080 alterum:
1476 2025 1897 2097 unumquodque

240 2109 456 2166 duabus
485 2111 595 2165 alis
614 2111 831 2167 velabat
858 2126 1057 2183 corpus
1077 2129 1262 2178 suum,
1291 2121 1343 2169 et
1372 2113 1604 2170 alterum
1634 2115 1897 2169 similiter

237 2198 550 2267 velabatur,
583 2216 688 2271 pro
716 2216 832 2272 quo
863 2199 921 2255 in
953 2200 1184 2255 Hebraeo
1215 2202 1499 2273 scriptum
1533 2206 1644 2270 est,
1693 2202 1892 2257 mulie-

242 2287 319 2342 ris
346 2287 419 2343 ad
438 2303 683 2343 sororem
701 2305 880 2354 suam,
910 2290 1001 2344 vir
1025 2289 1234 2345 duabus
1263 2291 1373 2346 alis
1435 2291 1651 2346 velabat
1703 2307 1897 2363 corpus

240 2392 432 2441 suum,
458 2382 511 2432 et
538 2380 624 2432 vir
645 2378 927 2433 velabatur
953 2380 1253 2436 similiter:
1276 2379 1405 2435 ideo
1429 2383 1561 2452 post
1591 2379 1893 2435 mulierem

248 2464 448 2520 virum
480 2467 671 2537 posuit
700 2468 756 2521 in
789 2483 1043 2540 persona
1070 2468 1211 2523 eade
1230 2484 1296 2534 ιι,
1326 2484 1400 2523 ne
1430 2485 1631 2524 sexum
1650 2469 1708 2523 in
1727 2468 1894 2524 cmle-

247 2554 441 2609 stihus
468 2559 844 2626 putaremus:
878 2573 1012 2611 cum
1042 2555 1099 2610 in
1132 2573 1248 2611 uno
1280 2561 1454 2628 atque
1474 2558 1678 2613 eodem
1729 2559 1897 2630 juxta

246 2643 667 2715 proprietatem
699 2644 1062 2712 Hebraicam,
1094 2644 1247 2701 idem
1280 2650 1336 2700 et
1364 2645 1451 2700 vir
1479 2650 1536 2701 et
1560 2644 1769 2701 mulier
1795 2662 1895 2717 ap-

241 2732 516 2803 pellatur.
538 2731 783 2787 Videtur
812 2737 1014 2789 autem
1046 2750 1225 2806 super
1252 2734 1354 2790 20
1387 2737 1641 2805 quatuor
1670 2733 1895 2790 anima-

236 2818 318 2875 lia
348 2824 407 2875 et
434 2825 600 2876 rotas
620 2822 886 2893 totidem,
932 2821 1254 2878 similitudo
1312 2822 1690 2891 ﬁrmamenti,
1742 2825 1891 2895 quod

230 2924 344 2965 nos
376 2909 752 2983 appellamus
783 2910 1014 2976 czelum,
1044 2911 1269 2967 habens
1300 2912 1552 2983 speciem
1611 2912 1895 2985 crystalli,

234 2999 393 3070 quod
425 3004 521 3055 est
541 2998 952 3071 purissimum,
985 3004 1044 3055 et
1072 3017 1137 3056 ex
1170 3001 1341 3072 aquis
1365 3000 1603 3056 mundis
1624 3000 1898 3073 atquelu-

236 3088 538 3155 caulibus,
569 3088 754 3144 nimio
784 3088 998 3161 frigore
1028 3088 1106 3161 (a)
1135 3104 1506 3170 concrescere
1522 3089 1738 3165 dicitur
1764 3089 1895 3170 :_.in-

234 3180 479 3233 tantum
508 3180 577 3232 ut
609 3178 788 3232 etiam
818 3177 951 3249 gelu
981 3177 1299 3234 constricta
1327 3161 1506 3249 aqua,
1551 3161 1746 3234 Greco
1769 3161 1893 3236 ser-

1997 606 2077 662 vit
2100 622 2223 661 eam
2245 608 2504 679 agricolis
2541 608 2751 678 (Matth.
2778 626 2894 680 xxx,
2927 608 3039 681 33).
3071 609 3141 665 Et
3188 614 3324 683 post
3361 609 3642 683 paulum:

1999 695 2147 750 Misit
2168 712 2346 756 servos
2372 705 2425 753 et
2442 714 2607 770 super
2633 715 2817 754 omnes
2846 698 3027 768 ﬁlium
3079 715 3243 754 suum
3299 698 3482 772 (Ibid.,
3533 699 3646 773 37).

2001 781 2413 856 Rursumque:
2451 787 2614 841 Homo
2646 784 2871 858 quidam
2932 786 3060 855 fecit
3113 787 3335 857 nuptias
3385 785 3509 857 ﬁlio
3554 802 3651 844 suo
3708 809 3717 815 '

2002 870 2213 943 (Matth.
2246 890 2387 941 xxu,
2418 875 2495 943 2).
2524 874 2649 931 Non
2704 874 2859 945 quod
2914 873 3071 929 ﬁlius
3125 872 3468 930 excludatur
3497 892 3531 931 a
3561 892 3650 932 re-

2002 975 2140 1032 gno,
2171 961 2242 1016 de
2271 978 2387 1033 quo
2418 961 2653 1035 scripsit
2682 962 2900 1018 Isaias:
2941 962 3061 1019 Vidi
3103 963 3401 1019 Dominum
3460 963 3648 1020 seden-

2001 1051 2112 1103 tem
2139 1064 2302 1120 super
2327 1051 2586 1106 thronum
2604 1051 2876 1107 excelsum
2903 1055 2953 1107 et
2981 1052 3249 1107 eleuatum
3278 1051 3431 1123 (Isai,
3462 1069 3540 1119 νι,
3572 1052 3640 1125 1).

2002 1138 2075 1193 Et
2097 1137 2354 1194 Joannes
2379 1157 2392 1194 :
2421 1142 2548 1197 Haec
2575 1148 2777 1209 autem,
2810 1140 3025 1211 inquit,
3083 1140 3230 1196 dicit
3267 1143 3470 1208 Isaias,
3519 1157 3645 1212 quo-

2002 1228 2159 1282 niam
2188 1228 2296 1298 [Al.
2329 1228 2565 1299 quando]
2589 1229 2726 1285 vidit
2753 1230 2991 1296 gloriam
3026 1230 3161 1285 Filii
3190 1229 3286 1284 Dei
3314 1232 3500 1298 (Joan.
3544 1245 3648 1296 xu,

2005 1314 2093 1386 41)
2124 1333 2137 1383 ;
2162 1315 2265 1372 sed
2288 1317 2441 1387 quod
2464 1315 2523 1371 in
2551 1317 2719 1372 Patre
2739 1320 2939 1389 regnet
2956 1320 3014 1372 et
3036 1316 3237 1373 Filius.
3261 1316 3472 1373 Omnia
3494 1316 3652 1372 enim

2003 1402 2166 1459 Filiis
2200 1403 2388 1460 Patris
2418 1408 2584 1475 sunt,
2608 1406 2707 1477 qui
2723 1412 2799 1461 est
2819 1407 3005 1476 imago
3028 1407 3129 1461 Dei
3142 1408 3333 1461 Patris
3351 1405 3655 1461 invisibilis

2006 1492 2215 1548 Coloss.
2252 1511 2293 1559 ι,
2324 1494 2433 1561 15).
2466 1493 2611 1549 Nam
2644 1496 2701 1549 et
2737 1494 2798 1548 in
2848 1493 3084 1549 Daniele
3136 1498 3286 1548 Deus
3336 1494 3503 1549 Pater
3554 1502 3651 1549 se~

2003 1579 2149 1636 deus
2180 1580 2480 1636 inducitur
2507 1582 2668 1653 (Dan.
2700 1582 2826 1654 v11),
2856 1582 2951 1638 21
2988 1586 3046 1635 et
3075 1582 3319 1637 oﬂ‘ertur
3365 1582 3414 1637 ei
3473 1581 3653 1637 Filius

2002 1666 2280 1736 hominis,
2297 1676 2357 1724 ut
2389 1670 2637 1742 accipiat
2658 1685 2926 1741 regnum.
2943 1670 3012 1725 Et
3030 1670 3090 1725 in
3110 1668 3457 1743 Apocalypsi
3478 1674 3652 1727 Joan-

2002 1756 2117 1826 nis,
2157 1758 2360 1813 eadem
2395 1758 2465 1813 de
2494 1757 2638 1813 Filio
2704 1757 3044 1813 scribuntur
3089 1757 3272 1830 (Apoc.
3296 1774 3381 1822 ιιι,
3408 1758 3534 1829 vn).
3587 1757 3655 1813 Et

2003 1845 2075 1901 ad
2108 1861 2364 1918 pugnam
2396 1845 2571 1919 primi
2592 1846 2865 1918 martyris
2884 1846 3183 1918 Stephani,
3212 1846 3470 1903 cernitur
3489 1850 3654 1902 stans

2001 1934 2075 1990 ad
2100 1934 2394 1991 dexteram
2426 1934 2636 1991 Patris.
2697 1934 2778 1991 De
2835 1951 2951 2007 quo
2999 1935 3230 1991 canitur
3276 1934 3337 1990 in
3386 1934 3650 2007 psalmo:

2001 2023 2159 2078 Dixit
2174 2024 2433 2079 Dominus
2456 2024 2688 2080 Domino
2716 2039 2833 2079 meo
2850 2041 2869 2078 :
2902 2024 3037 2081 Sede
3064 2023 3135 2079 ad
3161 2024 3439 2081 dexteram
3453 2039 3652 2093 meam,

2001 2112 2180 2168 Donec
2218 2128 2419 2183 ponam
2445 2115 2701 2169 inimicos
2729 2116 2852 2168 tuos
2877 2114 3179 2169 scabellum
3204 2112 3403 2185 pedum
3434 2122 3656 2169 tuorum

2004 2200 2178 2272 (Psal.
2236 2217 2348 2268 cxx,
2384 2218 2422 2268 1,
2456 2202 2533 2274 2).
2566 2202 2731 2258 Sicut
2772 2206 2966 2257 autem
2998 2201 3270 2274 crystallo
3327 2201 3654 2273 purissima

2003 2305 2249 2362 quisque
2269 2295 2444 2363 atque
2465 2289 2790 2346 lucentiain
2813 2290 3148 2347 ccelestibus
3165 2291 3653 2347 demonstrantur

2005 2393 2131 2450 quae
2165 2381 2429 2434 nostrum
2461 2378 2761 2435 oculatum
2792 2395 3004 2451 corpus
3034 2378 3412 2436 illuminant:
3445 2378 3530 2435 sic
3586 2378 3647 2433 in

2004 2466 2303 2538 sapphiro,
2336 2467 2391 2521 id
2425 2471 2535 2539 est,
2566 2468 2627 2523 in
2646 2467 2858 2523 throno
2888 2468 3004 2534 Dei,
3033 2472 3090 2523 et
3119 2484 3296 2540 super
3314 2467 3651 2523 ﬁrmamen-

2003 2558 2130 2610 tum
2154 2555 2307 2626 quod
2325 2554 2533 2611 ccelum
2558 2555 2899 2627 accipimus,
2921 2556 3263 2612 abscondita
3278 2560 3454 2627 atque
3466 2572 3652 2612 secre-

2003 2646 2064 2698 ta
2090 2647 2148 2698 et
2177 2643 2793 2716 incomprehensibilia
2818 2644 2911 2699 Dei
2928 2648 3296 2700 sacramenta
3312 2648 3647 2699 monstran-

2002 2735 2136 2788 tur:
2172 2733 2280 2801 Qui
2293 2734 2482 2804 posuit
2513 2732 2760 2789 tenebras
2788 2733 3083 2789 latibulum
3109 2748 3272 2788 suum
3301 2733 3475 2804 (Psal.
3506 2748 3645 2799 xvu,

2003 2820 2115 2892 12),
2147 2829 2200 2876 et
2224 2820 2284 2875 in
2316 2822 2469 2876 nube
2498 2821 2726 2877 videtur
2753 2825 2810 2876 et
2840 2821 2897 2877 in
2956 2820 3227 2894 caligine.
3281 2820 3442 2878 Unde
3489 2826 3547 2877 et
3587 2819 3648 2875 in

2003 2910 2199 2966 Exodo
2220 2909 2533 2966 scribitur:
2568 2913 2637 2967 Et
2663 2910 2763 2966 sub
2790 2909 3017 2982 pedibus
3047 2911 3148 2966 Dei
3172 2912 3291 2966 erat
3320 2911 3481 2981 quasi
3508 2925 3647 2981 opus

2002 2998 2080 3069 (b)
2106 2998 2294 3054 lateris
2321 2998 2594 3070 sapphiri,
2626 3003 2676 3054 et
2703 3000 2846 3054 sicut
2884 3000 3085 3071 species
3142 2999 3482 3071 ﬁrmamenti
3524 2998 3650 3054 caeli

2000 3087 2749 3169 XXIV,
2783 3088 2892 3159 10).
2941 3087 3102 3144 Unde
3132 3091 3191 3143 et
3246 3103 3463 3160 sponsa
3519 3086 3652 3160 pul-

1956 3150 2629 3258 -ξδῂιῇξρξᾶίῖιξώβρόαεί
2671 3150 2949 3232 describit
3005 3175 3065 3230 in
3122 3150 3397 3232 Cantico:
3464 3150 3654 3232 Venter

230 3281 415 3321 mone
444 3262 796 3339 κρύσταλλος
823 3246 1183 3322 nominetur.
1217 3246 1463 3322 Docebat
1491 3272 1685 3322 autem
1707 3276 1765 3322 in
1801 3285 1899 3323 su-
1928 3246 1973 3316 Π
2006 3246 2319 3336 aus-quasi
2346 3246 2531 3320 tabula
2561 3264 2796 3320 eburnea
2823 3279 2988 3335 super
3044 3264 3282 3335 lapidem
3324 3264 3653 3336 sapphirum

231 3353 573 3426 perint-ibus
602 3370 734 3410 esse
779 3353 1051 3410 eximiam
1106 3354 1443 3437 puritatem,
1501 3372 1638 3435 quas.
1672 3360 1898 3424 .cnncta

228 3446 529 3515 protegat,
560 3442 618 3497 id
654 3446 762 3513 est,
786 3442 1097 3498 rationales
1119 3442 1530 3526 sapientesque
1549 3444 1811 3530 ττίςῳιβε,
1840 3448 1898 3500 et

229 3534 495 3601 quatuor
520 3533 856 3601 temporum
879 3547 1140 3600 cursum,
1159 3537 1216 3586 et
1245 3516 1693 3605 mundiplagas,
1718 3538 1775 3588 et
1800 3520 1894 3588 re-

229 3635 370 3673 rum
403 3617 677 3673 omnium
708 3618 996 3687 ordinem,
1028 3622 1086 3674 et
1110 3618 1511 3691 Evangelicam
1537 3620 1897 3692 pradicatio-

228 3722 391 3771 nem,
424 3722 558 3778 quae
577 3723 649 3762 ex
668 3710 834 3778 parte
861 3705 1230 3780 intelligitur,
1262 3712 1317 3762 et
1347 3724 1416 3762 ex
1453 3712 1617 3779 parte
1646 3708 1891 3776 velatur,

226 3795 477 3867 Voxque
505 3794 746 3851 auditur
763 3794 992 3851 alarum
1014 3795 1360 3866 volantium,
1383 3798 1553 3867 quasi
1579 3813 1687 3852 vox
1711 3814 1891 3869 aqua-

227 3899 368 3939 rum
397 3882 753 3951 multarum,
785 3901 913 3957 quas
961 3885 1136 3955 juxta
1190 3884 1601 3958 Apocalypsim
1647 3884 1894 3942 Joannis

224 3972 389 4043 (Cap.
418 3972 561 4041 xvn)
590 3973 841 4044 populos
873 3973 1233 4045 signiﬁcant,
1266 3973 1667 4045 paulatimque
1712 3975 1891 4045 profi-

225 4061 406 4116 ciens
435 4059 649 4115 dicitur
672 4062 843 4133 quasi
873 4078 981 4117 vox
1013 4066 1365 4150 castrorum,
1401 4062 1642 4133 etqnasi
1671 4078 1779 4117 vox
1797 4080 1891 4119 su-

226 4147 443 4204 blimis
473 4147 594 4216 Dei,
623 4150 779 4221 quod
801 4149 1077 4205 Hebraice
1099 4147 1427 4222 appellatur
1444 4166 1668 4217 sane“,
1683 4152 1889 4222 etjux-

226 4240 289 4293 ta
319 4237 480 4305 LXX,
510 4252 617 4292 vos:
642 4240 834 4298 verbi;
857 4244 923 4293 ut
952 4238 1223 4294 universa
1250 4255 1379 4309 quis
1403 4239 1800 4310 prmdicantur
1829 4240 1888 4294 in

227 4325 483 4389 mundo,
512 4340 719 4381 vocem
750 4326 879 4381 Filii
904 4325 1003 4381 Dei
1034 4341 1164 4382 esse
1190 4327 1520 4383 credamus.
1580 4327 1887 4383 Stantibus

228 4417 431 4469 autem
450 4413 1416 4479 animalibus,demittebanturalze
1428 4430 1651 4471 eorum.
1675 4414 1884 4470 Vocem

226 4502 389 4557 enim
421 4501 523 4557 Dei
554 4501 986 4574 Omnipotentis
1016 4506 1389 4558 resonantem
1432 4502 1492 4556 in
1551 4502 1888 4559 cmlestihus

2005 3351 2185 3428 (Cant.
2202 3371 2287 3418 ν..
2310 3354 2413 3428 id).
2445 3353 2586 3422 Etjn
2612 3349 2857 3428 Jgoannis
2874 3352 3214 3424 Apocalypsi
3236 3352 3493 3425 primum
3518 3351 3651 3406 fun-

2005 3425 2999 3514 damentumjaspidis;secundum
3057 3440 3318 3513 sapphiri
3373 3438 3653 3495 scribitur

2003 3510 2184 3602 (Apoc.
2224 3510 2545 3599 xxi).'Et‘in
2578 3528 2849 3585 rationali
2893 3510 3185 3601 pontificis
3208 3568 3223 3594 ,
3260 3528 3317 3583 in
3367 3544 3538 3584 vorsu
3589 3529 3652 3583 et

2003 3619 2206 3675 ordine
2235 3617 2500 3691 lapidum
2522 3616 2917 3691 singulorum,
2939 3617 3234 3673 secundus
3254 3616 3654 3672 ordocarbun-

2002 3707 2202 3764 culum
2227 3708 2421 3775 habet,
2479 3710 2536 3762 et
2577 3705 2942 3779 sapphirum,
2997 3709 3054 3761 et
3102 3705 3397 3777 jaspidem
3454 3703 3648 3776 (Exod.

1999 3799 2220 3865 xxvm).
2257 3800 2331 3851 De
2363 3796 2581 3868 quibus
2614 3812 2683 3850 ex
2711 3797 2877 3866 parte
2895 3793 3212 3866 lapidibus,
3236 3793 3293 3847 in
3323 3792 3483 3849 Isaias
3536 3793 3645 3847 Ex-

2001 3883 2443 3957 planationibus
2471 3882 2750 3939 diximus.

2073 3973 2254 4044 (Vers.
2287 3973 2379 4039 27,
2411 3970 2522 4043 28.)
2553 3972 2617 4026 Et
2643 3969 2757 4027 vidi
2776 3971 2938 4042 quasi
2964 3972 3196 4042 speciem
3230 3971 3438 4042 electri,
3487 3968 3647 4026 velut

1999 4068 2276 4134 aspectum
2304 4061 2451 4131 ignis
2471 4061 2805 4116 intrinsecus
2824 4060 2941 4131 ejus
2961 4076 3063 4131 per
3078 4061 3375 4116 circuitum
3395 4060 3555 4115 alum
3564 4060 3649 4117 bis

1997 4166 2115 4224 ejus
2143 4154 2196 4206 et
2224 4150 2473 4221 desuper.
2496 4150 2562 4204 Et
2590 4165 2625 4204 a
2653 4148 2852 4205 lambis
2879 4150 2996 4220 ejus
3020 4165 3187 4221 usque
3216 4150 3499 4217 deorsum,
3529 4149 3650 4205 vidi

1996 4241 2158 4313 quasi
2182 4240 2415 4311 speciem
2446 4239 2592 4308 ignis
2612 4237 2949 4310 splendentis
2965 4238 3027 4293 in
3046 4239 3303 4305 circuitu,
3326 4240 3473 4294 velut
3487 4253 3647 4310 aspe-

1996 4331 2146 4383 ctum
2172 4343 2333 4383 arcus
2362 4343 2489 4382 cum
2506 4328 2678 4398 fuerit
2707 4328 2769 4381 in
2796 4326 2939 4381 nube
2959 4328 3021 4381 in
3049 4326 3139 4382 die
3152 4327 3372 4398 pluviae.
3404 4327 3504 4382 Hic
3529 4334 3649 4382 erat

1996 4424 2241 4487 aspectus
2270 4414 2574 4487 splendoris
2597 4430 2700 4486 per
2717 4429 2937 4486 gyrum.
2960 4416 3084 4470 Haec
3111 4415 3644 4471 visiosimilitudinis

1995 4504 2194 4574 glorise
2221 4504 2466 4560 Domini.
2500 4501 2835 4558 Similitudo
2858 4502 3117 4559 hominis
3146 4503 3247 4575 qui
3280 4503 3517 4559 sedebat
3546 4519 3645 4559 su-

228 4591 384 4647 {erre
413 4608 533 4646 non
556 4596 846 4664 poterant,
880 4592 979 4647 sed
1002 4593 1259 4659 stabant,
1291 4596 1350 4647 et
1386 4590 1789 4659 mirabantur;
1830 4597 1890 4649 et
1919 4605 1965 4670 υ
1996 4608 2101 4665 per
2128 4591 2578 4647 similitudinem
2604 4590 2821 4655 throni,
2856 4591 2955 4663 qui
2985 4592 3233 4647 thronus
3280 4591 3535 4647 habebat
3563 4591 3644 4647 si-

230 4680 471 4735 silentio
496 4696 624 4742 suo,
659 4680 753 4735 Dei
788 4679 1108 4752 potentiam
1137 4680 1639 4750 demonstrabant,
1665 4680 1765 4753 qui
1800 4698 1887 4737 se-

230 4768 405 4823 debat
434 4785 618 4841 super
645 4768 1106 4825 ﬁrmamentum.
1141 4768 1300 4832 Quod
1326 4768 1765 4824 ﬁrmamentum
1790 4769 1884 4826 his

230 4856 333 4927 qui
353 4857 631 4912 deorsum
648 4861 834 4922 erant,
856 4857 1110 4913 habebat
1125 4855 1570 4913 similitudinem
1589 4857 1847 4930 crystalli
1867 4876 1880 4914 :

228 4942 325 5000 his
352 4948 551 5000 autem
574 4946 675 5016 qui
698 4961 900 5017 supra,
917 4944 1107 5001 instar
1129 4944 1345 5016 lapidis
1366 4942 1631 5016 sapphiri
1651 4944 1881 5001 videba~

228 5037 344 5087 tur.
375 5035 518 5099 Quae
548 5032 871 5089 similitudo
897 5031 1183 5105 sapphiri,
1206 5032 1455 5087 thr-mus
1474 5036 1600 5087 erat
1627 5033 1757 5103 ejus
1780 5033 1876 5105 q’ui

228 5120 473 5175 sedebat
501 5120 560 5175 in
578 5119 1027 5177 similitudinem
1044 5120 1322 5177 hominis.
1348 5120 1423 5175 Ex
1452 5136 1570 5191 quo
1600 5120 1878 5193 intelligi-

228 5224 387 5277 mus,
410 5212 472 5264 et
498 5209 959 5275 ﬁrmamentum,
978 5208 1402 5281 etcrystallum,
1427 5213 1486 5264 et
1507 5208 1876 5281 sapphirum,

227 5301 287 5352 et
313 5296 613 5353 hominem
646 5297 707 5352 in
739 5297 1146 5365 similitudine,
1178 5313 1294 5353 non
1323 5297 1384 5351 in
1413 5296 1654 5353 veritate
1711 5313 1875 5353 mon-

227 5385 424 5441 strari.
457 5384 764 5442 Hominem
778 5392 970 5443 autem
987 5387 1173 5443 Deum
1186 5386 1413 5442 Patrem
1437 5386 1645 5442 debere
1659 5386 1876 5443 intelli-

225 5474 281 5545 gi
311 5472 504 5529 multa
531 5473 741 5531 docent
778 5475 1136 5531 testimonia.
1169 5475 1211 5530 E
1242 5473 1463 5545 quibus
1492 5472 1637 5529 illud
1670 5477 1762 5529 est
1813 5475 1872 5529 in

315 5617 373 5689 a)
398 5616 654 5689 Quidam
684 5634 837 5689 mss.
862 5633 1041 5689 penes
1068 5616 1389 5673 Victoriam
1406 5616 1799 5689 congelascere,

315 5634 349 5672 a
405 5617 654 5681 Quidam
684 5634 831 5675 mss.
862 5633 1041 5689 penes
1068 5617 1389 5673 Victoriam
1406 5617 1799 5684 congelascere.

292 5617 373 5761 Eb)
396 5686 535 5745 Hec
562 5687 757 5762 inquit
774 5688 993 5747 Victor.
1027 5692 1115 5747 est
1142 5704 1279 5746 vera
1308 5694 1366 5745 et
1394 5686 1642 5759 antiqua
1668 5687 1869 5747 lectio:

1996 4679 2392 4735 militudinem
2422 4678 2634 4751 lapidis
2664 4678 2948 4751 sapphiri,
2981 4696 3015 4735 a
3038 4679 3259 4736 lumbis
3281 4684 3339 4736 et
3369 4681 3640 4751 desuper,

1991 4768 2201 4825 electro
2235 4772 2629 4839 comparatur.
2656 4767 2818 4831 Quod
2850 4767 3153 4839 electrum,
3184 4773 3241 4824 et
3289 4766 3643 4822 intrinsecus

1991 4860 2050 4913 et
2068 4855 2431 4913 extrinsecus
2454 4855 2707 4911 habebat
2727 4854 2896 4926 quasi
2916 4856 3068 4928 ignis
3084 4859 3405 4927 aspectum.
3428 4856 3474 4909 A
3496 4852 3643 4910 lum-

1990 4944 2082 5001 bis
2110 4960 2246 5000 vero
2276 4948 2334 4999 et
2362 4945 2637 5000 deorsum
2672 4943 2826 5016 ignis
2855 4947 2980 5000 erat
3001 4943 3380 5015 resplendens
3408 4940 3467 4997 in
3525 4941 3638 4998 cir-

1989 5033 2188 5100 cuitu;
2222 5035 2289 5087 ut
2318 5032 2648 5087 ostenderet
2677 5048 2767 5099 ea,
2798 5048 2925 5103 qua:
2966 5046 3145 5102 supra
3176 5030 3411 5087 lumbos
3477 5034 3636 5098 sunt,

1989 5122 2088 5178 ubi
2121 5137 2332 5179 sensus
2358 5125 2625 5176 versatur
2655 5126 2714 5176 et
2741 5119 2907 5185 ratio,
2942 5135 3054 5174 non
3079 5119 3347 5193 indigere
3377 5119 3514 5193 igne
3534 5136 3640 5176 nec

1987 5208 2266 5280 ﬂammis,
2299 5208 2400 5265 sed
2428 5207 2853 5280 pretiosissimo
2903 5207 3139 5264 metallo
3170 5212 3229 5265 et
3292 5208 3632 5280 purissimo.

1986 5299 2065 5354 Ea
2093 5313 2229 5355 vero
2259 5314 2388 5370 quas
2419 5314 2454 5352 a
2478 5296 2699 5353 lumbis
2724 5296 3020 5365 deorsum,
3052 5298 3149 5353 ubi
3165 5297 3373 5367 coitus,
3409 5298 3507 5353 ubi
3538 5312 3636 5370 ge-

1984 5387 2227 5453 neratio,
2261 5386 2362 5442 ubi
2393 5385 2682 5441 incentiva
2710 5385 2984 5441 vitiorum
3020 5386 3364 5459 purgatione
3394 5387 3495 5442 22
3535 5385 3633 5440 ἱιι-

1983 5476 2180 5548 digere
2211 5474 2609 5539 ﬂammarum,
2632 5476 2843 5528 utcum
2867 5479 3114 5547 purgata
3129 5474 3637 5544 tuerint,habeant

1975 5618 2153 5690 juxta
2182 5617 2487 5690 Hebraeum
2517 5618 2576 5669 et
2601 5617 2864 5690 Graacum
2894 5616 3206 5689 exemplar.
3236 5618 3298 5673 In
3330 5615 3534 5674 Latino
3548 5617 3633 5672 la-

1977 5686 2133 5762 pidis
2167 5704 2272 5761 pro
2303 5686 2491 5744 lateris
2519 5702 2627 5744 nos
2656 5687 2962 5746 habemus.
