4020 6186
355 305 432 380 8.!

1599 308 1665 372 S.
1708 301 2020 374 EUSEBII
2063 301 2534 377 HIERONYMI.

3680 304 3758 376 32

359 441 511 506 sicut
536 460 708 502 arcus
734 442 1204 514 similitudinem,
1239 459 1365 517 quae
1393 441 1565 518 vulgo
1599 442 1707 499 Iris
1761 441 1994 509 dicitur,
2024 439 2080 512 Α
2108 459 2177 499 ea
2206 443 2518 501 Salvatoris
2547 447 2841 517 exspectat
2871 445 3207 504 adventum.
3241 443 3312 502 Et
3348 441 3408 501 in
3439 440 3755 517 Evangelio

358 551 496 594 cum
524 534 774 592 fueritin
817 533 972 592 nube
1003 534 1058 589 in
1093 533 1184 590 die
1212 532 1436 606 pluviae.
1470 533 1578 590 Iris
1608 531 1763 592 enim
1795 547 1923 604 quae
1943 529 2001 584 in
2115 535 2440 590 secundum
2469 535 2775 600 Joannem,
2809 531 2906 607 qui
2925 534 2994 591 ad
3020 533 3638 607 comprehendendum
3659 548 3755 590 ve-

356 629 559 682 sancta
580 625 886 696 Scriptura
913 626 1154 680 vocatur
1177 639 1368 694 arcus,
1421 627 1478 679 et
1533 622 1591 677 in
1656 619 2000 695 Apocalypsi
2113 627 2319 678 nerant
2341 624 2996 696 Dominum,postquam
3017 623 3111 680 ille
3143 624 3480 696 respondit:
3505 625 3613 694 Ego
3633 638 3756 679 sum

360 713 606 770 Joannis
637 707 841 769 eodem
872 713 1106 770 nomine
1143 712 1252 769 Iris
1282 712 1500 769 dicitur
1527 711 1712 784 (Apoc.
1759 709 1857 782 1v),
1892 708 2004 768 nisi
2111 711 2422 770 ceciderunt
2449 722 2753 769 retrorsum
2784 713 2844 766 in
2876 717 3078 769 terram
3107 714 3289 785 (Joan.
3319 730 3480 780 xvm,
3513 713 3568 782 6)
3594 730 3606 780 ;
3633 728 3752 766 ser-

365 800 424 857 in
458 801 672 874 pluvia,
705 801 840 857 etin
871 819 1093 875 aquosa
1123 802 1275 858 nube
1305 818 1420 856 non
1467 803 1656 873 potest
1702 813 2001 871 apparere,

2113 816 2346 857 monem
2376 803 2524 874 ejus,
2556 802 2655 875 qui
2715 799 2900 874 Moysi
2959 801 3214 858 dixerat:
3284 801 3442 873 Vade,
3501 799 3588 856 dic
3618 801 3753 871 ﬁliis

356 889 716 946 diversorum
750 891 1034 959 colorum,
1061 895 1118 947 et
1141 889 1761 962 pulcherrimorum,et
1783 887 2001 943 sensim
2109 889 2287 946 Israel
2311 907 2322 946 :
2360 893 2466 961 Qui
2493 900 2588 960 est,
2619 892 2772 946 misit
2801 907 2888 946 me
2917 889 2987 946 ad
3007 907 3095 946 vos
3123 891 3312 962 (Exod.
3345 906 3433 962 ιιι,
3470 890 3578 961 14),
3647 888 3752 944 mi-

355 979 414 1034 in
446 977 592 1036 alios
622 980 1076 1036 transeuntium.
1127 979 1289 1036 Unde
1336 982 1394 1035 et
1424 983 1594 1054 poeta
1661 977 1884 1050 (Virgil.
1947 994 2002 1031 IV
2113 978 2268 1036 nime
2299 979 2677 1036 sustinentes.

354 1067 626 1139 £neid.):

602 1173 739 1225 Mille
768 1175 908 1241 rapit
938 1175 1112 1224 varios
1135 1175 1358 1225 adversa
1385 1175 1499 1223 luce
1521 1174 1746 1224 coiores.

351 1272 460 1328 Sed
493 1275 552 1327 et
581 1288 802 1331 morem
833 1271 990 1345 vulgi
1020 1287 1274 1346 sequens
1299 1272 1452 1328 idem
1471 1275 1673 1345 poeta:
1697 1271 1832 1326 Cum
1858 1271 1995 1326 bibit

345 1360 560 1432 inquit,
582 1378 764 1419 arcus.
795 1361 876 1418 Ex
909 1377 1023 1434 quo
1047 1360 1341 1433 significat
1397 1375 1726 1434 numquam
1791 1376 1992 1418 arcum

347 1465 644 1522 apparere,
681 1449 791 1508 nisi
825 1450 881 1505 in
915 1452 1070 1507 nube
1093 1451 1222 1507 etin
1240 1451 1734 1524 aquis.Hicareus
1757 1447 1993 1523 signum

345 1540 437 1594 est
463 1537 806 1604 clementiae,
835 1543 894 1594 et
925 1539 1257 1594 testamenti
1290 1541 1414 1607 Dei,
1448 1541 1604 1612 quod
1668 1539 1802 1596 fecit
1860 1557 1992 1596 cum

347 1625 727 1688 hominibus:
760 1629 825 1682 ut
846 1628 1080 1698 quando
1103 1629 1442 1700 apparuerit
1459 1629 1518 1684 in
1541 1629 1716 1693 nube,
1740 1629 1996 1685 sciamus

347 1731 476 1780 nos,
508 1716 832 1774 secundum
866 1716 1236 1787 antiquitatis
1255 1717 1994 1790 exemplum,nequaquam

343 1893 444 1947 tur
471 1895 602 1962 post
629 1907 830 1963 pmnas
862 1897 1039 1964 atque
1095 1893 1403 1966 supplicia,
1465 1899 1524 1950 et
1579 1894 1988 1966 purgationem

345 1983 742 2050 peccatorum,
776 1979 1036 2038 futuram
1068 1983 1550 2051 misericordiam,
1581 1983 1884 2040 dumtaxat
1933 1983 1986 2038 in

347 2065 444 2124 his
470 2067 571 2139 qui
601 2068 783 2125 Deum
817 2071 1139 2128 meruerint
1169 2072 1358 2127 videre
1404 2077 1766 2146 regnantem.
1828 2072 1990 2128 Unde

345 2155 561 2212 dicitur
585 2172 598 2212 :
626 2158 724 2212 Hic
746 2166 872 2214 erat
899 2164 1144 2232 aspectus
1172 2161 1474 2232 splendoris
1497 2179 1601 2234 per
1634 2178 1852 2235 gyrum.
1886 2161 1992 2217 Per

345 2258 555 2317 gyrum
584 2245 704 2314 Dei,
735 2247 822 2303 vel
853 2248 1068 2320 throni,
1103 2250 1186 2305 vel
1218 2251 1486 2307 omnium
1518 2268 1646 2323 quae
1688 2253 1992 2323 perspecta

344 2336 506 2392 sunt.
538 2334 608 2402 Et
637 2334 758 2392 haec
773 2337 917 2392 visio
947 2337 1142 2410 glorise
1163 2337 1568 2398 similitudinis
1583 2339 1676 2396 Dei
1701 2359 1714 2396 :
1739 2357 1854 2396 non
1874 2355 1990 2411 quo

345 2421 594 2494 gloriam
635 2425 863 2482 Domini
892 2427 1121 2495 viderit,
1155 2429 1257 2486 sed
1287 2427 1738 2486 similitudinem
1794 2427 1990 2501 gloria:

345 2511 498 2582 ejus.
523 2511 683 2568 Visio
712 2518 908 2572 autem
938 2516 1134 2574 omnis
1163 2517 1285 2574 hinc
1313 2523 1404 2574 est
1426 2536 1438 2574 :
1462 2518 1712 2590 spiritus
1732 2517 1986 2576 elevans.

347 2603 406 2656 et
426 2601 614 2656 nubes
639 2617 876 2674 magna,
909 2609 967 2659 et
995 2610 1250 2676 quatuor
1283 2606 1582 2678 animalia,
1615 2613 1672 2663 et
1712 2610 1847 2662 rotas
1903 2610 1989 2664 to-

345 2687 528 2746 tidem
559 2696 872 2761 sequentes
902 2693 1201 2762 animalia,
1223 2700 1281 2752 et
1311 2695 1582 2766 spiritum
1601 2712 1730 2766 quas
1759 2695 1868 2752 sub
1893 2696 1990 2752 fir-

347 2781 644 2838 mamento
674 2778 776 2836 Dei
803 2795 932 2838 esse
960 2787 1315 2838 meruerunt.
1338 2783 1472 2848 Quae
1512 2789 1824 2855 postquam
1875 2783 1988 2840 ele-

345 2869 479 2923 vata
507 2870 666 2933 sunt,
699 2871 758 2923 et
783 2869 1101 2928 audierunt
1119 2887 1316 2928 vocem
1335 2873 1805 2945 quasiaquarum
1838 2873 1989 2928 mul-

351 2956 571 3022 tarum,
603 2959 662 3011 et
687 2957 856 3027 quasi
888 2958 1043 3013 verbi
1077 2959 1350 3016 sublimis
1382 2961 1500 3029 Dei,
1532 2977 1849 3033 vocemque
1895 2977 1988 3018 ca-

341 3045 605 3140 strorum
636 3047 694 3100 et
721 3045 1029 3115 exercitus,
1060 3048 1426 3109 demiserunt
1450 3049 1986 3140 ᾕδςφῐεςιιεροςωξ
2013 3103 2063 3138 ⁸,

350 3325 386 3401 a
410 3307 632 3366 lambis
663 3327 842 3401 supra
861 3312 1112 3370 habebat
1129 3315 1986 3401 speciem-clpqhai,etp.inmbis
2035 3362 2053 3401 ._

2799 3407 2946 3463 lead
2973 3406 3118 3476 ﬁlios
3174 3405 3368 3496 Israel,
3425 3403 3495 3460 ad
3551 3413 3736 3474 gentes

2064 3487 2991 3567 'apbsta‘t'rl‘cés,°quae°recesserunt
3015 3511 3051 3550 α
3078 3509 3184 3548 me.
3222 3493 3332 3564 Ipsi
3358 3499 3412 3548 et
3424 3496 3610 3564 patres
3653 3509 3744 3549 eo-

349 3131 584 3240 silenltio
609 3133 1130 3240 demonstrarunt:
1163 3125 1988 3240 αρρεπυίιὴιῆθξέὲᾀὲἣξιοξιξρςξέ

346 3219 796 3278 similitudinem
809 3224 1066 3295 sapphiri
1084 3226 1251 3297 quasi
1265 3227 1588 3285 similitudo
1605 3219 1986 3300 hominiquiﬁ

345 3397 621 3488 deorsum
652 3399 906 3471 speciem
939 3401 1096 3473 ignis
1126 3397 1184 3458 in
1212 3396 1477 3466 omnes.
1496 3396 1989 3488 ‘Résf’éupﬁi:t§r-

343 3501 536 3542 rorem
566 3486 738 3542 datur
758 3487 993 3556 signum
1025 3491 1470 3561 misericordiae;
1503 3493 1662 3550 velut
1714 3482 1987 3566 aspectus

339 3590 518 3632 arcus
546 3591 681 3632 cum
711 3576 889 3643 fuerit
918 3577 974 3633 in
1007 3579 1162 3636 nube
1195 3580 1253 3636 in
1279 3580 1371 3638 die
1401 3581 1629 3654 pluviae.
1665 3587 1738 3639 De
1768 3583 1875 3638 bac
1902 3581 1984 3637 vi-

344 3661 510 3720 sione
526 3664 808 3735 prolixius
829 3666 1086 3724 diximus
1116 3669 1256 3741 quia
1296 3674 1352 3726 et
1407 3671 1656 3729 obscura
1704 3675 1813 3742 est,
1845 3675 1904 3728 et
1951 3688 1986 3728 a

343 3750 549 3812 multis
577 3752 732 3810 varie
752 3755 1077 3826 exponitur.
1112 3757 1177 3813 In
1221 3756 1465 3830 reliquis
1521 3763 1809 3831 quantum
1861 3759 1983 3816 fieri

350 3843 542 3910 potest
569 3842 792 3913 absque
813 3844 1030 3900 damno
1060 3852 1608 3920 sensuum,propter
1639 3848 1987 3922 magnitudi-

339 3943 481 3983 nem
510 3927 826 3988 voluminis
854 3932 1120 3990 brevitati
1149 3935 1541 3992 studebimus.

415 4016 576 4089 (Cap.
605 4017 1370 4093 ll.—-Vers.1.)28£’tvidi,
1403 4033 1454 4082 et
1482 4026 1654 4081 cecidi
1681 4029 1740 4082 in
1778 4027 1987 4100 faciem

343 4118 547 4170 nteant,
577 4109 628 4161 et
653 4106 846 4164 audivi
872 4124 1052 4166 vocem
1080 4110 1370 4182 loquentis.
1399 4112 1524 4172 Non
1554 4121 1641 4169 est
1679 4111 1867 4172 elatus
1899 4115 1985 4168 vi-

345 4191 1132 4268 sionummagnitudine,sed
1143 4199 1500 4257 conscientia
1520 4202 1853 4274 fragilitatis
1877 4201 1984 4258 hu-

343 4297 530 4342 manae
559 4282 810 4354 procidit
835 4284 893 4340 in
924 4285 1130 4343 faciem
1163 4303 1352 4346 suam.
1385 4288 1548 4345 Unde
1595 4294 1653 4346 et
1683 4289 1986 4362 apostolus

344 4369 564 4428 Paulus
591 4377 726 4444 post
754 4374 1155 4431 ascensionem
1183 4375 1310 4431 coeli
1337 4381 1396 4434 et
1426 4378 1703 4449 paradisi,
1736 4384 1792 4435 et
1819 4378 1984 4435 audi-

344 4458 565 4517 tionem
594 4461 906 4517 verborum
929 4461 1336 4529 inell‘abilium,
1363 4465 1691 4526 datumeibi
1721 4466 1862 4523 dicit
1881 4484 1987 4522 an-

2107 1099 2114 1104 -
2178 1070 2244 1124 Et
2268 1067 2412 1125 dixit
2441 1069 2515 1124 ad
2554 1085 2638 1124 me
2659 1086 2677 1123 :
2708 1069 2818 1124 Fili
2845 1069 3108 1136 hominis,
3137 1071 3218 1123 sta
3239 1084 3400 1140 super
3418 1067 3584 1137 pedes
3609 1070 3747 1132 tuos,

2105 1161 2155 1213 et
2185 1159 2379 1229 loquar
2407 1159 2508 1213 tibi
2541 1156 2730 1230 [Vu1g.
2763 1157 2978 1228 tecum].
3029 1157 3238 1212 Jacens
3265 1172 3590 1212 sermonem
3643 1153 3746 1211 Dei

2105 1246 2308 1302 audire
2345 1264 2460 1302 non
2494 1249 2736 1318 poterat,
2771 1246 2870 1302 sed
2902 1244 3067 1301 audit
3097 1262 3232 1301 cum
3267 1245 3498 1318 Moyse:
3524 1246 3595 1300 Tu
3623 1262 3747 1303 vero

2105 1335 2194 1390 hic
2221 1339 2309 1392 sta
2337 1351 2551 1395 mecum
2576 1334 2770 1411 (Exod.
2793 1351 2988 1407 xmv,
3015 1335 3094 1410 2).
3127 1333 3291 1407 Quod
3322 1338 3381 1396 et
3408 1333 3606 1399 Daniel
3637 1333 3745 1392 sibi

2102 1425 2385 1490 accidisse
2415 1430 2836 1484 commemorat
2863 1428 3030 1500 (Dan.
3063 1425 3142 1498 x).

2174 1534 2358 1605 (Vers.
2389 1537 2475 1600 2.)
2505 1536 2568 1589 Et
2599 1537 2877 1603 ingressus
2905 1535 3055 1589 estin
3072 1548 3160 1590 me
3187 1535 3438 1606 spiritus,
3461 1537 3747 1606 postquam

2103 1623 2313 1681 locutus
2341 1631 2418 1679 est
2436 1625 2596 1691 mihi,
2631 1627 2682 1679 et
2707 1625 2901 1679 statuit
2929 1639 3015 1679 me
3041 1637 3208 1694 supra
3259 1621 3422 1692 pedes
3478 1639 3646 1680 meos.
3685 1624 3750 1678 Et

2101 1712 2294 1768 audivi
2320 1714 2628 1784 loquentem
2658 1712 2726 1767 ad
2755 1728 2862 1780 me,
2893 1719 2945 1768 et
2969 1713 3279 1768 dicentem:
3339 1712 3449 1766 Fili
3489 1712 3745 1781 hominis,

253 1834 276 1854 ς
345 1802 633 1875 perituros
672 1820 800 1860 esse
828 1804 1048 1861 diluvio
1079 1807 1287 1868 (Cenes.
1322 1810 1420 1870 ιχ).
1452 1807 1533 1863 Ex
1563 1823 1678 1878 quo
1733 1806 1990 1863 ostendi-
2021 1810 2069 1878 Β
2095 1801 2272 1860 LXX:
2308 1805 2372 1858 Et
2403 1803 2548 1857 venit
2579 1802 2648 1856 ad
2673 1817 2760 1857 me
2787 1803 3046 1872 spiritus,
3097 1803 3148 1856 et
3184 1801 3478 1872 assumpsit
3533 1817 3638 1870 me,
3697 1811 3750 1859 et

2097 1891 2344 1958 elevavit,
2372 1893 2422 1945 et
2449 1892 2640 1946 statuit
2663 1906 2749 1946 me
2778 1906 2940 1962 super
2950 1888 3109 1962 pedes
3137 1904 3310 1944 meos:
3340 1896 3392 1944 et
3412 1888 3604 1946 audivi
3622 1905 3747 1946 eum

2098 1979 2405 2050 loquentem
2432 1980 2503 2036 ad
2530 1995 2634 2048 me,
2669 1983 2719 2035 et
2747 1979 2892 2034 dixit
2917 1977 3099 2034 mihi:
3129 1977 3240 2032 Fili
3281 1978 3540 2034 hominis.
3597 1978 3744 2034 PHE-

2098 2071 2330 2140 ceperat
2357 2068 2650 2141 propheta;
2677 2084 2868 2124 sermo
2890 2067 3120 2123 divinus
3137 2070 3193 2122 et
3204 2066 3468 2136 jusserat
3489 2084 3502 2122 :
3535 2067 3632 2122 Sta
3653 2085 3744 2124 su-

2096 2172 2197 2228 per
2213 2156 2370 2228 pedes
2399 2165 2515 2213 tuos
2545 2158 2700 2227 (Psal
2727 2174 2922 2223 χχχιχ,
2954 2156 3046 2227 3);
3081 2156 3184 2210 sed
3215 2154 3344 2210 sine
3377 2155 3592 2212 auxilio
3645 2156 3745 2214 Dei

2099 2249 2156 2300 et
2185 2246 2435 2301 adventu
2464 2245 2714 2318 Spiritus
2732 2245 2915 2304 sancti
2949 2249 3102 2300 stare
3131 2261 3246 2300 non
3271 2246 3530 2314 poterat:
3569 2261 3747 2317 prop-

2099 2337 2258 2390 terea
2285 2333 2614 2406 ingreditur
2644 2335 2705 2390 in
2733 2349 2893 2406 eum,
2926 2333 3045 2390 sive
3075 2333 3328 2390 assumit
3383 2335 3440 2388 et
3479 2333 3747 2399 suscitat,

2101 2427 2164 2479 ut
2190 2423 2358 2478 firmo
2389 2422 2468 2478 sit
2496 2424 2706 2494 gradu,
2737 2427 2796 2478 et
2826 2422 3012 2494 possit
3039 2421 3266 2477 dicere:
3302 2421 3399 2476 Sta
3428 2424 3536 2477 tuit
3581 2438 3749 2493 supra

2098 2513 2311 2584 petram
2335 2511 2499 2582 pedes
2517 2527 2668 2567 meos
2697 2511 2920 2583 (Ephes.
2952 2527 3030 2577 xx,
3063 2510 3175 2582 14).
3205 2508 3563 2579 Nullamque
3612 2526 3744 2582 pec-

2112 2604 2363 2656 catorem
2395 2603 2651 2656 stantem
2680 2598 2953 2672 legimus,
2978 2599 3078 2654 sed
3111 2597 3182 2652 ad
3213 2599 3449 2653 sanctos
3479 2596 3695 2654 dicitur
3731 2614 3743 2653 :

2100 2691 2254 2746 State
2269 2704 2396 2757 ergo
2422 2689 2684 2744 succincti
2705 2689 2912 2743 lumbos
2941 2695 3164 2744 vestros.
3225 2685 3496 2741 Peccator
3551 2690 3746 2744 autem

2103 2778 2247 2834 illud
2279 2776 2825 2836 Denteronomii24
2839 2778 3095 2830 meretur
3124 2772 3328 2830 audire
3354 2773 3493 2830 :Non
3510 2775 3745 2832 eritsta-

2105 2867 2212 2924 bile
2241 2868 2531 2938 vestigium
2559 2865 2708 2938 pedis
2739 2868 2822 2920 tui
2853 2865 3028 2936 (Deut.
3060 2879 3258 2931 xxvm,
3288 2861 3402 2935 56).
3429 2862 3648 2920 Crebro
3671 2865 3744 2920 ad

2103 2955 2363 3012 Ezechiel
2395 2955 2640 3012 dicitur:
2672 2955 2780 3010 Fili
2807 2953 3046 3009 hominis
3077 2951 3284 3023 (Matth.
3344 2967 3468 3018 vm,
3515 2953 3629 3024 20),
3688 2956 3746 3008 et

2079 3042 2600 3125 .ad.Dan_ielAraro;
2631 3059 2882 3114 quorum
2914 3052 3156 3112 uterque
3185 3039 3244 3096 in
3312 3053 3565 3112 persona
3611 3041 3741 3112 ejus

2513 3131 2707 3214 illius
2737 3135 2923 3187 autem
2939 3131 3179 3186 hominis
3207 3145 3320 3186 non
3337 3129 3497 3185 habet
3527 3128 3624 3184 ubi
3650 3146 3741 3185 ca-

2399 3211 2658 3290 ieicliiiet,
2683 3219 2978 3292 captivum
3001 3217 3284 3292 populum
3315 3217 3742 3290 consolatur,et

2095 3310 2341 3397 {etorpboit
2363 3308 2890 3397 adprenitentiam.

2093 3599 2220 3640 rum
2239 3585 2604 3656 praevaricati
2629 3591 2756 3640 sunt
2780 3590 3001 3655 pactum
3027 3598 3215 3638 meum
3243 3597 3414 3654 usque
3463 3582 3542 3637 ad
3597 3580 3740 3638 diem

2094 3670 2258 3728 hanc.
2291 3672 2677 3745 Nequaquam
2707 3672 2992 3744 populum
3023 3670 3124 3728 Dei
3159 3667 3357 3737 Israel,
3389 3668 3491 3725 sed
3537 3672 3740 3740 gentes

2094 3761 2475 3834 apostatrices
2497 3765 2662 3818 vocat
2685 3777 2804 3829 eos,
2837 3760 2939 3832 qui
2971 3777 3005 3816 a
3033 3760 3280 3816 Domino
3339 3761 3733 3826 recesserunt,

2094 3867 2210 3906 non
2241 3851 2434 3908 solum
2466 3855 2680 3924 patres,
2711 3850 2812 3907 sed
2845 3855 2900 3906 et
2939 3849 3063 3904 ﬁlii.
3095 3849 3211 3904 Nec
3244 3850 3475 3919 peccato
3505 3849 3737 3917 patrum

2093 3938 2197 3994 filii
2219 3939 2556 3996 viderentur
2576 3939 2808 3996 obnoxii
2833 3957 2847 4007 ;
2871 3939 2973 4000 sed
3033 3942 3100 3993 ut
3157 3953 3274 4009 par
3327 3939 3386 3991 et
3415 3939 3651 4007 patrum
3679 3939 3738 3990 et

2095 4027 2350 4086 ﬁliorum
2381 4033 2532 4084 esset
2563 4029 2854 4099 impietas.
2888 4032 3066 4082 Porro
3095 4025 3252 4097 quod
3283 4023 3427 4082 LXX
3477 4027 3736 4082 transtu-

2093 4113 2306 4181 lerunt,
2340 4116 2618 4170 irrituntes
2647 4129 2751 4181 me,
2783 4114 2904 4169 sive
2935 4115 2993 4168 in
3045 4111 3475 4168 amaritudinem
3526 4127 3743 4170 conver-

2095 4205 2282 4270 tentes,
2315 4200 2460 4256 illud
2493 4201 2803 4273 significat,
2838 4200 2992 4272 quod
3021 4204 3174 4258 Deus
3204 4197 3491 4270 benignus
3518 4203 3576 4260 et
3604 4199 3741 4256 dul-

2094 4290 2178 4346 cis
2204 4293 2416 4345 natura
2446 4289 2664 4349 nostris
2689 4288 2848 4345 vitiis
2882 4291 3142 4344 mutetur
3166 4287 3226 4342 in
3257 4285 3736 4346 amaritudinem.

2093 4377 2259 4434 Sicut
2285 4377 2444 4434 enim
2473 4377 2692 4434 sanctis
2713 4377 2928 4433 dicitur
2960 4394 2972 4433 :
3004 4380 3227 4434 Gustate
3256 4384 3312 4432 et
3373 4375 3553 4432 videte
3608 4391 3742 4447 quo-

2095 4468 2249 4523 niam
2275 4468 2460 4522 suavis
2491 4474 2573 4524 est
2599 4467 2864 4523 Dominus
2885 4467 3055 4538 (Psal.
3087 4481 3287 4532 χχχιιι,
3300 4463 3356 4537 9)
3385 4481 3400 4532 ;
3433 4463 3518 4520 sic
3538 4480 3745 4536 pecca-

343 4546 543 4619 gelum
574 4553 812 4620 satanas,
839 4550 938 4620 qui
969 4566 1032 4606 se
1097 4549 1433 4624 colaphizet,
1494 4571 1566 4610 ne
1621 4554 1992 4612 extolleretur
2020 4543 2067 4610 Β
2099 4561 2253 4612 tores
2281 4570 2418 4611 eum
2434 4571 2703 4611 amarum
2726 4554 3008 4612 sentiunt.
3026 4553 3190 4611 Unde
3217 4557 3274 4610 et
3302 4553 3621 4626 Apostolus
3640 4553 3743 4609 bo-

344 4636 394 4708 (I
421 4653 532 4693 cor.
564 4642 688 4704 χιι).
722 4638 792 4692 Et
849 4637 1140 4694 Abraham
1198 4639 1407 4696 cecidit
1458 4641 1512 4697 in
1555 4643 1782 4712 faciem,
1833 4648 1990 4714 post-

346 4740 528 4798 quam
556 4725 784 4782 audivit
813 4742 1113 4784 sermones
1143 4727 1266 4784 Dei.
1310 4733 1376 4782 Et
1426 4733 1622 4787 tamen
1682 4731 1822 4802 quia
1875 4747 1988 4787 non

347 4819 608 4887 peccato,
641 4815 743 4871 sed
779 4813 1105 4871 humilitate
1129 4822 1498 4883 corruerat,a
1528 4819 1775 4876 Domino
1794 4820 1989 4876 suble-

345 4907 537 4969 vatur,
569 4907 626 4959 et
673 4905 846 4960 verba
901 4904 1027 4975 ejus
1056 4904 1304 4976 jubetur
1355 4905 1557 4962 audire
1613 4907 1766 4978 (Gen.
1826 4911 1990 4976 xvu).

347 4991 666 5049 Sciendum
696 5009 945 5065 quoque,
979 4993 1134 5065 quod
1163 4992 1320 5049 aliud
1344 4994 1420 5050 sit
1441 4994 1499 5050 in
1532 4996 1736 5052 faciem
1761 4997 1987 5067 cadere,

348 5079 509 5137 aliud
545 5085 885 5138 retrorsum.
915 5082 1225 5153 Abraham,
1280 5087 1593 5155 postquam
1652 5085 1874 5142 audivit
1921 5087 1992 5143 de

352 5167 657 5226 nativitate
689 5170 865 5237 Isaac,
887 5170 1168 5227 ceciditin
1193 5170 1427 5240 faciem,
1448 5176 1505 5226 et
1524 5173 1652 5230 risit
1675 5174 1722 5244 (Ι
1745 5175 1868 5243 Reg.
1891 5175 1988 5247 ιν).

351 5257 478 5315 Heli
509 5264 726 5325 autem,
758 5258 859 5330 qui
891 5264 1243 5330 peccaverat,
1277 5264 1598 5317 retrorsum
1632 5263 1860 5319 cecidit.
1923 5267 1992 5320 Et

352 5346 425 5403 de
455 5346 577 5402 Dan
609 5345 665 5402 in
699 5346 904 5404 Genesi
939 5348 1220 5418 scriptum
1243 5352 1329 5405 est
1361 5352 1511 5405 :Fiat
1539 5351 1657 5404 Dan
1688 5353 1914 5408 coluber
1933 5355 1993 5408 in

351 5438 550 5492 semita
607 5436 857 5491 mordens
883 5437 1137 5507 plantam
1167 5441 1315 5508 equi,
1344 5442 1397 5493 et
1423 5439 1577 5496 cadet
1600 5456 1758 5510 eques
1788 5445 2010 5498 retror;

350 5538 493 5586 sum,
525 5524 760 5580 salutem
789 5529 1077 5596 aspectans
1093 5527 1191 5579 Dei
1220 5529 1376 5595 (Gen.
1403 5543 1552 5595 xmx,
1585 5531 1681 5600 17,
1719 5530 1825 5604 l8).
1847 5531 1992 5596 Quia

353 5609 510 5676 enim
544 5611 614 5667 ad
636 5628 895 5672 morsum
917 5613 1141 5672 colubri
1157 5614 1441 5674 ceciderat
1468 5634 1537 5674 ex
1557 5624 1984 5694 equo,propter.

2098 4645 2350 4705 nitatem,
2371 4650 2427 4698 et
2455 4642 2825 4700 severitatem
2857 4643 2960 4700 Dei
2989 4659 3168 4716 super
3195 4646 3429 4699 sanctos
3458 4646 3518 4698 et
3535 4657 3735 4714 pecca-

2097 4737 2252 4789 tores
2284 4733 2458 4789 refert
2485 4733 2656 4803 (Rom.
2691 4732 2832 4803 χχι).
2864 4733 2933 4788 Et
2961 4733 3034 4788 de
3064 4730 3468 4804 peccatoribus
3497 4730 3599 4802 qui
3649 4731 3744 4800 ja-

2097 4822 2327 4890 cebant,
2361 4821 2645 4893 scriptum
2676 4823 2801 4876 est:
2834 4822 3096 4878 Dominus
3124 4822 3296 4890 erigit
3319 4820 3500 4889 elisos,
3559 4819 3744 4876 Domi-

2096 4926 2200 4965 nus
2223 4911 2411 4978 diligit
2429 4911 2628 4980 justas,
2666 4909 2924 4965 Dominus
2963 4911 3125 4967 solvit
3181 4907 3510 4980 compeditos
3567 4908 3741 4980 (Psal.

2097 5015 2257 5055 cxcv.
2290 4999 2366 5069 8).
2397 4998 2632 5054 Sanctis
2660 5014 2793 5054 vero
2825 4997 3118 5055 stantibus
3142 4997 3384 5070 premis
3415 4995 3740 5070 pollicetur.

2169 5088 2352 5160 (Vere.
2386 5088 2464 5156 4.)
2493 5089 2558 5143 Et
2584 5087 2695 5159 ﬁlii
2721 5087 2870 5143 dura
2898 5089 3060 5159 facie,
3091 5090 3144 5144 et
3198 5085 3530 5145 indomabili
3582 5083 3746 5142 corde

2097 5185 2240 5243 sunt,
2273 5176 2342 5233 ad
2364 5192 2492 5248 quos
2511 5191 2605 5248 ego
2633 5177 2792 5232 mitto
2819 5181 2888 5231 te.
2925 5177 3038 5233 Hoc
3069 5175 3128 5231 in
3162 5175 3301 5232 LXX
3332 5171 3738 5231 nonhabetur.

2098 5266 2439 5338 Magnaaque
2467 5264 2789 5321 clementiae
2819 5264 3008 5321 estad
3055 5263 3204 5321 tales
3250 5265 3434 5320 Deum
3487 5259 3744 5330 mittere,

2099 5371 2204 5410 nec
2235 5355 2542 5426 desperare
2569 5370 2770 5410 eorum
2803 5352 3094 5421 salutem;
3117 5358 3176 5410 et
3203 5348 3564 5409 conﬁdentia:
3611 5365 3746 5420 pro-

2098 5443 2370 5517 phetalis,
2404 5443 2556 5515 quod
2588 5442 2658 5497 ad
2695 5441 2836 5497 tales
2885 5458 3117 5513 quoque
3146 5441 3225 5496 ire
3256 5455 3370 5495 non
3390 5437 3616 5494 timeat.
3650 5437 3746 5494 ln-

2099 5532 2378 5589 domabili
2407 5534 2602 5587 autem
2633 5531 2824 5598 corde,
2842 5534 2900 5586 et
2929 5531 3076 5588 dura
3097 5528 3448 5598 facie,juxta
3476 5524 3623 5582 illud
3645 5525 3745 5581 de-

2096 5623 2303 5686 bemus
2332 5620 2592 5696 accipere
2615 5619 2768 5693 quod
2801 5619 3089 5693 peccatqri
3117 5617 3369 5684 dicitur:
3401 5615 3608 5680 Nervus
3630 5621 3748 5688 ter-
