  <div class='ocr_page' id='page_1' title='image "/cluster/home/n/w/nwhite01/storage/ocr_20150623/25/hvd.32044096580493/022.png"; bbox 0 0 4052 6180; ppageno 0'>
   <div class='ocr_carea' id='block_1_1' title="bbox 275 302 3678 378">
    <p class='ocr_par' dir='ltr' id='par_1_1' title="bbox 275 302 3678 378">
     <span class='ocr_line' id='line_1_1' title="bbox 275 302 3678 378; baseline 0.001 -4"><span class='ocrx_word' id='word_1_1' title='bbox 275 305 352 374; x_wconf 71' lang='lat'>83</span> <span class='ocrx_word' id='word_1_2' title='bbox 963 307 1714 376; x_wconf 77' lang='lat' dir='ltr'>COMMENTARIORUM</span> <span class='ocrx_word' id='word_1_3' title='bbox 1755 309 1836 371; x_wconf 68' lang='lat' dir='ltr'>1N</span> <span class='ocrx_word' id='word_1_4' title='bbox 1876 302 2376 372; x_wconf 56' lang='lat' dir='ltr'>EUECBIELEM</span> <span class='ocrx_word' id='word_1_5' title='bbox 2419 311 2568 372; x_wconf 85' lang='lat' dir='ltr'>LIB.</span> <span class='ocrx_word' id='word_1_6' title='bbox 2615 311 2663 372; x_wconf 91' lang='lat' dir='ltr'>l.</span> <span class='ocrx_word' id='word_1_7' title='bbox 2697 311 2868 375; x_wconf 77' lang='lat' dir='ltr'>CAP.</span> <span class='ocrx_word' id='word_1_8' title='bbox 2911 311 2989 373; x_wconf 90' lang='grc' dir='ltr'>ΙΙ.</span> <span class='ocrx_word' id='word_1_9' title='bbox 3592 315 3678 378; x_wconf 77' lang='grc'>34</span> 
     </span>
    </p>
   </div>
   <div class='ocr_carea' id='block_1_2' title="bbox 272 443 3671 518">
    <p class='ocr_par' dir='ltr' id='par_1_2' title="bbox 272 443 3671 518">
     <span class='ocr_line' id='line_1_2' title="bbox 272 443 3671 518; baseline 0.001 -18"><span class='ocrx_word' id='word_1_10' title='bbox 272 457 397 500; x_wconf 79' lang='lat' dir='ltr'>rcus</span> <span class='ocrx_word' id='word_1_11' title='bbox 427 443 635 500; x_wconf 78' lang='lat' dir='ltr'>collum</span> <span class='ocrx_word' id='word_1_12' title='bbox 662 447 924 516; x_wconf 78' lang='lat' dir='ltr'>tuum,et</span> <span class='ocrx_word' id='word_1_13' title='bbox 949 446 1106 516; x_wconf 82' lang='lat' dir='ltr'>frons</span> <span class='ocrx_word' id='word_1_14' title='bbox 1134 452 1230 501; x_wconf 87' lang='lat' dir='ltr'>tua</span> <span class='ocrx_word' id='word_1_15' title='bbox 1261 459 1420 502; x_wconf 77' lang='lat' dir='ltr'>aenea</span> <span class='ocrx_word' id='word_1_16' title='bbox 1435 445 1586 514; x_wconf 83' lang='lat' dir='ltr'>(lsai.</span> <span class='ocrx_word' id='word_1_17' title='bbox 1614 461 1808 512; x_wconf 72' lang='lat' dir='ltr'>XLVIII,</span> <span class='ocrx_word' id='word_1_18' title='bbox 1839 444 1917 516; x_wconf 85' lang='lat'>6).</span> <span class='ocrx_word' id='word_1_19' title='bbox 1950 447 2003 512; x_wconf 83' lang='grc' dir='ltr'><strong>Α</strong></span> <span class='ocrx_word' id='word_1_20' title='bbox 2037 443 2233 515; x_wconf 83' lang='lat' dir='ltr'>(Vulg.</span> <span class='ocrx_word' id='word_1_21' title='bbox 2265 457 2602 515; x_wconf 45' lang='lat' dir='ltr'>quoscunque</span> <span class='ocrx_word' id='word_1_22' title='bbox 2629 446 2838 517; x_wconf 90' lang='lat' dir='ltr'>loquor]</span> <span class='ocrx_word' id='word_1_23' title='bbox 2869 447 2947 502; x_wconf 80' lang='lat' dir='ltr'>ad</span> <span class='ocrx_word' id='word_1_24' title='bbox 2964 452 3034 501; x_wconf 87' lang='lat' dir='ltr'>te.</span> <span class='ocrx_word' id='word_1_25' title='bbox 3069 445 3195 502; x_wconf 89' lang='lat' dir='ltr'>Non</span> <span class='ocrx_word' id='word_1_26' title='bbox 3250 455 3387 518; x_wconf 85' lang='lat' dir='ltr'>ergo</span> <span class='ocrx_word' id='word_1_27' title='bbox 3435 459 3671 504; x_wconf 83' lang='lat' dir='ltr'>cessan-</span> 
     </span>
    </p>
   </div>
   <div class='ocr_carea' id='block_1_3' title="bbox 274 531 1918 606">
    <p class='ocr_par' dir='ltr' id='par_1_3' title="bbox 274 531 1918 606">
     <span class='ocr_line' id='line_1_3' title="bbox 274 531 1918 606; baseline -0.001 -19"><span class='ocrx_word' id='word_1_28' title='bbox 274 531 380 596; x_wconf 83' lang='lat' dir='ltr'>Qui</span> <span class='ocrx_word' id='word_1_29' title='bbox 402 536 460 588; x_wconf 87' lang='lat' dir='ltr'>et</span> <span class='ocrx_word' id='word_1_30' title='bbox 488 532 545 587; x_wconf 89' lang='lat' dir='ltr'>in</span> <span class='ocrx_word' id='word_1_31' title='bbox 576 532 1084 605; x_wconf 77' lang='lat' dir='ltr'>consequentibus</span> <span class='ocrx_word' id='word_1_32' title='bbox 1113 539 1443 606; x_wconf 86' lang='lat' dir='ltr'>arguuntur</span> <span class='ocrx_word' id='word_1_33' title='bbox 1473 533 1664 588; x_wconf 81' lang='lat' dir='ltr'>cordis</span> <span class='ocrx_word' id='word_1_34' title='bbox 1685 532 1918 604; x_wconf 88' lang='lat' dir='ltr'>lapidei,</span> 
     </span>
    </p>
   </div>
   <div class='ocr_carea' id='block_1_4' title="bbox 273 619 1919 694">
    <p class='ocr_par' dir='ltr' id='par_1_4' title="bbox 273 619 1919 694">
     <span class='ocr_line' id='line_1_4' title="bbox 273 619 1919 694; baseline -0.001 -17"><span class='ocrx_word' id='word_1_35' title='bbox 273 620 426 692; x_wconf 83' lang='lat' dir='ltr'>quod</span> <span class='ocrx_word' id='word_1_36' title='bbox 457 619 615 677; x_wconf 86' lang='lat' dir='ltr'>Deus</span> <span class='ocrx_word' id='word_1_37' title='bbox 647 621 995 677; x_wconf 86' lang='lat' dir='ltr'>evulsurum</span> <span class='ocrx_word' id='word_1_38' title='bbox 1027 637 1157 678; x_wconf 86' lang='lat' dir='ltr'>esse</span> <span class='ocrx_word' id='word_1_39' title='bbox 1189 638 1252 678; x_wconf 88' lang='lat' dir='ltr'>se</span> <span class='ocrx_word' id='word_1_40' title='bbox 1281 623 1502 691; x_wconf 87' lang='lat' dir='ltr'>dicit,et</span> <span class='ocrx_word' id='word_1_41' title='bbox 1531 639 1634 694; x_wconf 76' lang='lat' dir='ltr'>pro</span> <span class='ocrx_word' id='word_1_42' title='bbox 1666 621 1764 676; x_wconf 91' lang='lat' dir='ltr'>illo</span> <span class='ocrx_word' id='word_1_43' title='bbox 1796 638 1919 678; x_wconf 86' lang='lat' dir='ltr'>car-</span> 
     </span>
    </p>
   </div>
   <div class='ocr_carea' id='block_1_5' title="bbox 272 709 1924 783">
    <p class='ocr_par' dir='ltr' id='par_1_5' title="bbox 272 709 1924 783">
     <span class='ocr_line' id='line_1_5' title="bbox 272 709 1924 783; baseline -0.001 -17"><span class='ocrx_word' id='word_1_44' title='bbox 272 723 445 766; x_wconf 87' lang='lat' dir='ltr'>neum</span> <span class='ocrx_word' id='word_1_45' title='bbox 475 710 890 766; x_wconf 87' lang='lat' dir='ltr'>redditurum:</span> <span class='ocrx_word' id='word_1_46' title='bbox 927 713 998 766; x_wconf 92' lang='lat' dir='ltr'>ut</span> <span class='ocrx_word' id='word_1_47' title='bbox 1045 709 1289 766; x_wconf 80' lang='lat' dir='ltr'>mollitie</span> <span class='ocrx_word' id='word_1_48' title='bbox 1327 727 1454 776; x_wconf 89' lang='lat' dir='ltr'>sua,</span> <span class='ocrx_word' id='word_1_49' title='bbox 1488 711 1589 766; x_wconf 93' lang='lat' dir='ltr'>Dei</span> <span class='ocrx_word' id='word_1_50' title='bbox 1640 715 1924 783; x_wconf 60' lang='lat' dir='ltr'>praecepta</span> 
     </span>
    </p>
   </div>
   <div class='ocr_carea' id='block_1_6' title="bbox 268 796 581 868">
    <p class='ocr_par' dir='ltr' id='par_1_6' title="bbox 268 796 581 868">
     <span class='ocr_line' id='line_1_6' title="bbox 268 796 581 868; baseline -0.003 -15"><span class='ocrx_word' id='word_1_51' title='bbox 268 796 581 868; x_wconf 77' lang='lat' dir='ltr'>suscipiat.</span> 
     </span>
    </p>
   </div>
   <div class='ocr_carea' id='block_1_7' title="bbox 338 885 1923 958">
    <p class='ocr_par' dir='ltr' id='par_1_7' title="bbox 338 885 1923 958">
     <span class='ocr_line' id='line_1_7' title="bbox 338 885 1923 958; baseline 0.003 -20"><span class='ocrx_word' id='word_1_52' title='bbox 338 885 535 956; x_wconf 85' lang='lat' dir='ltr'>(Vors.</span> <span class='ocrx_word' id='word_1_53' title='bbox 564 887 643 958; x_wconf 89' lang='lat'>5.)</span> <span class='ocrx_word' id='word_1_54' title='bbox 669 887 732 941; x_wconf 82' lang='lat' dir='ltr'>Et</span> <span class='ocrx_word' id='word_1_55' title='bbox 787 887 932 943; x_wconf 80' lang='lat' dir='ltr'>dices</span> <span class='ocrx_word' id='word_1_56' title='bbox 991 887 1062 942; x_wconf 89' lang='lat' dir='ltr'>ad</span> <span class='ocrx_word' id='word_1_57' title='bbox 1117 903 1204 943; x_wconf 88' lang='lat' dir='ltr'>eos</span> <span class='ocrx_word' id='word_1_58' title='bbox 1235 905 1248 943; x_wconf 94' lang='lat'>:</span> <span class='ocrx_word' id='word_1_59' title='bbox 1283 891 1415 943; x_wconf 65' lang='lat' dir='ltr'>Haec</span> <span class='ocrx_word' id='word_1_60' title='bbox 1469 887 1602 942; x_wconf 90' lang='lat' dir='ltr'>dicit</span> <span class='ocrx_word' id='word_1_61' title='bbox 1653 889 1923 944; x_wconf 87' lang='lat' dir='ltr'>Dominus</span> 
     </span>
    </p>
   </div>
   <div class='ocr_carea' id='block_1_8' title="bbox 267 975 1921 1047">
    <p class='ocr_par' dir='ltr' id='par_1_8' title="bbox 267 975 1921 1047">
     <span class='ocr_line' id='line_1_8' title="bbox 267 975 1921 1047; baseline 0.001 -16"><span class='ocrx_word' id='word_1_62' title='bbox 267 979 425 1031; x_wconf 85' lang='lat' dir='ltr'>Deus</span> <span class='ocrx_word' id='word_1_63' title='bbox 457 991 474 1029; x_wconf 88' lang='lat'>:</span> <span class='ocrx_word' id='word_1_64' title='bbox 505 975 565 1030; x_wconf 85' lang='lat' dir='ltr'>Si</span> <span class='ocrx_word' id='word_1_65' title='bbox 584 978 729 1045; x_wconf 78' lang='lat' dir='ltr'>forte</span> <span class='ocrx_word' id='word_1_66' title='bbox 758 977 843 1031; x_wconf 85' lang='lat' dir='ltr'>vel</span> <span class='ocrx_word' id='word_1_67' title='bbox 876 977 987 1047; x_wconf 87' lang='lat' dir='ltr'>ipsi</span> <span class='ocrx_word' id='word_1_68' title='bbox 1013 976 1265 1046; x_wconf 83' lang='lat' dir='ltr'>audiant,</span> <span class='ocrx_word' id='word_1_69' title='bbox 1291 982 1344 1030; x_wconf 82' lang='lat' dir='ltr'>et</span> <span class='ocrx_word' id='word_1_70' title='bbox 1364 977 1418 1032; x_wconf 89' lang='lat' dir='ltr'>si</span> <span class='ocrx_word' id='word_1_71' title='bbox 1445 978 1585 1046; x_wconf 82' lang='lat' dir='ltr'>forte</span> <span class='ocrx_word' id='word_1_72' title='bbox 1604 978 1921 1046; x_wconf 86' lang='lat' dir='ltr'>quiescant:</span> 
     </span>
    </p>
   </div>
   <div class='ocr_carea' id='block_1_9' title="bbox 271 1063 1923 1136">
    <p class='ocr_par' dir='ltr' id='par_1_9' title="bbox 271 1063 1923 1136">
     <span class='ocr_line' id='line_1_9' title="bbox 271 1063 1923 1136; baseline 0.002 -19"><span class='ocrx_word' id='word_1_73' title='bbox 271 1065 538 1134; x_wconf 79' lang='lat' dir='ltr'>quoniam</span> <span class='ocrx_word' id='word_1_74' title='bbox 555 1063 750 1119; x_wconf 83' lang='lat' dir='ltr'>domus</span> <span class='ocrx_word' id='word_1_75' title='bbox 775 1079 1111 1136; x_wconf 72' lang='lat' dir='ltr'>exasperans</span> <span class='ocrx_word' id='word_1_76' title='bbox 1133 1069 1292 1135; x_wconf 87' lang='lat' dir='ltr'>est,et</span> <span class='ocrx_word' id='word_1_77' title='bbox 1320 1066 1492 1119; x_wconf 86' lang='lat' dir='ltr'>scient</span> <span class='ocrx_word' id='word_1_78' title='bbox 1510 1067 1638 1136; x_wconf 87' lang='lat' dir='ltr'>quia</span> <span class='ocrx_word' id='word_1_79' title='bbox 1658 1067 1923 1136; x_wconf 82' lang='lat' dir='ltr'>propheta</span> 
     </span>
    </p>
   </div>
   <div class='ocr_carea' id='block_1_10' title="bbox 268 1152 1922 1226">
    <p class='ocr_par' dir='ltr' id='par_1_10' title="bbox 268 1152 1922 1226">
     <span class='ocr_line' id='line_1_10' title="bbox 268 1152 1922 1226; baseline 0.002 -21"><span class='ocrx_word' id='word_1_80' title='bbox 268 1153 442 1222; x_wconf 77' lang='lat' dir='ltr'>fuerit</span> <span class='ocrx_word' id='word_1_81' title='bbox 469 1153 527 1206; x_wconf 80' lang='lat' dir='ltr'>in</span> <span class='ocrx_word' id='word_1_82' title='bbox 557 1152 748 1208; x_wconf 85' lang='lat' dir='ltr'>medio</span> <span class='ocrx_word' id='word_1_83' title='bbox 767 1168 972 1208; x_wconf 87' lang='lat' dir='ltr'>eorum.</span> <span class='ocrx_word' id='word_1_84' title='bbox 1007 1153 1209 1208; x_wconf 86' lang='lat' dir='ltr'>Simile</span> <span class='ocrx_word' id='word_1_85' title='bbox 1234 1154 1376 1224; x_wconf 91' lang='lat' dir='ltr'>quid</span> <span class='ocrx_word' id='word_1_86' title='bbox 1400 1153 1455 1206; x_wconf 91' lang='lat' dir='ltr'>in</span> <span class='ocrx_word' id='word_1_87' title='bbox 1474 1153 1725 1208; x_wconf 77' lang='lat' dir='ltr'>Jeremia</span> <span class='ocrx_word' id='word_1_88' title='bbox 1745 1153 1922 1226; x_wconf 87' lang='lat' dir='ltr'>scrip-</span> 
     </span>
    </p>
   </div>
   <div class='ocr_carea' id='block_1_11' title="bbox 268 1239 1917 1316">
    <p class='ocr_par' dir='ltr' id='par_1_11' title="bbox 268 1239 1917 1316">
     <span class='ocr_line' id='line_1_11' title="bbox 268 1239 1917 1316; baseline 0.002 -23"><span class='ocrx_word' id='word_1_89' title='bbox 268 1242 391 1294; x_wconf 84' lang='lat' dir='ltr'>tum</span> <span class='ocrx_word' id='word_1_90' title='bbox 420 1243 513 1295; x_wconf 85' lang='lat' dir='ltr'>est</span> <span class='ocrx_word' id='word_1_91' title='bbox 545 1256 558 1294; x_wconf 90' lang='lat'><strong>:</strong></span> <span class='ocrx_word' id='word_1_92' title='bbox 594 1239 659 1294; x_wconf 87' lang='lat' dir='ltr'>Si</span> <span class='ocrx_word' id='word_1_93' title='bbox 693 1241 844 1316; x_wconf 80' lang='lat' dir='ltr'>forte</span> <span class='ocrx_word' id='word_1_94' title='bbox 870 1241 1102 1297; x_wconf 82' lang='lat' dir='ltr'>audiant</span> <span class='ocrx_word' id='word_1_95' title='bbox 1128 1245 1181 1296; x_wconf 85' lang='lat' dir='ltr'>et</span> <span class='ocrx_word' id='word_1_96' title='bbox 1206 1249 1375 1312; x_wconf 80' lang='lat' dir='ltr'><strong><em>agant</em></strong></span> <span class='ocrx_word' id='word_1_97' title='bbox 1389 1243 1768 1313; x_wconf 62' lang='lat' dir='ltr'>pwnitentiam</span> <span class='ocrx_word' id='word_1_98' title='bbox 1789 1243 1917 1313; x_wconf 84' lang='lat' dir='ltr'>(Jer.</span> 
     </span>
    </p>
   </div>
   <div class='ocr_carea' id='block_1_12' title="bbox 267 1327 1924 1403">
    <p class='ocr_par' dir='ltr' id='par_1_12' title="bbox 267 1327 1924 1403">
     <span class='ocr_line' id='line_1_12' title="bbox 267 1327 1924 1403; baseline 0.002 -20"><span class='ocrx_word' id='word_1_99' title='bbox 267 1339 427 1396; x_wconf 67' lang='lat' dir='ltr'>nvi,</span> <span class='ocrx_word' id='word_1_100' title='bbox 454 1327 531 1397; x_wconf 85' lang='lat'>3).</span> <span class='ocrx_word' id='word_1_101' title='bbox 561 1327 632 1382; x_wconf 87' lang='lat' dir='ltr'>Et</span> <span class='ocrx_word' id='word_1_102' title='bbox 663 1328 727 1384; x_wconf 93' lang='lat' dir='ltr'>in</span> <span class='ocrx_word' id='word_1_103' title='bbox 758 1328 1069 1403; x_wconf 87' lang='lat' dir='ltr'>Evangelio</span> <span class='ocrx_word' id='word_1_104' title='bbox 1103 1346 1116 1385; x_wconf 88' lang='lat'><strong>:</strong></span> <span class='ocrx_word' id='word_1_105' title='bbox 1142 1331 1412 1386; x_wconf 82' lang='lat' dir='ltr'>Forsitam</span> <span class='ocrx_word' id='word_1_106' title='bbox 1434 1330 1617 1400; x_wconf 76' lang='lat' dir='ltr'>ﬁlium</span> <span class='ocrx_word' id='word_1_107' title='bbox 1636 1347 1818 1386; x_wconf 84' lang='lat' dir='ltr'>meum</span> <span class='ocrx_word' id='word_1_108' title='bbox 1839 1347 1924 1387; x_wconf 88' lang='lat' dir='ltr'>ve-</span> 
     </span>
    </p>
   </div>
   <div class='ocr_carea' id='block_1_13' title="bbox 274 1416 1921 1490">
    <p class='ocr_par' dir='ltr' id='par_1_13' title="bbox 274 1416 1921 1490">
     <span class='ocr_line' id='line_1_13' title="bbox 274 1416 1921 1490; baseline 0.002 -18"><span class='ocrx_word' id='word_1_109' title='bbox 274 1417 535 1472; x_wconf 77' lang='lat' dir='ltr'>rebuntur</span> <span class='ocrx_word' id='word_1_110' title='bbox 580 1416 806 1489; x_wconf 77' lang='lat' dir='ltr'>(Matth.</span> <span class='ocrx_word' id='word_1_111' title='bbox 871 1435 984 1486; x_wconf 71' lang='lat' dir='ltr'>xxx,</span> <span class='ocrx_word' id='word_1_112' title='bbox 1042 1419 1153 1490; x_wconf 85' lang='lat'>37).</span> <span class='ocrx_word' id='word_1_113' title='bbox 1212 1418 1500 1490; x_wconf 82' lang='lat' dir='ltr'>Loquitur</span> <span class='ocrx_word' id='word_1_114' title='bbox 1555 1423 1750 1475; x_wconf 86' lang='lat' dir='ltr'>autem</span> <span class='ocrx_word' id='word_1_115' title='bbox 1799 1419 1921 1475; x_wconf 57' lang='lat' dir='ltr'>haec</span> 
     </span>
    </p>
   </div>
   <div class='ocr_carea' id='block_1_14' title="bbox 278 1505 1920 1579">
    <p class='ocr_par' dir='ltr' id='par_1_14' title="bbox 278 1505 1920 1579">
     <span class='ocr_line' id='line_1_14' title="bbox 278 1505 1920 1579; baseline 0.001 -17"><span class='ocrx_word' id='word_1_116' title='bbox 278 1505 429 1562; x_wconf 87' lang='lat' dir='ltr'>Deus</span> <span class='ocrx_word' id='word_1_117' title='bbox 445 1505 804 1579; x_wconf 86' lang='lat' dir='ltr'>ambigentis</span> <span class='ocrx_word' id='word_1_118' title='bbox 815 1507 1047 1574; x_wconf 78' lang='lat' dir='ltr'>aﬂ‘eotu,</span> <span class='ocrx_word' id='word_1_119' title='bbox 1059 1507 1132 1579; x_wconf 88' lang='lat' dir='ltr'>(a)</span> <span class='ocrx_word' id='word_1_120' title='bbox 1148 1507 1468 1562; x_wconf 90' lang='lat' dir='ltr'>utliberum</span> <span class='ocrx_word' id='word_1_121' title='bbox 1487 1507 1743 1564; x_wconf 83' lang='lat' dir='ltr'>hominis</span> <span class='ocrx_word' id='word_1_122' title='bbox 1756 1526 1920 1564; x_wconf 89' lang='lat' dir='ltr'>mon-</span> 
     </span>
    </p>
   </div>
   <div class='ocr_carea' id='block_1_15' title="bbox 278 1593 1921 1668">
    <p class='ocr_par' dir='ltr' id='par_1_15' title="bbox 278 1593 1921 1668">
     <span class='ocr_line' id='line_1_15' title="bbox 278 1593 1921 1668; baseline 0.002 -18"><span class='ocrx_word' id='word_1_123' title='bbox 278 1599 424 1650; x_wconf 86' lang='lat' dir='ltr'>stret</span> <span class='ocrx_word' id='word_1_124' title='bbox 453 1593 550 1651; x_wconf 69' lang='lat'>25</span> <span class='ocrx_word' id='word_1_125' title='bbox 589 1595 1002 1663; x_wconf 88' lang='lat' dir='ltr'>arbitrium,ne</span> <span class='ocrx_word' id='word_1_126' title='bbox 1033 1596 1397 1668; x_wconf 67' lang='lat' dir='ltr'>praescientia</span> <span class='ocrx_word' id='word_1_127' title='bbox 1421 1595 1750 1652; x_wconf 90' lang='lat' dir='ltr'>futurorum</span> <span class='ocrx_word' id='word_1_128' title='bbox 1781 1597 1921 1653; x_wconf 88' lang='lat' dir='ltr'>mali</span> 
     </span>
    </p>
   </div>
   <div class='ocr_carea' id='block_1_16' title="bbox 277 1682 1923 1755">
    <p class='ocr_par' dir='ltr' id='par_1_16' title="bbox 277 1682 1923 1755">
     <span class='ocr_line' id='line_1_16' title="bbox 277 1682 1923 1755; baseline 0.004 -18"><span class='ocrx_word' id='word_1_129' title='bbox 277 1682 366 1738; x_wconf 81' lang='lat' dir='ltr'>vel</span> <span class='ocrx_word' id='word_1_130' title='bbox 389 1683 523 1738; x_wconf 89' lang='lat' dir='ltr'>boni</span> <span class='ocrx_word' id='word_1_131' title='bbox 542 1683 916 1740; x_wconf 85' lang='lat' dir='ltr'>immutabile</span> <span class='ocrx_word' id='word_1_132' title='bbox 940 1684 1113 1740; x_wconf 79' lang='lat' dir='ltr'>faciat</span> <span class='ocrx_word' id='word_1_133' title='bbox 1127 1685 1283 1755; x_wconf 89' lang='lat' dir='ltr'>quod</span> <span class='ocrx_word' id='word_1_134' title='bbox 1297 1685 1452 1740; x_wconf 88' lang='lat' dir='ltr'>Deus</span> <span class='ocrx_word' id='word_1_135' title='bbox 1475 1686 1736 1741; x_wconf 83' lang='lat' dir='ltr'>futurum</span> <span class='ocrx_word' id='word_1_136' title='bbox 1755 1701 1923 1743; x_wconf 88' lang='lat' dir='ltr'>nove-</span> 
     </span>
    </p>
   </div>
   <div class='ocr_carea' id='block_1_17' title="bbox 269 1769 1919 1846">
    <p class='ocr_par' dir='ltr' id='par_1_17' title="bbox 269 1769 1919 1846">
     <span class='ocr_line' id='line_1_17' title="bbox 269 1769 1919 1846; baseline 0.002 -19"><span class='ocrx_word' id='word_1_137' title='bbox 269 1771 365 1828; x_wconf 83' lang='lat' dir='ltr'>rit.</span> <span class='ocrx_word' id='word_1_138' title='bbox 397 1769 522 1827; x_wconf 81' lang='lat' dir='ltr'>Non</span> <span class='ocrx_word' id='word_1_139' title='bbox 553 1771 711 1827; x_wconf 88' lang='lat' dir='ltr'>enim</span> <span class='ocrx_word' id='word_1_140' title='bbox 746 1772 888 1845; x_wconf 90' lang='lat' dir='ltr'>quia</span> <span class='ocrx_word' id='word_1_141' title='bbox 913 1772 1011 1828; x_wconf 89' lang='lat' dir='ltr'>ille</span> <span class='ocrx_word' id='word_1_142' title='bbox 1039 1776 1284 1828; x_wconf 90' lang='lat' dir='ltr'>ventura</span> <span class='ocrx_word' id='word_1_143' title='bbox 1313 1773 1632 1846; x_wconf 83' lang='lat' dir='ltr'>cognoscit,</span> <span class='ocrx_word' id='word_1_144' title='bbox 1682 1791 1919 1832; x_wconf 88' lang='lat' dir='ltr'>necesse</span> 
     </span>
    </p>
   </div>
   <div class='ocr_carea' id='block_1_18' title="bbox 269 1860 1920 1934">
    <p class='ocr_par' dir='ltr' id='par_1_18' title="bbox 269 1860 1920 1934">
     <span class='ocr_line' id='line_1_18' title="bbox 269 1860 1920 1934; baseline 0.002 -18"><span class='ocrx_word' id='word_1_145' title='bbox 269 1864 357 1916; x_wconf 85' lang='lat' dir='ltr'>est</span> <span class='ocrx_word' id='word_1_146' title='bbox 385 1876 496 1916; x_wconf 88' lang='lat' dir='ltr'>nos</span> <span class='ocrx_word' id='word_1_147' title='bbox 517 1860 706 1917; x_wconf 76' lang='lat' dir='ltr'>facere</span> <span class='ocrx_word' id='word_1_148' title='bbox 738 1861 897 1932; x_wconf 91' lang='lat' dir='ltr'>quod</span> <span class='ocrx_word' id='word_1_149' title='bbox 928 1860 1026 1916; x_wconf 89' lang='lat' dir='ltr'>ille</span> <span class='ocrx_word' id='word_1_150' title='bbox 1074 1861 1363 1934; x_wconf 65' lang='lat' dir='ltr'>prescivit</span> <span class='ocrx_word' id='word_1_151' title='bbox 1395 1879 1408 1918; x_wconf 91' lang='lat'><strong>:</strong></span> <span class='ocrx_word' id='word_1_152' title='bbox 1455 1862 1558 1918; x_wconf 86' lang='lat' dir='ltr'>sed</span> <span class='ocrx_word' id='word_1_153' title='bbox 1608 1863 1763 1934; x_wconf 91' lang='lat' dir='ltr'>quod</span> <span class='ocrx_word' id='word_1_154' title='bbox 1814 1878 1920 1920; x_wconf 90' lang='lat' dir='ltr'>nos</span> 
     </span>
    </p>
   </div>
   <div class='ocr_carea' id='block_1_19' title="bbox 265 1947 1919 2021">
    <p class='ocr_par' dir='ltr' id='par_1_19' title="bbox 265 1947 1919 2021">
     <span class='ocr_line' id='line_1_19' title="bbox 265 1947 1919 2021; baseline 0.003 -18"><span class='ocrx_word' id='word_1_155' title='bbox 265 1947 504 2020; x_wconf 87' lang='lat' dir='ltr'>propria</span> <span class='ocrx_word' id='word_1_156' title='bbox 521 1947 820 2005; x_wconf 80' lang='lat' dir='ltr'>voluntate</span> <span class='ocrx_word' id='word_1_157' title='bbox 850 1965 1060 2006; x_wconf 91' lang='lat' dir='ltr'>sumus</span> <span class='ocrx_word' id='word_1_158' title='bbox 1089 1950 1322 2021; x_wconf 78' lang='lat' dir='ltr'>facturi,</span> <span class='ocrx_word' id='word_1_159' title='bbox 1355 1949 1452 2006; x_wconf 92' lang='lat' dir='ltr'>ille</span> <span class='ocrx_word' id='word_1_160' title='bbox 1472 1952 1633 2007; x_wconf 88' lang='lat' dir='ltr'>novit</span> <span class='ocrx_word' id='word_1_161' title='bbox 1654 1951 1919 2008; x_wconf 88' lang='lat' dir='ltr'>futurum</span> 
     </span>
    </p>
   </div>
   <div class='ocr_carea' id='block_1_20' title="bbox 269 2036 649 2109">
    <p class='ocr_par' dir='ltr' id='par_1_20' title="bbox 269 2036 649 2109">
     <span class='ocr_line' id='line_1_20' title="bbox 269 2036 649 2109; baseline 0.008 -18"><span class='ocrx_word' id='word_1_162' title='bbox 269 2036 439 2109; x_wconf 88' lang='lat' dir='ltr'>quasi</span> <span class='ocrx_word' id='word_1_163' title='bbox 473 2036 649 2094; x_wconf 89' lang='lat' dir='ltr'>Deus.</span> 
     </span>
    </p>
   </div>
   <div class='ocr_carea' id='block_1_21' title="bbox 334 2125 1917 2200">
    <p class='ocr_par' dir='ltr' id='par_1_21' title="bbox 334 2125 1917 2200">
     <span class='ocr_line' id='line_1_21' title="bbox 334 2125 1917 2200; baseline 0.002 -19"><span class='ocrx_word' id='word_1_164' title='bbox 334 2125 527 2196; x_wconf 81' lang='lat' dir='ltr'>(Vere.</span> <span class='ocrx_word' id='word_1_165' title='bbox 555 2127 636 2197; x_wconf 88' lang='lat'>6.)</span> <span class='ocrx_word' id='word_1_166' title='bbox 669 2126 745 2182; x_wconf 82' lang='lat' dir='ltr'>Tu</span> <span class='ocrx_word' id='word_1_167' title='bbox 770 2142 918 2199; x_wconf 86' lang='lat' dir='ltr'>ergo,</span> <span class='ocrx_word' id='word_1_168' title='bbox 950 2127 1040 2198; x_wconf 77' lang='lat' dir='ltr'>ﬁli</span> <span class='ocrx_word' id='word_1_169' title='bbox 1079 2127 1340 2200; x_wconf 76' lang='lat' dir='ltr'>hominis,</span> <span class='ocrx_word' id='word_1_170' title='bbox 1390 2142 1504 2184; x_wconf 84' lang='lat' dir='ltr'>non</span> <span class='ocrx_word' id='word_1_171' title='bbox 1555 2131 1752 2185; x_wconf 88' lang='lat' dir='ltr'>timeas</span> <span class='ocrx_word' id='word_1_172' title='bbox 1806 2145 1917 2198; x_wconf 87' lang='lat' dir='ltr'>eos,</span> 
     </span>
    </p>
   </div>
   <div class='ocr_carea' id='block_1_22' title="bbox 266 2215 1918 2291">
    <p class='ocr_par' dir='ltr' id='par_1_22' title="bbox 266 2215 1918 2291">
     <span class='ocr_line' id='line_1_22' title="bbox 266 2215 1918 2291; baseline 0.002 -19"><span class='ocrx_word' id='word_1_173' title='bbox 266 2230 442 2288; x_wconf 80' lang='lat' dir='ltr'>neque</span> <span class='ocrx_word' id='word_1_174' title='bbox 469 2215 668 2289; x_wconf 78' lang='lat' dir='ltr'>(Vulg.</span> <span class='ocrx_word' id='word_1_175' title='bbox 700 2216 792 2288; x_wconf 87' lang='lat' dir='ltr'>ne)</span> <span class='ocrx_word' id='word_1_176' title='bbox 821 2232 1091 2274; x_wconf 84' lang='lat' dir='ltr'>sermones</span> <span class='ocrx_word' id='word_1_177' title='bbox 1132 2233 1327 2274; x_wconf 88' lang='lat' dir='ltr'>eorum</span> <span class='ocrx_word' id='word_1_178' title='bbox 1369 2226 1602 2285; x_wconf 79' lang='lat' dir='ltr'>metuas,</span> <span class='ocrx_word' id='word_1_179' title='bbox 1659 2221 1918 2291; x_wconf 86' lang='lat' dir='ltr'>quoniam</span> 
     </span>
    </p>
   </div>
   <div class='ocr_carea' id='block_1_23' title="bbox 265 2304 1923 2377">
    <p class='ocr_par' dir='ltr' id='par_1_23' title="bbox 265 2304 1923 2377">
     <span class='ocr_line' id='line_1_23' title="bbox 265 2304 1923 2377; baseline 0.002 -18"><span class='ocrx_word' id='word_1_180' title='bbox 265 2304 552 2360; x_wconf 73' lang='lat' dir='ltr'>increduli</span> <span class='ocrx_word' id='word_1_181' title='bbox 580 2310 630 2360; x_wconf 82' lang='lat' dir='ltr'>et</span> <span class='ocrx_word' id='word_1_182' title='bbox 657 2305 999 2363; x_wconf 84' lang='lat' dir='ltr'>subversores</span> <span class='ocrx_word' id='word_1_183' title='bbox 1027 2314 1156 2362; x_wconf 86' lang='lat' dir='ltr'>sunt</span> <span class='ocrx_word' id='word_1_184' title='bbox 1183 2309 1379 2362; x_wconf 84' lang='lat' dir='ltr'>tecum.</span> <span class='ocrx_word' id='word_1_185' title='bbox 1414 2307 1594 2362; x_wconf 86' lang='lat' dir='ltr'><strong>LXX:</strong></span> <span class='ocrx_word' id='word_1_186' title='bbox 1629 2308 1694 2362; x_wconf 85' lang='lat' dir='ltr'>Et</span> <span class='ocrx_word' id='word_1_187' title='bbox 1724 2311 1805 2374; x_wconf 89' lang='lat' dir='ltr'>tu,</span> <span class='ocrx_word' id='word_1_188' title='bbox 1835 2309 1923 2377; x_wconf 81' lang='lat' dir='ltr'>ﬁli</span> 
     </span>
    </p>
   </div>
   <div class='ocr_carea' id='block_1_24' title="bbox 267 2393 1919 2466">
    <p class='ocr_par' dir='ltr' id='par_1_24' title="bbox 267 2393 1919 2466">
     <span class='ocr_line' id='line_1_24' title="bbox 267 2393 1919 2466; baseline 0.002 -18"><span class='ocrx_word' id='word_1_189' title='bbox 267 2393 541 2459; x_wconf 78' lang='lat' dir='ltr'>hominis,</span> <span class='ocrx_word' id='word_1_190' title='bbox 567 2409 676 2449; x_wconf 85' lang='lat' dir='ltr'>non</span> <span class='ocrx_word' id='word_1_191' title='bbox 704 2396 900 2450; x_wconf 85' lang='lat' dir='ltr'>timeas</span> <span class='ocrx_word' id='word_1_192' title='bbox 930 2410 1038 2464; x_wconf 83' lang='lat' dir='ltr'>eos,</span> <span class='ocrx_word' id='word_1_193' title='bbox 1066 2410 1167 2452; x_wconf 87' lang='lat' dir='ltr'>nec</span> <span class='ocrx_word' id='word_1_194' title='bbox 1193 2412 1231 2451; x_wconf 90' lang='lat' dir='ltr'>a</span> <span class='ocrx_word' id='word_1_195' title='bbox 1258 2396 1402 2466; x_wconf 80' lang='lat' dir='ltr'>facie</span> <span class='ocrx_word' id='word_1_196' title='bbox 1420 2411 1607 2450; x_wconf 89' lang='lat' dir='ltr'>eorum</span> <span class='ocrx_word' id='word_1_197' title='bbox 1635 2397 1919 2466; x_wconf 83' lang='lat' dir='ltr'>formides:</span> 
     </span>
    </p>
   </div>
   <div class='ocr_carea' id='block_1_25' title="bbox 268 2482 1920 2556">
    <p class='ocr_par' dir='ltr' id='par_1_25' title="bbox 268 2482 1920 2556">
     <span class='ocr_line' id='line_1_25' title="bbox 268 2482 1920 2556; baseline 0.003 -21"><span class='ocrx_word' id='word_1_198' title='bbox 268 2482 538 2552; x_wconf 70' lang='lat' dir='ltr'>quonth</span> <span class='ocrx_word' id='word_1_199' title='bbox 589 2484 876 2552; x_wconf 78' lang='lat' dir='ltr'>insanient,</span> <span class='ocrx_word' id='word_1_200' title='bbox 927 2487 977 2539; x_wconf 86' lang='lat' dir='ltr'>et</span> <span class='ocrx_word' id='word_1_201' title='bbox 1014 2486 1489 2556; x_wconf 80' lang='lat' dir='ltr'>congregabantur</span> <span class='ocrx_word' id='word_1_202' title='bbox 1529 2489 1722 2540; x_wconf 88' lang='lat' dir='ltr'>contra</span> <span class='ocrx_word' id='word_1_203' title='bbox 1761 2489 1814 2542; x_wconf 83' lang='lat' dir='ltr'>te</span> <span class='ocrx_word' id='word_1_204' title='bbox 1859 2487 1920 2540; x_wconf 87' lang='lat' dir='ltr'>in</span> 
     </span>
    </p>
   </div>
   <div class='ocr_carea' id='block_1_26' title="bbox 266 2568 1918 2644">
    <p class='ocr_par' dir='ltr' id='par_1_26' title="bbox 266 2568 1918 2644">
     <span class='ocr_line' id='line_1_26' title="bbox 266 2568 1918 2644; baseline 0.003 -19"><span class='ocrx_word' id='word_1_205' title='bbox 266 2571 528 2625; x_wconf 73' lang='lat' dir='ltr'>circuitu.</span> <span class='ocrx_word' id='word_1_206' title='bbox 563 2568 720 2626; x_wconf 81' lang='lat' dir='ltr'>Licet</span> <span class='ocrx_word' id='word_1_207' title='bbox 749 2571 893 2628; x_wconf 88' lang='lat' dir='ltr'>dura</span> <span class='ocrx_word' id='word_1_208' title='bbox 912 2571 1135 2628; x_wconf 85' lang='lat' dir='ltr'>cervice</span> <span class='ocrx_word' id='word_1_209' title='bbox 1166 2571 1303 2644; x_wconf 90' lang='lat' dir='ltr'>sint,</span> <span class='ocrx_word' id='word_1_210' title='bbox 1337 2577 1395 2628; x_wconf 89' lang='lat' dir='ltr'>et</span> <span class='ocrx_word' id='word_1_211' title='bbox 1425 2572 1598 2628; x_wconf 91' lang='lat' dir='ltr'>corde</span> <span class='ocrx_word' id='word_1_212' title='bbox 1647 2572 1918 2630; x_wconf 88' lang='lat' dir='ltr'>indoma-</span> 
     </span>
    </p>
   </div>
   <div class='ocr_carea' id='block_1_27' title="bbox 269 2656 1921 2734">
    <p class='ocr_par' dir='ltr' id='par_1_27' title="bbox 269 2656 1921 2734">
     <span class='ocr_line' id='line_1_27' title="bbox 269 2656 1921 2734; baseline 0.005 -21"><span class='ocrx_word' id='word_1_213' title='bbox 269 2656 402 2724; x_wconf 86' lang='lat' dir='ltr'>bili,</span> <span class='ocrx_word' id='word_1_214' title='bbox 435 2661 627 2714; x_wconf 86' lang='lat' dir='ltr'>tamen</span> <span class='ocrx_word' id='word_1_215' title='bbox 658 2673 794 2716; x_wconf 87' lang='lat' dir='ltr'>mea</span> <span class='ocrx_word' id='word_1_216' title='bbox 834 2663 974 2716; x_wconf 87' lang='lat' dir='ltr'>sunt</span> <span class='ocrx_word' id='word_1_217' title='bbox 1032 2659 1274 2717; x_wconf 82' lang='lat' dir='ltr'>fortiora</span> <span class='ocrx_word' id='word_1_218' title='bbox 1328 2665 1633 2734; x_wconf 58' lang='lat' dir='ltr'>praecepta.</span> <span class='ocrx_word' id='word_1_219' title='bbox 1695 2663 1811 2720; x_wconf 90' lang='lat' dir='ltr'>Nec</span> <span class='ocrx_word' id='word_1_220' title='bbox 1862 2666 1921 2721; x_wconf 82' lang='lat' dir='ltr'>te</span> 
     </span>
    </p>
   </div>
   <div class='ocr_carea' id='block_1_28' title="bbox 265 2747 1918 2823">
    <p class='ocr_par' dir='ltr' id='par_1_28' title="bbox 265 2747 1918 2823">
     <span class='ocr_line' id='line_1_28' title="bbox 265 2747 1918 2823; baseline 0.004 -22"><span class='ocrx_word' id='word_1_221' title='bbox 265 2749 438 2820; x_wconf 82' lang='lat' dir='ltr'>putes</span> <span class='ocrx_word' id='word_1_222' title='bbox 469 2761 598 2803; x_wconf 83' lang='lat' dir='ltr'>esse</span> <span class='ocrx_word' id='word_1_223' title='bbox 627 2747 964 2821; x_wconf 87' lang='lat' dir='ltr'>deceptum,</span> <span class='ocrx_word' id='word_1_224' title='bbox 999 2748 1049 2805; x_wconf 89' lang='lat' dir='ltr'>si</span> <span class='ocrx_word' id='word_1_225' title='bbox 1077 2748 1330 2805; x_wconf 88' lang='lat' dir='ltr'>mittaris</span> <span class='ocrx_word' id='word_1_226' title='bbox 1361 2750 1432 2805; x_wconf 88' lang='lat' dir='ltr'>ad</span> <span class='ocrx_word' id='word_1_227' title='bbox 1461 2767 1562 2806; x_wconf 90' lang='lat' dir='ltr'>eos</span> <span class='ocrx_word' id='word_1_228' title='bbox 1607 2751 1707 2823; x_wconf 89' lang='lat' dir='ltr'>qui</span> <span class='ocrx_word' id='word_1_229' title='bbox 1743 2755 1796 2808; x_wconf 89' lang='lat' dir='ltr'>te</span> <span class='ocrx_word' id='word_1_230' title='bbox 1833 2751 1918 2808; x_wconf 94' lang='lat' dir='ltr'>lo-</span> 
     </span>
    </p>
   </div>
   <div class='ocr_carea' id='block_1_29' title="bbox 266 2837 1917 2911">
    <p class='ocr_par' dir='ltr' id='par_1_29' title="bbox 266 2837 1917 2911">
     <span class='ocr_line' id='line_1_29' title="bbox 266 2837 1917 2911; baseline 0.004 -21"><span class='ocrx_word' id='word_1_231' title='bbox 266 2840 543 2908; x_wconf 86' lang='lat' dir='ltr'>quentem</span> <span class='ocrx_word' id='word_1_232' title='bbox 575 2847 693 2893; x_wconf 87' lang='lat' dir='ltr'>non</span> <span class='ocrx_word' id='word_1_233' title='bbox 709 2837 977 2895; x_wconf 86' lang='lat' dir='ltr'>audiant.</span> <span class='ocrx_word' id='word_1_234' title='bbox 1000 2838 1145 2895; x_wconf 89' lang='lat' dir='ltr'>Ecce</span> <span class='ocrx_word' id='word_1_235' title='bbox 1171 2838 1420 2911; x_wconf 68' lang='lat' dir='ltr'>praedico</span> <span class='ocrx_word' id='word_1_236' title='bbox 1441 2838 1546 2894; x_wconf 87' lang='lat' dir='ltr'>tibi</span> <span class='ocrx_word' id='word_1_237' title='bbox 1568 2841 1726 2911; x_wconf 90' lang='lat' dir='ltr'>quod</span> <span class='ocrx_word' id='word_1_238' title='bbox 1756 2840 1917 2897; x_wconf 68' lang='lat' dir='ltr'>insa~</span> 
     </span>
    </p>
   </div>
   <div class='ocr_carea' id='block_1_30' title="bbox 267 2925 1918 2999">
    <p class='ocr_par' dir='ltr' id='par_1_30' title="bbox 267 2925 1918 2999">
     <span class='ocr_line' id='line_1_30' title="bbox 267 2925 1918 2999; baseline 0.004 -20"><span class='ocrx_word' id='word_1_239' title='bbox 267 2925 451 2997; x_wconf 85' lang='lat' dir='ltr'>niant,</span> <span class='ocrx_word' id='word_1_240' title='bbox 485 2927 544 2981; x_wconf 90' lang='lat' dir='ltr'>et</span> <span class='ocrx_word' id='word_1_241' title='bbox 572 2931 1005 2999; x_wconf 78' lang='lat' dir='ltr'>congregantur</span> <span class='ocrx_word' id='word_1_242' title='bbox 1032 2928 1343 2984; x_wconf 84' lang='lat' dir='ltr'>adversum</span> <span class='ocrx_word' id='word_1_243' title='bbox 1375 2931 1452 2996; x_wconf 90' lang='lat' dir='ltr'>te,</span> <span class='ocrx_word' id='word_1_244' title='bbox 1487 2931 1544 2983; x_wconf 88' lang='lat' dir='ltr'>et</span> <span class='ocrx_word' id='word_1_245' title='bbox 1574 2928 1918 2986; x_wconf 88' lang='lat' dir='ltr'>circundent</span> 
     </span>
    </p>
   </div>
   <div class='ocr_carea' id='block_1_31' title="bbox 266 3013 1916 3089">
    <p class='ocr_par' dir='ltr' id='par_1_31' title="bbox 266 3013 1916 3089">
     <span class='ocr_line' id='line_1_31' title="bbox 266 3013 1916 3089; baseline 0.003 -20"><span class='ocrx_word' id='word_1_246' title='bbox 266 3018 345 3082; x_wconf 85' lang='lat' dir='ltr'>te,</span> <span class='ocrx_word' id='word_1_247' title='bbox 373 3013 609 3070; x_wconf 86' lang='lat' dir='ltr'>nullum</span> <span class='ocrx_word' id='word_1_248' title='bbox 635 3015 747 3070; x_wconf 85' lang='lat' dir='ltr'>tibi</span> <span class='ocrx_word' id='word_1_249' title='bbox 778 3013 1062 3088; x_wconf 68' lang='lat' dir='ltr'>etrugium</span> <span class='ocrx_word' id='word_1_250' title='bbox 1109 3015 1529 3089; x_wconf 84' lang='lat' dir='ltr'>relinquentes.</span> <span class='ocrx_word' id='word_1_251' title='bbox 1565 3018 1681 3073; x_wconf 83' lang='lat' dir='ltr'>Hoc</span> <span class='ocrx_word' id='word_1_252' title='bbox 1720 3022 1916 3075; x_wconf 87' lang='lat' dir='ltr'>autem</span> 
     </span>
    </p>
   </div>
   <div class='ocr_carea' id='block_1_32' title="bbox 268 3099 1915 3179">
    <p class='ocr_par' dir='ltr' id='par_1_32' title="bbox 268 3099 1915 3179">
     <span class='ocr_line' id='line_1_32' title="bbox 268 3099 1915 3179; baseline 0.004 -22"><span class='ocrx_word' id='word_1_253' title='bbox 268 3099 506 3170; x_wconf 79' lang='lat' dir='ltr'>facient,</span> <span class='ocrx_word' id='word_1_254' title='bbox 537 3103 678 3175; x_wconf 83' lang='lat' dir='ltr'>quia</span> <span class='ocrx_word' id='word_1_255' title='bbox 710 3103 997 3160; x_wconf 91' lang='lat' dir='ltr'>increduli</span> <span class='ocrx_word' id='word_1_256' title='bbox 1027 3108 1190 3172; x_wconf 91' lang='lat' dir='ltr'>sunt,</span> <span class='ocrx_word' id='word_1_257' title='bbox 1225 3109 1284 3161; x_wconf 91' lang='lat' dir='ltr'>et</span> <span class='ocrx_word' id='word_1_258' title='bbox 1333 3105 1430 3160; x_wconf 91' lang='lat' dir='ltr'>Dei</span> <span class='ocrx_word' id='word_1_259' title='bbox 1480 3106 1727 3179; x_wconf 90' lang='lat' dir='ltr'>imperia</span> <span class='ocrx_word' id='word_1_260' title='bbox 1777 3123 1915 3164; x_wconf 91' lang='lat' dir='ltr'>con-</span> 
     </span>
    </p>
   </div>
   <div class='ocr_carea' id='block_1_33' title="bbox 265 3194 621 3248">
    <p class='ocr_par' dir='ltr' id='par_1_33' title="bbox 265 3194 621 3248">
     <span class='ocr_line' id='line_1_33' title="bbox 265 3194 621 3248; baseline -0.003 0"><span class='ocrx_word' id='word_1_261' title='bbox 265 3194 621 3248; x_wconf 69' lang='lat' dir='ltr'>temnentes.</span> 
     </span>
    </p>
   </div>
   <div class='ocr_carea' id='block_1_34' title="bbox 337 3281 1913 3353">
    <p class='ocr_par' dir='ltr' id='par_1_34' title="bbox 337 3281 1913 3353">
     <span class='ocr_line' id='line_1_34' title="bbox 337 3281 1913 3353; baseline 0.004 -19"><span class='ocrx_word' id='word_1_262' title='bbox 337 3281 404 3335; x_wconf 82' lang='lat' dir='ltr'>Et</span> <span class='ocrx_word' id='word_1_263' title='bbox 432 3296 559 3335; x_wconf 81' lang='lat' dir='ltr'>cum</span> <span class='ocrx_word' id='word_1_264' title='bbox 587 3281 970 3353; x_wconf 73' lang='lat' dir='ltr'>scorpionibus</span> <span class='ocrx_word' id='word_1_265' title='bbox 997 3283 1236 3338; x_wconf 83' lang='lat' dir='ltr'>habitas.</span> <span class='ocrx_word' id='word_1_266' title='bbox 1275 3283 1458 3338; x_wconf 80' lang='lat' dir='ltr'>Verba</span> <span class='ocrx_word' id='word_1_267' title='bbox 1517 3298 1706 3339; x_wconf 89' lang='lat' dir='ltr'>eorum</span> <span class='ocrx_word' id='word_1_268' title='bbox 1743 3301 1816 3340; x_wconf 88' lang='lat' dir='ltr'>ne</span> <span class='ocrx_word' id='word_1_269' title='bbox 1844 3286 1913 3340; x_wconf 86' lang='lat' dir='ltr'>ti-</span> 
     </span>
    </p>
   </div>
   <div class='ocr_carea' id='block_1_35' title="bbox 263 3369 1916 3443">
    <p class='ocr_par' dir='ltr' id='par_1_35' title="bbox 263 3369 1916 3443">
     <span class='ocr_line' id='line_1_35' title="bbox 263 3369 1916 3443; baseline 0.003 -18"><span class='ocrx_word' id='word_1_270' title='bbox 263 3379 437 3436; x_wconf 80' lang='lat' dir='ltr'>meas,</span> <span class='ocrx_word' id='word_1_271' title='bbox 469 3377 522 3426; x_wconf 84' lang='lat' dir='ltr'>et</span> <span class='ocrx_word' id='word_1_272' title='bbox 534 3369 718 3426; x_wconf 72' lang='lat' dir='ltr'>vultus</span> <span class='ocrx_word' id='word_1_273' title='bbox 746 3382 936 3426; x_wconf 87' lang='lat' dir='ltr'>eorum</span> <span class='ocrx_word' id='word_1_274' title='bbox 957 3388 1028 3427; x_wconf 85' lang='lat' dir='ltr'>ne</span> <span class='ocrx_word' id='word_1_275' title='bbox 1055 3371 1337 3443; x_wconf 75' lang='lat' dir='ltr'>lormides,</span> <span class='ocrx_word' id='word_1_276' title='bbox 1371 3373 1504 3443; x_wconf 84' lang='lat' dir='ltr'>quia</span> <span class='ocrx_word' id='word_1_277' title='bbox 1532 3372 1724 3429; x_wconf 90' lang='lat' dir='ltr'>domus</span> <span class='ocrx_word' id='word_1_278' title='bbox 1758 3389 1916 3430; x_wconf 74' lang='lat' dir='ltr'>exas-</span> 
     </span>
    </p>
   </div>
   <div class='ocr_carea' id='block_1_36' title="bbox 259 3458 1918 3534">
    <p class='ocr_par' dir='ltr' id='par_1_36' title="bbox 259 3458 1918 3534">
     <span class='ocr_line' id='line_1_36' title="bbox 259 3458 1918 3534; baseline 0.003 -20"><span class='ocrx_word' id='word_1_279' title='bbox 259 3469 470 3530; x_wconf 76' lang='lat' dir='ltr'>p‘erans</span> <span class='ocrx_word' id='word_1_280' title='bbox 497 3467 595 3515; x_wconf 84' lang='lat' dir='ltr'>est.</span> <span class='ocrx_word' id='word_1_281' title='bbox 626 3459 737 3526; x_wconf 87' lang='lat' dir='ltr'>Qui</span> <span class='ocrx_word' id='word_1_282' title='bbox 765 3459 996 3533; x_wconf 86' lang='lat' dir='ltr'>possint</span> <span class='ocrx_word' id='word_1_283' title='bbox 1017 3458 1209 3529; x_wconf 84' lang='lat' dir='ltr'>ferire,</span> <span class='ocrx_word' id='word_1_284' title='bbox 1234 3460 1334 3532; x_wconf 89' lang='lat' dir='ltr'>qui</span> <span class='ocrx_word' id='word_1_285' title='bbox 1351 3464 1587 3518; x_wconf 88' lang='lat' dir='ltr'>arcuato</span> <span class='ocrx_word' id='word_1_286' title='bbox 1617 3467 1918 3534; x_wconf 86' lang='lat' dir='ltr'>percutere</span> 
     </span>
    </p>
   </div>
   <div class='ocr_carea' id='block_1_37' title="bbox 259 3547 1914 3622">
    <p class='ocr_par' dir='ltr' id='par_1_37' title="bbox 259 3547 1914 3622">
     <span class='ocr_line' id='line_1_37' title="bbox 259 3547 1914 3622; baseline 0.004 -19"><span class='ocrx_word' id='word_1_287' title='bbox 259 3547 591 3617; x_wconf 76' lang='lat' dir='ltr'>vulnere,et</span> <span class='ocrx_word' id='word_1_288' title='bbox 619 3547 822 3605; x_wconf 88' lang='lat' dir='ltr'>aculeo</span> <span class='ocrx_word' id='word_1_289' title='bbox 839 3547 1194 3618; x_wconf 83' lang='lat' dir='ltr'>ﬁstulato,ut</span> <span class='ocrx_word' id='word_1_290' title='bbox 1215 3550 1418 3606; x_wconf 89' lang='lat' dir='ltr'>eadem</span> <span class='ocrx_word' id='word_1_291' title='bbox 1444 3549 1617 3622; x_wconf 82' lang='lat' dir='ltr'>plaga</span> <span class='ocrx_word' id='word_1_292' title='bbox 1646 3554 1702 3607; x_wconf 91' lang='lat' dir='ltr'>et</span> <span class='ocrx_word' id='word_1_293' title='bbox 1721 3556 1914 3609; x_wconf 88' lang='lat' dir='ltr'>cutem</span> 
     </span>
    </p>
   </div>
   <div class='ocr_carea' id='block_1_38' title="bbox 260 3637 1916 3712">
    <p class='ocr_par' dir='ltr' id='par_1_38' title="bbox 260 3637 1916 3712">
     <span class='ocr_line' id='line_1_38' title="bbox 260 3637 1916 3712; baseline 0.004 -21"><span class='ocrx_word' id='word_1_294' title='bbox 260 3637 507 3710; x_wconf 83' lang='lat' dir='ltr'>aperiat,</span> <span class='ocrx_word' id='word_1_295' title='bbox 535 3639 596 3693; x_wconf 83' lang='lat' dir='ltr'>et</span> <span class='ocrx_word' id='word_1_296' title='bbox 619 3653 845 3694; x_wconf 85' lang='lat' dir='ltr'>venena</span> <span class='ocrx_word' id='word_1_297' title='bbox 873 3637 1180 3694; x_wconf 65' lang='lat' dir='ltr'>diffundat.</span> <span class='ocrx_word' id='word_1_298' title='bbox 1211 3637 1628 3712; x_wconf 88' lang='lat' dir='ltr'>Unusquisque</span> <span class='ocrx_word' id='word_1_299' title='bbox 1659 3656 1766 3712; x_wconf 92' lang='lat' dir='ltr'>pro</span> <span class='ocrx_word' id='word_1_300' title='bbox 1796 3656 1916 3697; x_wconf 86' lang='lat' dir='ltr'>mo-</span> 
     </span>
    </p>
   </div>
   <div class='ocr_carea' id='block_1_39' title="bbox 258 3725 1914 3785">
    <p class='ocr_par' dir='ltr' id='par_1_39' title="bbox 258 3725 1914 3785">
     <span class='ocr_line' id='line_1_39' title="bbox 258 3725 1914 3785; baseline 0.002 -4"><span class='ocrx_word' id='word_1_301' title='bbox 258 3726 429 3782; x_wconf 81' lang='lat' dir='ltr'>ribus</span> <span class='ocrx_word' id='word_1_302' title='bbox 461 3725 588 3782; x_wconf 89' lang='lat' dir='ltr'>suis</span> <span class='ocrx_word' id='word_1_303' title='bbox 619 3726 862 3784; x_wconf 86' lang='lat' dir='ltr'>sortitur</span> <span class='ocrx_word' id='word_1_304' title='bbox 889 3726 1487 3783; x_wconf 88' lang='lat' dir='ltr'>vocabulum.Scribis</span> <span class='ocrx_word' id='word_1_305' title='bbox 1517 3732 1574 3783; x_wconf 89' lang='lat' dir='ltr'>et</span> <span class='ocrx_word' id='word_1_306' title='bbox 1603 3728 1914 3785; x_wconf 67' lang='lat' dir='ltr'>Pharistsis</span> 
     </span>
    </p>
   </div>
   <div class='ocr_carea' id='block_1_40' title="bbox 258 3813 1916 3890">
    <p class='ocr_par' dir='ltr' id='par_1_40' title="bbox 258 3813 1916 3890">
     <span class='ocr_line' id='line_1_40' title="bbox 258 3813 1916 3890; baseline 0.002 -20"><span class='ocrx_word' id='word_1_307' title='bbox 258 3813 481 3870; x_wconf 88' lang='lat' dir='ltr'>dicitur</span> <span class='ocrx_word' id='word_1_308' title='bbox 510 3831 525 3869; x_wconf 90' lang='lat'><strong>:</strong></span> <span class='ocrx_word' id='word_1_309' title='bbox 561 3816 848 3873; x_wconf 77' lang='lat' dir='ltr'>Generatio</span> <span class='ocrx_word' id='word_1_310' title='bbox 870 3818 1188 3888; x_wconf 85' lang='lat' dir='ltr'>viperarum</span> <span class='ocrx_word' id='word_1_311' title='bbox 1208 3815 1413 3888; x_wconf 75' lang='lat' dir='ltr'>(Matth.</span> <span class='ocrx_word' id='word_1_312' title='bbox 1445 3817 1728 3890; x_wconf 84' lang='lat' dir='ltr'>xxm,33).</span> <span class='ocrx_word' id='word_1_313' title='bbox 1757 3821 1826 3873; x_wconf 89' lang='lat' dir='ltr'>Et</span> <span class='ocrx_word' id='word_1_314' title='bbox 1844 3819 1916 3874; x_wconf 90' lang='lat' dir='ltr'>de</span> 
     </span>
    </p>
   </div>
   <div class='ocr_carea' id='block_1_41' title="bbox 257 3901 1915 3978">
    <p class='ocr_par' dir='ltr' id='par_1_41' title="bbox 257 3901 1915 3978">
     <span class='ocr_line' id='line_1_41' title="bbox 257 3901 1915 3978; baseline 0.002 -19"><span class='ocrx_word' id='word_1_315' title='bbox 257 3901 490 3960; x_wconf 86' lang='lat' dir='ltr'>Herode</span> <span class='ocrx_word' id='word_1_316' title='bbox 520 3904 624 3976; x_wconf 86' lang='lat' dir='ltr'>qui</span> <span class='ocrx_word' id='word_1_317' title='bbox 651 3904 981 3978; x_wconf 89' lang='lat' dir='ltr'>versipellis</span> <span class='ocrx_word' id='word_1_318' title='bbox 1012 3909 1136 3961; x_wconf 90' lang='lat' dir='ltr'>erat</span> <span class='ocrx_word' id='word_1_319' title='bbox 1162 3923 1174 3961; x_wconf 91' lang='lat'>:</span> <span class='ocrx_word' id='word_1_320' title='bbox 1208 3906 1282 3962; x_wconf 88' lang='lat' dir='ltr'>Ite</span> <span class='ocrx_word' id='word_1_321' title='bbox 1309 3909 1360 3961; x_wconf 88' lang='lat' dir='ltr'>et</span> <span class='ocrx_word' id='word_1_322' title='bbox 1390 3905 1555 3962; x_wconf 86' lang='lat' dir='ltr'>dicite</span> <span class='ocrx_word' id='word_1_323' title='bbox 1584 3907 1737 3978; x_wconf 84' lang='lat' dir='ltr'>vulpi</span> <span class='ocrx_word' id='word_1_324' title='bbox 1782 3907 1915 3963; x_wconf 85' lang='lat' dir='ltr'>huic</span> 
     </span>
    </p>
   </div>
   <div class='ocr_carea' id='block_1_42' title="bbox 254 3993 1912 4066">
    <p class='ocr_par' dir='ltr' id='par_1_42' title="bbox 254 3993 1912 4066">
     <span class='ocr_line' id='line_1_42' title="bbox 254 3993 1912 4066; baseline 0.002 -18"><span class='ocrx_word' id='word_1_325' title='bbox 254 3994 422 4064; x_wconf 79' lang='lat' dir='ltr'>(Luc.</span> <span class='ocrx_word' id='word_1_326' title='bbox 459 4009 586 4060; x_wconf 78' lang='lat' dir='ltr'>xm,</span> <span class='ocrx_word' id='word_1_327' title='bbox 615 3993 723 4063; x_wconf 85' lang='lat'>32).</span> <span class='ocrx_word' id='word_1_328' title='bbox 753 3994 824 4049; x_wconf 87' lang='lat' dir='ltr'>Et</span> <span class='ocrx_word' id='word_1_329' title='bbox 851 3993 1376 4066; x_wconf 67' lang='lat' dir='ltr'>pseudoprophetis</span> <span class='ocrx_word' id='word_1_330' title='bbox 1433 3995 1493 4049; x_wconf 91' lang='lat' dir='ltr'>in</span> <span class='ocrx_word' id='word_1_331' title='bbox 1550 3994 1659 4051; x_wconf 88' lang='lat' dir='ltr'>hoc</span> <span class='ocrx_word' id='word_1_332' title='bbox 1707 3995 1912 4051; x_wconf 88' lang='lat' dir='ltr'>eodem</span> 
     </span>
    </p>
   </div>
   <div class='ocr_carea' id='block_1_43' title="bbox 255 4079 1914 4154">
    <p class='ocr_par' dir='ltr' id='par_1_43' title="bbox 255 4079 1914 4154">
     <span class='ocr_line' id='line_1_43' title="bbox 255 4079 1914 4154; baseline 0.003 -19"><span class='ocrx_word' id='word_1_333' title='bbox 255 4079 566 4152; x_wconf 81' lang='lat' dir='ltr'>Propheta</span> <span class='ocrx_word' id='word_1_334' title='bbox 609 4079 879 4154; x_wconf 84' lang='lat' dir='ltr'>vulpibus</span> <span class='ocrx_word' id='word_1_335' title='bbox 933 4087 1366 4154; x_wconf 89' lang='lat' dir='ltr'>comparantur.</span> <span class='ocrx_word' id='word_1_336' title='bbox 1415 4083 1486 4138; x_wconf 88' lang='lat' dir='ltr'>Et</span> <span class='ocrx_word' id='word_1_337' title='bbox 1537 4099 1694 4138; x_wconf 90' lang='lat' dir='ltr'>nunc</span> <span class='ocrx_word' id='word_1_338' title='bbox 1739 4085 1914 4141; x_wconf 90' lang='lat' dir='ltr'>cordo</span> 
     </span>
    </p>
   </div>
   <div class='ocr_carea' id='block_1_44' title="bbox 255 4167 1910 4242">
    <p class='ocr_par' dir='ltr' id='par_1_44' title="bbox 255 4167 1910 4242">
     <span class='ocr_line' id='line_1_44' title="bbox 255 4167 1910 4242; baseline 0.003 -18"><span class='ocrx_word' id='word_1_339' title='bbox 255 4168 614 4225; x_wconf 88' lang='lat' dir='ltr'>indomabili</span> <span class='ocrx_word' id='word_1_340' title='bbox 645 4171 984 4242; x_wconf 85' lang='lat' dir='ltr'>scorpiones</span> <span class='ocrx_word' id='word_1_341' title='bbox 1015 4187 1144 4227; x_wconf 89' lang='lat' dir='ltr'>esse</span> <span class='ocrx_word' id='word_1_342' title='bbox 1172 4171 1467 4227; x_wconf 87' lang='lat' dir='ltr'>dicuntur.</span> <span class='ocrx_word' id='word_1_343' title='bbox 1524 4167 1686 4229; x_wconf 88' lang='lat' dir='ltr'>Unde</span> <span class='ocrx_word' id='word_1_344' title='bbox 1743 4178 1800 4229; x_wconf 92' lang='lat' dir='ltr'>et</span> <span class='ocrx_word' id='word_1_345' title='bbox 1849 4173 1910 4229; x_wconf 91' lang='lat' dir='ltr'>in</span> 
     </span>
    </p>
   </div>
   <div class='ocr_carea' id='block_1_45' title="bbox 256 4255 1912 4332">
    <p class='ocr_par' dir='ltr' id='par_1_45' title="bbox 256 4255 1912 4332">
     <span class='ocr_line' id='line_1_45' title="bbox 256 4255 1912 4332; baseline 0.002 -19"><span class='ocrx_word' id='word_1_346' title='bbox 256 4255 580 4330; x_wconf 79' lang='lat' dir='ltr'>Evangelio</span> <span class='ocrx_word' id='word_1_347' title='bbox 612 4255 866 4331; x_wconf 89' lang='lat' dir='ltr'>legimus</span> <span class='ocrx_word' id='word_1_348' title='bbox 895 4277 914 4313; x_wconf 89' lang='lat'><strong><em>:</em></strong></span> <span class='ocrx_word' id='word_1_349' title='bbox 948 4260 1144 4315; x_wconf 81' lang='lat' dir='ltr'>Omnes</span> <span class='ocrx_word' id='word_1_350' title='bbox 1174 4261 1272 4332; x_wconf 86' lang='lat' dir='ltr'>qui</span> <span class='ocrx_word' id='word_1_351' title='bbox 1308 4263 1436 4316; x_wconf 86' lang='lat' dir='ltr'>ante</span> <span class='ocrx_word' id='word_1_352' title='bbox 1490 4276 1576 4316; x_wconf 90' lang='lat' dir='ltr'>me</span> <span class='ocrx_word' id='word_1_353' title='bbox 1627 4270 1912 4327; x_wconf 88' lang='lat' dir='ltr'>venerunt,</span> 
     </span>
    </p>
   </div>
   <div class='ocr_carea' id='block_1_46' title="bbox 251 4344 1915 4419">
    <p class='ocr_par' dir='ltr' id='par_1_46' title="bbox 251 4344 1915 4419">
     <span class='ocr_line' id='line_1_46' title="bbox 251 4344 1915 4419; baseline 0.002 -18"><span class='ocrx_word' id='word_1_354' title='bbox 251 4349 490 4419; x_wconf 69' lang='lat' dir='ltr'>fuerunt</span> <span class='ocrx_word' id='word_1_355' title='bbox 521 4350 672 4419; x_wconf 83' lang='lat' dir='ltr'>fures</span> <span class='ocrx_word' id='word_1_356' title='bbox 703 4356 755 4404; x_wconf 91' lang='lat' dir='ltr'>et</span> <span class='ocrx_word' id='word_1_357' title='bbox 787 4344 1026 4405; x_wconf 82' lang='lat' dir='ltr'>latrones</span> <span class='ocrx_word' id='word_1_358' title='bbox 1055 4354 1109 4404; x_wconf 88' lang='lat' dir='ltr'>et</span> <span class='ocrx_word' id='word_1_359' title='bbox 1162 4364 1272 4405; x_wconf 88' lang='lat' dir='ltr'>non</span> <span class='ocrx_word' id='word_1_360' title='bbox 1302 4348 1602 4406; x_wconf 86' lang='lat' dir='ltr'>audierunt</span> <span class='ocrx_word' id='word_1_361' title='bbox 1651 4366 1741 4406; x_wconf 87' lang='lat' dir='ltr'>eos</span> <span class='ocrx_word' id='word_1_362' title='bbox 1797 4367 1915 4407; x_wconf 86' lang='lat' dir='ltr'>oves</span> 
     </span>
    </p>
   </div>
   <div class='ocr_carea' id='block_1_47' title="bbox 253 4436 1915 4510">
    <p class='ocr_par' dir='ltr' id='par_1_47' title="bbox 253 4436 1915 4510">
     <span class='ocr_line' id='line_1_47' title="bbox 253 4436 1915 4510; baseline 0.002 -18"><span class='ocrx_word' id='word_1_363' title='bbox 253 4437 481 4506; x_wconf 82' lang='lat' dir='ltr'>(Joann.</span> <span class='ocrx_word' id='word_1_364' title='bbox 516 4453 571 4506; x_wconf 76' lang='grc' dir='ltr'>ι,</span> <span class='ocrx_word' id='word_1_365' title='bbox 607 4436 685 4508; x_wconf 91' lang='grc'>8).</span> <span class='ocrx_word' id='word_1_366' title='bbox 718 4437 786 4493; x_wconf 87' lang='lat' dir='ltr'>Et</span> <span class='ocrx_word' id='word_1_367' title='bbox 809 4437 1102 4509; x_wconf 83' lang='lat' dir='ltr'>quomodo</span> <span class='ocrx_word' id='word_1_368' title='bbox 1133 4453 1266 4493; x_wconf 90' lang='lat' dir='ltr'>oves</span> <span class='ocrx_word' id='word_1_369' title='bbox 1300 4437 1538 4510; x_wconf 64' lang='lat' dir='ltr'>perdita;</span> <span class='ocrx_word' id='word_1_370' title='bbox 1588 4438 1798 4493; x_wconf 89' lang='lat' dir='ltr'>domus</span> <span class='ocrx_word' id='word_1_371' title='bbox 1830 4440 1915 4495; x_wconf 87' lang='lat' dir='ltr'>ls-</span> 
     </span>
    </p>
   </div>
   <div class='ocr_carea' id='block_1_48' title="bbox 2035 532 3671 606">
    <p class='ocr_par' dir='ltr' id='par_1_48' title="bbox 2035 532 3671 606">
     <span class='ocr_line' id='line_1_48' title="bbox 2035 532 3671 606; baseline 0.004 -20"><span class='ocrx_word' id='word_1_372' title='bbox 2035 532 2202 602; x_wconf 89' lang='lat' dir='ltr'>dum,</span> <span class='ocrx_word' id='word_1_373' title='bbox 2226 532 2359 588; x_wconf 90' lang='lat' dir='ltr'>licet</span> <span class='ocrx_word' id='word_1_374' title='bbox 2381 533 2518 589; x_wconf 87' lang='lat' dir='ltr'>mali</span> <span class='ocrx_word' id='word_1_375' title='bbox 2543 534 2681 590; x_wconf 88' lang='lat' dir='ltr'>sint.</span> <span class='ocrx_word' id='word_1_376' title='bbox 2717 534 2934 606; x_wconf 84' lang='lat' dir='ltr'>quibus</span> <span class='ocrx_word' id='word_1_377' title='bbox 2952 533 3280 605; x_wconf 87' lang='lat' dir='ltr'>loquimur;</span> <span class='ocrx_word' id='word_1_378' title='bbox 3301 535 3443 606; x_wconf 89' lang='lat' dir='ltr'>quin</span> <span class='ocrx_word' id='word_1_379' title='bbox 3461 552 3671 592; x_wconf 87' lang='lat' dir='ltr'>secun-</span> 
     </span>
    </p>
   </div>
   <div class='ocr_carea' id='block_1_49' title="bbox 2031 621 3674 696">
    <p class='ocr_par' dir='ltr' id='par_1_49' title="bbox 2031 621 3674 696">
     <span class='ocr_line' id='line_1_49' title="bbox 2031 621 3674 696; baseline 0.004 -21"><span class='ocrx_word' id='word_1_380' title='bbox 2031 621 2173 676; x_wconf 91' lang='lat' dir='ltr'>dum</span> <span class='ocrx_word' id='word_1_381' title='bbox 2202 621 2543 693; x_wconf 87' lang='lat' dir='ltr'>Apostolum</span> <span class='ocrx_word' id='word_1_382' title='bbox 2575 623 2644 694; x_wconf 91' lang='lat' dir='ltr'>(ll</span> <span class='ocrx_word' id='word_1_383' title='bbox 2678 623 2808 678; x_wconf 84' lang='lat' dir='ltr'>Tim.</span> <span class='ocrx_word' id='word_1_384' title='bbox 2843 623 2942 695; x_wconf 82' lang='grc' dir='ltr'>ιν),</span> <span class='ocrx_word' id='word_1_385' title='bbox 2974 627 3316 696; x_wconf 88' lang='lat' dir='ltr'>opportune,</span> <span class='ocrx_word' id='word_1_386' title='bbox 3339 621 3674 696; x_wconf 87' lang='lat' dir='ltr'>importune</span> 
     </span>
    </p>
   </div>
   <div class='ocr_carea' id='block_1_50' title="bbox 2030 708 3742 784">
    <p class='ocr_par' dir='ltr' id='par_1_50' title="bbox 2030 708 3742 784">
     <span class='ocr_line' id='line_1_50' title="bbox 2030 708 3742 784; baseline 0.003 -20"><span class='ocrx_word' id='word_1_387' title='bbox 2030 708 2271 764; x_wconf 88' lang='lat' dir='ltr'>verbum</span> <span class='ocrx_word' id='word_1_388' title='bbox 2305 710 2405 765; x_wconf 92' lang='lat' dir='ltr'>Dei</span> <span class='ocrx_word' id='word_1_389' title='bbox 2427 711 2833 780; x_wconf 72' lang='lat' dir='ltr'>praedicemus,</span> <span class='ocrx_word' id='word_1_390' title='bbox 2867 710 3005 781; x_wconf 89' lang='lat' dir='ltr'>quia</span> <span class='ocrx_word' id='word_1_391' title='bbox 3034 715 3224 782; x_wconf 87' lang='lat' dir='ltr'>potest</span> <span class='ocrx_word' id='word_1_392' title='bbox 3253 712 3354 767; x_wconf 70' lang='lat'><strong>20</strong></span> <span class='ocrx_word' id='word_1_393' title='bbox 3407 713 3552 784; x_wconf 80' lang='lat' dir='ltr'>fieri,</span> <span class='ocrx_word' id='word_1_394' title='bbox 3605 718 3674 769; x_wconf 75' lang='lat' dir='ltr'>ut</span> <span class='ocrx_word' id='word_1_395' title='bbox 3719 714 3742 726; x_wconf 83' lang='lat'>&#39;</span> 
     </span>
    </p>
   </div>
   <div class='ocr_carea' id='block_1_51' title="bbox 2030 798 3673 872">
    <p class='ocr_par' dir='ltr' id='par_1_51' title="bbox 2030 798 3673 872">
     <span class='ocr_line' id='line_1_51' title="bbox 2030 798 3673 872; baseline 0.004 -20"><span class='ocrx_word' id='word_1_396' title='bbox 2030 800 2088 852; x_wconf 90' lang='lat' dir='ltr'>et</span> <span class='ocrx_word' id='word_1_397' title='bbox 2116 798 2297 853; x_wconf 90' lang='lat' dir='ltr'>durus</span> <span class='ocrx_word' id='word_1_398' title='bbox 2329 799 2656 870; x_wconf 86' lang='lat' dir='ltr'>corrigatur</span> <span class='ocrx_word' id='word_1_399' title='bbox 2684 801 2755 855; x_wconf 90' lang='lat' dir='ltr'>ad</span> <span class='ocrx_word' id='word_1_400' title='bbox 2786 799 3111 868; x_wconf 87' lang='lat' dir='ltr'>mollitiem,</span> <span class='ocrx_word' id='word_1_401' title='bbox 3163 804 3218 854; x_wconf 88' lang='lat' dir='ltr'>et</span> <span class='ocrx_word' id='word_1_402' title='bbox 3263 800 3362 872; x_wconf 86' lang='lat' dir='ltr'>qui</span> <span class='ocrx_word' id='word_1_403' title='bbox 3394 801 3673 859; x_wconf 87' lang='lat' dir='ltr'>obediens</span> 
     </span>
    </p>
   </div>
   <div class='ocr_carea' id='block_1_52' title="bbox 2031 886 3120 953">
    <p class='ocr_par' dir='ltr' id='par_1_52' title="bbox 2031 886 3120 953">
     <span class='ocr_line' id='line_1_52' title="bbox 2031 886 3120 953; baseline 0.004 -13"><span class='ocrx_word' id='word_1_404' title='bbox 2031 890 2140 953; x_wconf 89' lang='lat' dir='ltr'>est,</span> <span class='ocrx_word' id='word_1_405' title='bbox 2172 890 2396 942; x_wconf 81' lang='lat' dir='ltr'>mutata</span> <span class='ocrx_word' id='word_1_406' title='bbox 2422 886 2720 943; x_wconf 81' lang='lat' dir='ltr'>voluntate</span> <span class='ocrx_word' id='word_1_407' title='bbox 2751 905 2866 943; x_wconf 90' lang='lat' dir='ltr'>non</span> <span class='ocrx_word' id='word_1_408' title='bbox 2900 888 3120 944; x_wconf 87' lang='lat' dir='ltr'>audiat.</span> 
     </span>
    </p>
   </div>
   <div class='ocr_carea' id='block_1_53' title="bbox 2100 973 3668 1048">
    <p class='ocr_par' dir='ltr' id='par_1_53' title="bbox 2100 973 3668 1048">
     <span class='ocr_line' id='line_1_53' title="bbox 2100 973 3668 1048; baseline 0.005 -20"><span class='ocrx_word' id='word_1_409' title='bbox 2100 973 2232 1030; x_wconf 86' lang='lat' dir='ltr'>Noli</span> <span class='ocrx_word' id='word_1_410' title='bbox 2251 991 2364 1031; x_wconf 86' lang='lat' dir='ltr'>esse</span> <span class='ocrx_word' id='word_1_411' title='bbox 2389 992 2738 1048; x_wconf 68' lang='lat' dir='ltr'>exasperans,</span> <span class='ocrx_word' id='word_1_412' title='bbox 2769 979 2911 1033; x_wconf 82' lang='lat' dir='ltr'>sicut</span> <span class='ocrx_word' id='word_1_413' title='bbox 2939 977 3128 1033; x_wconf 86' lang='lat' dir='ltr'>domus</span> <span class='ocrx_word' id='word_1_414' title='bbox 3156 981 3539 1047; x_wconf 68' lang='lat' dir='ltr'>exasperati-ia:</span> <span class='ocrx_word' id='word_1_415' title='bbox 3568 985 3668 1038; x_wconf 89' lang='lat' dir='ltr'>est.</span> 
     </span>
    </p>
   </div>
   <div class='ocr_carea' id='block_1_54' title="bbox 2030 1061 3666 1137">
    <p class='ocr_par' dir='ltr' id='par_1_54' title="bbox 2030 1061 3666 1137">
     <span class='ocr_line' id='line_1_54' title="bbox 2030 1061 3666 1137; baseline 0.005 -21"><span class='ocrx_word' id='word_1_416' title='bbox 2030 1061 2219 1116; x_wconf 87' lang='lat' dir='ltr'>Semel</span> <span class='ocrx_word' id='word_1_417' title='bbox 2253 1063 2510 1120; x_wconf 83' lang='lat' dir='ltr'>diximus</span> <span class='ocrx_word' id='word_1_418' title='bbox 2539 1065 3057 1136; x_wconf 84' lang='lat' dir='ltr'>exasperationem,</span> <span class='ocrx_word' id='word_1_419' title='bbox 3090 1066 3208 1121; x_wconf 88' lang='lat' dir='ltr'>sive</span> <span class='ocrx_word' id='word_1_420' title='bbox 3257 1066 3666 1137; x_wconf 81' lang='lat' dir='ltr'>irritationem,</span> 
     </span>
    </p>
   </div>
   <div class='ocr_carea' id='block_1_55' title="bbox 2031 1149 3675 1227">
    <p class='ocr_par' dir='ltr' id='par_1_55' title="bbox 2031 1149 3675 1227">
     <span class='ocr_line' id='line_1_55' title="bbox 2031 1149 3675 1227; baseline 0.004 -23"><span class='ocrx_word' id='word_1_421' title='bbox 2031 1149 2412 1223; x_wconf 85' lang='lat' dir='ltr'>Septuaginta</span> <span class='ocrx_word' id='word_1_422' title='bbox 2443 1153 2895 1208; x_wconf 81' lang='lat' dir='ltr'>amaritudinem</span> <span class='ocrx_word' id='word_1_423' title='bbox 2911 1159 3150 1226; x_wconf 82' lang='lat' dir='ltr'>ponere.</span> <span class='ocrx_word' id='word_1_424' title='bbox 3176 1155 3337 1220; x_wconf 87' lang='lat' dir='ltr'>Quod</span> <span class='ocrx_word' id='word_1_425' title='bbox 3367 1171 3501 1227; x_wconf 88' lang='lat' dir='ltr'>ergo</span> <span class='ocrx_word' id='word_1_426' title='bbox 3531 1157 3675 1212; x_wconf 87' lang='lat' dir='ltr'>dicit</span> 
     </span>
    </p>
   </div>
   <div class='ocr_carea' id='block_1_56' title="bbox 2031 1238 3672 1317">
    <p class='ocr_par' dir='ltr' id='par_1_56' title="bbox 2031 1238 3672 1317">
     <span class='ocr_line' id='line_1_56' title="bbox 2031 1238 3672 1317; baseline 0.005 -25"><span class='ocrx_word' id='word_1_427' title='bbox 2031 1238 2140 1292; x_wconf 89' lang='lat' dir='ltr'>hoc</span> <span class='ocrx_word' id='word_1_428' title='bbox 2169 1243 2257 1294; x_wconf 90' lang='lat' dir='ltr'>est</span> <span class='ocrx_word' id='word_1_429' title='bbox 2287 1255 2301 1294; x_wconf 88' lang='lat'><strong>:</strong></span> <span class='ocrx_word' id='word_1_430' title='bbox 2335 1240 2457 1295; x_wconf 86' lang='lat' dir='ltr'>Non</span> <span class='ocrx_word' id='word_1_431' title='bbox 2487 1241 2662 1296; x_wconf 89' lang='lat' dir='ltr'>debes</span> <span class='ocrx_word' id='word_1_432' title='bbox 2694 1258 2793 1296; x_wconf 91' lang='lat' dir='ltr'>eos</span> <span class='ocrx_word' id='word_1_433' title='bbox 2822 1242 3061 1311; x_wconf 87' lang='lat' dir='ltr'>imitari,</span> <span class='ocrx_word' id='word_1_434' title='bbox 3098 1244 3169 1298; x_wconf 88' lang='lat' dir='ltr'>ad</span> <span class='ocrx_word' id='word_1_435' title='bbox 3199 1258 3346 1314; x_wconf 89' lang='lat' dir='ltr'>quos</span> <span class='ocrx_word' id='word_1_436' title='bbox 3375 1245 3672 1317; x_wconf 86' lang='lat' dir='ltr'>corrigen-</span> 
     </span>
    </p>
   </div>
   <div class='ocr_carea' id='block_1_57' title="bbox 2031 1327 3676 1400">
    <p class='ocr_par' dir='ltr' id='par_1_57' title="bbox 2031 1327 3676 1400">
     <span class='ocr_line' id='line_1_57' title="bbox 2031 1327 3676 1400; baseline 0.005 -19"><span class='ocrx_word' id='word_1_437' title='bbox 2031 1327 2137 1382; x_wconf 90' lang='lat' dir='ltr'>dos</span> <span class='ocrx_word' id='word_1_438' title='bbox 2169 1327 2518 1397; x_wconf 88' lang='lat' dir='ltr'>mitteris,ne</span> <span class='ocrx_word' id='word_1_439' title='bbox 2548 1333 2852 1400; x_wconf 86' lang='lat' dir='ltr'>peccatum</span> <span class='ocrx_word' id='word_1_440' title='bbox 2883 1331 3074 1386; x_wconf 89' lang='lat' dir='ltr'>simile</span> <span class='ocrx_word' id='word_1_441' title='bbox 3103 1331 3356 1388; x_wconf 87' lang='lat' dir='ltr'>similem</span> <span class='ocrx_word' id='word_1_442' title='bbox 3379 1337 3676 1390; x_wconf 86' lang='lat' dir='ltr'>mereatur</span> 
     </span>
    </p>
   </div>
   <div class='ocr_carea' id='block_1_58' title="bbox 2031 1419 2370 1486">
    <p class='ocr_par' dir='ltr' id='par_1_58' title="bbox 2031 1419 2370 1486">
     <span class='ocr_line' id='line_1_58' title="bbox 2031 1419 2370 1486; baseline 0.006 -16"><span class='ocrx_word' id='word_1_443' title='bbox 2031 1419 2088 1470; x_wconf 89' lang='lat' dir='ltr'>et</span> <span class='ocrx_word' id='word_1_444' title='bbox 2119 1432 2370 1486; x_wconf 76' lang='lat' dir='ltr'>pmnam.</span> 
     </span>
    </p>
   </div>
   <div class='ocr_carea' id='block_1_59' title="bbox 2101 1505 3674 1582">
    <p class='ocr_par' dir='ltr' id='par_1_59' title="bbox 2101 1505 3674 1582">
     <span class='ocr_line' id='line_1_59' title="bbox 2101 1505 3674 1582; baseline 0.006 -25"><span class='ocrx_word' id='word_1_445' title='bbox 2101 1505 2267 1575; x_wconf 85' lang='lat' dir='ltr'>Aperi</span> <span class='ocrx_word' id='word_1_446' title='bbox 2280 1508 2503 1560; x_wconf 78' lang='lat' dir='ltr'>ostuum</span> <span class='ocrx_word' id='word_1_447' title='bbox 2523 1509 2572 1561; x_wconf 83' lang='lat' dir='ltr'>et</span> <span class='ocrx_word' id='word_1_448' title='bbox 2587 1507 2861 1562; x_wconf 74' lang='lat' dir='ltr'>commeate</span> <span class='ocrx_word' id='word_1_449' title='bbox 2881 1521 3006 1578; x_wconf 53' lang='lat' dir='ltr'>qua</span> <span class='ocrx_word' id='word_1_450' title='bbox 3021 1521 3114 1578; x_wconf 87' lang='lat' dir='ltr'>ego</span> <span class='ocrx_word' id='word_1_451' title='bbox 3133 1507 3200 1564; x_wconf 91' lang='lat' dir='ltr'>do</span> <span class='ocrx_word' id='word_1_452' title='bbox 3221 1509 3325 1563; x_wconf 82' lang='lat' dir='ltr'>tibi</span> <span class='ocrx_word' id='word_1_453' title='bbox 3331 1507 3604 1582; x_wconf 88' lang='lat' dir='ltr'>.Dignum</span> <span class='ocrx_word' id='word_1_454' title='bbox 3617 1514 3674 1567; x_wconf 85' lang='lat' dir='ltr'>te</span> 
     </span>
    </p>
   </div>
   <div class='ocr_carea' id='block_1_60' title="bbox 2030 1591 3675 1671">
    <p class='ocr_par' dir='ltr' id='par_1_60' title="bbox 2030 1591 3675 1671">
     <span class='ocr_line' id='line_1_60' title="bbox 2030 1591 3675 1671; baseline 0.006 -26"><span class='ocrx_word' id='word_1_455' title='bbox 2030 1591 2240 1664; x_wconf 84' lang='lat' dir='ltr'>inquit,</span> <span class='ocrx_word' id='word_1_456' title='bbox 2275 1595 2463 1665; x_wconf 63' lang='lat' dir='ltr'>praebe</span> <span class='ocrx_word' id='word_1_457' title='bbox 2495 1597 2864 1651; x_wconf 86' lang='lat' dir='ltr'>sermonibus</span> <span class='ocrx_word' id='word_1_458' title='bbox 2897 1596 3062 1667; x_wconf 87' lang='lat' dir='ltr'>meis,</span> <span class='ocrx_word' id='word_1_459' title='bbox 3095 1599 3152 1652; x_wconf 89' lang='lat' dir='ltr'>et</span> <span class='ocrx_word' id='word_1_460' title='bbox 3179 1597 3374 1651; x_wconf 89' lang='lat' dir='ltr'>cibum</span> <span class='ocrx_word' id='word_1_461' title='bbox 3443 1599 3675 1671; x_wconf 86' lang='lat' dir='ltr'>suscipe</span> 
     </span>
    </p>
   </div>
   <div class='ocr_carea' id='block_1_61' title="bbox 2035 1680 3680 1757">
    <p class='ocr_par' dir='ltr' id='par_1_61' title="bbox 2035 1680 3680 1757">
     <span class='ocr_line' id='line_1_61' title="bbox 2035 1680 3680 1757; baseline 0.005 -22"><span class='ocrx_word' id='word_1_462' title='bbox 2035 1680 2422 1752; x_wconf 86' lang='lat' dir='ltr'>spiritualem,</span> <span class='ocrx_word' id='word_1_463' title='bbox 2446 1686 2511 1737; x_wconf 90' lang='lat' dir='ltr'>ut</span> <span class='ocrx_word' id='word_1_464' title='bbox 2542 1685 2833 1754; x_wconf 81' lang='lat' dir='ltr'>quomodo</span> <span class='ocrx_word' id='word_1_465' title='bbox 2866 1684 2926 1738; x_wconf 91' lang='lat' dir='ltr'>in</span> <span class='ocrx_word' id='word_1_466' title='bbox 2957 1683 3270 1757; x_wconf 82' lang='lat' dir='ltr'>Evangelia</span> <span class='ocrx_word' id='word_1_467' title='bbox 3291 1685 3544 1742; x_wconf 88' lang='lat' dir='ltr'>dicitur:</span> <span class='ocrx_word' id='word_1_468' title='bbox 3569 1688 3680 1755; x_wconf 82' lang='lat' dir='ltr'>Qui</span> 
     </span>
    </p>
   </div>
   <div class='ocr_carea' id='block_1_62' title="bbox 2045 1769 3676 1845">
    <p class='ocr_par' dir='ltr' id='par_1_62' title="bbox 2045 1769 3676 1845">
     <span class='ocr_line' id='line_1_62' title="bbox 2045 1769 3676 1845; baseline 0.005 -22"><span class='ocrx_word' id='word_1_469' title='bbox 2045 1769 2198 1825; x_wconf 71' lang='lat' dir='ltr'>habet</span> <span class='ocrx_word' id='word_1_470' title='bbox 2225 1787 2386 1826; x_wconf 79' lang='lat' dir='ltr'>aures</span> <span class='ocrx_word' id='word_1_471' title='bbox 2431 1772 2719 1841; x_wconf 81' lang='lat' dir='ltr'>audiendi,</span> <span class='ocrx_word' id='word_1_472' title='bbox 2751 1773 2948 1827; x_wconf 88' lang='lat' dir='ltr'>audiat</span> <span class='ocrx_word' id='word_1_473' title='bbox 2997 1773 3148 1844; x_wconf 89' lang='lat' dir='ltr'>(Luc.</span> <span class='ocrx_word' id='word_1_474' title='bbox 3179 1790 3303 1840; x_wconf 85' lang='lat' dir='ltr'>vm,</span> <span class='ocrx_word' id='word_1_475' title='bbox 3350 1771 3408 1845; x_wconf 89' lang='lat'>8)</span> <span class='ocrx_word' id='word_1_476' title='bbox 3441 1791 3456 1844; x_wconf 89' lang='lat'><strong>;</strong></span> <span class='ocrx_word' id='word_1_477' title='bbox 3491 1778 3549 1830; x_wconf 89' lang='lat' dir='ltr'>et</span> <span class='ocrx_word' id='word_1_478' title='bbox 3580 1774 3676 1830; x_wconf 79' lang='lat' dir='ltr'>hie</span> 
     </span>
    </p>
   </div>
   <div class='ocr_carea' id='block_1_63' title="bbox 2037 1858 3675 1935">
    <p class='ocr_par' dir='ltr' id='par_1_63' title="bbox 2037 1858 3675 1935">
     <span class='ocr_line' id='line_1_63' title="bbox 2037 1858 3675 1935; baseline 0.004 -23"><span class='ocrx_word' id='word_1_479' title='bbox 2037 1858 2266 1914; x_wconf 87' lang='lat' dir='ltr'>dicatur</span> <span class='ocrx_word' id='word_1_480' title='bbox 2297 1876 2310 1914; x_wconf 90' lang='lat'><strong>:</strong></span> <span class='ocrx_word' id='word_1_481' title='bbox 2343 1860 2451 1922; x_wconf 87' lang='lat' dir='ltr'>Qui</span> <span class='ocrx_word' id='word_1_482' title='bbox 2476 1860 2653 1916; x_wconf 83' lang='lat' dir='ltr'>habet</span> <span class='ocrx_word' id='word_1_483' title='bbox 2683 1864 2948 1933; x_wconf 88' lang='lat' dir='ltr'>apertum</span> <span class='ocrx_word' id='word_1_484' title='bbox 2981 1877 3045 1917; x_wconf 93' lang='lat' dir='ltr'>os</span> <span class='ocrx_word' id='word_1_485' title='bbox 3105 1862 3175 1916; x_wconf 88' lang='lat' dir='ltr'>ad</span> <span class='ocrx_word' id='word_1_486' title='bbox 3227 1863 3675 1935; x_wconf 87' lang='lat' dir='ltr'>comedendum,</span> 
     </span>
    </p>
   </div>
   <div class='ocr_carea' id='block_1_64' title="bbox 2030 1948 3672 2023">
    <p class='ocr_par' dir='ltr' id='par_1_64' title="bbox 2030 1948 3672 2023">
     <span class='ocr_line' id='line_1_64' title="bbox 2030 1948 3672 2023; baseline 0.004 -21"><span class='ocrx_word' id='word_1_487' title='bbox 2030 1948 2318 2003; x_wconf 88' lang='lat' dir='ltr'>comedat.</span> <span class='ocrx_word' id='word_1_488' title='bbox 2353 1948 2516 2004; x_wconf 81' lang='lat' dir='ltr'>Unde</span> <span class='ocrx_word' id='word_1_489' title='bbox 2545 1953 2603 2005; x_wconf 79' lang='lat' dir='ltr'>et.</span> <span class='ocrx_word' id='word_1_490' title='bbox 2639 1949 2966 2005; x_wconf 70' lang='lat' dir='ltr'>Psalmistaa</span> <span class='ocrx_word' id='word_1_491' title='bbox 3025 1949 3308 2006; x_wconf 88' lang='lat' dir='ltr'>Dominus</span> <span class='ocrx_word' id='word_1_492' title='bbox 3365 1950 3628 2023; x_wconf 87' lang='lat' dir='ltr'>loquitur</span> <span class='ocrx_word' id='word_1_493' title='bbox 3657 1969 3672 2008; x_wconf 87' lang='lat'><strong>:</strong></span> 
     </span>
    </p>
   </div>
   <div class='ocr_carea' id='block_1_65' title="bbox 2029 2038 3681 2112">
    <p class='ocr_par' dir='ltr' id='par_1_65' title="bbox 2029 2038 3681 2112">
     <span class='ocr_line' id='line_1_65' title="bbox 2029 2038 3681 2112; baseline 0.004 -20"><span class='ocrx_word' id='word_1_494' title='bbox 2029 2039 2196 2107; x_wconf 78' lang='lat' dir='ltr'>Aperi</span> <span class='ocrx_word' id='word_1_495' title='bbox 2225 2053 2281 2092; x_wconf 86' lang='lat' dir='ltr'>os</span> <span class='ocrx_word' id='word_1_496' title='bbox 2313 2045 2469 2092; x_wconf 88' lang='lat' dir='ltr'>tuum</span> <span class='ocrx_word' id='word_1_497' title='bbox 2498 2041 2550 2094; x_wconf 90' lang='lat' dir='ltr'>et</span> <span class='ocrx_word' id='word_1_498' title='bbox 2577 2039 2809 2110; x_wconf 85' lang='lat' dir='ltr'>implebo</span> <span class='ocrx_word' id='word_1_499' title='bbox 2839 2038 2988 2094; x_wconf 88' lang='lat' dir='ltr'>illud</span> <span class='ocrx_word' id='word_1_500' title='bbox 3027 2039 3197 2111; x_wconf 90' lang='lat' dir='ltr'>(Psal.</span> <span class='ocrx_word' id='word_1_501' title='bbox 3254 2052 3418 2108; x_wconf 63' lang='grc' dir='ltr'>ωαχ,</span> <span class='ocrx_word' id='word_1_502' title='bbox 3453 2041 3564 2112; x_wconf 91' lang='grc'><strong>11).</strong></span> <span class='ocrx_word' id='word_1_503' title='bbox 3604 2041 3681 2098; x_wconf 86' lang='lat' dir='ltr'>Et</span> 
     </span>
    </p>
   </div>
   <div class='ocr_carea' id='block_1_66' title="bbox 2028 2123 3672 2202">
    <p class='ocr_par' dir='ltr' id='par_1_66' title="bbox 2028 2123 3672 2202">
     <span class='ocr_line' id='line_1_66' title="bbox 2028 2123 3672 2202; baseline 0.004 -23"><span class='ocrx_word' id='word_1_504' title='bbox 2028 2123 2126 2181; x_wconf 82' lang='lat' dir='ltr'>ille</span> <span class='ocrx_word' id='word_1_505' title='bbox 2156 2126 2426 2197; x_wconf 85' lang='lat' dir='ltr'>rependit</span> <span class='ocrx_word' id='word_1_506' title='bbox 2457 2143 2470 2182; x_wconf 91' lang='lat'>:</span> <span class='ocrx_word' id='word_1_507' title='bbox 2507 2127 2576 2183; x_wconf 90' lang='lat' dir='ltr'>0s</span> <span class='ocrx_word' id='word_1_508' title='bbox 2601 2143 2788 2182; x_wconf 86' lang='lat' dir='ltr'>meum</span> <span class='ocrx_word' id='word_1_509' title='bbox 2815 2129 3030 2200; x_wconf 80' lang='lat' dir='ltr'>aperui,</span> <span class='ocrx_word' id='word_1_510' title='bbox 3061 2131 3113 2184; x_wconf 92' lang='lat' dir='ltr'>et</span> <span class='ocrx_word' id='word_1_511' title='bbox 3173 2131 3387 2184; x_wconf 70' lang='lat' dir='ltr'>attraxi</span> <span class='ocrx_word' id='word_1_512' title='bbox 3411 2130 3672 2202; x_wconf 77' lang='lat' dir='ltr'>spiritum</span> 
     </span>
    </p>
   </div>
   <div class='ocr_carea' id='block_1_67' title="bbox 2030 2214 3674 2290">
    <p class='ocr_par' dir='ltr' id='par_1_67' title="bbox 2030 2214 3674 2290">
     <span class='ocr_line' id='line_1_67' title="bbox 2030 2214 3674 2290; baseline 0.003 -22"><span class='ocrx_word' id='word_1_513' title='bbox 2030 2214 2206 2284; x_wconf 84' lang='lat' dir='ltr'>(Psal.</span> <span class='ocrx_word' id='word_1_514' title='bbox 2239 2230 2432 2280; x_wconf 84' lang='lat' dir='ltr'>cxvm,</span> <span class='ocrx_word' id='word_1_515' title='bbox 2468 2216 2613 2284; x_wconf 88' lang='grc'><strong>131).</strong></span> <span class='ocrx_word' id='word_1_516' title='bbox 2641 2216 2712 2271; x_wconf 91' lang='lat' dir='ltr'>Et</span> <span class='ocrx_word' id='word_1_517' title='bbox 2734 2215 3034 2288; x_wconf 87' lang='lat' dir='ltr'>apostolus</span> <span class='ocrx_word' id='word_1_518' title='bbox 3065 2216 3305 2285; x_wconf 86' lang='lat' dir='ltr'>Paulus,</span> <span class='ocrx_word' id='word_1_519' title='bbox 3338 2217 3439 2290; x_wconf 90' lang='lat' dir='ltr'>qui</span> <span class='ocrx_word' id='word_1_520' title='bbox 3486 2217 3674 2274; x_wconf 80' lang='lat' dir='ltr'>habe-</span> 
     </span>
    </p>
   </div>
   <div class='ocr_carea' id='block_1_68' title="bbox 2028 2302 3679 2378">
    <p class='ocr_par' dir='ltr' id='par_1_68' title="bbox 2028 2302 3679 2378">
     <span class='ocr_line' id='line_1_68' title="bbox 2028 2302 3679 2378; baseline 0.002 -20"><span class='ocrx_word' id='word_1_521' title='bbox 2028 2303 2131 2358; x_wconf 86' lang='lat' dir='ltr'>bat</span> <span class='ocrx_word' id='word_1_522' title='bbox 2160 2303 2220 2358; x_wconf 89' lang='lat' dir='ltr'>in</span> <span class='ocrx_word' id='word_1_523' title='bbox 2252 2319 2314 2358; x_wconf 87' lang='lat' dir='ltr'>se</span> <span class='ocrx_word' id='word_1_524' title='bbox 2342 2302 2652 2359; x_wconf 87' lang='lat' dir='ltr'>thesauros</span> <span class='ocrx_word' id='word_1_525' title='bbox 2683 2304 2980 2376; x_wconf 70' lang='lat' dir='ltr'>sapientia</span> <span class='ocrx_word' id='word_1_526' title='bbox 3009 2308 3066 2362; x_wconf 89' lang='lat' dir='ltr'>et</span> <span class='ocrx_word' id='word_1_527' title='bbox 3094 2305 3450 2373; x_wconf 66' lang='lat' dir='ltr'>scientie,et</span> <span class='ocrx_word' id='word_1_528' title='bbox 3477 2306 3539 2360; x_wconf 87' lang='lat' dir='ltr'>in</span> <span class='ocrx_word' id='word_1_529' title='bbox 3559 2317 3679 2378; x_wconf 80' lang='lat' dir='ltr'>quo</span> 
     </span>
    </p>
   </div>
   <div class='ocr_carea' id='block_1_69' title="bbox 2030 2390 3675 2464">
    <p class='ocr_par' dir='ltr' id='par_1_69' title="bbox 2030 2390 3675 2464">
     <span class='ocr_line' id='line_1_69' title="bbox 2030 2390 3675 2464; baseline 0.003 -19"><span class='ocrx_word' id='word_1_530' title='bbox 2030 2390 2294 2446; x_wconf 87' lang='lat' dir='ltr'>Christus</span> <span class='ocrx_word' id='word_1_531' title='bbox 2319 2392 2602 2448; x_wconf 88' lang='lat' dir='ltr'>Dominus</span> <span class='ocrx_word' id='word_1_532' title='bbox 2622 2391 2991 2464; x_wconf 89' lang='lat' dir='ltr'>loquebatur,</span> <span class='ocrx_word' id='word_1_533' title='bbox 3013 2392 3216 2449; x_wconf 75' lang='lat' dir='ltr'>scribit</span> <span class='ocrx_word' id='word_1_534' title='bbox 3235 2393 3550 2450; x_wconf 87' lang='lat' dir='ltr'>Corinthiis</span> <span class='ocrx_word' id='word_1_535' title='bbox 3573 2395 3675 2450; x_wconf 89' lang='lat' dir='ltr'>:0s</span> 
     </span>
    </p>
   </div>
   <div class='ocr_carea' id='block_1_70' title="bbox 2026 2480 3673 2554">
    <p class='ocr_par' dir='ltr' id='par_1_70' title="bbox 2026 2480 3673 2554">
     <span class='ocr_line' id='line_1_70' title="bbox 2026 2480 3673 2554; baseline 0.002 -19"><span class='ocrx_word' id='word_1_536' title='bbox 2026 2495 2210 2535; x_wconf 87' lang='lat' dir='ltr'>meum</span> <span class='ocrx_word' id='word_1_537' title='bbox 2237 2487 2485 2551; x_wconf 85' lang='lat' dir='ltr'>apertum</span> <span class='ocrx_word' id='word_1_538' title='bbox 2502 2488 2581 2536; x_wconf 87' lang='lat' dir='ltr'>est</span> <span class='ocrx_word' id='word_1_539' title='bbox 2607 2480 2676 2536; x_wconf 88' lang='lat' dir='ltr'>ad</span> <span class='ocrx_word' id='word_1_540' title='bbox 2703 2496 2795 2537; x_wconf 82' lang='lat' dir='ltr'>vos</span> <span class='ocrx_word' id='word_1_541' title='bbox 2824 2497 2854 2537; x_wconf 93' lang='lat' dir='ltr'>o</span> <span class='ocrx_word' id='word_1_542' title='bbox 2885 2481 3156 2538; x_wconf 81' lang='lat' dir='ltr'>Corinthii</span> <span class='ocrx_word' id='word_1_543' title='bbox 3183 2483 3257 2554; x_wconf 79' lang='lat' dir='ltr'>(II</span> <span class='ocrx_word' id='word_1_544' title='bbox 3281 2482 3408 2538; x_wconf 80' lang='lat' dir='ltr'>Cor.</span> <span class='ocrx_word' id='word_1_545' title='bbox 3453 2500 3534 2550; x_wconf 78' lang='lat' dir='ltr'>v1,</span> <span class='ocrx_word' id='word_1_546' title='bbox 3561 2483 3673 2554; x_wconf 92' lang='grc'><strong>11).</strong></span> 
     </span>
    </p>
   </div>
   <div class='ocr_carea' id='block_1_71' title="bbox 2029 2577 3669 2651">
    <p class='ocr_par' dir='ltr' id='par_1_71' title="bbox 2029 2577 3669 2651">
     <span class='ocr_line' id='line_1_71' title="bbox 2029 2577 3669 2651; baseline 0.002 -19"><span class='ocrx_word' id='word_1_547' title='bbox 2029 2577 2099 2633; x_wconf 88' lang='lat' dir='ltr'>Et</span> <span class='ocrx_word' id='word_1_548' title='bbox 2127 2577 2198 2632; x_wconf 95' lang='lat' dir='ltr'>de</span> <span class='ocrx_word' id='word_1_549' title='bbox 2227 2577 2502 2633; x_wconf 87' lang='lat' dir='ltr'>Savatore</span> <span class='ocrx_word' id='word_1_550' title='bbox 2529 2577 2833 2633; x_wconf 83' lang='lat' dir='ltr'>Matthaeus</span> <span class='ocrx_word' id='word_1_551' title='bbox 2866 2578 3041 2634; x_wconf 87' lang='lat' dir='ltr'>refert</span> <span class='ocrx_word' id='word_1_552' title='bbox 3073 2595 3086 2634; x_wconf 74' lang='grc' dir='ltr'>ε</span> <span class='ocrx_word' id='word_1_553' title='bbox 3121 2579 3380 2651; x_wconf 85' lang='lat' dir='ltr'>Aperiens</span> <span class='ocrx_word' id='word_1_554' title='bbox 3401 2595 3459 2635; x_wconf 89' lang='lat' dir='ltr'>os</span> <span class='ocrx_word' id='word_1_555' title='bbox 3489 2596 3669 2648; x_wconf 88' lang='lat' dir='ltr'>suum,</span> 
     </span>
    </p>
   </div>
   <div class='ocr_carea' id='block_1_72' title="bbox 2027 2664 2993 2738">
    <p class='ocr_par' dir='ltr' id='par_1_72' title="bbox 2027 2664 2993 2738">
     <span class='ocr_line' id='line_1_72' title="bbox 2027 2664 2993 2738; baseline -0.002 -17"><span class='ocrx_word' id='word_1_556' title='bbox 2027 2664 2247 2722; x_wconf 88' lang='lat' dir='ltr'>docebat</span> <span class='ocrx_word' id='word_1_557' title='bbox 2273 2665 2565 2737; x_wconf 85' lang='lat' dir='ltr'>discipulos</span> <span class='ocrx_word' id='word_1_558' title='bbox 2594 2665 2798 2738; x_wconf 85' lang='lat' dir='ltr'>(Matth.</span> <span class='ocrx_word' id='word_1_559' title='bbox 2831 2683 2887 2735; x_wconf 87' lang='lat' dir='ltr'>v,</span> <span class='ocrx_word' id='word_1_560' title='bbox 2915 2667 2993 2736; x_wconf 90' lang='lat'>2).</span> 
     </span>
    </p>
   </div>
   <div class='ocr_carea' id='block_1_73' title="bbox 2099 2753 3669 2824">
    <p class='ocr_par' dir='ltr' id='par_1_73' title="bbox 2099 2753 3669 2824">
     <span class='ocr_line' id='line_1_73' title="bbox 2099 2753 3669 2824; baseline 0.003 -16"><span class='ocrx_word' id='word_1_561' title='bbox 2099 2755 2163 2810; x_wconf 85' lang='lat' dir='ltr'>Et</span> <span class='ocrx_word' id='word_1_562' title='bbox 2190 2753 2327 2824; x_wconf 89' lang='lat' dir='ltr'>vidi,</span> <span class='ocrx_word' id='word_1_563' title='bbox 2356 2758 2408 2811; x_wconf 89' lang='lat' dir='ltr'>et</span> <span class='ocrx_word' id='word_1_564' title='bbox 2436 2770 2554 2811; x_wconf 87' lang='lat' dir='ltr'>ecce</span> <span class='ocrx_word' id='word_1_565' title='bbox 2580 2771 2780 2810; x_wconf 89' lang='lat' dir='ltr'>manus</span> <span class='ocrx_word' id='word_1_566' title='bbox 2815 2755 2986 2810; x_wconf 87' lang='lat' dir='ltr'>missa</span> <span class='ocrx_word' id='word_1_567' title='bbox 3039 2753 3120 2811; x_wconf 89' lang='lat' dir='ltr'>ad</span> <span class='ocrx_word' id='word_1_568' title='bbox 3167 2769 3272 2811; x_wconf 90' lang='lat' dir='ltr'>me.</span> <span class='ocrx_word' id='word_1_569' title='bbox 3326 2754 3433 2811; x_wconf 86' lang='lat' dir='ltr'>Pro</span> <span class='ocrx_word' id='word_1_570' title='bbox 3490 2769 3669 2812; x_wconf 88' lang='lat' dir='ltr'>manu</span> 
     </span>
    </p>
   </div>
   <div class='ocr_carea' id='block_1_74' title="bbox 2028 2843 3671 2916">
    <p class='ocr_par' dir='ltr' id='par_1_74' title="bbox 2028 2843 3671 2916">
     <span class='ocr_line' id='line_1_74' title="bbox 2028 2843 3671 2916; baseline 0.002 -18"><span class='ocrx_word' id='word_1_571' title='bbox 2028 2843 2516 2910; x_wconf 74' lang='lat' dir='ltr'>missa,extentam</span> <span class='ocrx_word' id='word_1_572' title='bbox 2545 2843 2928 2916; x_wconf 88' lang='lat' dir='ltr'>Septuaginta</span> <span class='ocrx_word' id='word_1_573' title='bbox 2955 2843 3543 2909; x_wconf 62' lang='lat' dir='ltr'>transtuleruntﬂute</span> <span class='ocrx_word' id='word_1_574' title='bbox 3561 2847 3671 2901; x_wconf 90' lang='lat' dir='ltr'>mit</span> 
     </span>
    </p>
   </div>
   <div class='ocr_carea' id='block_1_75' title="bbox 2024 2929 3674 3006">
    <p class='ocr_par' dir='ltr' id='par_1_75' title="bbox 2024 2929 3674 3006">
     <span class='ocr_line' id='line_1_75' title="bbox 2024 2929 3674 3006; baseline 0.001 -20"><span class='ocrx_word' id='word_1_575' title='bbox 2024 2930 2170 2987; x_wconf 88' lang='lat' dir='ltr'>titur</span> <span class='ocrx_word' id='word_1_576' title='bbox 2198 2937 2255 2988; x_wconf 91' lang='lat' dir='ltr'>et</span> <span class='ocrx_word' id='word_1_577' title='bbox 2284 2932 2616 2988; x_wconf 81' lang='lat' dir='ltr'>extenditur</span> <span class='ocrx_word' id='word_1_578' title='bbox 2644 2933 2717 2989; x_wconf 88' lang='lat' dir='ltr'>ad</span> <span class='ocrx_word' id='word_1_579' title='bbox 2746 2931 2976 3005; x_wconf 89' lang='lat' dir='ltr'>eos,qui</span> <span class='ocrx_word' id='word_1_580' title='bbox 3000 2929 3282 2988; x_wconf 81' lang='lat' dir='ltr'>beneficia</span> <span class='ocrx_word' id='word_1_581' title='bbox 3311 2947 3674 3006; x_wconf 84' lang='lat' dir='ltr'>consequun-</span> 
     </span>
    </p>
   </div>
   <div class='ocr_carea' id='block_1_76' title="bbox 2027 3019 3674 3094">
    <p class='ocr_par' dir='ltr' id='par_1_76' title="bbox 2027 3019 3674 3094">
     <span class='ocr_line' id='line_1_76' title="bbox 2027 3019 3674 3094; baseline 0.001 -20"><span class='ocrx_word' id='word_1_582' title='bbox 2027 3023 2142 3075; x_wconf 89' lang='lat' dir='ltr'>tur.</span> <span class='ocrx_word' id='word_1_583' title='bbox 2174 3021 2548 3077; x_wconf 86' lang='lat' dir='ltr'>Contrahitur</span> <span class='ocrx_word' id='word_1_584' title='bbox 2567 3026 2762 3078; x_wconf 87' lang='lat' dir='ltr'>autem</span> <span class='ocrx_word' id='word_1_585' title='bbox 2796 3020 2867 3078; x_wconf 88' lang='lat' dir='ltr'>ab</span> <span class='ocrx_word' id='word_1_586' title='bbox 2899 3020 2994 3076; x_wconf 90' lang='lat' dir='ltr'>his</span> <span class='ocrx_word' id='word_1_587' title='bbox 3025 3019 3241 3093; x_wconf 87' lang='lat' dir='ltr'>quibus</span> <span class='ocrx_word' id='word_1_588' title='bbox 3270 3019 3532 3092; x_wconf 68' lang='lat' dir='ltr'>loqui-tur</span> <span class='ocrx_word' id='word_1_589' title='bbox 3569 3035 3674 3094; x_wconf 90' lang='lat' dir='ltr'>per</span> 
     </span>
    </p>
   </div>
   <div class='ocr_carea' id='block_1_77' title="bbox 2027 3109 3683 3182">
    <p class='ocr_par' dir='ltr' id='par_1_77' title="bbox 2027 3109 3683 3182">
     <span class='ocr_line' id='line_1_77' title="bbox 2027 3109 3683 3182; baseline 0.002 -20"><span class='ocrx_word' id='word_1_590' title='bbox 2027 3109 2371 3181; x_wconf 89' lang='lat' dir='ltr'>prophetam</span> <span class='ocrx_word' id='word_1_591' title='bbox 2423 3127 2435 3164; x_wconf 92' lang='lat'><strong>:</strong></span> <span class='ocrx_word' id='word_1_592' title='bbox 2503 3109 2780 3182; x_wconf 85' lang='lat' dir='ltr'>Numquid</span> <span class='ocrx_word' id='word_1_593' title='bbox 2826 3109 3104 3166; x_wconf 86' lang='lat' dir='ltr'>abreviata</span> <span class='ocrx_word' id='word_1_594' title='bbox 3161 3112 3213 3165; x_wconf 90' lang='lat' dir='ltr'>et</span> <span class='ocrx_word' id='word_1_595' title='bbox 3263 3112 3545 3165; x_wconf 78' lang='lat' dir='ltr'>contracta</span> <span class='ocrx_word' id='word_1_596' title='bbox 3601 3118 3683 3166; x_wconf 87' lang='lat' dir='ltr'>est</span> 
     </span>
    </p>
   </div>
   <div class='ocr_carea' id='block_1_78' title="bbox 1946 3181 3678 3270">
    <p class='ocr_par' dir='ltr' id='par_1_78' title="bbox 1946 3181 3678 3270">
     <span class='ocr_line' id='line_1_78' title="bbox 1946 3181 3678 3270; baseline 0.002 -20"><span class='ocrx_word' id='word_1_597' title='bbox 1946 3181 1989 3248; x_wconf 84' lang='lat' dir='ltr'>C</span> <span class='ocrx_word' id='word_1_598' title='bbox 2025 3213 2225 3254; x_wconf 89' lang='lat' dir='ltr'>manus</span> <span class='ocrx_word' id='word_1_599' title='bbox 2261 3200 2482 3254; x_wconf 88' lang='lat' dir='ltr'>Domini</span> <span class='ocrx_word' id='word_1_600' title='bbox 2509 3199 2617 3259; x_wconf 88' lang='lat' dir='ltr'>(Isa</span> <span class='ocrx_word' id='word_1_601' title='bbox 2648 3181 2699 3268; x_wconf 41' lang='lat' dir='ltr'>rt,</span> <span class='ocrx_word' id='word_1_602' title='bbox 2730 3201 2789 3268; x_wconf 88' lang='lat'>2)</span> <span class='ocrx_word' id='word_1_603' title='bbox 2819 3198 2847 3252; x_wconf 83' lang='lat'><strong>?</strong></span> <span class='ocrx_word' id='word_1_604' title='bbox 2878 3198 2947 3254; x_wconf 92' lang='lat' dir='ltr'>Et</span> <span class='ocrx_word' id='word_1_605' title='bbox 3002 3198 3062 3253; x_wconf 91' lang='lat' dir='ltr'>in</span> <span class='ocrx_word' id='word_1_606' title='bbox 3119 3196 3348 3254; x_wconf 88' lang='lat' dir='ltr'>Psalmo</span> <span class='ocrx_word' id='word_1_607' title='bbox 3383 3215 3397 3254; x_wconf 91' lang='lat'><strong>:</strong></span> <span class='ocrx_word' id='word_1_608' title='bbox 3429 3199 3492 3255; x_wconf 90' lang='lat' dir='ltr'>Ut</span> <span class='ocrx_word' id='word_1_609' title='bbox 3545 3197 3678 3270; x_wconf 80' lang='lat' dir='ltr'>quid</span> 
     </span>
    </p>
   </div>
   <div class='ocr_carea' id='block_1_79' title="bbox 2027 3285 3675 3355">
    <p class='ocr_par' dir='ltr' id='par_1_79' title="bbox 2027 3285 3675 3355">
     <span class='ocr_line' id='line_1_79' title="bbox 2027 3285 3675 3355; baseline 0.001 -14"><span class='ocrx_word' id='word_1_610' title='bbox 2027 3288 2228 3342; x_wconf 86' lang='lat' dir='ltr'>avertis</span> <span class='ocrx_word' id='word_1_611' title='bbox 2256 3303 2487 3342; x_wconf 88' lang='lat' dir='ltr'>manum</span> <span class='ocrx_word' id='word_1_612' title='bbox 2514 3295 2746 3355; x_wconf 87' lang='lat' dir='ltr'>tuam,et</span> <span class='ocrx_word' id='word_1_613' title='bbox 2773 3285 3055 3342; x_wconf 73' lang='lat' dir='ltr'>dexteram</span> <span class='ocrx_word' id='word_1_614' title='bbox 3075 3293 3226 3341; x_wconf 84' lang='lat' dir='ltr'>tuam</span> <span class='ocrx_word' id='word_1_615' title='bbox 3246 3285 3311 3342; x_wconf 89' lang='lat' dir='ltr'>de</span> <span class='ocrx_word' id='word_1_616' title='bbox 3336 3285 3518 3342; x_wconf 89' lang='lat' dir='ltr'>medio</span> <span class='ocrx_word' id='word_1_617' title='bbox 3546 3288 3675 3343; x_wconf 66' lang='lat' dir='ltr'>sinu</span> 
     </span>
    </p>
   </div>
   <div class='ocr_carea' id='block_1_80' title="bbox 2025 3374 3674 3448">
    <p class='ocr_par' dir='ltr' id='par_1_80' title="bbox 2025 3374 3674 3448">
     <span class='ocr_line' id='line_1_80' title="bbox 2025 3374 3674 3448; baseline 0.001 -19"><span class='ocrx_word' id='word_1_618' title='bbox 2025 3377 2121 3430; x_wconf 88' lang='lat' dir='ltr'>tuo</span> <span class='ocrx_word' id='word_1_619' title='bbox 2151 3376 2214 3430; x_wconf 90' lang='lat' dir='ltr'>in</span> <span class='ocrx_word' id='word_1_620' title='bbox 2241 3376 2410 3446; x_wconf 84' lang='lat' dir='ltr'>ﬁnem</span> <span class='ocrx_word' id='word_1_621' title='bbox 2437 3375 2610 3448; x_wconf 86' lang='lat' dir='ltr'>(Psal,</span> <span class='ocrx_word' id='word_1_622' title='bbox 2641 3390 2837 3442; x_wconf 83' lang='lat' dir='ltr'>Lxxm,</span> <span class='ocrx_word' id='word_1_623' title='bbox 2864 3375 2949 3446; x_wconf 94' lang='grc'>11)</span> <span class='ocrx_word' id='word_1_624' title='bbox 2980 3374 3008 3429; x_wconf 89' lang='lat'><strong>?</strong></span> <span class='ocrx_word' id='word_1_625' title='bbox 3039 3375 3298 3446; x_wconf 89' lang='lat' dir='ltr'>Denique</span> <span class='ocrx_word' id='word_1_626' title='bbox 3322 3375 3582 3431; x_wconf 86' lang='lat' dir='ltr'>extendit</span> <span class='ocrx_word' id='word_1_627' title='bbox 3612 3376 3674 3432; x_wconf 85' lang='lat' dir='ltr'>in</span> 
     </span>
    </p>
   </div>
   <div class='ocr_carea' id='block_1_81' title="bbox 2025 3462 3676 3536">
    <p class='ocr_par' dir='ltr' id='par_1_81' title="bbox 2025 3462 3676 3536">
     <span class='ocr_line' id='line_1_81' title="bbox 2025 3462 3676 3536; baseline 0.001 -18"><span class='ocrx_word' id='word_1_628' title='bbox 2025 3463 2298 3535; x_wconf 88' lang='lat' dir='ltr'>passione</span> <span class='ocrx_word' id='word_1_629' title='bbox 2327 3479 2550 3536; x_wconf 88' lang='lat' dir='ltr'>pennas</span> <span class='ocrx_word' id='word_1_630' title='bbox 2608 3481 2769 3530; x_wconf 88' lang='lat' dir='ltr'>suas,</span> <span class='ocrx_word' id='word_1_631' title='bbox 2810 3463 3184 3536; x_wconf 88' lang='lat' dir='ltr'>suscepitque</span> <span class='ocrx_word' id='word_1_632' title='bbox 3232 3462 3575 3535; x_wconf 88' lang='lat' dir='ltr'>discipulos,</span> <span class='ocrx_word' id='word_1_633' title='bbox 3619 3467 3676 3520; x_wconf 89' lang='lat' dir='ltr'>et</span> 
     </span>
    </p>
   </div>
   <div class='ocr_carea' id='block_1_82' title="bbox 2025 3551 3674 3624">
    <p class='ocr_par' dir='ltr' id='par_1_82' title="bbox 2025 3551 3674 3624">
     <span class='ocr_line' id='line_1_82' title="bbox 2025 3551 3674 3624; baseline 0.001 -17"><span class='ocrx_word' id='word_1_634' title='bbox 2025 3551 2276 3624; x_wconf 87' lang='lat' dir='ltr'>portavit</span> <span class='ocrx_word' id='word_1_635' title='bbox 2295 3551 2426 3608; x_wconf 92' lang='lat' dir='ltr'>illos</span> <span class='ocrx_word' id='word_1_636' title='bbox 2455 3551 2514 3607; x_wconf 91' lang='lat' dir='ltr'>in</span> <span class='ocrx_word' id='word_1_637' title='bbox 2546 3552 2811 3608; x_wconf 88' lang='lat' dir='ltr'>humeris</span> <span class='ocrx_word' id='word_1_638' title='bbox 2842 3551 2990 3620; x_wconf 87' lang='lat' dir='ltr'>suis,</span> <span class='ocrx_word' id='word_1_639' title='bbox 3025 3556 3081 3607; x_wconf 92' lang='lat' dir='ltr'>et</span> <span class='ocrx_word' id='word_1_640' title='bbox 3111 3551 3342 3608; x_wconf 90' lang='lat' dir='ltr'>locutus</span> <span class='ocrx_word' id='word_1_641' title='bbox 3378 3556 3468 3607; x_wconf 90' lang='lat' dir='ltr'>est</span> <span class='ocrx_word' id='word_1_642' title='bbox 3497 3567 3512 3606; x_wconf 91' lang='lat'><strong>:</strong></span> <span class='ocrx_word' id='word_1_643' title='bbox 3547 3553 3674 3608; x_wconf 85' lang='lat' dir='ltr'>Tota</span> 
     </span>
    </p>
   </div>
   <div class='ocr_carea' id='block_1_83' title="bbox 2021 3637 3676 3713">
    <p class='ocr_par' dir='ltr' id='par_1_83' title="bbox 2021 3637 3676 3713">
     <span class='ocr_line' id='line_1_83' title="bbox 2021 3637 3676 3713; baseline -0.001 -17"><span class='ocrx_word' id='word_1_644' title='bbox 2021 3637 2111 3696; x_wconf 88' lang='lat' dir='ltr'>die</span> <span class='ocrx_word' id='word_1_645' title='bbox 2164 3641 2405 3713; x_wconf 68' lang='lat' dir='ltr'>expandi</span> <span class='ocrx_word' id='word_1_646' title='bbox 2442 3657 2644 3696; x_wconf 86' lang='lat' dir='ltr'>manus</span> <span class='ocrx_word' id='word_1_647' title='bbox 2681 3657 2803 3697; x_wconf 89' lang='lat' dir='ltr'>mea</span> <span class='ocrx_word' id='word_1_648' title='bbox 2831 3639 2901 3696; x_wconf 88' lang='lat' dir='ltr'>ad</span> <span class='ocrx_word' id='word_1_649' title='bbox 2925 3639 3190 3712; x_wconf 86' lang='lat' dir='ltr'>papulum</span> <span class='ocrx_word' id='word_1_650' title='bbox 3217 3656 3330 3695; x_wconf 86' lang='lat' dir='ltr'>non</span> <span class='ocrx_word' id='word_1_651' title='bbox 3365 3639 3676 3696; x_wconf 87' lang='lat' dir='ltr'>credentem</span> 
     </span>
    </p>
   </div>
   <div class='ocr_carea' id='block_1_84' title="bbox 2023 3727 3663 3802">
    <p class='ocr_par' dir='ltr' id='par_1_84' title="bbox 2023 3727 3663 3802">
     <span class='ocr_line' id='line_1_84' title="bbox 2023 3727 3663 3802; baseline -0.002 -17"><span class='ocrx_word' id='word_1_652' title='bbox 2023 3730 2151 3802; x_wconf 87' lang='lat' dir='ltr'>(Isa.</span> <span class='ocrx_word' id='word_1_653' title='bbox 2177 3747 2302 3801; x_wconf 82' lang='lat' dir='ltr'>va,</span> <span class='ocrx_word' id='word_1_654' title='bbox 2333 3729 2410 3802; x_wconf 86' lang='lat'>2),</span> <span class='ocrx_word' id='word_1_655' title='bbox 2445 3733 2510 3785; x_wconf 92' lang='lat' dir='ltr'>ut</span> <span class='ocrx_word' id='word_1_656' title='bbox 2539 3732 2918 3802; x_wconf 87' lang='lat' dir='ltr'>congregaret</span> <span class='ocrx_word' id='word_1_657' title='bbox 2949 3728 3102 3784; x_wconf 88' lang='lat' dir='ltr'>filios</span> <span class='ocrx_word' id='word_1_658' title='bbox 3135 3728 3332 3796; x_wconf 89' lang='lat' dir='ltr'>Israel,</span> <span class='ocrx_word' id='word_1_659' title='bbox 3362 3727 3516 3783; x_wconf 90' lang='lat' dir='ltr'>sicut</span> <span class='ocrx_word' id='word_1_660' title='bbox 3541 3727 3663 3800; x_wconf 86' lang='lat' dir='ltr'>gal-</span> 
     </span>
    </p>
   </div>
   <div class='ocr_carea' id='block_1_85' title="bbox 2021 3814 3670 3890">
    <p class='ocr_par' dir='ltr' id='par_1_85' title="bbox 2021 3814 3670 3890">
     <span class='ocr_line' id='line_1_85' title="bbox 2021 3814 3670 3890; baseline -0.001 -19"><span class='ocrx_word' id='word_1_661' title='bbox 2021 3815 2143 3872; x_wconf 87' lang='lat' dir='ltr'>lina</span> <span class='ocrx_word' id='word_1_662' title='bbox 2172 3821 2487 3890; x_wconf 88' lang='lat' dir='ltr'>congregat</span> <span class='ocrx_word' id='word_1_663' title='bbox 2507 3816 2700 3888; x_wconf 91' lang='lat' dir='ltr'>pullos</span> <span class='ocrx_word' id='word_1_664' title='bbox 2733 3817 2842 3872; x_wconf 90' lang='lat' dir='ltr'>sub</span> <span class='ocrx_word' id='word_1_665' title='bbox 2873 3815 2996 3871; x_wconf 86' lang='lat' dir='ltr'>alas</span> <span class='ocrx_word' id='word_1_666' title='bbox 3010 3829 3164 3870; x_wconf 82' lang='lat' dir='ltr'>°suas</span> <span class='ocrx_word' id='word_1_667' title='bbox 3197 3831 3211 3869; x_wconf 91' lang='lat'>:</span> <span class='ocrx_word' id='word_1_668' title='bbox 3246 3818 3304 3870; x_wconf 91' lang='lat' dir='ltr'>et</span> <span class='ocrx_word' id='word_1_669' title='bbox 3333 3814 3670 3870; x_wconf 84' lang='lat' dir='ltr'>extensione</span> 
     </span>
    </p>
   </div>
   <div class='ocr_carea' id='block_1_86' title="bbox 2022 3903 3669 3977">
    <p class='ocr_par' dir='ltr' id='par_1_86' title="bbox 2022 3903 3669 3977">
     <span class='ocr_line' id='line_1_86' title="bbox 2022 3903 3669 3977; baseline -0.001 -17"><span class='ocrx_word' id='word_1_670' title='bbox 2022 3921 2308 3961; x_wconf 90' lang='lat' dir='ltr'>manuum</span> <span class='ocrx_word' id='word_1_671' title='bbox 2339 3905 2542 3977; x_wconf 83' lang='lat' dir='ltr'>Moysi,</span> <span class='ocrx_word' id='word_1_672' title='bbox 2573 3904 2742 3960; x_wconf 86' lang='lat' dir='ltr'>Israel</span> <span class='ocrx_word' id='word_1_673' title='bbox 2777 3906 3016 3976; x_wconf 86' lang='lat' dir='ltr'>superat</span> <span class='ocrx_word' id='word_1_674' title='bbox 3037 3903 3271 3958; x_wconf 83' lang='lat' dir='ltr'>Amalec</span> <span class='ocrx_word' id='word_1_675' title='bbox 3303 3903 3497 3976; x_wconf 76' lang='lat' dir='ltr'>(Exod,</span> <span class='ocrx_word' id='word_1_676' title='bbox 3528 3905 3669 3971; x_wconf 83' lang='lat' dir='ltr'>xvu)</span> 
     </span>
    </p>
   </div>
   <div class='ocr_carea' id='block_1_87' title="bbox 2093 3991 3672 4066">
    <p class='ocr_par' dir='ltr' id='par_1_87' title="bbox 2093 3991 3672 4066">
     <span class='ocr_line' id='line_1_87' title="bbox 2093 3991 3672 4066; baseline -0.001 -18"><span class='ocrx_word' id='word_1_677' title='bbox 2093 3993 2280 4066; x_wconf 82' lang='lat' dir='ltr'>(Vera.</span> <span class='ocrx_word' id='word_1_678' title='bbox 2313 3994 2392 4066; x_wconf 89' lang='lat'>9.)</span> <span class='ocrx_word' id='word_1_679' title='bbox 2422 3995 2485 4050; x_wconf 88' lang='lat' dir='ltr'>In</span> <span class='ocrx_word' id='word_1_680' title='bbox 2516 4010 2621 4066; x_wconf 90' lang='lat' dir='ltr'>qua</span> <span class='ocrx_word' id='word_1_681' title='bbox 2653 4001 2770 4049; x_wconf 89' lang='lat' dir='ltr'>erat</span> <span class='ocrx_word' id='word_1_682' title='bbox 2799 3993 3078 4048; x_wconf 86' lang='lat' dir='ltr'>involutus</span> <span class='ocrx_word' id='word_1_683' title='bbox 3109 3991 3267 4063; x_wconf 88' lang='lat' dir='ltr'>liber,</span> <span class='ocrx_word' id='word_1_684' title='bbox 3315 3995 3366 4049; x_wconf 89' lang='lat' dir='ltr'>et</span> <span class='ocrx_word' id='word_1_685' title='bbox 3402 3991 3672 4064; x_wconf 74' lang='lat' dir='ltr'>expandit</span> 
     </span>
    </p>
   </div>
   <div class='ocr_carea' id='block_1_88' title="bbox 2021 4081 3676 4154">
    <p class='ocr_par' dir='ltr' id='par_1_88' title="bbox 2021 4081 3676 4154">
     <span class='ocr_line' id='line_1_88' title="bbox 2021 4081 3676 4154; baseline -0.001 -16"><span class='ocrx_word' id='word_1_686' title='bbox 2021 4083 2184 4138; x_wconf 83' lang='lat' dir='ltr'>illum</span> <span class='ocrx_word' id='word_1_687' title='bbox 2211 4099 2399 4139; x_wconf 88' lang='lat' dir='ltr'>coram</span> <span class='ocrx_word' id='word_1_688' title='bbox 2424 4099 2525 4139; x_wconf 88' lang='lat' dir='ltr'>me.</span> <span class='ocrx_word' id='word_1_689' title='bbox 2562 4090 2612 4138; x_wconf 90' lang='lat' dir='ltr'>et</span> <span class='ocrx_word' id='word_1_690' title='bbox 2632 4081 2819 4154; x_wconf 88' lang='lat' dir='ltr'>(Vulg.</span> <span class='ocrx_word' id='word_1_691' title='bbox 2852 4082 2970 4154; x_wconf 89' lang='lat' dir='ltr'>qui)</span> <span class='ocrx_word' id='word_1_692' title='bbox 3000 4085 3116 4137; x_wconf 88' lang='lat' dir='ltr'>erat</span> <span class='ocrx_word' id='word_1_693' title='bbox 3137 4082 3372 4152; x_wconf 86' lang='lat' dir='ltr'>scriptus</span> <span class='ocrx_word' id='word_1_694' title='bbox 3429 4083 3579 4137; x_wconf 85' lang='lat' dir='ltr'>intus</span> <span class='ocrx_word' id='word_1_695' title='bbox 3623 4088 3676 4137; x_wconf 89' lang='lat' dir='ltr'>et</span> 
     </span>
    </p>
   </div>
   <div class='ocr_carea' id='block_1_89' title="bbox 2019 4171 3672 4244">
    <p class='ocr_par' dir='ltr' id='par_1_89' title="bbox 2019 4171 3672 4244">
     <span class='ocr_line' id='line_1_89' title="bbox 2019 4171 3672 4244; baseline -0.002 -17"><span class='ocrx_word' id='word_1_696' title='bbox 2019 4173 2157 4243; x_wconf 83' lang='lat' dir='ltr'>foris</span> <span class='ocrx_word' id='word_1_697' title='bbox 2178 4191 2197 4226; x_wconf 89' lang='lat'><strong><em>:</em></strong></span> <span class='ocrx_word' id='word_1_698' title='bbox 2226 4173 2550 4244; x_wconf 59' lang='lat' dir='ltr'>scriptaque</span> <span class='ocrx_word' id='word_1_699' title='bbox 2576 4180 2734 4227; x_wconf 87' lang='lat' dir='ltr'>erant</span> <span class='ocrx_word' id='word_1_700' title='bbox 2765 4173 2824 4225; x_wconf 83' lang='lat' dir='ltr'>in</span> <span class='ocrx_word' id='word_1_701' title='bbox 2846 4186 2905 4226; x_wconf 90' lang='lat' dir='ltr'>eo</span> <span class='ocrx_word' id='word_1_702' title='bbox 2925 4171 3362 4236; x_wconf 84' lang='lat' dir='ltr'>lamentationes,</span> <span class='ocrx_word' id='word_1_703' title='bbox 3379 4174 3672 4226; x_wconf 85' lang='lat' dir='ltr'>etcarmen</span> 
     </span>
    </p>
   </div>
   <div class='ocr_carea' id='block_1_90' title="bbox 2019 4258 3673 4331">
    <p class='ocr_par' dir='ltr' id='par_1_90' title="bbox 2019 4258 3673 4331">
     <span class='ocr_line' id='line_1_90' title="bbox 2019 4258 3673 4331; baseline -0.002 -15"><span class='ocrx_word' id='word_1_704' title='bbox 2019 4267 2070 4316; x_wconf 89' lang='lat' dir='ltr'>et</span> <span class='ocrx_word' id='word_1_705' title='bbox 2095 4277 2194 4316; x_wconf 79' lang='lat' dir='ltr'>vae.</span> <span class='ocrx_word' id='word_1_706' title='bbox 2237 4260 2300 4314; x_wconf 86' lang='lat' dir='ltr'>Et</span> <span class='ocrx_word' id='word_1_707' title='bbox 2330 4259 2477 4315; x_wconf 74' lang='lat' dir='ltr'>dixit</span> <span class='ocrx_word' id='word_1_708' title='bbox 2505 4259 2574 4315; x_wconf 85' lang='lat' dir='ltr'>ad</span> <span class='ocrx_word' id='word_1_709' title='bbox 2602 4276 2691 4315; x_wconf 87' lang='lat' dir='ltr'>me</span> <span class='ocrx_word' id='word_1_710' title='bbox 2721 4278 2733 4315; x_wconf 89' lang='lat'><strong>:</strong></span> <span class='ocrx_word' id='word_1_711' title='bbox 2766 4260 2874 4314; x_wconf 80' lang='lat' dir='ltr'>Fili</span> <span class='ocrx_word' id='word_1_712' title='bbox 2902 4258 3160 4328; x_wconf 81' lang='lat' dir='ltr'>hominis,</span> <span class='ocrx_word' id='word_1_713' title='bbox 3183 4258 3558 4331; x_wconf 79' lang='lat' dir='ltr'>quodcumque</span> <span class='ocrx_word' id='word_1_714' title='bbox 3587 4260 3673 4314; x_wconf 57' lang='grc' dir='ltr'><strong>κήκ</strong></span> 
     </span>
    </p>
   </div>
   <div class='ocr_carea' id='block_1_91' title="bbox 2028 4343 3670 4420">
    <p class='ocr_par' dir='ltr' id='par_1_91' title="bbox 2028 4343 3670 4420">
     <span class='ocr_line' id='line_1_91' title="bbox 2028 4343 3670 4420; baseline -0.001 -16"><span class='ocrx_word' id='word_1_715' title='bbox 2028 4351 2257 4420; x_wconf 86' lang='lat' dir='ltr'>veneris,</span> <span class='ocrx_word' id='word_1_716' title='bbox 2288 4346 2519 4404; x_wconf 89' lang='lat' dir='ltr'>comede.</span> <span class='ocrx_word' id='word_1_717' title='bbox 2572 4348 2679 4404; x_wconf 88' lang='lat' dir='ltr'>Pro</span> <span class='ocrx_word' id='word_1_718' title='bbox 2731 4346 2992 4404; x_wconf 88' lang='lat' dir='ltr'>involuto</span> <span class='ocrx_word' id='word_1_719' title='bbox 3047 4343 3219 4413; x_wconf 86' lang='lat' dir='ltr'>libro,</span> <span class='ocrx_word' id='word_1_720' title='bbox 3287 4345 3670 4418; x_wconf 83' lang='lat' dir='ltr'>Septuaginta</span> 
     </span>
    </p>
   </div>
   <div class='ocr_carea' id='block_1_92' title="bbox 2022 4434 3673 4510">
    <p class='ocr_par' dir='ltr' id='par_1_92' title="bbox 2022 4434 3673 4510">
     <span class='ocr_line' id='line_1_92' title="bbox 2022 4434 3673 4510; baseline -0.001 -18"><span class='ocrx_word' id='word_1_721' title='bbox 2022 4439 2322 4510; x_wconf 88' lang='lat' dir='ltr'>capitulum</span> <span class='ocrx_word' id='word_1_722' title='bbox 2353 4437 2488 4492; x_wconf 88' lang='lat' dir='ltr'>tibri</span> <span class='ocrx_word' id='word_1_723' title='bbox 2512 4435 2960 4493; x_wconf 87' lang='lat' dir='ltr'>transtulerunt.</span> <span class='ocrx_word' id='word_1_724' title='bbox 2995 4435 3059 4491; x_wconf 82' lang='lat' dir='ltr'>In</span> <span class='ocrx_word' id='word_1_725' title='bbox 3091 4451 3266 4490; x_wconf 87' lang='lat' dir='ltr'>manu</span> <span class='ocrx_word' id='word_1_726' title='bbox 3299 4434 3533 4491; x_wconf 87' lang='lat' dir='ltr'>Domini</span> <span class='ocrx_word' id='word_1_727' title='bbox 3579 4448 3673 4491; x_wconf 88' lang='lat' dir='ltr'>se-</span> 
     </span>
    </p>
   </div>
   <div class='ocr_carea' id='block_1_93' title="bbox 257 4523 3668 4612">
    <p class='ocr_par' dir='ltr' id='par_1_93' title="bbox 257 4523 3668 4612">
     <span class='ocr_line' id='line_1_93' title="bbox 257 4523 3668 4612; baseline -0.001 -32"><span class='ocrx_word' id='word_1_728' title='bbox 257 4525 382 4582; x_wconf 83' lang='lat' dir='ltr'>rael</span> <span class='ocrx_word' id='word_1_729' title='bbox 416 4525 738 4581; x_wconf 82' lang='lat' dir='ltr'>audierunt</span> <span class='ocrx_word' id='word_1_730' title='bbox 768 4526 1132 4582; x_wconf 88' lang='lat' dir='ltr'>adversarios</span> <span class='ocrx_word' id='word_1_731' title='bbox 1154 4526 1183 4581; x_wconf 87' lang='lat'><strong>?</strong></span> <span class='ocrx_word' id='word_1_732' title='bbox 1212 4528 1291 4580; x_wconf 84' lang='lat' dir='ltr'><strong>Ex</strong></span> <span class='ocrx_word' id='word_1_733' title='bbox 1322 4543 1437 4598; x_wconf 90' lang='lat' dir='ltr'>quo</span> <span class='ocrx_word' id='word_1_734' title='bbox 1467 4526 1915 4594; x_wconf 88' lang='lat' dir='ltr'>ostenditur,eos</span> <span class='ocrx_word' id='word_1_735' title='bbox 1943 4547 1991 4612; x_wconf 83' lang='lat' dir='ltr'><strong>D</strong></span> <span class='ocrx_word' id='word_1_736' title='bbox 2023 4527 2181 4582; x_wconf 89' lang='lat' dir='ltr'>denti</span> <span class='ocrx_word' id='word_1_737' title='bbox 2209 4542 2386 4599; x_wconf 89' lang='lat' dir='ltr'>super</span> <span class='ocrx_word' id='word_1_738' title='bbox 2412 4525 2714 4595; x_wconf 88' lang='lat' dir='ltr'>thronum,</span> <span class='ocrx_word' id='word_1_739' title='bbox 2749 4541 2874 4596; x_wconf 66' lang='lat' dir='ltr'>quas</span> <span class='ocrx_word' id='word_1_740' title='bbox 2903 4524 3090 4581; x_wconf 89' lang='lat' dir='ltr'>missa</span> <span class='ocrx_word' id='word_1_741' title='bbox 3120 4529 3208 4580; x_wconf 89' lang='lat' dir='ltr'>est</span> <span class='ocrx_word' id='word_1_742' title='bbox 3229 4527 3287 4580; x_wconf 91' lang='lat' dir='ltr'>et</span> <span class='ocrx_word' id='word_1_743' title='bbox 3312 4528 3563 4579; x_wconf 80' lang='lat' dir='ltr'>extenta.</span> <span class='ocrx_word' id='word_1_744' title='bbox 3587 4523 3668 4579; x_wconf 90' lang='lat' dir='ltr'>De</span> 
     </span>
    </p>
   </div>
   <div class='ocr_carea' id='block_1_94' title="bbox 254 4613 1911 4686">
    <p class='ocr_par' dir='ltr' id='par_1_94' title="bbox 254 4613 1911 4686">
     <span class='ocr_line' id='line_1_94' title="bbox 254 4613 1911 4686; baseline 0.001 -17"><span class='ocrx_word' id='word_1_745' title='bbox 254 4615 356 4686; x_wconf 82' lang='lat' dir='ltr'>qui</span> <span class='ocrx_word' id='word_1_746' title='bbox 391 4613 698 4671; x_wconf 85' lang='lat' dir='ltr'>audierint</span> <span class='ocrx_word' id='word_1_747' title='bbox 727 4615 888 4671; x_wconf 77' lang='lat' dir='ltr'>fures</span> <span class='ocrx_word' id='word_1_748' title='bbox 923 4619 981 4670; x_wconf 91' lang='lat' dir='ltr'>et</span> <span class='ocrx_word' id='word_1_749' title='bbox 1007 4613 1287 4682; x_wconf 87' lang='lat' dir='ltr'>latrones,</span> <span class='ocrx_word' id='word_1_750' title='bbox 1321 4614 1513 4671; x_wconf 88' lang='lat' dir='ltr'>ovium</span> <span class='ocrx_word' id='word_1_751' title='bbox 1564 4615 1911 4671; x_wconf 87' lang='lat' dir='ltr'>vocabulum</span> 
     </span>
    </p>
   </div>
   <div class='ocr_carea' id='block_1_95' title="bbox 259 4701 1911 4776">
    <p class='ocr_par' dir='ltr' id='par_1_95' title="bbox 259 4701 1911 4776">
     <span class='ocr_line' id='line_1_95' title="bbox 259 4701 1911 4776; baseline 0.002 -19"><span class='ocrx_word' id='word_1_752' title='bbox 259 4701 677 4773; x_wconf 79' lang='lat' dir='ltr'>perdidisse,e‘t</span> <span class='ocrx_word' id='word_1_753' title='bbox 699 4703 812 4760; x_wconf 87' lang='lat' dir='ltr'>alia</span> <span class='ocrx_word' id='word_1_754' title='bbox 834 4704 1232 4776; x_wconf 86' lang='lat' dir='ltr'>assumpsisse</span> <span class='ocrx_word' id='word_1_755' title='bbox 1253 4705 1586 4773; x_wconf 90' lang='lat' dir='ltr'>nomina,ut</span> <span class='ocrx_word' id='word_1_756' title='bbox 1607 4720 1721 4760; x_wconf 89' lang='lat' dir='ltr'>non</span> <span class='ocrx_word' id='word_1_757' title='bbox 1741 4705 1911 4776; x_wconf 89' lang='lat' dir='ltr'>quasi</span> 
     </span>
    </p>
   </div>
   <div class='ocr_carea' id='block_1_96' title="bbox 258 4791 1916 4865">
    <p class='ocr_par' dir='ltr' id='par_1_96' title="bbox 258 4791 1916 4865">
     <span class='ocr_line' id='line_1_96' title="bbox 258 4791 1916 4865; baseline 0.002 -21"><span class='ocrx_word' id='word_1_758' title='bbox 258 4805 401 4845; x_wconf 58' lang='lat' dir='ltr'>ow&#39;es</span> <span class='ocrx_word' id='word_1_759' title='bbox 425 4791 726 4863; x_wconf 85' lang='lat' dir='ltr'>perierint,</span> <span class='ocrx_word' id='word_1_760' title='bbox 763 4792 863 4848; x_wconf 89' lang='lat' dir='ltr'>sed</span> <span class='ocrx_word' id='word_1_761' title='bbox 899 4793 1067 4863; x_wconf 86' lang='lat' dir='ltr'>quasi</span> <span class='ocrx_word' id='word_1_762' title='bbox 1115 4792 1344 4865; x_wconf 64' lang='lat' dir='ltr'>viperis,</span> <span class='ocrx_word' id='word_1_763' title='bbox 1377 4791 1581 4865; x_wconf 84' lang='lat' dir='ltr'>vulpes</span> <span class='ocrx_word' id='word_1_764' title='bbox 1637 4796 1696 4847; x_wconf 90' lang='lat' dir='ltr'>et</span> <span class='ocrx_word' id='word_1_765' title='bbox 1754 4809 1916 4849; x_wconf 79' lang='lat' dir='ltr'>scor-</span> 
     </span>
    </p>
   </div>
   <div class='ocr_carea' id='block_1_97' title="bbox 259 4879 492 4952">
    <p class='ocr_par' dir='ltr' id='par_1_97' title="bbox 259 4879 492 4952">
     <span class='ocr_line' id='line_1_97' title="bbox 259 4879 492 4952; baseline 0 -18"><span class='ocrx_word' id='word_1_766' title='bbox 259 4879 492 4952; x_wconf 84' lang='lat' dir='ltr'>piones.</span> 
     </span>
    </p>
   </div>
   <div class='ocr_carea' id='block_1_98' title="bbox 328 4967 1918 5043">
    <p class='ocr_par' dir='ltr' id='par_1_98' title="bbox 328 4967 1918 5043">
     <span class='ocr_line' id='line_1_98' title="bbox 328 4967 1918 5043; baseline 0 -18"><span class='ocrx_word' id='word_1_767' title='bbox 328 4968 519 5041; x_wconf 78' lang='lat' dir='ltr'>(Vere.</span> <span class='ocrx_word' id='word_1_768' title='bbox 550 4967 610 5039; x_wconf 89' lang='lat'>7,</span> <span class='ocrx_word' id='word_1_769' title='bbox 639 4971 718 5043; x_wconf 91' lang='lat'>8.)</span> <span class='ocrx_word' id='word_1_770' title='bbox 753 4972 814 5025; x_wconf 84' lang='lat' dir='ltr'>Et</span> <span class='ocrx_word' id='word_1_771' title='bbox 845 4971 1084 5043; x_wconf 79' lang='lat' dir='ltr'>loqueris</span> <span class='ocrx_word' id='word_1_772' title='bbox 1104 4971 1267 5026; x_wconf 83' lang='lat' dir='ltr'>verba</span> <span class='ocrx_word' id='word_1_773' title='bbox 1293 4986 1416 5026; x_wconf 90' lang='lat' dir='ltr'>mea</span> <span class='ocrx_word' id='word_1_774' title='bbox 1455 4969 1524 5024; x_wconf 89' lang='lat' dir='ltr'>ad</span> <span class='ocrx_word' id='word_1_775' title='bbox 1556 4985 1643 5026; x_wconf 89' lang='lat' dir='ltr'>eos</span> <span class='ocrx_word' id='word_1_776' title='bbox 1676 4989 1696 5026; x_wconf 89' lang='lat'><strong><em>:</em></strong></span> <span class='ocrx_word' id='word_1_777' title='bbox 1711 4973 1762 5025; x_wconf 90' lang='lat' dir='ltr'>si</span> <span class='ocrx_word' id='word_1_778' title='bbox 1776 4972 1918 5041; x_wconf 83' lang='lat' dir='ltr'>forte</span> 
     </span>
    </p>
   </div>
   <div class='ocr_carea' id='block_1_99' title="bbox 251 5058 1918 5131">
    <p class='ocr_par' dir='ltr' id='par_1_99' title="bbox 251 5058 1918 5131">
     <span class='ocr_line' id='line_1_99' title="bbox 251 5058 1918 5131; baseline 0.001 -18"><span class='ocrx_word' id='word_1_779' title='bbox 251 5058 916 5131; x_wconf 82' lang='lat' dir='ltr'>audiant,ettimeant,(b)</span> <span class='ocrx_word' id='word_1_780' title='bbox 935 5059 1018 5116; x_wconf 88' lang='lat' dir='ltr'>vel</span> <span class='ocrx_word' id='word_1_781' title='bbox 1035 5061 1594 5131; x_wconf 86' lang='lat' dir='ltr'>quiescant,quoniam</span> <span class='ocrx_word' id='word_1_782' title='bbox 1611 5061 1918 5116; x_wconf 86' lang='lat' dir='ltr'>irritatores</span> 
     </span>
    </p>
   </div>
   <div class='ocr_carea' id='block_1_100' title="bbox 247 5147 1917 5222">
    <p class='ocr_par' dir='ltr' id='par_1_100' title="bbox 247 5147 1917 5222">
     <span class='ocr_line' id='line_1_100' title="bbox 247 5147 1917 5222; baseline -0.001 -17"><span class='ocrx_word' id='word_1_783' title='bbox 247 5155 408 5205; x_wconf 85' lang='lat' dir='ltr'>sunt.</span> <span class='ocrx_word' id='word_1_784' title='bbox 446 5149 517 5204; x_wconf 83' lang='lat' dir='ltr'>Tu</span> <span class='ocrx_word' id='word_1_785' title='bbox 546 5155 753 5219; x_wconf 88' lang='lat' dir='ltr'>autem,</span> <span class='ocrx_word' id='word_1_786' title='bbox 784 5151 869 5220; x_wconf 78' lang='lat' dir='ltr'>ﬁli</span> <span class='ocrx_word' id='word_1_787' title='bbox 895 5150 1156 5220; x_wconf 85' lang='lat' dir='ltr'>hominis,</span> <span class='ocrx_word' id='word_1_788' title='bbox 1217 5149 1350 5205; x_wconf 84' lang='lat' dir='ltr'>audi</span> <span class='ocrx_word' id='word_1_789' title='bbox 1378 5147 1521 5222; x_wconf 89' lang='lat' dir='ltr'>quod</span> <span class='ocrx_word' id='word_1_790' title='bbox 1575 5165 1668 5220; x_wconf 88' lang='lat' dir='ltr'>ego</span> <span class='ocrx_word' id='word_1_791' title='bbox 1727 5151 1917 5220; x_wconf 86' lang='lat' dir='ltr'>loquor</span> 
     </span>
    </p>
   </div>
   <div class='ocr_carea' id='block_1_101' title="bbox 325 5415 1913 5490">
    <p class='ocr_par' dir='ltr' id='par_1_101' title="bbox 325 5415 1913 5490">
     <span class='ocr_line' id='line_1_101' title="bbox 325 5415 1913 5490; baseline 0.001 -18"><span class='ocrx_word' id='word_1_792' title='bbox 325 5416 411 5490; x_wconf 82' lang='lat' dir='ltr'>(a)</span> <span class='ocrx_word' id='word_1_793' title='bbox 429 5415 640 5490; x_wconf 63' lang='lat' dir='ltr'>confer</span> <span class='ocrx_word' id='word_1_794' title='bbox 652 5415 962 5490; x_wconf 80' lang='lat' dir='ltr'>Rabanum</span> <span class='ocrx_word' id='word_1_795' title='bbox 973 5417 1076 5474; x_wconf 88' lang='lat' dir='ltr'>ubi</span> <span class='ocrx_word' id='word_1_796' title='bbox 1090 5418 1246 5473; x_wconf 88' lang='lat' dir='ltr'>hunc</span> <span class='ocrx_word' id='word_1_797' title='bbox 1267 5434 1334 5473; x_wconf 84' lang='lat' dir='ltr'>ex</span> <span class='ocrx_word' id='word_1_798' title='bbox 1349 5415 1698 5490; x_wconf 80' lang='lat' dir='ltr'>Hieronymo</span> <span class='ocrx_word' id='word_1_799' title='bbox 1719 5415 1913 5474; x_wconf 89' lang='lat' dir='ltr'>locum</span> 
     </span>
    </p>
   </div>
   <div class='ocr_carea' id='block_1_102' title="bbox 251 5487 1902 5563">
    <p class='ocr_par' dir='ltr' id='par_1_102' title="bbox 251 5487 1902 5563">
     <span class='ocr_line' id='line_1_102' title="bbox 251 5487 1902 5563; baseline 0 -17"><span class='ocrx_word' id='word_1_800' title='bbox 251 5487 470 5563; x_wconf 82' lang='lat' dir='ltr'>laudat</span> <span class='ocrx_word' id='word_1_801' title='bbox 498 5489 558 5544; x_wconf 83' lang='lat' dir='ltr'>in</span> <span class='ocrx_word' id='word_1_802' title='bbox 580 5487 844 5563; x_wconf 62' lang='lat' dir='ltr'>Epistad</span> <span class='ocrx_word' id='word_1_803' title='bbox 866 5490 1261 5563; x_wconf 66' lang='lat' dir='ltr'>Heberardum</span> <span class='ocrx_word' id='word_1_804' title='bbox 1284 5489 1555 5548; x_wconf 89' lang='lat' dir='ltr'>comitem</span> <span class='ocrx_word' id='word_1_805' title='bbox 1568 5487 1784 5550; x_wconf 70' lang='lat' dir='ltr'>contra</span> <span class='ocrx_word' id='word_1_806' title='bbox 1799 5490 1902 5546; x_wconf 65' lang='lat' dir='ltr'>hae-</span> 
     </span>
    </p>
   </div>
   <div class='ocr_carea' id='block_1_103' title="bbox 250 5559 906 5618">
    <p class='ocr_par' dir='ltr' id='par_1_103' title="bbox 250 5559 906 5618">
     <span class='ocr_line' id='line_1_103' title="bbox 250 5559 906 5618; baseline 0 0"><span class='ocrx_word' id='word_1_807' title='bbox 250 5561 440 5618; x_wconf 76' lang='lat' dir='ltr'>resim</span> <span class='ocrx_word' id='word_1_808' title='bbox 470 5559 906 5618; x_wconf 83' lang='lat' dir='ltr'>Gothesealohi.</span> 
     </span>
    </p>
   </div>
   <div class='ocr_carea' id='block_1_104' title="bbox 327 5632 1910 5709">
    <p class='ocr_par' dir='ltr' id='par_1_104' title="bbox 327 5632 1910 5709">
     <span class='ocr_line' id='line_1_104' title="bbox 327 5632 1910 5709; baseline 0.003 -21"><span class='ocrx_word' id='word_1_809' title='bbox 327 5633 406 5707; x_wconf 87' lang='lat' dir='ltr'>(b)</span> <span class='ocrx_word' id='word_1_810' title='bbox 439 5632 916 5706; x_wconf 81' lang='lat' dir='ltr'>Victor.,inverso</span> <span class='ocrx_word' id='word_1_811' title='bbox 948 5633 1223 5704; x_wconf 85' lang='lat' dir='ltr'>ordine,et</span> <span class='ocrx_word' id='word_1_812' title='bbox 1251 5636 1348 5709; x_wconf 77' lang='lat' dir='ltr'>qui</span> <span class='ocrx_word' id='word_1_813' title='bbox 1407 5634 1643 5704; x_wconf 75' lang='lat' dir='ltr'>cant,vel</span> <span class='ocrx_word' id='word_1_814' title='bbox 1662 5634 1910 5693; x_wconf 81' lang='lat' dir='ltr'>timeant:</span> 
     </span>
    </p>
   </div>
   <div class='ocr_carea' id='block_1_105' title="bbox 2028 4613 3673 4687">
    <p class='ocr_par' dir='ltr' id='par_1_105' title="bbox 2028 4613 3673 4687">
     <span class='ocr_line' id='line_1_105' title="bbox 2028 4613 3673 4687; baseline -0.003 -17"><span class='ocrx_word' id='word_1_815' title='bbox 2028 4631 2142 4687; x_wconf 91' lang='lat' dir='ltr'>quo</span> <span class='ocrx_word' id='word_1_816' title='bbox 2172 4619 2229 4670; x_wconf 90' lang='lat' dir='ltr'>et</span> <span class='ocrx_word' id='word_1_817' title='bbox 2255 4615 2311 4669; x_wconf 91' lang='lat' dir='ltr'>in</span> <span class='ocrx_word' id='word_1_818' title='bbox 2346 4613 2594 4670; x_wconf 87' lang='lat' dir='ltr'>Psalmis</span> <span class='ocrx_word' id='word_1_819' title='bbox 2626 4613 2842 4670; x_wconf 88' lang='lat' dir='ltr'>dicitur</span> <span class='ocrx_word' id='word_1_820' title='bbox 2871 4631 2886 4669; x_wconf 88' lang='lat'><strong>:</strong></span> <span class='ocrx_word' id='word_1_821' title='bbox 2921 4615 2983 4669; x_wconf 89' lang='lat' dir='ltr'>In</span> <span class='ocrx_word' id='word_1_822' title='bbox 3011 4615 3188 4685; x_wconf 86' lang='lat' dir='ltr'>capite</span> <span class='ocrx_word' id='word_1_823' title='bbox 3215 4613 3351 4668; x_wconf 80' lang='lat' dir='ltr'>libri</span> <span class='ocrx_word' id='word_1_824' title='bbox 3405 4620 3673 4682; x_wconf 76' lang='lat' dir='ltr'>scriptum</span> 
     </span>
    </p>
   </div>
   <div class='ocr_carea' id='block_1_106' title="bbox 2024 4698 3673 4775">
    <p class='ocr_par' dir='ltr' id='par_1_106' title="bbox 2024 4698 3673 4775">
     <span class='ocr_line' id='line_1_106' title="bbox 2024 4698 3673 4775; baseline -0.004 -17"><span class='ocrx_word' id='word_1_825' title='bbox 2024 4712 2104 4758; x_wconf 89' lang='lat' dir='ltr'>est</span> <span class='ocrx_word' id='word_1_826' title='bbox 2138 4703 2203 4758; x_wconf 87' lang='lat' dir='ltr'>de</span> <span class='ocrx_word' id='word_1_827' title='bbox 2235 4719 2319 4759; x_wconf 90' lang='lat' dir='ltr'>me</span> <span class='ocrx_word' id='word_1_828' title='bbox 2346 4703 2520 4775; x_wconf 86' lang='lat' dir='ltr'>(Psal,</span> <span class='ocrx_word' id='word_1_829' title='bbox 2551 4719 2743 4768; x_wconf 68' lang='grc' dir='ltr'><strong>χχχιχ,</strong></span> <span class='ocrx_word' id='word_1_830' title='bbox 2773 4703 2850 4773; x_wconf 88' lang='grc'><strong>8).</strong></span> <span class='ocrx_word' id='word_1_831' title='bbox 2883 4701 3223 4774; x_wconf 90' lang='lat' dir='ltr'>Capitulum</span> <span class='ocrx_word' id='word_1_832' title='bbox 3255 4701 3351 4756; x_wconf 73' lang='lat'><strong>27</strong></span> <span class='ocrx_word' id='word_1_833' title='bbox 3386 4698 3673 4768; x_wconf 72' lang='lat' dir='ltr'>intelliga-</span> 
     </span>
    </p>
   </div>
   <div class='ocr_carea' id='block_1_107' title="bbox 2027 4787 3669 4860">
    <p class='ocr_par' dir='ltr' id='par_1_107' title="bbox 2027 4787 3669 4860">
     <span class='ocr_line' id='line_1_107' title="bbox 2027 4787 3669 4860; baseline -0.004 -13"><span class='ocrx_word' id='word_1_834' title='bbox 2027 4808 2160 4847; x_wconf 89' lang='lat' dir='ltr'>mus</span> <span class='ocrx_word' id='word_1_835' title='bbox 2191 4791 2512 4848; x_wconf 83' lang='lat' dir='ltr'>exordium.</span> <span class='ocrx_word' id='word_1_836' title='bbox 2549 4791 2662 4847; x_wconf 85' lang='lat' dir='ltr'>lste</span> <span class='ocrx_word' id='word_1_837' title='bbox 2692 4790 2841 4846; x_wconf 90' lang='lat' dir='ltr'>liber</span> <span class='ocrx_word' id='word_1_838' title='bbox 2861 4791 3158 4847; x_wconf 87' lang='lat' dir='ltr'>involutus</span> <span class='ocrx_word' id='word_1_839' title='bbox 3182 4793 3357 4860; x_wconf 88' lang='lat' dir='ltr'>atque</span> <span class='ocrx_word' id='word_1_840' title='bbox 3377 4787 3669 4859; x_wconf 81' lang='lat' dir='ltr'>signatus,</span> 
     </span>
    </p>
   </div>
   <div class='ocr_carea' id='block_1_108' title="bbox 2027 4877 3673 4954">
    <p class='ocr_par' dir='ltr' id='par_1_108' title="bbox 2027 4877 3673 4954">
     <span class='ocr_line' id='line_1_108' title="bbox 2027 4877 3673 4954; baseline -0.004 -17"><span class='ocrx_word' id='word_1_841' title='bbox 2027 4881 2399 4954; x_wconf 78' lang='lat' dir='ltr'>scriptaeque</span> <span class='ocrx_word' id='word_1_842' title='bbox 2431 4881 2591 4936; x_wconf 91' lang='lat' dir='ltr'>intus</span> <span class='ocrx_word' id='word_1_843' title='bbox 2621 4885 2677 4936; x_wconf 91' lang='lat' dir='ltr'>et</span> <span class='ocrx_word' id='word_1_844' title='bbox 2705 4880 2865 4947; x_wconf 83' lang='lat' dir='ltr'>foris,</span> <span class='ocrx_word' id='word_1_845' title='bbox 2899 4879 2985 4934; x_wconf 91' lang='lat' dir='ltr'>vel</span> <span class='ocrx_word' id='word_1_846' title='bbox 3017 4883 3149 4934; x_wconf 89' lang='lat' dir='ltr'>ante</span> <span class='ocrx_word' id='word_1_847' title='bbox 3201 4882 3257 4933; x_wconf 85' lang='lat' dir='ltr'>et</span> <span class='ocrx_word' id='word_1_848' title='bbox 3301 4879 3463 4947; x_wconf 83' lang='lat' dir='ltr'>post,</span> <span class='ocrx_word' id='word_1_849' title='bbox 3492 4877 3673 4930; x_wconf 59' lang='lat' dir='ltr'>tanta</span> 
     </span>
    </p>
   </div>
   <div class='ocr_carea' id='block_1_109' title="bbox 2026 4962 3667 5040">
    <p class='ocr_par' dir='ltr' id='par_1_109' title="bbox 2026 4962 3667 5040">
     <span class='ocr_line' id='line_1_109' title="bbox 2026 4962 3667 5040; baseline -0.004 -15"><span class='ocrx_word' id='word_1_850' title='bbox 2026 4969 2393 5026; x_wconf 81' lang='lat' dir='ltr'>difficultatis</span> <span class='ocrx_word' id='word_1_851' title='bbox 2425 4970 2555 5036; x_wconf 85' lang='lat' dir='ltr'>fuit,</span> <span class='ocrx_word' id='word_1_852' title='bbox 2586 4973 2652 5024; x_wconf 91' lang='lat' dir='ltr'>ut</span> <span class='ocrx_word' id='word_1_853' title='bbox 2679 4968 2878 5024; x_wconf 88' lang='lat' dir='ltr'>nullus</span> <span class='ocrx_word' id='word_1_854' title='bbox 2909 4965 3160 5040; x_wconf 86' lang='lat' dir='ltr'>potuerit</span> <span class='ocrx_word' id='word_1_855' title='bbox 3186 4979 3378 5036; x_wconf 87' lang='lat' dir='ltr'>neque</span> <span class='ocrx_word' id='word_1_856' title='bbox 3408 4963 3470 5018; x_wconf 89' lang='lat' dir='ltr'>in</span> <span class='ocrx_word' id='word_1_857' title='bbox 3501 4962 3667 5032; x_wconf 76' lang='lat' dir='ltr'>ccslo,</span> 
     </span>
    </p>
   </div>
   <div class='ocr_carea' id='block_1_110' title="bbox 2025 5051 3666 5131">
    <p class='ocr_par' dir='ltr' id='par_1_110' title="bbox 2025 5051 3666 5131">
     <span class='ocr_line' id='line_1_110' title="bbox 2025 5051 3666 5131; baseline -0.004 -17"><span class='ocrx_word' id='word_1_858' title='bbox 2025 5075 2213 5131; x_wconf 89' lang='lat' dir='ltr'>neque</span> <span class='ocrx_word' id='word_1_859' title='bbox 2244 5058 2302 5113; x_wconf 89' lang='lat' dir='ltr'>in</span> <span class='ocrx_word' id='word_1_860' title='bbox 2333 5062 2508 5125; x_wconf 87' lang='lat' dir='ltr'>terra,</span> <span class='ocrx_word' id='word_1_861' title='bbox 2542 5075 2731 5130; x_wconf 89' lang='lat' dir='ltr'>neque</span> <span class='ocrx_word' id='word_1_862' title='bbox 2761 5057 2972 5114; x_wconf 87' lang='lat' dir='ltr'>subtus</span> <span class='ocrx_word' id='word_1_863' title='bbox 2992 5059 3208 5110; x_wconf 88' lang='lat' dir='ltr'>terram</span> <span class='ocrx_word' id='word_1_864' title='bbox 3242 5052 3467 5126; x_wconf 82' lang='lat' dir='ltr'>aperire</span> <span class='ocrx_word' id='word_1_865' title='bbox 3496 5051 3666 5108; x_wconf 87' lang='lat' dir='ltr'>illum</span> 
     </span>
    </p>
   </div>
   <div class='ocr_carea' id='block_1_111' title="bbox 2030 5137 3667 5220">
    <p class='ocr_par' dir='ltr' id='par_1_111' title="bbox 2030 5137 3667 5220">
     <span class='ocr_line' id='line_1_111' title="bbox 2030 5137 3667 5220; baseline -0.005 -17"><span class='ocrx_word' id='word_1_866' title='bbox 2030 5152 2087 5203; x_wconf 92' lang='lat' dir='ltr'>et</span> <span class='ocrx_word' id='word_1_867' title='bbox 2114 5146 2305 5220; x_wconf 87' lang='lat' dir='ltr'>legere</span> <span class='ocrx_word' id='word_1_868' title='bbox 2336 5145 2450 5202; x_wconf 90' lang='lat' dir='ltr'>nisi</span> <span class='ocrx_word' id='word_1_869' title='bbox 2481 5147 2644 5204; x_wconf 89' lang='lat' dir='ltr'>solus</span> <span class='ocrx_word' id='word_1_870' title='bbox 2674 5145 2761 5201; x_wconf 90' lang='lat' dir='ltr'>leo</span> <span class='ocrx_word' id='word_1_871' title='bbox 2791 5145 2862 5199; x_wconf 91' lang='lat' dir='ltr'>de</span> <span class='ocrx_word' id='word_1_872' title='bbox 2885 5143 3042 5199; x_wconf 88' lang='lat' dir='ltr'>tribu</span> <span class='ocrx_word' id='word_1_873' title='bbox 3072 5141 3248 5212; x_wconf 89' lang='lat' dir='ltr'>Juda,</span> <span class='ocrx_word' id='word_1_874' title='bbox 3282 5142 3447 5199; x_wconf 86' lang='lat' dir='ltr'>radix</span> <span class='ocrx_word' id='word_1_875' title='bbox 3482 5137 3667 5199; x_wconf 85' lang='lat' dir='ltr'>David</span> 
     </span>
    </p>
   </div>
   <div class='ocr_carea' id='block_1_112' title="bbox 2025 5392 3673 5490">
    <p class='ocr_par' dir='ltr' id='par_1_112' title="bbox 2025 5392 3673 5490">
     <span class='ocr_line' id='line_1_112' title="bbox 2025 5392 3673 5490; baseline -0.009 -16"><span class='ocrx_word' id='word_1_876' title='bbox 2025 5416 2180 5490; x_wconf 89' lang='lat' dir='ltr'>quod</span> <span class='ocrx_word' id='word_1_877' title='bbox 2209 5413 2364 5472; x_wconf 87' lang='lat' dir='ltr'>enim</span> <span class='ocrx_word' id='word_1_878' title='bbox 2397 5409 2784 5490; x_wconf 61' lang='lat' dir='ltr'>aitﬂebmioe</span> <span class='ocrx_word' id='word_1_879' title='bbox 2813 5413 2902 5466; x_wconf 85' lang='lat' dir='ltr'>est</span> <span class='ocrx_word' id='word_1_880' title='bbox 2953 5392 3141 5490; x_wconf 55' lang='grc' dir='ltr'>ᾔτηη,</span> <span class='ocrx_word' id='word_1_881' title='bbox 3194 5407 3436 5490; x_wconf 48' lang='grc' dir='ltr'>Δᾙὶεθινοτξ.</span> <span class='ocrx_word' id='word_1_882' title='bbox 3493 5404 3673 5490; x_wconf 58' lang='grc' dir='ltr'>χθνιὶι</span> 
     </span>
    </p>
   </div>
   <div class='ocr_carea' id='block_1_113' title="bbox 2058 5477 3670 5566">
    <p class='ocr_par' dir='ltr' id='par_1_113' title="bbox 2058 5477 3670 5566">
     <span class='ocr_line' id='line_1_113' title="bbox 2058 5477 3670 5566; baseline -0.009 -20"><span class='ocrx_word' id='word_1_883' title='bbox 2058 5484 2355 5566; x_wconf 56' lang='grc' dir='ltr'>υἰεδονηιξ</span> <span class='ocrx_word' id='word_1_884' title='bbox 2407 5484 2569 5566; x_wconf 68' lang='lat' dir='ltr'>LXX,</span> <span class='ocrx_word' id='word_1_885' title='bbox 2615 5499 2748 5566; x_wconf 74' lang='lat' dir='ltr'>vero</span> <span class='ocrx_word' id='word_1_886' title='bbox 2804 5477 3138 5566; x_wconf 44' lang='lat' dir='ltr'>premam,</span> <span class='ocrx_word' id='word_1_887' title='bbox 3185 5484 3444 5566; x_wconf 46' lang='lat' dir='ltr'>timeant:</span> <span class='ocrx_word' id='word_1_888' title='bbox 3493 5477 3670 5566; x_wconf 55' lang='lat' dir='ltr'>Porrg</span> 
     </span>
    </p>
   </div>
   <div class='ocr_carea' id='block_1_114' title="bbox 2025 5547 3668 5701">
    <p class='ocr_par' dir='ltr' id='par_1_114' title="bbox 2025 5547 3668 5701">
     <span class='ocr_line' id='line_1_114' title="bbox 2025 5547 3668 5636; baseline -0.003 -16"><span class='ocrx_word' id='word_1_889' title='bbox 2025 5547 3094 5636; x_wconf 78' lang='lat' dir='ltr'>Hieronymiauaminterpretationem</span> <span class='ocrx_word' id='word_1_890' title='bbox 3106 5547 3668 5633; x_wconf 71' lang='lat' dir='ltr'>Septuagintevirall</span> 
     </span>
     <span class='ocr_line' id='line_1_115' title="bbox 2025 5626 2834 5701; baseline -0.006 -10"><span class='ocrx_word' id='word_1_891' title='bbox 2025 5632 2302 5691; x_wconf 78' lang='lat' dir='ltr'>continuo</span> <span class='ocrx_word' id='word_1_892' title='bbox 2324 5627 2465 5684; x_wconf 79' lang='lat' dir='ltr'>facit</span> <span class='ocrx_word' id='word_1_893' title='bbox 2491 5626 2834 5701; x_wconf 70' lang='lat' dir='ltr'>praecedere.</span> 
     </span>
    </p>
   </div>
  </div>
