4020 6186
349 306 426 367 35
1574 303 1638 363 S.
1686 296 1997 364 EUSEBII
2041 300 2509 366 HIERONYMI.
3672 306 3750 368 86

355 441 412 493 et
437 437 623 506 Jesse,
656 451 830 508 quem
859 433 1115 491 Joannes
1151 435 1207 490 in
1239 433 1586 508 Apocalypsi
1606 435 1912 490 devorasse
1932 450 1994 491 se
2023 441 2078 502 Α
2107 437 2322 508 eloquia
2354 446 2467 508 tua,
2497 453 2668 508 super
2695 437 2802 492 mel
2830 439 2916 494 ori
2961 454 3078 494 meo
3125 438 3296 509 (Psal.
3351 455 3550 502 cxvm,
3601 437 3748 510 103).

355 525 500 580 dixit
528 526 710 596 (Apoc.
745 526 819 594 v),
853 520 966 579 non
995 528 1202 594 totum,
1236 527 1336 579 sed
1381 524 1441 578 in
1474 523 1748 594 capitulo,
1785 523 1841 577 id
1889 528 1996 592 est,

354 615 414 669 in
447 614 752 685 principio.
787 613 982 684 Neque
1007 612 1163 667 enim
1207 612 1332 667 fieri
1383 617 1593 684 potest,
1636 616 1701 666 ut
1739 611 2000 666 humana

355 709 568 758 natura
587 706 740 756 totos
767 700 897 755 libri
929 700 1110 772 hujus
1139 700 1449 756 thesauros
1483 701 1735 755 devoret.
1790 700 1856 754 Et
1900 716 1996 754 ex-

351 791 557 862 pandit
588 788 754 844 illum
785 806 980 844 coram
1015 789 1316 861 propheta,
1349 794 1407 844 et
1437 787 1747 860 legendum
1780 804 1995 859 cogno-

349 879 750 948 scendumque
783 877 1051 948 praebuit,
1082 877 1182 948 qui
1218 877 1276 932 in
1310 876 1460 932 Isaia
1487 875 1701 947 populo
1733 892 1846 930 non
1879 892 1996 930 cre-

347 965 506 1021 denti
538 965 753 1020 dicitur
780 981 908 1020 esse
939 965 1208 1037 signatus
1240 965 1376 1036 (Isai
1399 965 1576 1036 xxxx).
1602 964 1796 1036 Usque
1823 964 1995 1020 hodie

346 1055 504 1110 enim
534 1053 794 1109 velamen
825 1053 1045 1109 Judzeis
1075 1054 1135 1109 in
1162 1054 1339 1109 veteri
1383 1053 1640 1125 positum
1673 1058 1763 1108 est
1791 1054 1992 1108 Testa-

346 1148 564 1199 mento.
599 1143 980 1214 Scriptusque
1009 1147 1133 1197 erat
1164 1147 1299 1197 ante
1329 1147 1386 1197 et
1434 1146 1586 1198 retro
1621 1160 1634 1210 ;
1664 1142 1735 1196 de
1781 1141 1993 1196 futuris

341 1237 401 1287 et
425 1233 497 1286 de
529 1231 854 1302 praeteritis.
889 1230 988 1285 Vel
1021 1236 1176 1286 certe
1199 1230 1361 1298 foris,
1397 1231 1455 1285 in
1491 1229 1742 1286 historiae
1774 1229 1988 1296 littera,

343 1319 524 1387 intus,
560 1318 947 1390 intelligentia
977 1318 1291 1390 spirituali,
1325 1319 1397 1374 de
1421 1336 1537 1389 qua
1566 1323 1624 1372 et
1650 1317 1986 1373 Psalmista:

347 1409 553 1473 Omnis,
588 1407 800 1478 inquit,
831 1409 1011 1478 gloria
1026 1408 1166 1477 ﬁlix
1197 1408 1341 1476 regis
1373 1408 1440 1461 ab
1469 1409 1618 1462 intus
1647 1407 1814 1476 (Psal.
1838 1423 1986 1462 xuv.

347 1498 454 1567 14).
489 1495 846 1566 Scriptaaque
876 1499 1045 1550 erant
1075 1495 1132 1549 in
1169 1511 1234 1551 eo
1268 1501 1387 1550 tam
1421 1496 1580 1551 intus
1625 1513 1804 1567 quam
1849 1493 1988 1550 toris

343 1584 810 1650 lamentationes,
845 1593 896 1640 el
928 1600 1187 1652 carmen,
1219 1590 1276 1638 et
1304 1601 1405 1638 vis.
1437 1584 1991 1648 Lamentationes,et

340 1671 412 1727 de
442 1671 535 1725 his
567 1671 665 1741 qui
698 1671 770 1726 ad
798 1670 1201 1742 paenitentiam
1234 1675 1645 1742 provocantur,
1678 1671 1831 1726 sicut
1877 1671 1983 1726 Sa-

337 1757 495 1814 muel
524 1764 583 1814 et
610 1757 921 1829 Apostolus
951 1758 1169 1814 Paulus
1199 1759 1558 1832 plangebant
1591 1765 1770 1830 atque
1816 1759 1984 1831 luge-

341 1849 483 1903 bant
511 1846 650 1902 Saul
701 1852 759 1903 et
805 1847 1154 1912 Corinthios,
1212 1864 1360 1918 quos
1409 1848 1634 1903 salvere
1673 1848 1990 1919 cupiebant

339 1935 411 2007 (ll
442 1942 581 1990 Par.
613 1952 707 1990 xvx
743 1961 756 2002 ;
789 1936 835 1990 Il
867 1937 1120 2005 Comm).
1144 1935 1389 1990 Carmen
1412 1952 1590 2008 super
1614 1935 1728 2007 his,
1763 1936 1863 2008 qui
1885 1935 1987 1990 Dei

339 2024 501 2096 digni
534 2031 674 2079 sunt
703 2023 1125 2094 testimonio,et
1153 2023 1369 2095 quibus
1396 2025 1705 2080 Psalmista
1724 2024 1986 2096 praecipit

340 2115 571 2169 Cantate
600 2115 831 2169 Domino
863 2113 1141 2169 canticum
1171 2129 1369 2168 novum
1398 2113 1569 2184 (Psal.
1592 2129 1699 2167 xcv
1727 2119 1783 2169 et
1813 2130 1984 2179 xcvn,

342 2201 415 2272 1).
447 2202 626 2257 Porro
654 2218 735 2256 ves
767 2217 944 2272 super
989 2199 1104 2256 illis
1155 2200 1256 2272 qui
1301 2200 1533 2273 penitus
1576 2201 1983 2272 desperantur,

337 2295 553 2346 etcum
585 2289 848 2345 venerint
891 2289 950 2343 in
982 2289 1337 2361 profundum
1391 2292 1784 2360 peccatorum,
1841 2305 1978 2345 con-

336 2382 610 2434 temnunt
639 2381 830 2450 (Prov.
865 2379 1046 2449 XVIII).

408 2467 568 2538 (Cap.
604 2469 698 2523 Ill.
731 2497 798 2508 —-
827 2466 992 2522 Vers.
1029 2467 1106 2535 1.)
1155 2465 1379 2522 Comede
1436 2467 1686 2522 volumen
1741 2467 1902 2533 istud,
1934 2475 1985 2522 et

337 2557 470 2612 vade
500 2555 692 2628 (Vulg.
757 2555 997 2626 vadens],
1040 2556 1258 2625 loquere
1301 2557 1436 2626 filiis
1479 2555 1672 2628 (Vulg.
1703 2556 1774 2611 ad
1819 2557 1984 2626 ﬁlios)

337 2647 531 2702 Israel.
565 2645 687 2700 Nisi
717 2650 852 2700 ante
895 2644 1323 2700 comederimus
1367 2650 1635 2715 apertum
1685 2644 1980 2715 volumen,

338 2735 544 2790 docere
568 2751 685 2788 non
716 2749 1036 2806 possumus
1056 2733 1208 2788 filios
1227 2731 1425 2788 Israel.
1451 2733 1711 2804 Denique
1727 2739 1783 2788 et
1803 2733 1979 2788 David

338 2827 650 2894 postquam
681 2822 807 2893 ipse
839 2821 1305 2876 misericordiam
1340 2827 1690 2877 consecutus
1722 2827 1807 2877 est
1842 2840 1855 2876 :
1888 2823 1988 2876 Do-

335 2911 480 2982 cebo,
509 2911 720 2981 inquit,
750 2911 965 2982 iniquos
994 2911 1110 2964 vias
1141 2913 1265 2965 tuas
1295 2919 1345 2965 et
1375 2911 1538 2981 impii
1569 2909 1640 2965 ad
1686 2919 1735 2966 te
1761 2927 1982 2967 conver-

336 3003 520 3056 tentur
558 3000 728 3069 (Psal.
767 3017 802 3063 ι,
837 3000 948 3066 15),

407 3087 549 3143 Vers
576 3088 656 3158 2.)
687 3088 750 3142 Et
781 3089 978 3159 aperui
1035 3104 1094 3144 os
1131 3105 1314 3142 meum
1358 3095 1411 3143 et
1456 3088 1662 3142 cibavit
1715 3103 1802 3142 me
1826 3087 1978 3142 volu-

2107 529 2174 579 Et
2204 526 2339 579 alibi
2376 543 2388 580 :
2421 527 2649 584 Judicia
2669 529 2888 581 Domini
2909 543 3055 592 vera,
3090 528 3166 598 (a)
3187 527 3571 582 desiderabilia
3588 543 3751 598 super

2105 631 2307 668 aurum
2334 620 2386 669 et
2417 615 2653 685 lapidem
2672 618 2969 685 pretiosum
3000 619 3237 670 mullum
3263 632 3285 675 ,'
3313 620 3362 670 et
3392 615 3639 671 dulciora
3662 631 3750 669 su-

2100 718 2200 771 per
2227 703 2335 757 mel
2364 711 2414 757 et
2440 706 2628 772 favum
2657 704 2828 772 (Psal,
2862 721 3019 768 xvut,
3073 705 3158 770 10,
3219 706 3328 774 11).
3376 704 3446 758 Et
3495 704 3745 758 Samson

2107 790 2295 845 favum
2330 790 2520 846 mellis
2552 793 2610 845 in
2638 808 2735 846 ore
2765 790 2950 846 leonis
2980 792 3198 848 invenit
3247 793 3448 861 (Judic,
3498 791 3613 862 xw)
3647 809 3659 858 ;
3691 797 3749 847 et

2104 877 2389 935 Dominus
2425 885 2554 951 post
2593 880 3074 935 resurrectionem
3125 887 3347 952 partem
3402 879 3519 934 assi
3567 880 3746 950 piscis

2102 968 2357 1022 comedit
2385 973 2442 1023 et
2472 968 2667 1022 favum
2699 969 2851 1040 (Luc.
2887 970 2971 1039 ιι).
3005 969 3072 1022 Et
3103 968 3158 1022 in
3191 968 3510 1024 Proverbiis
3541 969 3612 1023 de
3639 983 3747 1039 ape

2054 1062 2060 1065 '
2103 1055 2319 1110 dicitur
2348 1073 2707 1127 quamquam
2739 1057 2849 1112 hoc
2881 1057 3119 1111 Hebraea
3148 1073 3258 1111 non
3283 1057 3744 1112 habeantexom-

2100 1143 2286 1214 plaria
2320 1161 2332 1198 :
2377 1145 2512 1200 Vade
2536 1146 2605 1199 ad
2633 1162 2789 1215 apem
2818 1155 2866 1200 et
2887 1147 3035 1200 disce
3059 1146 3320 1215 quomodo
3336 1148 3621 1215 operalria:
3647 1146 3742 1212 sit,

2099 1241 2151 1287 et
2175 1249 2304 1304 opus
2331 1249 2489 1288 suum
2511 1238 2723 1288 castum
2751 1236 2930 1299 faciat
2963 1251 2975 1288 :
3007 1235 3163 1300 cuius
3193 1234 3483 1288 laboribms
3513 1249 3660 1304 reges
3692 1241 3744 1288 et

2097 1322 2350 1392 imperiti
2372 1338 2474 1393 pro
2494 1324 2734 1377 sanitate
2761 1322 3064 1376 abutuntur
3089 1323 3271 1390 (Prov.
3304 1339 3380 1376 vr.
3413 1321 3741 1392 8,sec.LXX)

2099 1410 2250 1480 quod
2285 1410 2504 1482 operati
2539 1414 2678 1465 sunt
2708 1410 2934 1482 Moyses
2964 1415 3020 1466 et
3051 1410 3364 1482 prophetae,
3395 1413 3452 1465 et
3499 1425 3743 1480 evange-

2097 1496 2347 1566 listae,et
2374 1498 2619 1570 apostoli
2661 1517 2674 1566 ;
2709 1504 2774 1554 ut
2820 1499 3156 1570 quicunque
3200 1515 3296 1554 rex
3341 1500 3521 1566 fieret,
3574 1499 3744 1568 cujus

2098 1603 2198 1643 cor
2229 1587 2286 1640 in
2320 1603 2496 1642 manu
2527 1587 2624 1642 Dei
2657 1593 2766 1653 est,
2799 1587 3069 1642 dulcibus
3124 1588 3350 1642 fruatur
3408 1585 3573 1640 cibis.
3635 1583 3743 1648 Qui

2096 1692 2232 1731 vero
2264 1674 2511 1746 simplex
2541 1681 2598 1732 et
2627 1676 2850 1747 absque
2881 1675 3167 1747 serpentis
3197 1675 3417 1731 astutia
3447 1674 3627 1729 habet
3655 1674 3743 1728 in-

2101 1763 2430 1820 nocentiam
2463 1762 2890 1833 columbarum,
2919 1763 3169 1834 simplici
3204 1763 3318 1818 fide
3347 1763 3545 1818 credat
3571 1767 3744 1833 atque

2099 1851 2386 1910 salvetur:
2414 1852 2552 1923 quia
2572 1853 2788 1923 ubique
2812 1852 3036 1907 insidia":
3060 1856 3279 1922 sunt,et
3304 1868 3452 1923 saepe
3473 1849 3740 1906 diabolus

2096 1942 2481 2012 transﬁgurat
2507 1957 2569 1997 se
2593 1941 2650 1995 in
2670 1940 2943 2012 angelum
2978 1939 3124 1996 lucis
3149 1941 3222 2010 (Il
3243 1940 3474 2011 Con"):
3509 1938 3742 2010 meique

2097 2029 2347 2086 distillat
2375 2030 2446 2084 de
2474 2029 2645 2084 labiis
2677 2029 2939 2084 mulieris
2971 2027 3518 2096 meretricis,dulcia
3548 2043 3742 2099 repro-

2097 2119 2337 2174 mittens
2354 2123 2419 2174 ut
2449 2133 2670 2173 venena
2700 2119 3008 2174 interserat
3035 2118 3220 2188 (Prov,
3252 2117 3330 2189 v),

2166 2207 2355 2278 (Vers,
2386 2206 2466 2276 5.)
2500 2209 2562 2262 Et
2589 2205 2734 2262 dixit
2765 2206 2835 2261 ad
2854 2222 2938 2262 me
2966 2227 2987 2274 ,-
3017 2207 3127 2261 Fili
3181 2206 3440 2274 hominis,
3498 2204 3633 2260 vade
3687 2209 3739 2260 et

2099 2296 2392 2369 ingredere
2421 2295 2504 2365 (in
2533 2293 2703 2366 Vulg.
2738 2311 2852 2350 non
2874 2300 2964 2350 est
3005 2298 3062 2350 et
3092 2294 3394 2365 ingredere)
3416 2294 3492 2349 ad
3518 2293 3740 2348 domum

2094 2385 2336 2451 Israel,et
2367 2385 2604 2456 loqueris
2633 2384 2799 2438 verba
2830 2399 2950 2438 mea
2971 2383 3044 2438 ad
3071 2399 3175 2440 eos.
3203 2383 3308 2438 Cui
3331 2381 3542 2437 dicitur
3573 2381 3741 2437 :Vade

2093 2478 2146 2528 et
2177 2473 2456 2543 ingredere
2486 2472 2555 2526 ad
2583 2474 2803 2527 domum
2834 2472 3021 2537 Israel,
3047 2471 3378 2526 ostenditur
3407 2487 3522 2525 non
3559 2469 3741 2526 fuisse

2093 2579 2229 2618 cum
2260 2560 2474 2634 populo
2507 2565 2805 2632 peccatore
2841 2578 2854 2626 ;
2889 2559 3021 2615 licet
3073 2560 3130 2614 in
3179 2559 3396 2614 eisdem
3449 2557 3742 2613 videretur

2098 2667 2276 2722 super
2305 2653 2521 2704 ﬂumen
2553 2649 3018 2703 Chobarﬁnibus
3039 2646 3407 2702 commorari.
3442 2645 3738 2717 Scriptum

2091 2743 2182 2794 est
2199 2738 2375 2793 enim:
2401 2739 2462 2791 Et
2483 2753 2579 2805 ego
2600 2753 2754 2790 eram
2775 2738 2831 2790 in
2854 2735 3029 2790 medio
3051 2735 3551 2803 transmigrationis
3568 2735 3740 2803 jua'ta

2089 2829 2292 2898 ﬂumen
2326 2825 2554 2880 Chobar.
2590 2825 2868 2895 Separata
2898 2823 3054 2878 enim
3090 2827 3214 2876 erat
3260 2821 3551 2894 propheta:
3599 2837 3738 2876 con-

2091 2915 2364 2981 versatio,
2395 2920 2452 2968 et
2483 2913 2821 2983 iniquorum
2853 2912 3256 2967 offendebatur
3301 2915 3563 2982 aspectu.
3619 2909 3736 2965 Hoc

2098 3004 2253 3058 idem
2287 3002 2534 3057 faciebat
2561 3007 2617 3055 et
2641 3005 2863 3072 Moyses
2885 2999 3076 3070 (Exod.
3109 3015 3285 3054 χχχιιι
3346 2999 3384 3069 ),
3444 2997 3644 3070 procul
3700 3013 3736 3053 α

2091 3092 2302 3148 castris
2327 3088 2726 3145 multitudinis
2751 3090 2935 3160 ﬁgens
2954 3087 3394 3143 tabernaculum
3421 3104 3433 3142 :
3463 3087 3562 3142 29
3582 3086 3736 3158 quod

338 3178 488 3234 mine
514 3177 633 3232 illo.
665 3177 728 3231 Et
755 3176 899 3232 dixit
928 3176 998 3230 ad
1029 3193 1112 3232 me
1140 3194 1158 3230 :
1190 3177 1298 3231 1νίιί
1320 3176 1581 3231 hominis.
1615 3177 1753 3249 Ego,
1788 3177 1980 3248 inquit
2009 3160 2052 3226 (ἶ
2089 3198 2224 3237 cum
2259 3180 2465 3234 luisset
2493 3176 3210 3250 ingressus,descendebat
3230 3175 3504 3231 columna
3537 3175 3730 3240 nubis,

339 3266 538 3340 aperui
572 3282 637 3320 os
670 3281 890 3330 meum,
922 3265 1062 3336 quia
1119 3265 1260 3320 mihi
1297 3265 1520 3320 dictum
1572 3269 1660 3320 est
1692 3265 1895 3334 :Aperi
1921 3281 1980 3320 os

337 3359 572 3421 tuum,et
597 3353 828 3410 comede.
864 3355 1156 3425 Et,aperto
1187 3355 1594 3421 ore,l)ominus
1626 3353 1870 3426 largitus
1893 3357 1982 3410 est

339 3445 536 3513 cibos;
572 3448 635 3498 ut
665 3443 832 3498 initia
861 3441 1184 3498 voluntatis
1213 3443 1272 3497 in
1308 3443 1477 3498 nobis
1507 3442 1646 3509 sint,
1681 3446 1739 3497 et
1767 3441 1982 3513 perfec-

336 3535 552 3589 tionem
578 3531 958 3587 beatitudinis
983 3549 1016 3588 a
1036 3531 1284 3587 Domino
1309 3532 1883 3602 consequamur.Non
1901 3534 1983 3584 est

335 3624 486 3677 enim
514 3621 742 3676 volentis
766 3635 940 3691 neque
969 3617 1356 3689 currentis,sed
1372 3619 1686 3672 miserentis
1704 3619 1810 3672 Dei
1828 3617 1982 3687 (Rom

339 3728 414 3779 ιι,
451 3710 558 3782 16).
587 3711 856 3764 Attamen
889 3712 944 3763 et
970 3707 1116 3762 velle
1146 3711 1201 3761 et
1227 3722 1478 3774 currere,
1532 3705 1714 3760 nostri
1754 3705 1978 3760 arbitrii

335 3805 442 3856 est.
474 3803 584 3854 Pro
615 3796 1217 3870 aperui.Septuaginta
1247 3793 1692 3864 transtulerunt,
1737 3795 1978 3866 aperuit,

339 3893 404 3943 ut
433 3888 532 3944 28
565 3886 952 3942 subaudiatur
982 3891 1134 3941 Deus
1167 3902 1179 3940 :
1213 3884 1353 3957 quia
1381 3883 1507 3956 ipse
1557 3888 1614 3938 et
1658 3881 1883 3956 aperuit
1915 3899 1979 3938 os

341 3976 636 4050 propheta:
660 3980 716 4031 et
746 3975 959 4030 cibavit
989 3991 1144 4029 eum.

408 4065 553 4121 Vers
582 4066 661 4137 3.)
695 4065 886 4119 Venter
911 4069 1043 4116 tuus
1070 4062 1306 4118 comedet
1339 4077 1352 4115 :
1377 4066 1431 4115 et
1471 4063 1681 4116 viscera
1713 4068 1808 4114 tua
1836 4075 1978 4114 com-

336 4155 635 4223 plebantur
663 4153 938 4208 volumine
966 4151 1063 4206 illo
1093 4149 1232 4220 quod
1273 4165 1368 4219 ego
1397 4148 1463 4202 do
1518 4150 1644 4204 tibi.
1696 4148 1837 4202 LXX
1863 4165 1882 4201 :
1914 4146 1981 4202 0s

337 4247 496 4300 tuum
523 4242 758 4299 comedet
788 4254 838 4295 et
869 4247 1055 4295 venter
1077 4243 1202 4292 tuus
1244 4236 1562 4308 implebitur
1589 4237 1828 4308 capitqu
1883 4237 1982 4292 isto

341 4335 444 4389 tibi
471 4333 614 4388 dato.
644 4328 934 4400 Principio
965 4326 1251 4394 lectionis,
1282 4330 1340 4381 et
1371 4324 1660 4396 simplicis
1700 4325 1978 4390 historiis,

340 4439 476 4480 esus
506 4417 820 4475 voluminis
849 4421 958 4472 est.
995 4415 1236 4480 Quando
1266 4431 1396 4469 vero
1447 4413 1689 4469 assidua
1736 4413 1983 4470 medita-

2092 3277 2148 3325 et
2178 3269 2372 3324 stabat
2400 3272 2534 3322 ante
2563 3267 2780 3322 ostium
2811 3265 3194 3320 tabernaculi.

2161 3358 2348 3429 [νει-ε.
2379 3357 2434 3424 5,
2467 3355 2548 3426 6.)
2581 3356 2693 3410 Non
2726 3356 2877 3409 enim
2905 3354 2976 3408 ad
3003 3353 3266 3425 populum
3311 3351 3588 3424 pro/undi
3619 3369 3737 3408 ser-

2085 3449 2286 3511 monis,
2317 3455 2368 3500 et
2397 3445 2646 3514 difﬁcilis
2676 3443 2868 3514 (Vulg.
2903 3445 3128 3513 ignotae)
3148 3443 3357 3512 lingua:
3384 3451 3444 3496 tu
3471 3443 3735 3508 mitteris,

2087 3535 2156 3590 ad
2169 3534 2388 3589 domum
2414 3534 2596 3588 Israel.
2626 3548 2800 3604 neque
2818 3531 2889 3585 ad
2904 3532 3129 3602 populos
3147 3530 3456 3601 multos,(b)
3487 3535 3542 3586 et
3564 3531 3740 3599 ignoti

2085 3625 2354 3679 sermonis
2381 3638 2614 3694 quorum
2640 3637 2751 3676 non
2772 3621 2946 3691 possis
2977 3619 3169 3675 audtre
3226 3635 3558 3675 sermonem.
3592 3619 3657 3673 Et
3683 3621 3736 3674 si

2086 3711 2157 3766 ad
2189 3712 2312 3766 illos
2341 3713 2614 3766 mitterem
2644 3717 2711 3775 te,
2745 3709 2854 3779 ipsi
2881 3708 3134 3762 audirent
3162 3706 3522 3770 te.Quoniam
3554 3705 3728 3761 illiad

2086 3804 2142 3855 te
2172 3799 2380 3854 nolunt
2410 3797 2622 3867 venire,
2655 3802 2716 3852 tu
2750 3812 2922 3869 perge
2953 3796 3025 3851 ad
3056 3812 3174 3851 eos.
3201 3796 3318 3850 Non
3361 3797 3510 3850 enim
3533 3794 3733 3851 habent

2086 3890 2212 3943 sani
2240 3904 2372 3959 opus
2403 3886 2631 3950 medico,
2655 3885 2746 3940 sed
2798 3885 2945 3940 male
2991 3885 3247 3940 habentes
3307 3885 3457 3955 (Luc.
3499 3900 3552 3950 v,
3611 3883 3724 3954 31).

2087 3977 2288 4048 Neque
2317 3981 2482 4046 potes
2510 3975 2722 4029 dicere:
2760 3974 2879 4028 Non
2914 3990 3153 4045 possum
3178 3973 3426 4044 loquiad
3459 3971 3726 4042 eos,quia

2087 4065 2298 4136 linguae
2313 4063 2557 4118 alterius
2572 4067 2791 4127 sunt,et
2807 4061 3052 4117 invicem
3080 4062 3248 4117 nobis
3273 4061 3502 4116 barbari
3527 4077 3736 4117 sumus

2090 4169 2195 4208 nec
2228 4157 2500 4208 mutuum
2552 4167 2870 4223 possumus
2929 4150 3135 4205 audire
3181 4165 3534 4204 sermonem.
3583 4148 3732 4211 Quid

2088 4241 2296 4313 loquar
2325 4241 2394 4296 de
2422 4257 2538 4296 uno
2569 4238 2784 4312 populo
2813 4239 2841 4294 ‘I
2871 4239 2931 4294 Si
2963 4239 3035 4294 ad
3067 4238 3323 4294 diversas
3353 4241 3410 4291 te
3438 4237 3730 4291 mitterem

2091 4330 2377 4397 nationes,
2410 4333 2603 4383 tamen
2638 4328 2954 4384 auctoritas
2985 4335 3041 4382 et
3066 4325 3322 4398 potentia
3356 4341 3485 4380 mea
3500 4340 3735 4380 omnem

2093 4417 2496 4473 difﬁcultatem
2529 4416 2797 4472 vinceret.
2828 4419 3013 4487 Atque
3043 4415 3264 4471 utinam
3298 4419 3532 4484 tempus
3562 4413 3744 4468 insta-

341 4511 496 4566 tione
527 4509 584 4562 in
619 4505 911 4561 memorias
943 4503 1220 4559 thesauro
1251 4502 1469 4558 librum
1501 4502 1734 4558 Domini
1775 4502 1982 4558 condi-
2016 4522 2061 4586 D
2094 4511 2200 4574 ret,
2233 4507 2386 4578 quod
2420 4507 2489 4562 ad
2522 4523 2726 4562 omnes
2757 4504 3049 4560 missurus
3080 4519 3211 4559 sum
3237 4502 3523 4572 nationes,
3548 4517 3661 4572 quo
3686 4505 3743 4557 et

343 4597 624 4664 derimus,
659 4592 937 4664 impletur
966 4591 1350 4667 spiritualiter
1398 4596 1596 4648 venter
1656 4596 1872 4659 noster,
1930 4597 1988 4648 et

344 4688 685 4741 saturantur
703 4683 1017 4752 viscera,ut
1039 4681 1362 4736 habeamus
1381 4696 1514 4735 cum
1526 4679 1789 4752 apostolo
1813 4680 1992 4737 Paulo

344 4774 566 4829 viscera
594 4769 1006 4826 misericordiae
1039 4771 1262 4840 (Coloss.
1297 4772 1407 4837 ιιι),
1433 4774 1490 4824 et
1532 4767 1845 4840 impleatur
1893 4768 1992 4825 ille

346 4866 562 4928 venter,
597 4862 668 4916 de
698 4875 814 4930 quo
834 4858 1118 4914 Jeremias
1149 4857 1410 4928 loquitur
1447 4874 1460 4912 :
1503 4858 1750 4912 Ventrem
1789 4874 1990 4926 meum,

347 4959 594 5007 ventrem
621 4966 801 5004 meum
827 4963 920 5020 ego
945 4946 1096 5002 doleo
1125 4963 1142 4999 :
1173 4954 1225 5001 et
1240 4962 1431 5001 sensus
1450 4945 1628 5000 cordis
1648 4948 1756 5002 mei
1774 4955 1993 5002 contur-

350 5040 478 5096 bant
507 5054 594 5094 me
621 5038 837 5108 (Jerem.
870 5053 944 5097 ιν,
979 5037 1087 5103 19).

422 5129 484 5183 Et
511 5125 717 5182 comedi
738 5125 882 5180 illud
904 5132 954 5180 et
980 5125 1188 5195 factum
1214 5130 1295 5178 est
1327 5125 1386 5178 in
1441 5139 1536 5180 ore
1572 5139 1689 5180 meo
1717 5125 1856 5179 sicut
1885 5125 1995 5180 mel

348 5217 519 5274 dulce.
558 5213 834 5286 Loquitur
862 5218 920 5268 et
948 5212 1128 5268 David
1163 5230 1176 5268 :
1211 5213 1382 5281 Quam
1411 5212 1595 5268 dulcia
1625 5214 1838 5283 gutturi
1877 5227 1994 5268 meo

423 5394 501 5465 (a)
533 5390 831 5447 Interserit
859 5390 1076 5455 Victor,
1122 5390 1429 5462 jnstiﬁcata
1474 5393 1532 5446 in
1568 5391 1874 5460 semetipsa,
1928 5404 1996 5445 ex

355 5465 787 5538 psalm‘idtextu.

427 5537 503 5607 (Ii)
539 5533 870 5607 Victorqex
896 5532 1130 5607 Hebraeo
1163 5537 1218 5587 et
1253 5534 1497 5606 Vulgata
1520 5533 1850 5607 Hieronymi
1883 5532 1998 5588 edi-

352 5604 530 5681 tione,
562 5605 818 5666 restituit
843 5604 913 5662 ad
938 5607 1164 5680 populos
1187 5604 1391 5665 multos
1410 5606 1675 5683 profundi
1728 5604 1997 5666 sermonis

2104 4595 2440 4667 linguarum
2473 4596 2718 4650 daturus
2751 4609 2882 4648 sum
2913 4591 3151 4663 gratias,
3187 4596 3250 4646 ut
3271 4591 3588 4662 praedicent
3609 4606 3746 4662 apo-

2101 4683 2233 4740 stoli
2266 4684 2664 4751 mei,ettotum
2687 4682 2973 4736 mundum
2999 4698 3032 4735 a
3053 4678 3743 4751 diversitatelinguarum

2104 4790 2220 4828 una
2253 4773 2363 4827 {ide
2394 4787 2522 4827 meo
2554 4771 2808 4826 subdant
2828 4770 2973 4840 jugo
3008 4787 3020 4835 ;
3058 4767 3284 4824 facilius
3319 4767 3402 4822 illi
3447 4767 3744 4836 audirent,

2104 4860 2375 4934 profundi
2405 4863 2540 4916 sunt
2569 4859 2789 4930 altique
2820 4858 3129 4923 sermonis,
3162 4861 3219 4910 et
3250 4854 3394 4910 nihil
3428 4854 3645 4911 habent
3674 4855 3746 4911 de

2102 4948 2331 5005 levitate
2357 4946 2606 5002 Judaica
2636 4946 2737 5002 sed
2766 4945 2925 5018 gravi
2977 4950 3034 5001 et
3092 4944 3276 5001 solido
3335 4945 3748 5017 ingrediuntur

2105 5037 2268 5109 pede,
2301 5041 2356 5090 et
2387 5052 2520 5090 cum
2553 5034 2760 5108 ignota
2792 5035 2911 5089 sint
2939 5033 3172 5105 linguai,
3226 5037 3372 5089 nota:
3405 5033 3538 5089 ﬁdei
3585 5035 3741 5088 sunt.

2105 5125 2266 5181 Unde
2289 5124 2558 5196 sequitur
2591 5142 2603 5190 ;
2636 5125 2701 5178 Et
2727 5125 2779 5178 si
2805 5124 2879 5177 ad
2909 5123 3033 5179 illos
3062 5125 3334 5178 mitterem
3363 5131 3412 5178 te
3443 5123 3550 5193 ipsi
3577 5119 3743 5175 audi-

2103 5217 2224 5269 rent
2249 5222 2315 5269 te.
2352 5212 2607 5284 Denique
2639 5217 2839 5284 postea
2868 5211 3048 5280 misit,
3075 5217 3131 5268 et
3161 5229 3364 5268 omnes
3383 5210 3598 5283 pariter
3625 5224 3747 5264 cre-

2103 5399 2155 5448 et
2175 5393 2381 5462 ignotae
2409 5391 2616 5463 linguae
2635 5390 3103 5464 impressamque
3124 5389 3428 5464 lectionem
3453 5385 3752 5464 contendit

2109 5456 2376 5520 mancam
2410 5456 2538 5520 esse
2555 5467 2611 5518 et
2629 5456 3207 5521 mu'tilam.Ms's.vero
3237 5458 3415 5516 nostri
3449 5456 3594 5515 nihil
3613 5474 3750 5531 pree-

2109 5540 2263 5592 terea
2295 5535 2530 5592 habent.
