4052 6180
286 287 345 355 37
933 283 1680 353 COMMENTARIORUM
1726 281 1803 347 IN
1850 277 2349 346 EZECHIELEM
2395 286 2544 347 LIB.
2593 286 2638 346 Ι.
2688 279 2864 348 CAP.
2909 286 3015 348 IIl.
3598 284 3678 351 38

284 427 560 482 diderunt.
595 419 764 480 Unde
792 423 1010 479 Paulus
1051 427 1106 480 et
1146 421 1446 478 Barnabas
1493 420 1816 492 loquuntur
1845 419 1918 480 ad
1946 423 2001 488 Α
2030 422 2163 490 post
2191 423 2420 490 tergum
2453 418 2823 491 relinqueret.
2846 419 2982 476 Tale
3005 421 3143 492 quid
3167 426 3223 477 et
3243 422 3300 476 in
3323 417 3513 478 Exodo
3538 419 3678 496 legi-

280 515 498 571 Judaeos
525 514 632 584 (At.
670 512 794 585 eos)
812 531 830 567 :
869 513 1019 568 Vobis
1047 511 1269 583 quidem
1292 513 1607 582 aportuerat
1621 509 1917 580 praedicari

281 603 485 658 verbum
513 603 654 656 Dei:
688 601 786 656 sed
814 602 945 672 quia
985 600 1242 656 noluistis
1289 601 1563 669 suscipere
1588 614 1914 667 sermonem,

279 708 381 747 ecce
410 692 783 747 convertimur
809 689 880 745 ad
908 693 1089 760 gentes
1115 689 1255 760 (Act.
1287 703 1409 754 xm,
1445 688 1552 758 46).
1590 687 1658 742 Et
1685 686 1756 741 de
1782 703 1914 742 cen-

280 781 501 835 turione
532 779 780 834 dicitur:
814 779 1000 850 Neque
1027 780 1088 833 in
1119 777 1285 832 Israel
1318 780 1531 830 tantam
1550 775 1711 845 ﬁdem
1730 777 1919 831 inveni

278 870 483 941 (Matth.
526 886 644 936 vm,
673 868 783 937 10).
1271 869 1276 875 '

342 958 534 1029 (Vers.
578 957 650 1026 7.)
697 958 901 1012 Domus
950 957 1128 1010 autem
1177 953 1344 1008 Israel
1385 952 1581 1007 nolunt
1627 951 1820 1008 audire
1843 957 1914 1024 te,

279 1051 410 1119 quia
438 1047 620 1101 nolunt
649 1045 850 1100 audire
891 1061 996 1099 me.
1039 1043 1227 1099 Omnis
1275 1044 1479 1114 quippe
1523 1043 1715 1097 domus
1741 1043 1918 1098 Israel

284 1138 466 1192 attrita
492 1136 680 1204 fronte
707 1138 789 1190 est
818 1137 870 1188 et
899 1134 1034 1188 duro
1063 1132 1239 1188 corde.
1272 1131 1354 1186 Ne
1392 1131 1776 1199 contristeris,
1815 1131 1914 1197 ait,

287 1225 328 1280 si
355 1230 401 1279 te
438 1224 648 1280 audire
680 1222 996 1278 noluerint.
1024 1220 1239 1277 Idcirco
1259 1224 1316 1275 te
1339 1236 1453 1274 non
1477 1219 1715 1276 audient
1738 1238 1750 1275 :
1780 1221 1918 1291 quia

280 1329 362 1368 me
389 1312 592 1368 audire
625 1314 1006 1367 contemnent
1027 1327 1038 1364 :
1059 1310 1232 1380 juxta
1261 1309 1414 1380 quod
1445 1311 1501 1363 et
1523 1307 1785 1363 Salvator
1807 1308 1917 1364 aie-

282 1403 410 1456 bat:
441 1402 545 1469 Qui
574 1417 667 1457 vos
691 1417 807 1455 non
834 1400 1052 1471 recipit,
1072 1415 1158 1454 me
1173 1414 1285 1454 non
1304 1399 1498 1469 recipit
1517 1396 1700 1466 (Ibid.,
1723 1415 1778 1463 x,
1807 1397 1914 1469 40).

290 1491 341 1545 In
359 1507 467 1561 quo
483 1494 684 1561 aperte
699 1488 949 1546 liberum
969 1491 1330 1542 monstratur
1350 1485 1680 1542 arbitrium.
1704 1490 1771 1540 Et
1791 1486 1918 1541 duae

281 1579 598 1633 redduntur
609 1594 824 1643 causa,
844 1593 1024 1648 quare
1041 1593 1154 1631 non
1174 1575 1444 1631 audiant:
1460 1576 1599 1646 quia
1614 1591 1918 1646 perversae,

283 1667 487 1738 inquit,
535 1670 680 1722 sunt
727 1664 1068 1730 voluntatis,
1117 1667 1174 1719 et
1215 1663 1415 1719 attrita
1443 1665 1653 1733 fronte,
1684 1663 1822 1735 sive,
1858 1669 1922 1718 ut

285 1754 662 1828 Septuaginta
689 1754 1340 1824 verterunt,contentiosi
1357 1759 1484 1808 sunt
1507 1770 1520 1808 :
1555 1756 1610 1808 et
1639 1753 1922 1808 subaudi-

290 1847 397 1910 tur,
448 1844 609 1916 quod
662 1859 816 1915 sape
866 1843 938 1899 ad
988 1841 1241 1898 salutem
1269 1841 1582 1914 provocati,
1615 1840 1930 1897 noluerunt

283 1933 504 1989 audire.

349 2021 539 2092 (Vera.
591 2023 645 2092 8,
674 2021 758 2092 9.)
796 2022 930 2077 Ecce
969 2020 1094 2076 dedi
1137 2021 1338 2090 faciem
1386 2027 1539 2075 luam
1575 2020 1930 2075 valentiorem

281 2111 520 2181 faucbus
529 2127 742 2177 eorum,
756 2114 809 2165 et
822 2118 1059 2182 frontem
1071 2113 1222 2166 tuam
1233 2109 1515 2165 duriorem
1534 2110 1636 2164 80
1654 2108 1930 2180 frontibus

281 2215 485 2254 eorum.
523 2199 584 2254 Ut
613 2198 983 2267 adamantem,
1011 2200 1060 2254 et
1080 2203 1143 2253 ut
1161 2197 1374 2253 silicem
1387 2197 1514 2252 dedi
1530 2199 1729 2268 faciem
1755 2206 1927 2252 tuam.

281 2293 359 2346 Ne
383 2291 586 2344 timeas
618 2304 723 2356 eos,
754 2303 928 2359 neque
973 2291 1184 2343 metuas
1213 2304 1247 2341 a
1264 2287 1411 2360 facie
1438 2303 1644 2354 eorum,
1677 2287 1809 2358 quia
1837 2285 1929 2343 do-

283 2393 407 2430 mus
450 2393 772 2446 exasperatis
811 2384 908 2431 est.
960 2377 1026 2430 Et
1067 2375 1211 2430 dixit
1262 2375 1336 2430 ad
1365 2392 1469 2431 me.
1503 2376 1724 2430 Domus
1754 2373 1929 2431 Israel

286 2464 507 2518 attritis
539 2463 739 2519 frontis
765 2469 870 2530 est,
903 2467 962 2519 et
1001 2463 1264 2535 procacis
1295 2463 1572 2528 audaciae,
1604 2468 1662 2519 et
1682 2464 1829 2520 dura
1851 2463 1934 2519 sic

287 2552 478 2619 corde,
517 2556 582 2606 ut
613 2553 1016 2623 scorpionibus
1055 2556 1444 2624 comparetur.
1496 2553 1628 2608 Ideo
1660 2553 1794 2608 dedi
1824 2551 1930 2608 tibi

285 2639 511 2694 vultum
548 2640 962 2708 durissimum,
995 2645 1051 2695 et
1081 2641 1327 2696 frontem
1361 2657 1486 2711 qum
1520 2639 1678 2696 nullo
1710 2641 1933 2712 pudore

289 2733 615 2800 superetur.
648 2729 730 2783 Ex
759 2745 876 2801 quo
906 2727 1211 2795 discimus,
1241 2729 1537 2787 interdum
1568 2729 1766 2801 gratias
1806 2744 1934 2784 esse

284 2817 385 2872 Dei
417 2817 800 2890 impudentiae
832 2817 1122 2886 resistere,
1146 2821 1354 2872 etcum
1381 2817 1456 2889 (a)
1493 2835 1584 2872 res
1607 2816 1936 2889 poposcerit

286 2905 538 2961 frontem
576 2907 764 2961 fronte
791 2909 1118 2961 concutere.
1151 2905 1270 2961 Hoc
1310 2912 1507 2962 autem
1533 2906 1829 2975 tribuitur,
1864 2922 1936 2961 ne

289 2998 490 3050 nostra
521 2994 873 3050 verecundia
904 2999 960 3050 et
1006 2993 1301 3050 humanus
1343 2996 1533 3066 pudor
1562 2995 1937 3066 pertimescat

283 3083 532 3138 insidias
572 3082 942 3138 aemulorum.

353 3173 537 3244 (Vers.
577 3171 684 3243 10.)
715 3172 832 3228 Fili
860 3172 1119 3240 hominis,
1148 3187 1332 3228 omnes
1352 3188 1625 3228 sermones
1646 3190 1791 3230 meos
1806 3191 1936 3246 quos

283 3260 482 3332 loquar
499 3261 576 3316 ad
593 3267 666 3330 te,
691 3276 911 3317 assume
930 3261 988 3316 in
1009 3276 1104 3316 cor
1127 3277 1303 3328 tuum,
1325 3265 1377 3316 et
1397 3262 1622 3317 auribus
1641 3263 1793 3318 audi.
1820 3265 1936 3320 Iste

281 3354 370 3404 est
397 3349 568 3404 cibus
597 3348 934 3419 voluminis,
967 3353 1025 3404 et
1064 3348 1185 3404 haec
1210 3353 1350 3405 sunt
1387 3351 1560 3406 verba
1584 3351 1801 3422 quibus
1833 3370 1935 3425 pro

279 3437 617 3494 diversitate
674 3437 1061 3504 audientium,
1111 3437 1198 3493 vel
1245 3437 1520 3504 lamenta,
1556 3437 1643 3494 vel
1676 3457 1932 3511 carmen,

278 3525 366 3580 vel
395 3543 480 3580 vs:
500 3526 846 3582 hominibus
873 3525 1133 3597 loquitur
1151 3526 1260 3596 [AL
1283 3525 1620 3598 loquimur].
1649 3531 1715 3583 Et
1736 3531 1932 3586 tamen

281 3615 632 3680 notandum,
667 3615 823 3685 quod
856 3618 990 3669 ante
1011 3629 1312 3670 sermones
1332 3615 1431 3670 Dei
1456 3615 1513 3669 in
1539 3620 1735 3672 nostro
1762 3619 1936 3674 corde

280 3704 570 3758 condendi
621 3707 764 3758 sunt
797 3702 1192 3774 audiendique
1213 3707 1268 3758 et
1297 3702 1661 3775 intelligendi
1684 3705 1932 3778 diligen-

277 3791 398 3847 tius
424 3813 445 3859 ;
470 3797 528 3848 et
553 3792 638 3848 sic
669 3792 742 3847 ad
775 3790 1058 3864 populum
1091 3791 1441 3864 proferendi.

355 3880 543 3950 (Vers.
593 3881 706 3950 41.)
759 3880 917 3952 Vade,
969 3880 1252 3950 ingredere
1290 3880 1361 3934 ad
1390 3884 1935 3953 transmigrationem

281 3968 432 4039 (sive
461 3970 870 4039 captivitatem),
903 3968 974 4023 ad
1002 3968 1145 4038 ﬁlios
1167 3969 1364 4041 pepuli
1395 3972 1495 4041 tui,
1517 3975 1569 4026 et
1599 3973 1836 4044 loqueris
1865 3978 1934 4032 ad

285 4072 406 4120 eos,
441 4060 494 4109 et
524 4056 665 4110 dices
695 4059 768 4113 eis
799 4075 818 4112 :
848 4058 977 4114 Haec
1021 4057 1158 4113 dicit
1195 4059 1460 4113 Dominus
1504 4060 1678 4115 Deus:
1711 4063 1762 4116 si
1787 4063 1936 4136 forte

289 4143 531 4199 audiant
555 4152 606 4199 et
644 4146 918 4215 quiescant
951 4162 964 4200 :
1015 4145 1085 4200 Et
1125 4145 1410 4202 Dominus
1447 4151 1644 4204 noster
1672 4151 1830 4206 venit
1860 4154 1930 4208 ad

279 4232 575 4303 populum
603 4233 965 4303 Judaaorum,
998 4233 1263 4290 mittente
1293 4239 1480 4304 Patre,
1505 4241 1572 4292 ut
1593 4239 1936 4309 praedicaret

277 4321 531 4393 captivis
543 4322 949 4379 remissionem
961 4367 975 4391 ,
994 4327 1052 4378 et
1075 4321 1418 4394 impleretur
1429 4324 1485 4380 in
1499 4341 1565 4381 eo
1579 4329 1734 4398 quod
1753 4329 1864 4385 scri
1873 4347 1933 4402 p-

272 4414 405 4466 tum
441 4415 533 4466 est
556 4426 571 4464 :
604 4411 918 4467 Ascendens
943 4413 1002 4466 in
1021 4411 1220 4479 altum,
1237 4414 1508 4484 captivam
1527 4414 1687 4472 duxit
1703 4419 1930 4489 captivi-

271 4503 486 4554 tatem:
518 4498 668 4554 dedit
695 4499 840 4555 dona
870 4499 1181 4556 hominibus
1209 4500 1380 4570 (Psal.
1417 4519 1587 4570 vau,
1622 4505 1730 4576 19).

344 4591 544 4654 (Vere.
578 4589 690 4659 12.)
719 4589 784 4643 Et
812 4589 1104 4660 assumpsit
1129 4604 1220 4644 me
1247 4591 1494 4660 spiritus,
1525 4593 1786 4649 etaudivi
1810 4604 1930 4667 post

267 4692 361 4730 me
392 4691 580 4730 vocem
608 4679 984 4733 commotionis
1011 4693 1264 4746 magnae:
1295 4679 1584 4736 Benedicta
1613 4683 1796 4752 gloria
1829 4687 1928 4741 Do-

271 4766 423 4818 mini
435 4764 504 4819 de
516 4766 628 4821 loco
639 4781 757 4821 suo.
774 4765 926 4822 Deus
944 4767 1015 4822 de
1037 4783 1152 4838 quo
1175 4766 1460 4838 scriptum
1478 4773 1566 4824 est
1595 4787 1606 4824 :
1641 4771 1934 4829 Assumens

269 4864 591 4910 mansuetos
623 4855 886 4911 Dominus
915 4857 1091 4926 (Psal.
1123 4873 1310 4922 cxcvr,
1345 4857 1421 4927 6),
1456 4857 1578 4930 ipse
1609 4862 1932 4934 assumpsit

265 4946 331 4997 et
363 4943 738 5016 prephetam,
773 4945 872 5016 qui
904 4962 1018 5001 non
1042 4948 1166 5001 erat
1188 4944 1246 5000 in
1269 4961 1464 5013 carne,
1489 4948 1586 5002 sed
1615 4949 1671 5003 in
1695 4951 1926 5022 spiritu,

265 5036 326 5086 et
362 5032 683 5088 ambulans
712 5033 770 5088 in
796 5033 1026 5106 spiritu,
1053 5033 1246 5090 carnis
1270 5051 1446 5106 opera
1469 5053 1582 5091 non
1607 5037 1927 5110 implebat:

261 5120 529 5192 spiritus
553 5122 711 5178 enim
734 5121 833 5179 Dei
856 5127 980 5179 erat
999 5122 1058 5178 in
1082 5137 1168 5178 eo.
1203 5123 1591 5186 Quamobrem
1615 5130 1673 5181 et
1701 5131 1932 5185 terrena

258 5212 665 5266 contemnens
685 5210 909 5282 rapitur
927 5228 960 5267 a
976 5210 1210 5283 spiritu,
1231 5215 1289 5267 et
1313 5211 1476 5267 audit
1497 5218 1629 5284 post
1648 5231 1710 5270 se
1730 5232 1929 5273 vocem

257 5299 696 5356 commotionis
723 5315 971 5372 magna,
1006 5301 1433 5374 praeteritorum
1473 5301 1842 5372 obliviscens,
1874 5311 1932 5363 et

253 5385 322 5444 in
358 5387 636 5446 futurum
681 5405 748 5446 se
794 5389 1133 5461 extendens,
1184 5393 1241 5448 et
1277 5389 1652 5450 inimicorum
1683 5392 1929 5454 insidias

331 5606 426 5678 (a)
457 5601 641 5663 Penes
670 5605 917 5678 Itaban.,
943 5609 994 5664 et
1024 5623 1147 5665 cum
1174 5608 1322 5666 locus
1361 5609 1682 5685 poposcerit.

2027 524 2160 563 mus
2191 508 2381 580 (Exod.
2433 511 2607 576 χχιχ),
2655 511 2890 580 quando
2940 510 3160 567 Pharao
3202 518 3258 566 et
3289 513 3482 568 omnis
3511 529 3678 568 exer-

2025 598 2176 652 citus
2189 597 2280 668 eju
2291 613 2318 651 s
2335 597 2756 669 persequebatu
2766 597 3060 666 rIsrael,et
3073 601 3316 672 angelus
3331 600 3388 655 in
3405 600 3682 657 columna

2028 685 2202 740 nubis
2270 685 2527 740 deseruit
2575 685 2772 755 priora
2822 692 3190 756 castrorum;
3241 690 3519 762 venitque
3549 696 3683 762 post

2026 778 2278 844 tergum,
2313 778 2369 828 et
2393 778 2512 827 tota
2533 781 2700 828 nocte
2719 773 2880 828 stetit
2902 774 3053 830 inter
3070 775 3246 831 Israel
3269 777 3638 850 etfrEgyptios
3665 797 3679 835 :

2025 862 2122 917 8|
2164 867 2246 926 ut,
2273 859 2595 932 perterritis
2618 861 2986 930 adversariis,
3015 864 3244 920 audiret
3274 867 3448 922 Israel
3476 884 3487 922 ε
3513 870 3682 924 Bene-

2024 951 2176 1006 dicta
2204 951 2383 1019 gloria
2413 951 2634 1004 Domini
2653 950 2718 1006 de
2743 951 2855 1006 loco
2872 967 2991 1007 suo.
3020 952 3205 1008 Locus
3228 959 3425 1009 autem
3450 955 3683 1012 Domini

2025 1044 2115 1095 est
2147 1038 2340 1094 omnis
2370 1039 2429 1092 in
2467 1038 2683 1108 quibus
2731 1038 3052 1110 hospitium
3100 1039 3341 1098 invenit.
3378 1048 3494 1098 Aut
3532 1049 3684 1101 certe

2029 1128 2208 1184 Filius
2239 1127 2402 1182 locus
2433 1130 2522 1182 est
2555 1127 2757 1194 Patris,
2793 1129 2947 1184 sicut
2976 1133 3033 1184 et
3061 1129 3230 1184 Pater
3252 1132 3412 1189 locus
3450 1141 3539 1191 est
3557 1135 3661 1191 filii

2027 1219 2257 1273 dicente
2287 1214 2534 1270 Domino
2565 1215 2898 1272 Salvutore:
2933 1217 3042 1287 Ego
3087 1221 3148 1273 in
3194 1225 3383 1291 Patre,
3435 1231 3488 1281 et
3528 1201 3689 1285 Page;-

2029 1311 2090 1362 in
2121 1323 2204 1361 me
2253 1307 2417 1375 (Joan
2466 1322 2581 1361 x1v.
2639 1305 2747 1376 11).
2805 1310 2923 1361 Hoc
2972 1307 3126 1362 idem
3171 1309 3464 1380 signiﬁcat
3493 1320 3551 1370 et
3579 1319 3687 1372 Mi-

2030 1395 2262 1451 chzeas:
2326 1395 2456 1448 Ecce
2510 1395 2772 1450 Dominus
2828 1395 3138 1464 egredietur
3183 1399 3248 1453 de
3303 1401 3416 1456 loco
3471 1420 3591 1472 suo,
3633 1411 3687 1461 et

2027 1484 2307 1540 descendet
2358 1498 2521 1553 super
2579 1483 2789 1539 excelsa
2839 1486 3024 1554 terrae,
3083 1493 3140 1539 et
3196 1493 3678 1550 commovebuntur

2027 1581 2234 1628 montes
2281 1571 2468 1626 subter
2515 1587 2658 1637 eum,
2707 1576 2763 1625 et
2811 1572 2977 1627 valles
3018 1576 3291 1631 tabescent
3312 1581 3455 1634 sicut
3483 1597 3606 1637 cera
3633 1601 3669 1639 a

2031 1663 2172 1730 facie
2202 1661 2371 1729 ignis,
2420 1664 2473 1714 et
2521 1662 2663 1714 sicut
2710 1676 2862 1731 aqua.
2911 1678 3027 1731 quae
3075 1663 3317 1734 defertur
3355 1667 3415 1721 in
3439 1685 3689 1743 praeceps

2038 1749 2230 1821 (Mich.
2267 1767 2304 1819 ι,
2336 1749 2389 1813 3,
2423 1748 2498 1820 4).
2549 1749 2946 1805 Descendente
2993 1751 3146 1806 enim
3191 1753 3437 1811 Domino
3491 1757 3688 1815 Salva~

2039 1843 2184 1903 tore,
2217 1841 2273 1892 et
2305 1836 2708 1906 proﬁciscente
2740 1838 2810 1892 de
2839 1838 3025 1906 Patre,
3059 1841 3283 1897 excelsa
3323 1847 3488 1899 terra:
3521 1864 3687 1902 mon-

2038 1931 2243 1997 tesque
2264 1925 2538 1981 commoti
2557 1930 2714 1996 sunt,
2735 1931 2790 1981 et
2806 1927 3080 1983 inferiora
3093 1929 3333 1987 vallium
3352 1932 3684 2004 liquefacta.

2043 2013 2407 2071 Potestlocus
2423 2031 2550 2070 esse
2567 2013 2753 2086 gloria
2769 2015 3027 2084 Domini,
3048 2021 3106 2073 et
3123 2017 3222 2073 lux
3244 2021 3686 2096 inaccessibilis,

2041 2103 2112 2158 de
2142 2119 2259 2174 qua
2285 2101 2906 2174 Apostolusloquitur:
2936 2105 3042 2173 Qui
3059 2108 3208 2162 solus
3229 2108 3386 2165 habet
3401 2113 3690 2168 immorta~

2041 2193 2274 2261 litatem,
2295 2196 2347 2246 et
2369 2193 2544 2247 lucem
2563 2191 2773 2248 habitat
2793 2195 3226 2251 inaccessibilem
3248 2197 3292 2268 (Ι
3319 2199 3448 2254 Tim.
3475 2219 3552 2270 Vl,
3582 2202 3686 2274 l6).

2041 2281 2281 2347 Quando
2303 2282 2594 2353 praeterita
2607 2281 2832 2352 judicia
2851 2283 3083 2340 Domini
3102 2287 3298 2343 animo
3315 2289 3687 2360 revolvimus,

2042 2369 2318 2426 audimus
2347 2387 2544 2426 vocem
2575 2377 2709 2442 post
2738 2377 2968 2444 tergum
3001 2377 3407 2432 commotionis
3442 2395 3687 2452 magnae.

2045 2459 2286 2524 Quando
2335 2460 2532 2515 futura
2582 2461 2754 2516 corde
2802 2461 3174 2530 meditamur,
3217 2466 3454 2522 auditur
3483 2484 3586 2523 vox
3618 2470 3690 2525 de

2045 2547 2359 2620 prioribus,
2388 2552 2445 2603 et
2474 2564 2543 2603 ex
2575 2549 2664 2604 his
2705 2567 2830 2621 qua:
2865 2555 2998 2606 ante
3029 2557 3187 2608 sunt.

2113 2636 2300 2705 (Vers.
2338 2636 2446 2708 13.)
2470 2639 2534 2692 Et
2552 2652 2732 2693 vocem
2753 2639 2982 2695 alarum
3013 2643 3351 2698 animalium
3375 2649 3688 2716 percutien-

2045 2727 2185 2781 tium
2205 2725 2437 2781 alteram
2456 2727 2792 2795 adalteram,
2808 2731 2858 2782 et
2874 2744 3052 2784 vocem
3078 2736 3326 2786 rotarum
3347 2737 3691 2805 sequentium

2045 2815 2335 2882 animalia,
2363 2823 2415 2870 et
2433 2831 2612 2871 vocem
2629 2818 3002 2873 commotionis
3038 2835 3274 2890 magna}.
3300 2821 3406 2877 Pro
3435 2839 3500 2878 eo
3533 2825 3688 2896 quod

2045 2902 2396 2957 subauditur
2424 2901 2528 2955 ἅπὸ
2557 2905 2742 2956 κοινοῦ
2762 2904 2930 2974 juxta
2953 2906 3297 2962 Hebraicum
3327 2925 3340 2964 :
3364 2910 3555 2964 audivi
3570 2919 3691 2982 post

2046 3005 2132 3044 me
2153 3006 2330 3045 vocem
2350 2994 2723 3047 commotionis
2738 3008 2973 3063 magnae,
2998 3002 3048 3049 et
3069 2995 3258 3050 audivi
3276 3012 3455 3052 vocem
3468 3000 3690 3055 alarum

2045 3080 2440 3146 animantium,
2457 3085 2510 3135 et
2523 3097 2703 3136 vocem
2723 3090 2986 3150 rotarum,
3007 3083 3282 3140 addidere
3304 3085 3438 3140 LXX
3461 3104 3474 3141 :
3495 3089 3562 3142 Et
3576 3087 3692 3144 vidi

1965 3153 2008 3221 C
2047 3183 2226 3223 vocem
2267 3169 2486 3224 alarum
2533 3171 2867 3225 animalium
2907 3175 3335 3241 percutientium
3363 3175 3595 3230 alterum
3618 3177 3689 3233 ad

2045 3257 2297 3326 alteram,
2316 3262 2372 3311 et
2389 3257 2611 3329 reliqua
2625 3259 2790 3329 juxta
2809 3257 2954 3314 illud
2971 3263 3126 3332 quod
3147 3262 3204 3316 in
3228 3263 3420 3318 Exodo
3443 3264 3684 3336 legitur:

2043 3346 2108 3400 Et
2141 3345 2351 3400 videbat
2379 3349 2557 3400 omnis
2579 3348 2815 3418 pepulus
2842 3364 3021 3404 vocem
3061 3351 3159 3405 Dei
3205 3352 3398 3422 (Exod.
3431 3370 3523 3424 xx,
3559 3355 3685 3421 18):

2045 3436 2109 3488 ut
2136 3448 2333 3489 vocem
2367 3450 2494 3504 quae
2524 3435 2792 3490 veniebat
2820 3441 2952 3508 post
2981 3442 3234 3510 tergum,
3280 3441 3530 3496 audierit
3556 3458 3688 3515 pro-

2044 3522 2256 3594 pheta:
2291 3540 2417 3594 quaa
2446 3528 2641 3580 autem
2672 3529 2808 3582 ante
2837 3543 2900 3582 se
2929 3531 3070 3599 erat,
3094 3528 3316 3584 viderit.
3342 3530 3452 3585 Sed
3478 3532 3688 3587 melius

2045 3616 2101 3666 et
2147 3613 2340 3668 verius
2389 3617 2498 3679 est,
2546 3615 2807 3670 auditam
2850 3632 3050 3671 vocem
3100 3616 3474 3686 intellexisse,
3508 3637 3688 3691 quam

2043 3703 2252 3768 visam,
2284 3708 2402 3758 tam
2433 3702 2659 3758 alarum
2691 3705 3139 3776 percutientium
3171 3723 3234 3761 se
3257 3713 3483 3778 mutuo,
3508 3726 3685 3779 quam

2044 3797 2326 3858 rotarum,
2350 3792 2420 3848 de
2443 3793 2660 3863 quibus
2681 3810 2858 3864 supra
2877 3794 3154 3862 diximus,
3192 3801 3248 3850 et
3277 3799 3686 3854 commotionis

2044 3897 2269 3952 magna;
2300 3900 2428 3954 qua:
2463 3884 2559 3938 Dei
2591 3883 2738 3938 iram
2771 3899 2948 3954 super
2976 3883 3151 3938 Israel
3175 3884 3457 3956 populum
3478 3892 3682 3942 ventu-

2043 3994 2168 4032 ram
2197 3991 2326 4032 esse
2352 3974 2733 4030 monstrabat.

2112 4065 2300 4135 (Vers.
2327 4064 2436 4134 14).
2468 4064 2707 4135 Spiritus
2738 4079 2946 4134 quoque
2965 4065 3166 4121 levavit
3183 4081 3290 4132 me,
3312 4070 3364 4122 et
3392 4070 3688 4140 assumpsit

2040 4171 2148 4224 me,
2179 4157 2229 4210 et
2249 4154 2365 4208 abii
2384 4169 2608 4208 amarus
2628 4154 2690 4207 in
2710 4153 3089 4224 indignatione
3111 4157 3338 4226 spiritus
3361 4158 3486 4212 mei.
3515 4157 3644 4212 LXX
3669 4175 3682 4214 :

2042 4248 2116 4300 Et
2143 4245 2373 4314 spiritus
2401 4243 2629 4298 elevavit
2650 4258 2755 4306 me,
2779 4245 2830 4298 et
2845 4245 3078 4314 suscepit
3098 4259 3205 4310 me,
3227 4253 3278 4300 et
3293 4244 3412 4300 abii
3427 4248 3686 4303 sublimis

2041 4333 2097 4388 in
2132 4334 2334 4403 impetu
2363 4333 2592 4403 spiritus
2618 4333 2748 4386 mei.
2782 4331 3098 4403 Postquam
3129 4332 3386 4389 elevatus
3415 4351 3448 4389 a
3477 4335 3685 4407 spiritu

2040 4427 2148 4488 est,
2181 4426 2238 4476 et
2267 4425 2610 4492 assumptus
2637 4419 2710 4474 ab
2741 4435 2828 4492 eo,
2851 4424 2991 4475 tunc
3013 4421 3069 4474 in
3093 4421 3523 4493 indignationes
3544 4429 3601 4478 et
3627 4423 3685 4479 in

1961 4520 2006 4584 D
2038 4509 2428 4566 amaritudine
2451 4507 2694 4580 spiritus
2716 4509 2806 4565 sui
2834 4509 2977 4564 abiit
2997 4527 3112 4580 quo
3137 4512 3446 4579 ferebatur,
3469 4513 3683 4568 intelli-

2039 4615 2183 4672 gens
2213 4598 2676 4670 indignationem
2707 4598 2829 4666 Dei,
2861 4604 2919 4654 et
2956 4599 3095 4670 quid
3132 4601 3487 4672 significaret
3517 4603 3685 4672 visio,

2041 4692 2233 4743 mente
2266 4690 2646 4758 pertractans.
2680 4688 2781 4744 82
2813 4688 2944 4743 Sive
2974 4688 3249 4746 sublimis
3280 4689 3407 4762 ipso
3439 4690 3683 4760 spiritus

2039 4776 2128 4831 sui
2154 4776 2373 4847 impetu
2400 4775 2712 4846 ferebatur,
2735 4776 2978 4848 cupiens
3013 4778 3093 4832 ire
3129 4796 3242 4850 quo
3264 4778 3546 4832 Dominus
3573 4780 3681 4833 im-

2038 4865 2585 4936 perabat.Spiritum
2601 4871 2795 4921 autem
2809 4868 3081 4936 ejus,non
3097 4867 3373 4937 Spiritum
3388 4874 3679 4943 sanctum,

2038 4954 2139 5008 sed
2161 4953 2435 5026 spiritum
2458 4953 2715 5011 hominis
2738 4955 3159 5027 intelligamus,
3182 4955 3380 5027 dequo
3402 4958 3459 5013 in
3480 4959 3682 5018 multis

2038 5039 2179 5094 locis
2205 5040 2436 5109 dicitur,
2477 5047 2540 5096 ut
2569 5043 2628 5097 in
2667 5043 2815 5100 Isaia
2842 5061 2853 5098 :
2884 5046 2953 5098 De
2973 5045 3123 5099 nocte
3149 5048 3426 5117 consurgit
3454 5051 3682 5118 spiritus

2037 5145 2188 5184 meus
2245 5129 2316 5184 ad
2372 5134 2441 5197 te,
2500 5132 2634 5188 Deus
2691 5134 2847 5201 (Isai.
2893 5149 3044 5203 xxvr,
3075 5132 3153 5204 9).
3188 5134 3678 5209 Transferturque

2037 5217 2319 5290 propheta
2349 5220 2484 5291 (non
2518 5225 2582 5276 ut
2611 5221 2846 5292 quidem
2877 5221 3188 5295 aestimant)
3219 5225 3278 5280 in
3312 5227 3546 5298 spiritu,
3579 5229 3680 5282 sed

2036 5307 2097 5363 in
2131 5307 2255 5378 ipso
2285 5323 2543 5382 corpore,
2576 5310 2730 5380 quod
2762 5315 2819 5366 et
2857 5311 2927 5366 de
2957 5312 3190 5370 Abacuc
3213 5314 3383 5386 juxta
3413 5315 3682 5374 Theodo-

2039 5397 2257 5455 tionem
2285 5396 2536 5473 legimus
2566 5399 2726 5472 (Dan.
2760 5401 2897 5476 xw).
