4020 6186
237 269 300 328 ιι
909 259 1655 327 COMMENTARIORUM
1702 260 1778 321 ΙΝ
1824 259 2318 324 EZECHIELEM
2365 260 2512 323 LIB.
2559 263 2608 324 Ι.
2653 263 2824 324 CAP.
2871 265 2977 328 IV.

300 400 485 471 Wars.
518 398 638 470 22.)
667 400 731 453 Et
755 399 899 468 facta
929 400 1004 452 est
1036 397 1118 451 ibi
1148 395 1339 468 [Vulg
1376 399 1527 451 tacet
1580 393 1678 465 ibi)
1719 409 1884 465 super
1908 408 1962 480 Α

236 504 314 543 me
344 504 548 542 manus
576 488 818 555 Domini,
850 489 901 541 et
928 486 1074 540 dicit
1102 484 1171 539 ad
1201 500 1320 539 me:
1366 500 1593 551 surgens
1624 482 1881 548 egredere

239 579 291 631 in
319 593 601 648 campum,
633 580 686 629 et
716 576 793 629 ibi
840 575 1037 645 loquar
1084 582 1277 629 tecum.
1328 573 1488 636 Quod
1539 589 1606 626 ex
1644 571 1882 626 Hebraeo

237 665 668 729 transtulimus,
692 665 791 733 ibi,
807 666 864 717 et
887 663 944 716 in
966 662 1112 717 LXX
1130 679 1242 717 non
1260 660 1528 729 habetur,
1546 660 1881 731 signiﬁcan-

237 760 317 809 ter
345 755 610 825 positum
637 757 744 818 est,
779 768 886 806 nec
917 751 1161 805 dubium
1185 750 1327 821 quin
1355 748 1546 804 locum
1569 748 1879 820 significet.

234 843 431 913 Supra
445 845 599 897 enim
617 840 869 911 legimus
898 841 989 894 :Et
1013 841 1132 894 veni
1142 840 1215 893 ad
1246 839 1795 905 transmigrationem
1812 837 1882 892 ad

233 946 495 985 acervum
511 945 776 984 novarum
794 931 1043 999 frugum,
1059 928 1129 982 ad
1148 944 1233 983 eos
1256 930 1352 997 qui
1374 927 1700 981 habitabant
1722 927 1879 991 iuxta

230 1021 465 1087 ﬂuvium
479 1017 1016 1089 Chobar(Supra,m,
1035 1016 1441 1087 15).Recteque
1453 1016 1502 1071 ei
1518 1017 1592 1086 (a)
1616 1014 1709 1070 cui
1723 1014 1879 1069 dixe-

234 1112 341 1174 rat,
371 1107 777 1175 sati,jubetur
798 1111 863 1160 ut
885 1112 1105 1177 surgat.
1150 1106 1216 1158 Et
1240 1108 1337 1175 qui
1364 1104 1664 1176 ingressus
1694 1105 1881 1158 fuerat

233 1197 299 1249 ad
318 1195 925 1266 transmigrationem,
962 1193 1142 1259 audit,
1174 1193 1481 1261 egredere,:
1528 1192 1626 1247 85
1671 1208 1785 1246 non
1821 1192 1876 1244 in

231 1285 607 1354 confragosas
628 1282 834 1348 valles,
860 1299 974 1337 non
998 1282 1055 1336 in
1086 1286 1407 1353 prieruptas
1451 1297 1647 1351 rupes,
1690 1281 1786 1335 sed
1821 1280 1876 1333 in

235 1372 427 1443 campi
445 1371 822 1425 latitudinem
841 1386 967 1441 quae
986 1370 1173 1441 possit
1194 1385 1397 1440 capere
1418 1369 1663 1441 gloriam
1689 1368 1878 1423 Domi-

231 1460 311 1515 ni.
350 1460 505 1515 Unde
528 1465 590 1514 et
609 1458 924 1515 Corinthiis
946 1458 1185 1513 dicitur:
1221 1458 1548 1513 Ditalamini
1578 1456 1761 1529 (lCor.
1797 1474 1874 1526 VI,

229 1550 333 1619 13).
362 1550 613 1613 Quando
645 1549 971 1619 ingreditur
996 1548 1062 1601 ad
1097 1548 1376 1618 captivos,
1407 1548 1478 1601 de
1521 1547 1739 1617 quibus
1784 1546 1875 1600 di-

228 1643 394 1692 ctum
415 1644 519 1706 est,
545 1638 707 1709 quod
726 1637 1023 1692 insaniant
1040 1644 1097 1691 et
1119 1639 1546 1708 persequantur
1562 1653 1717 1700 eum,
1746 1634 1874 1690 forti

227 1743 405 1780 manu
440 1726 688 1797 indiget,
722 1730 788 1780 ut
806 1725 990 1797 possit
1011 1724 1299 1787 resistere,
1327 1731 1383 1779 et
1403 1724 1657 1779 furorem
1685 1739 1875 1795 perse—
1909 1766 1956 1831 B

225 1813 539 1887 quentium
591 1813 902 1869 sustinere.
955 1813 1193 1876 Quando
1239 1817 1435 1868 autem
1489 1812 1788 1884 egreditur
1816 1810 1875 1866 in

224 1919 529 1974 campum,
566 1902 627 1956 ﬁt
660 1902 899 1974 quidem
941 1918 1117 1973 super
1163 1919 1299 1956 eum
1350 1918 1560 1957 manus
1607 1900 1873 1956 Domini:

222 1992 359 2063 quia
388 1992 621 2061 absque
691 1990 852 2046 illius
919 1990 1209 2061 adjutorio
1259 1989 1413 2045 exire
1459 2006 1573 2045 non
1624 1992 1878 2060 poterat,

223 2081 319 2134 sed
349 2096 469 2134 non
543 2079 786 2134 additur
811 2082 991 2149 fortis.
1051 2080 1134 2134 Ad
1183 2078 1492 2133 videndam
1560 2079 1716 2132 enim
1750 2075 1876 2148 glo-

224 2170 370 2223 riam
404 2169 536 2233 Dei,
606 2184 725 2223 non
758 2169 828 2222 ad
872 2169 1251 2240 pugnandum
1319 2168 1634 2239 egreditur.
1670 2168 1739 2221 Et
1768 2165 1879 2220 hoc

223 2255 849 2319 animadvertendum,
884 2256 1038 2326 quod
1072 2254 1130 2309 in
1162 2253 1354 2308 medio
1386 2253 1749 2324 captivorum
1785 2267 1878 2306 se-

225 2344 521 2408 dentium,
554 2343 681 2414 ipse
707 2344 918 2398 sedens
943 2343 1224 2414 PrOpheta
1244 2341 1488 2414 gloriam
1513 2340 1745 2396 Domini
1764 2358 1877 2395 non

220 2434 466 2487 viderit.

292 2521 486 2591 (Vere.
520 2521 636 2591 23.)
674 2522 733 2576 Et
762 2522 983 2575 surrexi
1035 2518 1227 2591 [Vulg.
1260 2520 1506 2588 surgens]
1555 2522 1605 2573 et
1640 2534 1881 2589 egressus

221 2626 348 2664 sum
379 2612 435 2662 in
468 2626 760 2680 campum,
790 2615 843 2663 et
891 2624 1008 2662 ecce
1038 2610 1114 2661 ibi
1177 2607 1358 2677 gloria
1417 2608 1636 2660 Domini
1679 2608 1878 2676 stabat,

220 2700 387 2769 quasi
409 2700 597 2765 gloria
628 2714 797 2768 quam
818 2697 1101 2769 vidijuxta
1122 2698 1354 2765 [luvium
1383 2696 1608 2750 Chobar.
1632 2695 1882 2749 Jubente

222 2786 500 2853 Domino,
542 2786 891 2857 ingreditur,
922 2793 979 2840 et
999 2784 1245 2855 jubente
1263 2784 1576 2855 egreditur,
1604 2784 1882 2854 sedetque

219 2891 354 2929 cum
390 2874 746 2929 sedentibus
770 2891 784 2938 ;
815 2874 913 2944 qui
935 2877 1187 2927 stantem
1214 2870 1375 2926 illum
1401 2889 1681 2926 numerus
1698 2871 1849 2942 capti
1869 2901 1881 2910 -

218 2979 429 3018 verum
454 2962 668 3017 audire
690 2979 804 3016 non
828 2961 1479 3033 poterat.Egressusque
1506 2959 1563 3013 in
1588 2959 1778 3029 campi
1800 2957 1880 3012 1a-

218 3050 717 3117 titudinem,vidit
735 3054 984 3105 stantem
1000 3049 1248 3121 gloriam
1268 3048 1701 3119 Domini,quam
1719 3046 1881 3119 prius

3554 267 3633 327 42

2065 393 2249 463 (Vers.
2281 396 2372 460 25,
2402 398 2517 463 26.)
2548 396 2613 450 Et
2642 404 2720 462 tu,
2750 396 2837 465 ﬁli
2866 397 3135 475 nominis:
3167 411 3286 452 ecce
3329 395 3459 452 data
3497 406 3630 453 sunt

1992 499 2156 552 super
2186 488 2236 538 te
2268 485 2504 554 vincula,
2537 493 2587 540 et
2619 486 2868 556 tigabunt
2898 493 2948 541 te
2975 488 3070 555 eis,
3105 491 3159 542 et
3185 502 3297 542 non
3325 486 3632 555 egredieris

1992 571 2056 626 de
2087 572 2277 644 [Vulg
2314 575 2393 644 in]
2415 574 2589 641 medio
2608 591 2814 642 eorum,
2838 577 2887 629 et
2905 576 3157 644 linguam
3175 580 3325 631 tuam
3354 574 3635 632 adhazrere

1990 662 2199 728 faciam
2228 662 2410 731 palato
2441 661 2546 727 (vel
2579 664 2809 734 gutturi)
2841 667 2951 734 tuo,
2982 672 3033 719 et
3059 665 3173 719 eris
3202 672 3405 732 mutus,
3437 678 3537 717 nec
3572 658 3635 717 ut

1990 750 2080 802 vir
2112 750 2406 819 objurgans
2434 766 2526 806 eos
2556 753 2571 821 [
2603 753 2650 805 A
2677 751 2847 823 Vulg.
2880 752 3047 807 abest
3075 753 3185 823 eos]
3205 770 3223 806 :
3273 754 3402 822 quia
3430 751 3622 807 domus

1990 853 2321 908 exasperans
2350 843 2446 893 est.
2480 838 2639 901 Quod
2673 839 2731 893 in
2764 840 2938 894 domo
2971 838 3285 904 clauditur,
3318 839 3473 909 quod
3503 838 3632 893 vin-

1991 926 2139 981 culis
2155 925 2445 998 alligatur,
2461 928 2616 998 quod
2631 944 2744 982 non
2768 928 3065 999 egreditur
3086 928 3155 983 ad
3171 944 3289 997 eos,
3308 927 3460 982 inter
3476 942 3625 998 quos

1990 1014 2238 1080 habitat,
2264 1016 2362 1069 sed
2382 1016 2532 1069 inter
2553 1014 2990 1070 multitudinem
3015 1015 3398 1087 captivorum,
3421 1014 3629 1070 solitu-

1990 1102 2185 1157 dinem
2208 1103 2456 1157 carceris
2479 1104 2699 1174 patitur
2719 1106 2806 1173 (ut
2831 1121 3012 1174 supra
3031 1103 3168 1174 dixi)
3192 1103 3518 1159 obsidionis
3541 1102 3633 1159 in-

1990 1190 2205 1245 dicium
2225 1197 2330 1255 est,
2356 1192 2510 1262 quod
2525 1191 2725 1247 clausa
2742 1192 3069 1247 Jerusalem
3086 1197 3260 1263 atque
3272 1192 3637 1248 circumdata

1988 1278 2061 1333 ab
2084 1282 2336 1334 exercitu
2358 1280 2782 1349 Chaldaeorum,
2808 1280 3038 1336 nullum
3055 1281 3449 1336 habitantium
3475 1281 3631 1337 foras

1987 1368 2140 1422 exire
2170 1369 2481 1439 permittet.
2508 1374 2634 1424 Hinc
2663 1374 2747 1424 est
2772 1369 2884 1425 olla
2913 1370 2983 1424 de
3013 1385 3131 1440 qua
3152 1370 3413 1425 Jeremas
3444 1368 3632 1441 loqui-

1988 1461 2084 1510 tur
2115 1458 2333 1527 (.Ierem.
2370 1459 2428 1527 1),
2462 1462 2518 1512 et
2550 1458 2671 1529 ipse
2704 1458 2796 1512 hic
2830 1458 3117 1529 Propheta
3164 1458 3224 1512 in
3264 1473 3627 1529 consequen-

1985 1545 2145 1599 tibus
2171 1563 2185 1603 :
2212 1546 2268 1599 in
2288 1563 2406 1617 qua
2427 1562 2629 1601 carnes
2652 1546 2850 1618 populi
2875 1550 3319 1602 consumuntur.
3345 1547 3507 1611 Quod
3528 1563 3633 1602 au-

1985 1638 2103 1687 tem
2136 1633 2337 1706 lingua
2367 1634 2661 1706 PrOphetm
2691 1634 2882 1706 palato
2908 1637 2998 1691 vel
3032 1635 3256 1707 gutturi
3306 1634 3554 1691 cohaeret
3578 1641 3637 1691 et

1988 1726 2186 1777 mutus
2209 1723 2472 1789 etl‘ectus,
2498 1723 2901 1779 auctoritatem
2921 1740 3037 1778 non
3060 1720 3625 1795 habetincrepantis,

1988 1827 2164 1867 causa
2196 1811 2505 1884 perspicua
2532 1817 2655 1868 est:
2690 1815 2821 1883 quia
2852 1812 3062 1884 inquit,
3079 1811 3273 1868 domus
3293 1827 3625 1883 exasperatis

1986 1903 2085 1954 est.
2122 1901 2189 1953 Et
2218 1905 2307 1955 est
2337 1917 2547 1956 sensus
2573 1918 2584 1954 :
2621 1903 2821 1956 Tantae
2853 1905 2993 1957 sunt
3022 1902 3097 1971 (b)
3119 1900 3551 1970 amaritudinis,
3572 1904 3631 1955 et

1986 1993 2159 2042 tantae
2182 1989 2461 2044 adversus
2496 1991 2673 2045 Deum
2698 1990 3111 2057 contentionis,
3136 1994 3200 2045 ut
3219 1989 3630 2061 objurgantem

1988 2093 2104 2130 non
2130 2082 2461 2132 mereantur
2487 2079 2709 2134 audire.
2741 2080 2821 2133 Ex
2844 2095 2956 2149 quo
2989 2078 3363 2150 perspicuum
3396 2082 3509 2144 est,
3533 2077 3633 2133 ubi

1991 2164 2303 2221 multitudo
2334 2166 2507 2221 fuerit
2559 2172 2948 2239 peccatorum,
2997 2166 3269 2239 indignos
3317 2183 3445 2223 esse
3500 2182 3637 2238 pec-
3742 2226 3752 2237 ,

1990 2255 2345 2325 cantes,'qui
2378 2272 2411 2309 a
2436 2255 2683 2311 Domino
2717 2256 3100 2328 corrigantur.

2060 2342 2242 2412 (Vers.
2276 2345 2393 2414 27.)
2434 2344 2567 2400 Cum
2595 2352 2779 2399 autem
2812 2346 3020 2400 locutus
3050 2346 3207 2414 fuero
3236 2344 3357 2411 tibi,
3390 2346 3637 2416 aperiam

1989 2447 2045 2485 os
2074 2435 2251 2497 tuum,
2284 2441 2334 2487 et
2359 2433 2503 2488 dices
2533 2434 2602 2487 ad
2656 2450 2742 2489 eos
2796 2453 2814 2489 :
2846 2437 2972 2490 ch
3001 2433 3132 2487 dicit
3164 2434 3424 2488 Dominus
3456 2435 3635 2493 Deus:

1989 2524 2098 2588 Qui
2127 2521 2298 2586 audit,
2358 2521 2587 2575 audiat:
2614 2526 2662 2575 et
2718 2525 2813 2591 qui
2870 2524 3115 2591 quiescit,
3173 2523 3452 2591 quiescat:
3506 2523 3639 2591 quia

1989 2608 2177 2662 domus
2203 2625 2537 2679 exasperatis
2566 2617 2660 2664 est.
2696 2609 2839 2664 Illud
2869 2609 3019 2680 quod
3049 2609 3107 2663 in
3134 2608 3474 2664 Ecclesiaste
3493 2608 3632 2681 legi-

1993 2713 2164 2751 mus:
2201 2698 2422 2767 Tempus
2476 2698 2710 2765 tacendi,
2770 2706 2821 2753 et
2869 2703 3079 2769 tempus
3124 2697 3378 2769 loquendi
3409 2698 3630 2767 (Eccles.

1994 2785 2098 2855 III),
2133 2785 2308 2840 etiam
2341 2786 2400 2840 in
2467 2804 2735 2841 sermone
2778 2786 3111 2858 prophetico
3177 2787 3632 2858 comprobatur:

1992 2873 2149 2943 quod
2182 2875 2440 2944 ejusdem
2476 2876 2553 2930 sit
2584 2875 2878 2948 sapientis:
2908 2881 2966 2931 et
3022 2877 3207 2931 facere
3237 2880 3293 2930 et
3340 2874 3499 2944 loqui
3531 2891 3636 2946 pro

1992 2968 2272 3033 tempore,
2307 2969 2364 3019 et
2393 2964 2532 3018 dare
2563 2965 2857 3019 conservis
2888 2964 3012 3019 suis
3038 2965 3093 3018 in
3124 2969 3385 3035 tempore
3415 2980 3521 3018 suo
3552 2963 3635 3018 ci-

1992 3050 2173 3105 baria.
2210 3051 2373 3106 Unde
2401 3057 2459 3107 et
2490 3053 2669 3108 Isaias
2701 3053 2771 3107 ad
2804 3053 3086 3124 populum
3121 3069 3235 3107 non
3268 3052 3630 3107 credentem:

216 3141 458 3194 viderat
491 3138 917 3203 ambulantem,
951 3144 1007 3193 et
1037 3137 1357 3192 elevantem
1390 3154 1471 3206 se,
1503 3144 1560 3192 et
1585 3136 1881 3191 interdum
1915 3128 1957 3194 C
1996 3139 2172 3204 Tacui,
2206 3141 2474 3210 numquid
2503 3158 2712 3212 semper
2740 3142 2961 3197 tacebo?
3006 3141 3139 3195 dicit
3184 3142 3447 3195 Dominus
3481 3140 3632 3211 (lsai.

216 3235 502 3284 stantem.
521 3228 846 3296 Quiajuxta
864 3227 1104 3282 ﬂuvium
1124 3226 1317 3282 saeculi
1342 3227 1518 3297 hujus
1542 3224 1880 3296 Chobar,qui

220 3317 603 3384 interpretari
638 3322 829 3388 potest
858 3317 974 3387 [Αἰ.
1026 3316 1461 3388 interpretatur]
1501 3316 1878 3386 grauissimus,

220 3405 414 3478 gloria
444 3406 835 3460 cernebatur:
871 3405 1026 3476 quod
1059 3405 1373 3477 signiﬁcat,
1409 3420 1642 3459 omnem
1674 3401 1883 3458 mundi

223 3495 409 3565 hujus
423 3494 680 3567 gloriam
703 3494 1107 3565 praeterﬂuere,
1132 3492 1449 3565 etgradum
1473 3491 1741 3546 stabilem
1767 3508 1881 3546 non

224 3584 468 3639 habere.
506 3582 704 3638 Gloria
724 3589 920 3637 autem
951 3581 1175 3637 Domini
1201 3586 1384 3648 stans,
1405 3585 1462 3635 et
1483 3597 1881 3652 perseverans,

223 3689 362 3727 cum
399 3677 601 3727 stante
644 3671 928 3742 Propheta
976 3672 1203 3726 videtur
1251 3670 1309 3724 in
1360 3686 1603 3740 campo:
1656 3686 1782 3740 qua:
1826 3669 1883 3723 in

225 3761 427 3815 medio
459 3759 850 3831 captivorum,
904 3776 1008 3814 nec
1057 3765 1208 3814 stare
1237 3763 1481 3830 poterat,
1533 3775 1639 3813 nec
1684 3757 1882 3812 videri.

300 3849 501 3918 (Vere.
531 3848 725 3917 24.)Et
744 3848 914 3902 cecidi
938 3850 997 3902 in
1013 3850 1212 3918 faciem
1230 3864 1427 3916 meum,
1445 3855 1495 3902 et
1516 3847 1790 3916 ingressus
1811 3849 1891 3901 est

224 3940 287 3990 in
318 3953 412 3990 me
443 3938 693 4006 spiritus,
724 3944 775 3991 et
800 3939 993 3990 statuit
1022 3953 1106 3992 me
1134 3952 1297 4006 super
1329 3936 1491 4006 pedes
1516 3951 1658 3989 meos
1685 3951 1697 3989 :
1732 3938 1781 3989 et
1815 3933 1891 3989 to-

222 4034 404 4079 cutus
437 4027 511 4077 est
542 4024 703 4095 mihi,
738 4034 788 4079 et
817 4024 961 4079 dixit
990 4024 1062 4080 ad
1107 4040 1229 4078 me:
1283 4023 1587 4091 Ingredere,
1632 4027 1682 4077 et
1716 4025 1889 4077 inclu-

227 4114 377 4167 dere
403 4115 463 4166 in
495 4114 668 4168 medio
700 4113 889 4168 domus
921 4122 1044 4168 tuae.
1080 4114 1341 4167 Stantem
1376 4111 1622 4183 gloriam
1656 4112 1891 4167 Domini

226 4202 387 4257 ferre
417 4217 535 4256 non
569 4200 890 4271 sustinens,
926 4201 1136 4255 cecidit
1168 4202 1227 4254 in
1262 4201 1467 4255 faciem
1501 4218 1691 4267 suam,
1728 4205 1791 4255 ut
1820 4201 1893 4256 ab

224 4290 615 4362 ingrediente
645 4291 703 4344 in
738 4307 871 4345 eum
906 4290 1111 4358 spiritu
1147 4288 1453 4344 levaretur.
1510 4289 1615 4352 Qui
1646 4289 1895 4360 spiritus

227 4378 449 4433 statuit
483 4394 617 4432 cum
649 4395 825 4449 super
855 4378 1028 4450 pedes
1059 4393 1219 4443 suos,
1255 4382 1310 4431 et
1340 4376 1569 4432 locutus
1596 4383 1684 4433 est
1704 4378 1777 4443 ei,
1808 4378 1896 4432 di-

1990 3230 2138 3299 va).
2174 3228 2280 3291 Qui
2312 3229 2489 3300 igitur
2518 3231 2590 3285 ob
2637 3230 3075 3285 multitudinem
3128 3235 3495 3301 peccatorum
3530 3229 3633 3283 diu

1991 3314 2259 3371 clausum
2292 3333 2355 3371 os
2384 3317 2605 3372 tenuit:
2641 3319 2777 3389 quia
2805 3318 2950 3373 vidit
3015 3317 3243 3389 aliquos
3275 3334 3445 3389 posse
3494 3334 3638 3372 con-

1992 3404 2233 3475 verti,de
2264 3406 2479 3476 quibus
2511 3406 2731 3461 dictum
2763 3413 2885 3463 est:
2916 3406 3188 3475 Quiaudit
3216 3407 3427 3477 audiat,
3453 3411 3509 3461 et
3529 3406 3632 3476 qui

1993 3510 2026 3547 a
2057 3492 2228 3548 malis
2257 3495 2507 3565 quiescit
2537 3496 2818 3566 quiescat,
2842 3501 2898 3551 et
2918 3496 3148 3552 desinat
3171 3513 3184 3549 :
3208 3495 3420 3550 idcirco
3443 3498 3639 3566 aperto

1994 3598 2111 3643 ore,
2142 3586 2199 3635 et
2229 3599 2340 3637 non
2374 3585 2608 3653 propria
2636 3584 2950 3650 voluntate,
2984 3585 3085 3639 sed
3116 3584 3349 3639 Domini
3369 3584 3640 3654 jussione

1994 3669 2257 3740 loquitur
2274 3672 2340 3724 ad
2367 3671 2670 3742 populum.
2693 3674 2749 3727 ld
2771 3680 2963 3728 autem
2989 3674 3142 3743 quod
3162 3690 3265 3727 nos
3287 3672 3594 3742 posuimus
3622 3689 3635 3727 :

1999 3757 2103 3824 Qui
2132 3758 2287 3812 audit
2314 3761 2505 3813 audiat
2531 3776 2543 3813 :
2575 3764 2625 3814 et
2656 3762 2752 3830 qui
2777 3762 3024 3829 quiescit,
3057 3761 3339 3829 quiescat:
3389 3775 3492 3830 pro
3525 3775 3640 3830 quo

2000 3845 2145 3899 LXX
2174 3846 2529 3917 interpretati
2565 3859 2736 3902 sunt:
2773 3849 2879 3915 Qui
2906 3848 3061 3903 audit
3092 3848 3281 3903 audiat
3307 3866 3319 3903 :
3350 3852 3403 3902 et
3434 3850 3532 3920 qui
3559 3849 3644 3902 in-

1998 3933 2252 3989 credulus
2282 3939 2380 4001 est,
2407 3935 2716 3990 incredulus
2743 3939 2848 3991 sit:
2906 3937 3163 3992 secunda
3213 3937 3435 4009 Aquila:
3467 3937 3641 3993 editio

1998 4021 2080 4075 ita
2104 4023 2404 4077 transtulit
2428 4040 2439 4079 :
2464 4024 2569 4091 Qui
2584 4024 2736 4079 audit
2754 4027 2846 4081 37
2873 4026 3129 4081 audietur
3150 4045 3168 4081 :
3185 4028 3343 4098 etqui
3360 4028 3641 4097 relinquit,

2000 4111 2363 4183 relinquetur.
2396 4117 2461 4166 lit
2490 4118 2578 4167 est
2625 4130 2872 4170 sensus:
2926 4116 3034 4183 Qui
3080 4115 3244 4171 habet
3290 4116 3522 4171 dabitur
3547 4117 3639 4171 ei:

2003 4202 2099 4271 qui
2128 4208 2307 4255 autem
2326 4217 2435 4256 non
2476 4200 2653 4271 liabet,
2698 4205 2869 4258 etiam
2916 4204 2972 4258 id
3014 4205 3420 4275 quod'videtur
3440 4206 3644 4260 habere

2004 4291 2287 4359 auferetur
2314 4290 2381 4344 ab
2406 4306 2464 4344 eo
2491 4294 2681 4359 (Marc.
2718 4309 2792 4357 IV,
2825 4293 2933 4363 -l5).

2076 4378 2233 4448 (Cap.
2271 4377 2361 4431 ιν.
2396 4410 2462 4417 -
2500 4379 2656 4434 \‘ers.
2692 4382 2742 4445 1,
2766 4382 2845 4451 2.)
2870 4384 3042 4448 Ettu,
3075 4383 3161 4452 ﬁti
3181 4382 3443 4447 hominis,
3472 4398 3643 4451 sume,

229 4483 423 4521 cens:
461 4470 621 4521 Intra
645 4470 694 4521 et
725 4467 1003 4522 includere
1034 4469 1093 4521 in
1120 4466 1295 4521 medio
1326 4468 1519 4521 domus
1546 4476 1675 4523 tuae.
1714 4473 1777 4520 Et
1809 4472 1899 4522 est
1932 4487 1976 4551 D
2008 4466 2109 4519 tibi
2139 4466 2384 4537 taterem,
2416 4472 2471 4521 et
2498 4484 2659 4538 pones
2678 4486 2804 4523 eum
2824 4486 3027 4537 coram,
3052 4476 3120 4530 te.
3143 4475 3195 4525 et
3214 4470 3480 4526 describes
3512 4473 3572 4526 in
3587 4487 3648 4527 eo

227 4572 459 4612 sensus
486 4572 504 4608 :
554 4555 703 4620 Quia
741 4556 1147 4611 corroboratus
1196 4572 1257 4610 es
1306 4560 1544 4627 aspectu
1586 4555 1895 4610 Dominicis

227 4643 835 4714 majestatis,nullum
850 4645 1192 4712 timeas,nec
1206 4642 1461 4713 aliquem
1484 4643 1894 4714 pertimescas;

232 4734 349 4787 sed
385 4736 677 4787 revertere
705 4732 764 4786 in
797 4732 1038 4787 domum
1062 4737 1225 4786 tuam
1255 4748 1266 4785 :
1295 4731 1385 4787 vel
1418 4733 1487 4785 ad
1523 4733 1899 4788 necessitates

233 4818 536 4891 corporis,
570 4823 637 4873 ut
668 4821 905 4891 quidam
939 4824 1166 4892 putant,
1196 4819 1284 4874 vel
1319 4819 1375 4874 in
1409 4821 1644 4891 signum
1693 4822 1899 4875 futurae

230 4908 601 4964 obsidionis.
635 4912 704 4963 Et
724 4910 1018 4981 quomodo
1039 4908 1218 4964 Isaias
1238 4908 1611 4963 discalciatus
1633 4914 1689 4964 et
1711 4911 1903 4965 nudus

228 4999 400 5069 (lsai.
436 5000 557 5063 xx),
602 4997 779 5052 trium
831 5014 1120 5052 annorum
1162 4997 1581 5069 captivitatem,
1631 5004 1686 5052 et
1736 4998 1902 5053 nudi-

230 5089 436 5141 tatem
471 5085 574 5140 36
605 5085 805 5157 populi
838 5084 1147 5153 nuntiavit,
1172 5084 1253 5139 ita
1275 5090 1331 5140 et
1356 5089 1417 5139 tu
1451 5084 1687 5142 clausus
1709 5087 1906 5153 domo,

230 5190 429 5247 opere
462 5173 590 5245 ipso
620 5175 903 5247 propheta
930 5174 1183 5230 vicinam
1214 5174 1579 5229 obsidionem
1623 5175 1784 5231 urbis
1811 5176 1906 5232 Je-

232 5262 540 5320 rnsalem.

443 5493 861 5567 Antearvitiose
891 5498 1035 5567 erat,
1069 5496 1164 5567 qui
1191 5493 1436 5551 dixerat.

346 5510 384 5550 a
443 5496 625 5550 Antea
654 5494 861 5550 vitiose
891 5498 1035 5560 erat,
1069 5496 1164 5567 qui
1191 5494 1436 5551 dixerat.

322 5494 410 5645 Eb)
422 5565 569 5624 Cum
586 5565 844 5622 Victorio
866 5579 935 5621 ex
959 5565 1209 5624 Floreat.
1230 5566 1423 5636 codd.,
1442 5567 1838 5627 amaritudinis
1859 5572 1916 5627 et

583 5692 858 5761 Ponet.
905 5691 1101 5759 XXV.

2006 4556 2281 4608 civitatem
2309 4556 2631 4621 Jerusalem,
2663 4566 2712 4612 et
2738 4557 3020 4613 ordinabis
3051 4558 3311 4613 adversus
3348 4575 3472 4614 eam
3498 4562 3646 4615 obsi-

2007 4641 2242 4709 dionem,
2276 4651 2325 4697 ct
2356 4643 2651 4713 adiﬁcabis
2681 4648 3027 4709 munitiones,
3061 4655 3111 4702 et
3152 4647 3508 4717 comportabis
3547 4664 3647 4714 ag-

2009 4747 2214 4798 gerem,
2246 4742 2295 4787 et
2324 4731 2479 4786 dabis
2507 4737 2691 4787 contra
2722 4750 2843 4789 eam
2871 4745 3067 4805 castra,
3102 4744 3153 4791 et
3174 4751 3337 4806 pones
3368 4735 3562 4789 arietes
3586 4736 3645 4789 in

2010 4820 2149 4889 giro.
2167 4819 2328 4875 Sicut
2348 4820 2510 4892 prius
2531 4822 2787 4878 diximus
2811 4841 2823 4877 :
2852 4826 3002 4879 Intra
3019 4829 3065 4877 et
3092 4824 3373 4877 includere
3394 4825 3454 4877 in
3472 4824 3648 4880 medio

2012 4908 2200 4963 donius
2228 4912 2357 4975 tua’,
2389 4914 2439 4963 et
2466 4926 2581 4965 ecce
2608 4911 2735 4966 data
2762 4920 2885 4966 sunt
2910 4928 3074 4981 super
3090 4920 3139 4966 te
3166 4912 3406 4982 vincula,
3434 4904 3485 4968 et
3506 4901 3647 4983 liga:-

2016 4997 2146 5051 bunt
2176 5006 2243 5057 te.
2277 5007 2454 5052 etnon
2476 5001 2795 5069 egredieris,
2821 5006 3022 5070 typum
3046 5017 3173 5055 esse
3196 5001 3537 5073 prophetam
3561 5004 3650 5059 fu-

2017 5090 2158 5140 turae
2192 5087 2511 5143 obsidionis
2543 5089 2704 5144 urbis
2729 5087 3056 5144 Jerusalem
3082 5104 3096 5145 :
3126 5089 3206 5144 ita
3236 5107 3391 5146 nunc
3424 5092 3661 5148 Geome-

2017 5173 2161 5229 trica
2183 5175 2425 5245 jubetur
2454 5176 2511 5231 in
2563 5178 2735 5232 latere
2783 5183 2906 5232 arte
2955 5178 3300 5246 describere,
3352 5179 3663 5253 ipsumque

2019 5261 2256 5318 laterem
2291 5264 2428 5336 poni
2462 5266 2519 5319 in
2552 5268 2864 5336 conspectu
2897 5267 3211 5340 prophetae,
3257 5272 3323 5323 ut
3351 5272 3662 5340 postquam

2022 5496 2382 5576 contentionis
2415 5495 2753 5576 reponimus
2785 5500 3142 5576 concinniori
3174 5515 3351 5556 sensu
3377 5517 3390 5559 :
3415 5517 3519 5574 pro
3551 5517 3664 5576 quo

2025 5574 2196 5628 antea
2224 5573 2348 5626 erat
2376 5568 2775 5628 amaritudines
2808 5576 2865 5629 et
2893 5573 3287 5631 contentiones.

3317 5702 3352 5771 9
