  <div class='ocr_page' id='page_1' title='image "/cluster/home/n/w/nwhite01/storage/ocr_20150623/25/hvd.32044096580493/027.png"; bbox 0 0 4020 6186; ppageno 0'>
   <div class='ocr_carea' id='block_1_1' title="bbox 383 319 2554 386">
    <p class='ocr_par' dir='ltr' id='par_1_1' title="bbox 383 319 2554 386">
     <span class='ocr_line' id='line_1_1' title="bbox 383 319 2554 386; baseline 0.003 -9"><span class='ocrx_word' id='word_1_1' title='bbox 383 319 464 378; x_wconf 75' lang='grc'>43</span> <span class='ocrx_word' id='word_1_2' title='bbox 1623 324 1685 383; x_wconf 89' lang='lat' dir='ltr'>S.</span> <span class='ocrx_word' id='word_1_3' title='bbox 1735 323 2041 384; x_wconf 82' lang='lat' dir='ltr'>EUSEBII</span> <span class='ocrx_word' id='word_1_4' title='bbox 2090 324 2554 386; x_wconf 82' lang='lat' dir='ltr'>HIERONYMI.</span> 
     </span>
    </p>
   </div>
   <div class='ocr_carea' id='block_1_2' title="bbox 3704 330 3797 388">
    <p class='ocr_par' dir='ltr' id='par_1_2' title="bbox 3704 330 3797 388">
     <span class='ocr_line' id='line_1_2' title="bbox 3704 330 3797 388; baseline 0.011 -1"><span class='ocrx_word' id='word_1_5' title='bbox 3704 330 3797 388; x_wconf 75' lang='lat'><strong>44</strong></span> 
     </span>
    </p>
   </div>
   <div class='ocr_carea' id='block_1_3' title="bbox 390 452 3793 533">
    <p class='ocr_par' dir='ltr' id='par_1_3' title="bbox 390 452 3793 533">
     <span class='ocr_line' id='line_1_3' title="bbox 390 452 3793 533; baseline 0.002 -26"><span class='ocrx_word' id='word_1_6' title='bbox 390 452 766 525; x_wconf 81' lang='lat' dir='ltr'>descripserit</span> <span class='ocrx_word' id='word_1_7' title='bbox 788 453 847 508; x_wconf 90' lang='lat' dir='ltr'>in</span> <span class='ocrx_word' id='word_1_8' title='bbox 870 452 1101 525; x_wconf 79' lang='lat' dir='ltr'>pulvere</span> <span class='ocrx_word' id='word_1_9' title='bbox 1115 452 1695 525; x_wconf 84' lang='lat' dir='ltr'>Jerusalem,omnem</span> <span class='ocrx_word' id='word_1_10' title='bbox 1719 456 2027 511; x_wconf 90' lang='lat' dir='ltr'>adversum</span> <span class='ocrx_word' id='word_1_11' title='bbox 2059 463 2112 523; x_wconf 79' lang='grc' dir='ltr'>Α</span> <span class='ocrx_word' id='word_1_12' title='bbox 2144 456 2377 511; x_wconf 89' lang='lat' dir='ltr'>mollem</span> <span class='ocrx_word' id='word_1_13' title='bbox 2409 473 2514 511; x_wconf 92' lang='lat' dir='ltr'>suo</span> <span class='ocrx_word' id='word_1_14' title='bbox 2531 454 2669 511; x_wconf 89' lang='lat' dir='ltr'>vitio</span> <span class='ocrx_word' id='word_1_15' title='bbox 2687 456 2945 512; x_wconf 86' lang='lat' dir='ltr'>fecerunt</span> <span class='ocrx_word' id='word_1_16' title='bbox 2966 474 3093 513; x_wconf 89' lang='lat' dir='ltr'>esse</span> <span class='ocrx_word' id='word_1_17' title='bbox 3114 456 3521 514; x_wconf 88' lang='lat' dir='ltr'>durissimum.</span> <span class='ocrx_word' id='word_1_18' title='bbox 3540 459 3793 533; x_wconf 89' lang='lat' dir='ltr'>Sartago</span> 
     </span>
    </p>
   </div>
   <div class='ocr_carea' id='block_1_4' title="bbox 388 541 2031 615">
    <p class='ocr_par' dir='ltr' id='par_1_4' title="bbox 388 541 2031 615">
     <span class='ocr_line' id='line_1_4' title="bbox 388 541 2031 615; baseline 0.001 -18"><span class='ocrx_word' id='word_1_19' title='bbox 388 558 517 597; x_wconf 89' lang='lat' dir='ltr'>eam</span> <span class='ocrx_word' id='word_1_20' title='bbox 550 541 752 615; x_wconf 82' lang='lat' dir='ltr'>pingat</span> <span class='ocrx_word' id='word_1_21' title='bbox 769 543 1129 598; x_wconf 87' lang='lat' dir='ltr'>obsidionem</span> <span class='ocrx_word' id='word_1_22' title='bbox 1157 561 1170 609; x_wconf 91' lang='lat'><strong>;</strong></span> <span class='ocrx_word' id='word_1_23' title='bbox 1195 543 1554 598; x_wconf 89' lang='lat' dir='ltr'>adumbrans</span> <span class='ocrx_word' id='word_1_24' title='bbox 1573 544 1949 608; x_wconf 82' lang='lat' dir='ltr'>munitiones,</span> <span class='ocrx_word' id='word_1_25' title='bbox 1973 548 2031 599; x_wconf 89' lang='lat' dir='ltr'>et</span> 
     </span>
    </p>
   </div>
   <div class='ocr_carea' id='block_1_5' title="bbox 388 632 2027 703">
    <p class='ocr_par' dir='ltr' id='par_1_5' title="bbox 388 632 2027 703">
     <span class='ocr_line' id='line_1_5' title="bbox 388 632 2027 703; baseline 0 -17"><span class='ocrx_word' id='word_1_26' title='bbox 388 635 781 702; x_wconf 86' lang='lat' dir='ltr'>comportatos</span> <span class='ocrx_word' id='word_1_27' title='bbox 808 647 1070 703; x_wconf 79' lang='lat' dir='ltr'>aggeres,</span> <span class='ocrx_word' id='word_1_28' title='bbox 1103 636 1160 686; x_wconf 89' lang='lat' dir='ltr'>et</span> <span class='ocrx_word' id='word_1_29' title='bbox 1188 647 1460 686; x_wconf 79' lang='lat' dir='ltr'>coronam</span> <span class='ocrx_word' id='word_1_30' title='bbox 1511 632 1780 686; x_wconf 87' lang='lat' dir='ltr'>vallantis</span> <span class='ocrx_word' id='word_1_31' title='bbox 1812 632 2027 687; x_wconf 86' lang='lat' dir='ltr'>exerci-</span> 
     </span>
    </p>
   </div>
   <div class='ocr_carea' id='block_1_6' title="bbox 390 719 2027 793">
    <p class='ocr_par' dir='ltr' id='par_1_6' title="bbox 390 719 2027 793">
     <span class='ocr_line' id='line_1_6' title="bbox 390 719 2027 793; baseline 0.001 -19"><span class='ocrx_word' id='word_1_32' title='bbox 390 722 507 791; x_wconf 86' lang='lat' dir='ltr'>tus,</span> <span class='ocrx_word' id='word_1_33' title='bbox 531 725 590 776; x_wconf 89' lang='lat' dir='ltr'>et</span> <span class='ocrx_word' id='word_1_34' title='bbox 610 720 820 777; x_wconf 81' lang='lat' dir='ltr'>arietes</span> <span class='ocrx_word' id='word_1_35' title='bbox 843 721 901 774; x_wconf 89' lang='lat' dir='ltr'>in</span> <span class='ocrx_word' id='word_1_36' title='bbox 924 719 1191 785; x_wconf 83' lang='lat' dir='ltr'>circuitu,</span> <span class='ocrx_word' id='word_1_37' title='bbox 1219 737 1318 792; x_wconf 90' lang='lat' dir='ltr'>per</span> <span class='ocrx_word' id='word_1_38' title='bbox 1339 737 1464 792; x_wconf 71' lang='lat' dir='ltr'>quae</span> <span class='ocrx_word' id='word_1_39' title='bbox 1488 721 1685 776; x_wconf 86' lang='lat' dir='ltr'>omnia</span> <span class='ocrx_word' id='word_1_40' title='bbox 1707 722 1879 777; x_wconf 90' lang='lat' dir='ltr'>urbes</span> <span class='ocrx_word' id='word_1_41' title='bbox 1901 722 2027 793; x_wconf 89' lang='lat' dir='ltr'>capi</span> 
     </span>
    </p>
   </div>
   <div class='ocr_carea' id='block_1_7' title="bbox 393 807 2029 881">
    <p class='ocr_par' dir='ltr' id='par_1_7' title="bbox 393 807 2029 881">
     <span class='ocr_line' id='line_1_7' title="bbox 393 807 2029 881; baseline -0.001 -17"><span class='ocrx_word' id='word_1_42' title='bbox 393 807 601 865; x_wconf 80' lang='lat' dir='ltr'>solent.</span> <span class='ocrx_word' id='word_1_43' title='bbox 637 809 989 865; x_wconf 88' lang='lat' dir='ltr'>Munitiones</span> <span class='ocrx_word' id='word_1_44' title='bbox 1026 809 1321 875; x_wconf 87' lang='lat' dir='ltr'>dicuntur,</span> <span class='ocrx_word' id='word_1_45' title='bbox 1374 810 1589 881; x_wconf 84' lang='lat' dir='ltr'>quibus</span> <span class='ocrx_word' id='word_1_46' title='bbox 1636 810 1778 864; x_wconf 87' lang='lat' dir='ltr'>urbs</span> <span class='ocrx_word' id='word_1_47' title='bbox 1812 809 2029 864; x_wconf 86' lang='lat' dir='ltr'>claudi-</span> 
     </span>
    </p>
   </div>
   <div class='ocr_carea' id='block_1_8' title="bbox 393 892 2028 970">
    <p class='ocr_par' dir='ltr' id='par_1_8' title="bbox 393 892 2028 970">
     <span class='ocr_line' id='line_1_8' title="bbox 393 892 2028 970; baseline -0.002 -16"><span class='ocrx_word' id='word_1_48' title='bbox 393 903 597 965; x_wconf 87' lang='lat' dir='ltr'>tur,ne</span> <span class='ocrx_word' id='word_1_49' title='bbox 610 892 740 970; x_wconf 85' lang='lat' dir='ltr'>quis</span> <span class='ocrx_word' id='word_1_50' title='bbox 765 898 1138 954; x_wconf 84' lang='lat' dir='ltr'>obsessorum</span> <span class='ocrx_word' id='word_1_51' title='bbox 1162 898 1347 969; x_wconf 86' lang='lat' dir='ltr'>possit</span> <span class='ocrx_word' id='word_1_52' title='bbox 1370 898 1621 969; x_wconf 74' lang='lat' dir='ltr'>effugere</span> <span class='ocrx_word' id='word_1_53' title='bbox 1646 915 1659 965; x_wconf 88' lang='lat'><strong>;</strong></span> <span class='ocrx_word' id='word_1_54' title='bbox 1685 898 2028 969; x_wconf 85' lang='lat' dir='ltr'>comportati</span> 
     </span>
    </p>
   </div>
   <div class='ocr_carea' id='block_1_9' title="bbox 394 985 2030 1060">
    <p class='ocr_par' dir='ltr' id='par_1_9' title="bbox 394 985 2030 1060">
     <span class='ocr_line' id='line_1_9' title="bbox 394 985 2030 1060; baseline -0.002 -17"><span class='ocrx_word' id='word_1_55' title='bbox 394 1003 656 1060; x_wconf 80' lang='lat' dir='ltr'>aggeres,</span> <span class='ocrx_word' id='word_1_56' title='bbox 687 987 903 1059; x_wconf 79' lang='lat' dir='ltr'>quibus</span> <span class='ocrx_word' id='word_1_57' title='bbox 931 985 1148 1041; x_wconf 83' lang='lat' dir='ltr'>vallum</span> <span class='ocrx_word' id='word_1_58' title='bbox 1181 988 1465 1057; x_wconf 81' lang='lat' dir='ltr'>fossaeque</span> <span class='ocrx_word' id='word_1_59' title='bbox 1490 986 1889 1057; x_wconf 83' lang='lat' dir='ltr'>complentur:</span> <span class='ocrx_word' id='word_1_60' title='bbox 1937 1003 2030 1041; x_wconf 90' lang='lat' dir='ltr'>ca-</span> 
     </span>
    </p>
   </div>
   <div class='ocr_carea' id='block_1_10' title="bbox 392 1074 2030 1146">
    <p class='ocr_par' dir='ltr' id='par_1_10' title="bbox 392 1074 2030 1146">
     <span class='ocr_line' id='line_1_10' title="bbox 392 1074 2030 1146; baseline 0 -15"><span class='ocrx_word' id='word_1_61' title='bbox 392 1075 797 1142; x_wconf 89' lang='lat' dir='ltr'>stra,militum</span> <span class='ocrx_word' id='word_1_62' title='bbox 821 1075 1097 1130; x_wconf 69' lang='lat' dir='ltr'>custodias</span> <span class='ocrx_word' id='word_1_63' title='bbox 1119 1091 1221 1146; x_wconf 89' lang='lat' dir='ltr'>per</span> <span class='ocrx_word' id='word_1_64' title='bbox 1239 1074 1549 1129; x_wconf 89' lang='lat' dir='ltr'>circuitum</span> <span class='ocrx_word' id='word_1_65' title='bbox 1566 1076 1797 1130; x_wconf 88' lang='lat' dir='ltr'>:arietes</span> <span class='ocrx_word' id='word_1_66' title='bbox 1816 1075 2030 1146; x_wconf 88' lang='lat' dir='ltr'>quibus</span> 
     </span>
    </p>
   </div>
   <div class='ocr_carea' id='block_1_11' title="bbox 392 1153 2030 1235">
    <p class='ocr_par' dir='ltr' id='par_1_11' title="bbox 392 1153 2030 1235">
     <span class='ocr_line' id='line_1_11' title="bbox 392 1153 2030 1235; baseline -0.002 -14"><span class='ocrx_word' id='word_1_67' title='bbox 392 1181 693 1221; x_wconf 87' lang='lat' dir='ltr'>murorum</span> <span class='ocrx_word' id='word_1_68' title='bbox 721 1153 1097 1219; x_wconf 84' lang='lat' dir='ltr'>fundamenta</span> <span class='ocrx_word' id='word_1_69' title='bbox 1121 1164 1485 1235; x_wconf 86' lang='lat' dir='ltr'>quatiuntur,</span> <span class='ocrx_word' id='word_1_70' title='bbox 1510 1168 1567 1218; x_wconf 90' lang='lat' dir='ltr'>et</span> <span class='ocrx_word' id='word_1_71' title='bbox 1605 1163 1869 1235; x_wconf 83' lang='lat' dir='ltr'>lapidum</span> <span class='ocrx_word' id='word_1_72' title='bbox 1888 1165 2030 1234; x_wconf 91' lang='lat' dir='ltr'>jun-</span> 
     </span>
    </p>
   </div>
   <div class='ocr_carea' id='block_1_12' title="bbox 391 1252 2033 1324">
    <p class='ocr_par' dir='ltr' id='par_1_12' title="bbox 391 1252 2033 1324">
     <span class='ocr_line' id='line_1_12' title="bbox 391 1252 2033 1324; baseline -0.002 -14"><span class='ocrx_word' id='word_1_73' title='bbox 391 1259 558 1310; x_wconf 85' lang='lat' dir='ltr'>ctura</span> <span class='ocrx_word' id='word_1_74' title='bbox 587 1252 944 1309; x_wconf 84' lang='lat' dir='ltr'>dissolvitur.</span> <span class='ocrx_word' id='word_1_75' title='bbox 968 1257 1086 1308; x_wconf 86' lang='lat' dir='ltr'>Hoc</span> <span class='ocrx_word' id='word_1_76' title='bbox 1109 1257 1300 1307; x_wconf 89' lang='lat' dir='ltr'>autem</span> <span class='ocrx_word' id='word_1_77' title='bbox 1327 1252 1559 1319; x_wconf 89' lang='lat' dir='ltr'>dicitur,</span> <span class='ocrx_word' id='word_1_78' title='bbox 1585 1256 1649 1306; x_wconf 88' lang='lat' dir='ltr'>ut</span> <span class='ocrx_word' id='word_1_79' title='bbox 1668 1252 2033 1324; x_wconf 82' lang='lat' dir='ltr'>signiﬁcetur</span> 
     </span>
    </p>
   </div>
   <div class='ocr_carea' id='block_1_13' title="bbox 393 1340 2032 1412">
    <p class='ocr_par' dir='ltr' id='par_1_13' title="bbox 393 1340 2032 1412">
     <span class='ocr_line' id='line_1_13' title="bbox 393 1340 2032 1412; baseline -0.001 -14"><span class='ocrx_word' id='word_1_80' title='bbox 393 1343 556 1398; x_wconf 90' lang='lat' dir='ltr'>urbis</span> <span class='ocrx_word' id='word_1_81' title='bbox 580 1340 904 1398; x_wconf 88' lang='lat' dir='ltr'>Jerusalem</span> <span class='ocrx_word' id='word_1_82' title='bbox 927 1342 1037 1396; x_wconf 90' lang='lat' dir='ltr'>sub</span> <span class='ocrx_word' id='word_1_83' title='bbox 1051 1341 1284 1395; x_wconf 89' lang='lat' dir='ltr'>Sedecia</span> <span class='ocrx_word' id='word_1_84' title='bbox 1304 1341 1492 1394; x_wconf 88' lang='lat' dir='ltr'>vicina</span> <span class='ocrx_word' id='word_1_85' title='bbox 1507 1340 1807 1411; x_wconf 80' lang='lat' dir='ltr'>captivitas</span> <span class='ocrx_word' id='word_1_86' title='bbox 1835 1343 2032 1412; x_wconf 87' lang='lat' dir='ltr'>:cujus</span> 
     </span>
    </p>
   </div>
   <div class='ocr_carea' id='block_1_14' title="bbox 391 1429 2030 1501">
    <p class='ocr_par' dir='ltr' id='par_1_14' title="bbox 391 1429 2030 1501">
     <span class='ocr_line' id='line_1_14' title="bbox 391 1429 2030 1501; baseline -0.002 -13"><span class='ocrx_word' id='word_1_87' title='bbox 391 1448 544 1488; x_wconf 89' lang='lat' dir='ltr'>anno</span> <span class='ocrx_word' id='word_1_88' title='bbox 583 1430 890 1486; x_wconf 89' lang='lat' dir='ltr'>undecimo</span> <span class='ocrx_word' id='word_1_89' title='bbox 920 1435 976 1484; x_wconf 90' lang='lat' dir='ltr'>et</span> <span class='ocrx_word' id='word_1_90' title='bbox 1006 1446 1123 1495; x_wconf 85' lang='lat' dir='ltr'>rex,</span> <span class='ocrx_word' id='word_1_91' title='bbox 1157 1433 1214 1484; x_wconf 90' lang='lat' dir='ltr'>et</span> <span class='ocrx_word' id='word_1_92' title='bbox 1242 1429 1446 1484; x_wconf 86' lang='lat' dir='ltr'>civitas</span> <span class='ocrx_word' id='word_1_93' title='bbox 1472 1433 1642 1501; x_wconf 87' lang='lat' dir='ltr'>capta</span> <span class='ocrx_word' id='word_1_94' title='bbox 1671 1435 1776 1485; x_wconf 89' lang='lat' dir='ltr'>est.</span> <span class='ocrx_word' id='word_1_95' title='bbox 1812 1430 1916 1484; x_wconf 89' lang='lat' dir='ltr'>Pro</span> <span class='ocrx_word' id='word_1_96' title='bbox 1949 1430 2030 1485; x_wconf 87' lang='lat' dir='ltr'>la-</span> 
     </span>
    </p>
   </div>
   <div class='ocr_carea' id='block_1_15' title="bbox 389 1514 2033 1592">
    <p class='ocr_par' dir='ltr' id='par_1_15' title="bbox 389 1514 2033 1592">
     <span class='ocr_line' id='line_1_15' title="bbox 389 1514 2033 1592; baseline -0.003 -17"><span class='ocrx_word' id='word_1_97' title='bbox 389 1526 530 1592; x_wconf 86' lang='lat' dir='ltr'>tere,</span> <span class='ocrx_word' id='word_1_98' title='bbox 564 1520 661 1592; x_wconf 87' lang='lat' dir='ltr'>qui</span> <span class='ocrx_word' id='word_1_99' title='bbox 690 1519 881 1575; x_wconf 79' lang='lat' dir='ltr'>Grasce</span> <span class='ocrx_word' id='word_1_100' title='bbox 913 1517 1127 1572; x_wconf 88' lang='lat' dir='ltr'>dicitur</span> <span class='ocrx_word' id='word_1_101' title='bbox 1155 1533 1363 1589; x_wconf 88' lang='lat' dir='ltr'>genere</span> <span class='ocrx_word' id='word_1_102' title='bbox 1394 1517 1672 1572; x_wconf 90' lang='lat' dir='ltr'>feminino</span> <span class='ocrx_word' id='word_1_103' title='bbox 1702 1519 1735 1584; x_wconf 72' lang='grc' dir='ltr'>ἡ</span> <span class='ocrx_word' id='word_1_104' title='bbox 1783 1514 2033 1588; x_wconf 80' lang='grc' dir='ltr'>πλίνθος,</span> 
     </span>
    </p>
   </div>
   <div class='ocr_carea' id='block_1_16' title="bbox 391 1602 2030 1681">
    <p class='ocr_par' dir='ltr' id='par_1_16' title="bbox 391 1602 2030 1681">
     <span class='ocr_line' id='line_1_16' title="bbox 391 1602 2030 1681; baseline -0.004 -17"><span class='ocrx_word' id='word_1_105' title='bbox 391 1608 780 1681; x_wconf 86' lang='lat' dir='ltr'>Symmachus</span> <span class='ocrx_word' id='word_1_106' title='bbox 812 1606 1182 1661; x_wconf 82' lang='lat' dir='ltr'>manifestius</span> <span class='ocrx_word' id='word_1_107' title='bbox 1208 1605 1627 1677; x_wconf 85' lang='lat' dir='ltr'>interpretatus</span> <span class='ocrx_word' id='word_1_108' title='bbox 1652 1610 1740 1660; x_wconf 90' lang='lat' dir='ltr'>est</span> <span class='ocrx_word' id='word_1_109' title='bbox 1760 1602 2030 1673; x_wconf 76' lang='grc' dir='ltr'>πλίνθιον,</span> 
     </span>
    </p>
   </div>
   <div class='ocr_carea' id='block_1_17' title="bbox 392 1693 2030 1770">
    <p class='ocr_par' dir='ltr' id='par_1_17' title="bbox 392 1693 2030 1770">
     <span class='ocr_line' id='line_1_17' title="bbox 392 1693 2030 1770; baseline -0.001 -18"><span class='ocrx_word' id='word_1_110' title='bbox 392 1714 563 1770; x_wconf 88' lang='lat' dir='ltr'>quem</span> <span class='ocrx_word' id='word_1_111' title='bbox 581 1713 687 1752; x_wconf 90' lang='lat' dir='ltr'>nos</span> <span class='ocrx_word' id='word_1_112' title='bbox 708 1695 1035 1750; x_wconf 82' lang='lat' dir='ltr'>laterculum</span> <span class='ocrx_word' id='word_1_113' title='bbox 1054 1700 1110 1749; x_wconf 89' lang='lat' dir='ltr'>et</span> <span class='ocrx_word' id='word_1_114' title='bbox 1126 1696 1355 1749; x_wconf 85' lang='lat' dir='ltr'>abacum</span> <span class='ocrx_word' id='word_1_115' title='bbox 1378 1693 1671 1766; x_wconf 86' lang='lat' dir='ltr'>appellare</span> <span class='ocrx_word' id='word_1_116' title='bbox 1692 1712 2030 1767; x_wconf 87' lang='lat' dir='ltr'>possumus.</span> 
     </span>
    </p>
   </div>
   <div class='ocr_carea' id='block_1_18' title="bbox 390 1782 2031 1856">
    <p class='ocr_par' dir='ltr' id='par_1_18' title="bbox 390 1782 2031 1856">
     <span class='ocr_line' id='line_1_18' title="bbox 390 1782 2031 1856; baseline -0.002 -14"><span class='ocrx_word' id='word_1_117' title='bbox 390 1788 453 1842; x_wconf 93' lang='lat' dir='ltr'>In</span> <span class='ocrx_word' id='word_1_118' title='bbox 485 1787 654 1856; x_wconf 87' lang='lat' dir='ltr'>cujus</span> <span class='ocrx_word' id='word_1_119' title='bbox 684 1783 916 1856; x_wconf 88' lang='lat' dir='ltr'>pulvere</span> <span class='ocrx_word' id='word_1_120' title='bbox 948 1782 1136 1838; x_wconf 85' lang='lat' dir='ltr'>solent</span> <span class='ocrx_word' id='word_1_121' title='bbox 1164 1787 1469 1854; x_wconf 67' lang='lat' dir='ltr'>geometrae</span> <span class='ocrx_word' id='word_1_122' title='bbox 1500 1783 1781 1856; x_wconf 73' lang='grc' dir='ltr'>γραμμᾶς,</span> <span class='ocrx_word' id='word_1_123' title='bbox 1817 1784 1873 1838; x_wconf 91' lang='lat' dir='ltr'>id</span> <span class='ocrx_word' id='word_1_124' title='bbox 1923 1790 2031 1851; x_wconf 89' lang='lat' dir='ltr'>est,</span> 
     </span>
    </p>
   </div>
   <div class='ocr_carea' id='block_1_19' title="bbox 392 1871 2032 1944">
    <p class='ocr_par' dir='ltr' id='par_1_19' title="bbox 392 1871 2032 1944">
     <span class='ocr_line' id='line_1_19' title="bbox 392 1871 2032 1944; baseline -0.002 -14"><span class='ocrx_word' id='word_1_125' title='bbox 392 1876 569 1931; x_wconf 81' lang='lat' dir='ltr'>lineas</span> <span class='ocrx_word' id='word_1_126' title='bbox 593 1873 775 1928; x_wconf 89' lang='lat' dir='ltr'>radios</span> <span class='ocrx_word' id='word_1_127' title='bbox 796 1889 909 1944; x_wconf 87' lang='lat' dir='ltr'>que</span> <span class='ocrx_word' id='word_1_128' title='bbox 929 1871 1277 1926; x_wconf 86' lang='lat' dir='ltr'>describere.</span> <span class='ocrx_word' id='word_1_129' title='bbox 1303 1872 1383 1925; x_wconf 86' lang='lat' dir='ltr'>Ex</span> <span class='ocrx_word' id='word_1_130' title='bbox 1408 1888 1523 1943; x_wconf 90' lang='lat' dir='ltr'>quo</span> <span class='ocrx_word' id='word_1_131' title='bbox 1542 1872 1783 1943; x_wconf 89' lang='lat' dir='ltr'>quidam</span> <span class='ocrx_word' id='word_1_132' title='bbox 1807 1871 2032 1941; x_wconf 90' lang='lat' dir='ltr'>volunt,</span> 
     </span>
    </p>
   </div>
   <div class='ocr_carea' id='block_1_20' title="bbox 391 1960 2034 2030">
    <p class='ocr_par' dir='ltr' id='par_1_20' title="bbox 391 1960 2034 2030">
     <span class='ocr_line' id='line_1_20' title="bbox 391 1960 2034 2030; baseline -0.002 -11"><span class='ocrx_word' id='word_1_133' title='bbox 391 1980 509 2019; x_wconf 89' lang='lat' dir='ltr'>non</span> <span class='ocrx_word' id='word_1_134' title='bbox 540 1962 861 2019; x_wconf 89' lang='lat' dir='ltr'>absurdum</span> <span class='ocrx_word' id='word_1_135' title='bbox 893 1977 1022 2016; x_wconf 90' lang='lat' dir='ltr'>esse</span> <span class='ocrx_word' id='word_1_136' title='bbox 1050 1960 1227 2015; x_wconf 86' lang='lat' dir='ltr'>etiam</span> <span class='ocrx_word' id='word_1_137' title='bbox 1280 1960 1455 2030; x_wconf 87' lang='lat' dir='ltr'>hujus</span> <span class='ocrx_word' id='word_1_138' title='bbox 1509 1961 1781 2015; x_wconf 74' lang='lat' dir='ltr'>doctrina:</span> <span class='ocrx_word' id='word_1_139' title='bbox 1820 1961 2034 2016; x_wconf 89' lang='lat' dir='ltr'>habere</span> 
     </span>
    </p>
   </div>
   <div class='ocr_carea' id='block_1_21' title="bbox 393 2047 2033 2121">
    <p class='ocr_par' dir='ltr' id='par_1_21' title="bbox 393 2047 2033 2121">
     <span class='ocr_line' id='line_1_21' title="bbox 393 2047 2033 2121; baseline -0.002 -12"><span class='ocrx_word' id='word_1_140' title='bbox 393 2052 697 2109; x_wconf 89' lang='lat' dir='ltr'>scientiam</span> <span class='ocrx_word' id='word_1_141' title='bbox 714 2049 834 2121; x_wconf 91' lang='lat' dir='ltr'>(illa</span> <span class='ocrx_word' id='word_1_142' title='bbox 847 2049 1111 2121; x_wconf 82' lang='lat' dir='ltr'>exempla</span> <span class='ocrx_word' id='word_1_143' title='bbox 1132 2047 1498 2120; x_wconf 80' lang='lat' dir='ltr'>replicantes,</span> <span class='ocrx_word' id='word_1_144' title='bbox 1516 2050 1667 2121; x_wconf 91' lang='lat' dir='ltr'>quod</span> <span class='ocrx_word' id='word_1_145' title='bbox 1690 2049 1862 2105; x_wconf 90' lang='lat' dir='ltr'>Jcsus</span> <span class='ocrx_word' id='word_1_146' title='bbox 1879 2050 2033 2105; x_wconf 82' lang='lat' dir='ltr'>ﬁlius</span> 
     </span>
    </p>
   </div>
   <div class='ocr_carea' id='block_1_22' title="bbox 392 2137 2034 2212">
    <p class='ocr_par' dir='ltr' id='par_1_22' title="bbox 392 2137 2034 2212">
     <span class='ocr_line' id='line_1_22' title="bbox 392 2137 2034 2212; baseline -0.002 -16"><span class='ocrx_word' id='word_1_147' title='bbox 392 2142 546 2197; x_wconf 86' lang='lat' dir='ltr'>Nave</span> <span class='ocrx_word' id='word_1_148' title='bbox 569 2139 959 2212; x_wconf 83' lang='lat' dir='ltr'>exploratores</span> <span class='ocrx_word' id='word_1_149' title='bbox 991 2137 1234 2203; x_wconf 87' lang='lat' dir='ltr'>miserit,</span> <span class='ocrx_word' id='word_1_150' title='bbox 1268 2138 1366 2208; x_wconf 91' lang='lat' dir='ltr'>qui</span> <span class='ocrx_word' id='word_1_151' title='bbox 1390 2143 1605 2193; x_wconf 87' lang='lat' dir='ltr'>terram</span> <span class='ocrx_word' id='word_1_152' title='bbox 1638 2139 2034 2194; x_wconf 86' lang='lat' dir='ltr'>describerent</span> 
     </span>
    </p>
   </div>
   <div class='ocr_carea' id='block_1_23' title="bbox 393 2227 2033 2302">
    <p class='ocr_par' dir='ltr' id='par_1_23' title="bbox 393 2227 2033 2302">
     <span class='ocr_line' id='line_1_23' title="bbox 393 2227 2033 2302; baseline -0.002 -16"><span class='ocrx_word' id='word_1_153' title='bbox 393 2232 531 2302; x_wconf 81' lang='lat' dir='ltr'>(Jos.</span> <span class='ocrx_word' id='word_1_154' title='bbox 573 2230 638 2298; x_wconf 84' lang='lat' dir='ltr'>II)</span> <span class='ocrx_word' id='word_1_155' title='bbox 667 2245 795 2300; x_wconf 64' lang='lat' dir='ltr'>quae</span> <span class='ocrx_word' id='word_1_156' title='bbox 826 2227 1057 2300; x_wconf 89' lang='lat' dir='ltr'>proprie</span> <span class='ocrx_word' id='word_1_157' title='bbox 1084 2231 1325 2282; x_wconf 84' lang='lat' dir='ltr'>vocatur</span> <span class='ocrx_word' id='word_1_158' title='bbox 1354 2227 1719 2281; x_wconf 88' lang='lat' dir='ltr'>Geometria:</span> <span class='ocrx_word' id='word_1_159' title='bbox 1749 2231 1806 2282; x_wconf 92' lang='lat' dir='ltr'>et</span> <span class='ocrx_word' id='word_1_160' title='bbox 1845 2233 2033 2299; x_wconf 88' lang='lat' dir='ltr'>Auge-</span> 
     </span>
    </p>
   </div>
   <div class='ocr_carea' id='block_1_24' title="bbox 392 2314 2033 2375">
    <p class='ocr_par' dir='ltr' id='par_1_24' title="bbox 392 2314 2033 2375">
     <span class='ocr_line' id='line_1_24' title="bbox 392 2314 2033 2375; baseline -0.002 -2"><span class='ocrx_word' id='word_1_161' title='bbox 392 2318 486 2375; x_wconf 92' lang='lat' dir='ltr'>lus</span> <span class='ocrx_word' id='word_1_162' title='bbox 506 2318 568 2373; x_wconf 91' lang='lat' dir='ltr'>in</span> <span class='ocrx_word' id='word_1_163' title='bbox 580 2317 857 2374; x_wconf 88' lang='lat' dir='ltr'>Zacharia</span> <span class='ocrx_word' id='word_1_164' title='bbox 876 2316 1148 2373; x_wconf 87' lang='lat' dir='ltr'>habuerit</span> <span class='ocrx_word' id='word_1_165' title='bbox 1170 2314 1496 2370; x_wconf 86' lang='lat' dir='ltr'>funiculum</span> <span class='ocrx_word' id='word_1_166' title='bbox 1510 2316 1937 2372; x_wconf 89' lang='lat' dir='ltr'>Geometricum</span> <span class='ocrx_word' id='word_1_167' title='bbox 1962 2316 2033 2371; x_wconf 88' lang='lat' dir='ltr'>ad</span> 
     </span>
    </p>
   </div>
   <div class='ocr_carea' id='block_1_25' title="bbox 322 2405 2032 2477">
    <p class='ocr_par' dir='ltr' id='par_1_25' title="bbox 322 2405 2032 2477">
     <span class='ocr_line' id='line_1_25' title="bbox 322 2405 2032 2477; baseline -0.003 -13"><span class='ocrx_word' id='word_1_168' title='bbox 322 2412 325 2415; x_wconf 85' lang='grc'><em>’</em></span> <span class='ocrx_word' id='word_1_169' title='bbox 391 2407 713 2464; x_wconf 83' lang='lat' dir='ltr'>Jerusalem</span> <span class='ocrx_word' id='word_1_170' title='bbox 744 2406 1102 2462; x_wconf 89' lang='lat' dir='ltr'>metiendam</span> <span class='ocrx_word' id='word_1_171' title='bbox 1135 2405 1313 2477; x_wconf 85' lang='lat' dir='ltr'>(Zach.</span> <span class='ocrx_word' id='word_1_172' title='bbox 1349 2408 1431 2474; x_wconf 82' lang='grc' dir='ltr'>ιι).</span> <span class='ocrx_word' id='word_1_173' title='bbox 1473 2406 1541 2459; x_wconf 86' lang='lat' dir='ltr'>Et</span> <span class='ocrx_word' id='word_1_174' title='bbox 1574 2405 1726 2476; x_wconf 89' lang='lat' dir='ltr'>quod</span> <span class='ocrx_word' id='word_1_175' title='bbox 1757 2422 1913 2459; x_wconf 91' lang='lat' dir='ltr'>nunc</span> <span class='ocrx_word' id='word_1_176' title='bbox 1936 2406 2032 2475; x_wconf 84' lang='lat' dir='ltr'>ju-</span> 
     </span>
    </p>
   </div>
   <div class='ocr_carea' id='block_1_26' title="bbox 393 2492 2036 2568">
    <p class='ocr_par' dir='ltr' id='par_1_26' title="bbox 393 2492 2036 2568">
     <span class='ocr_line' id='line_1_26' title="bbox 393 2492 2036 2568; baseline -0.003 -15"><span class='ocrx_word' id='word_1_177' title='bbox 393 2494 1192 2568; x_wconf 88' lang='lat' dir='ltr'>beturProphetaJerusalem</span> <span class='ocrx_word' id='word_1_178' title='bbox 1207 2495 1263 2548; x_wconf 91' lang='lat' dir='ltr'>in</span> <span class='ocrx_word' id='word_1_179' title='bbox 1285 2492 1518 2565; x_wconf 88' lang='lat' dir='ltr'>pulvere</span> <span class='ocrx_word' id='word_1_180' title='bbox 1538 2493 1863 2548; x_wconf 80' lang='lat' dir='ltr'>describere</span> <span class='ocrx_word' id='word_1_181' title='bbox 1880 2494 2036 2564; x_wconf 73' lang='lat' dir='ltr'>(quae</span> 
     </span>
    </p>
   </div>
   <div class='ocr_carea' id='block_1_27' title="bbox 392 2578 2034 2657">
    <p class='ocr_par' dir='ltr' id='par_1_27' title="bbox 392 2578 2034 2657">
     <span class='ocr_line' id='line_1_27' title="bbox 392 2578 2034 2657; baseline -0.002 -17"><span class='ocrx_word' id='word_1_182' title='bbox 392 2585 545 2657; x_wconf 90' lang='lat' dir='ltr'>apud</span> <span class='ocrx_word' id='word_1_183' title='bbox 558 2580 1280 2656; x_wconf 73' lang='lat' dir='ltr'>eosproprie(a)appellatu</span> <span class='ocrx_word' id='word_1_184' title='bbox 1290 2578 2034 2655; x_wconf 58' lang='lat' dir='ltr'>rex-qvo-{paeta)possumus</span> 
     </span>
    </p>
   </div>
   <div class='ocr_carea' id='block_1_28' title="bbox 390 2668 2032 2744">
    <p class='ocr_par' dir='ltr' id='par_1_28' title="bbox 390 2668 2032 2744">
     <span class='ocr_line' id='line_1_28' title="bbox 390 2668 2032 2744; baseline -0.002 -17"><span class='ocrx_word' id='word_1_185' title='bbox 390 2673 631 2730; x_wconf 87' lang='lat' dir='ltr'>laterem</span> <span class='ocrx_word' id='word_1_186' title='bbox 662 2676 719 2728; x_wconf 90' lang='lat' dir='ltr'>et</span> <span class='ocrx_word' id='word_1_187' title='bbox 751 2671 809 2726; x_wconf 90' lang='lat' dir='ltr'>in</span> <span class='ocrx_word' id='word_1_188' title='bbox 842 2670 1274 2744; x_wconf 86' lang='lat' dir='ltr'>sugillationem</span> <span class='ocrx_word' id='word_1_189' title='bbox 1307 2668 1539 2725; x_wconf 90' lang='lat' dir='ltr'>Israelis</span> <span class='ocrx_word' id='word_1_190' title='bbox 1572 2669 1854 2741; x_wconf 87' lang='lat' dir='ltr'>accipere,</span> <span class='ocrx_word' id='word_1_191' title='bbox 1877 2670 2032 2740; x_wconf 87' lang='lat' dir='ltr'>quod</span> 
     </span>
    </p>
   </div>
   <div class='ocr_carea' id='block_1_29' title="bbox 392 2757 2035 2832">
    <p class='ocr_par' dir='ltr' id='par_1_29' title="bbox 392 2757 2035 2832">
     <span class='ocr_line' id='line_1_29' title="bbox 392 2757 2035 2832; baseline -0.003 -15"><span class='ocrx_word' id='word_1_192' title='bbox 392 2764 452 2817; x_wconf 92' lang='lat' dir='ltr'>in</span> <span class='ocrx_word' id='word_1_193' title='bbox 476 2762 624 2832; x_wconf 91' lang='lat' dir='ltr'>luto,</span> <span class='ocrx_word' id='word_1_194' title='bbox 654 2765 712 2816; x_wconf 90' lang='lat' dir='ltr'>et</span> <span class='ocrx_word' id='word_1_195' title='bbox 740 2759 918 2816; x_wconf 87' lang='lat' dir='ltr'>latere</span> <span class='ocrx_word' id='word_1_196' title='bbox 940 2759 1202 2815; x_wconf 87' lang='lat' dir='ltr'>servierit</span> <span class='ocrx_word' id='word_1_197' title='bbox 1234 2758 1521 2813; x_wconf 90' lang='lat' dir='ltr'>Pharaoni</span> <span class='ocrx_word' id='word_1_198' title='bbox 1574 2757 1768 2828; x_wconf 67' lang='lat' dir='ltr'>(Exod.</span> <span class='ocrx_word' id='word_1_199' title='bbox 1798 2761 1855 2822; x_wconf 84' lang='lat'>1).</span> <span class='ocrx_word' id='word_1_200' title='bbox 1904 2757 2035 2812; x_wconf 91' lang='lat' dir='ltr'>Sive</span> 
     </span>
    </p>
   </div>
   <div class='ocr_carea' id='block_1_30' title="bbox 394 2847 2033 2920">
    <p class='ocr_par' dir='ltr' id='par_1_30' title="bbox 394 2847 2033 2920">
     <span class='ocr_line' id='line_1_30' title="bbox 394 2847 2033 2920; baseline -0.004 -14"><span class='ocrx_word' id='word_1_201' title='bbox 394 2855 460 2906; x_wconf 89' lang='lat' dir='ltr'>ut</span> <span class='ocrx_word' id='word_1_202' title='bbox 487 2851 649 2916; x_wconf 91' lang='lat' dir='ltr'>urbs,</span> <span class='ocrx_word' id='word_1_203' title='bbox 685 2864 862 2920; x_wconf 88' lang='lat' dir='ltr'>quam</span> <span class='ocrx_word' id='word_1_204' title='bbox 894 2848 1177 2918; x_wconf 83' lang='lat' dir='ltr'>putabant</span> <span class='ocrx_word' id='word_1_205' title='bbox 1197 2863 1323 2901; x_wconf 90' lang='lat' dir='ltr'>esse</span> <span class='ocrx_word' id='word_1_206' title='bbox 1345 2847 1575 2901; x_wconf 89' lang='lat' dir='ltr'>firmam</span> <span class='ocrx_word' id='word_1_207' title='bbox 1598 2850 1657 2901; x_wconf 89' lang='lat' dir='ltr'>et</span> <span class='ocrx_word' id='word_1_208' title='bbox 1676 2847 2033 2918; x_wconf 82' lang='lat' dir='ltr'>inexpugna-</span> 
     </span>
    </p>
   </div>
   <div class='ocr_carea' id='block_1_31' title="bbox 316 2928 2034 3009">
    <p class='ocr_par' dir='ltr' id='par_1_31' title="bbox 316 2928 2034 3009">
     <span class='ocr_line' id='line_1_31' title="bbox 316 2928 2034 3009; baseline -0.003 -14"><span class='ocrx_word' id='word_1_209' title='bbox 316 2928 317 2931; x_wconf 18' lang='grc'><strong>¹</strong></span> <span class='ocrx_word' id='word_1_210' title='bbox 394 2938 594 3009; x_wconf 87' lang='lat' dir='ltr'>bilem,</span> <span class='ocrx_word' id='word_1_211' title='bbox 621 2936 996 3009; x_wconf 89' lang='lat' dir='ltr'>fragilissimo</span> <span class='ocrx_word' id='word_1_212' title='bbox 1018 2934 1187 2991; x_wconf 89' lang='lat' dir='ltr'>lateri</span> <span class='ocrx_word' id='word_1_213' title='bbox 1208 2939 1597 3006; x_wconf 88' lang='lat' dir='ltr'>comparetur,</span> <span class='ocrx_word' id='word_1_214' title='bbox 1615 2935 1709 3005; x_wconf 92' lang='lat' dir='ltr'>qui</span> <span class='ocrx_word' id='word_1_215' title='bbox 1728 2935 1796 2989; x_wconf 86' lang='lat' dir='ltr'>ad</span> <span class='ocrx_word' id='word_1_216' title='bbox 1814 2938 2034 2989; x_wconf 90' lang='lat' dir='ltr'>tactum</span> 
     </span>
    </p>
   </div>
   <div class='ocr_carea' id='block_1_32' title="bbox 396 3024 2039 3100">
    <p class='ocr_par' dir='ltr' id='par_1_32' title="bbox 396 3024 2039 3100">
     <span class='ocr_line' id='line_1_32' title="bbox 396 3024 2039 3100; baseline -0.004 -16"><span class='ocrx_word' id='word_1_217' title='bbox 396 3045 563 3100; x_wconf 73' lang='lat' dir='ltr'>aquae</span> <span class='ocrx_word' id='word_1_218' title='bbox 593 3025 747 3083; x_wconf 86' lang='lat' dir='ltr'>illico</span> <span class='ocrx_word' id='word_1_219' title='bbox 773 3025 1034 3094; x_wconf 87' lang='lat' dir='ltr'>solvitur,</span> <span class='ocrx_word' id='word_1_220' title='bbox 1087 3029 1151 3079; x_wconf 93' lang='lat' dir='ltr'>ut</span> <span class='ocrx_word' id='word_1_221' title='bbox 1198 3024 1269 3079; x_wconf 89' lang='lat' dir='ltr'>de</span> <span class='ocrx_word' id='word_1_222' title='bbox 1318 3041 1433 3094; x_wconf 89' lang='lat' dir='ltr'>qua</span> <span class='ocrx_word' id='word_1_223' title='bbox 1480 3025 1642 3096; x_wconf 89' lang='lat' dir='ltr'>prius</span> <span class='ocrx_word' id='word_1_224' title='bbox 1692 3024 1913 3078; x_wconf 90' lang='lat' dir='ltr'>dictum</span> <span class='ocrx_word' id='word_1_225' title='bbox 1949 3027 2039 3079; x_wconf 90' lang='lat' dir='ltr'>est</span> 
     </span>
    </p>
   </div>
   <div class='ocr_carea' id='block_1_33' title="bbox 394 3113 2040 3187">
    <p class='ocr_par' dir='ltr' id='par_1_33' title="bbox 394 3113 2040 3187">
     <span class='ocr_line' id='line_1_33' title="bbox 394 3113 2040 3187; baseline -0.003 -15"><span class='ocrx_word' id='word_1_226' title='bbox 394 3115 663 3187; x_wconf 87' lang='lat' dir='ltr'>numquid</span> <span class='ocrx_word' id='word_1_227' title='bbox 688 3117 843 3187; x_wconf 82' lang='lat' dir='ltr'>petra</span> <span class='ocrx_word' id='word_1_228' title='bbox 871 3114 971 3169; x_wconf 73' lang='lat'><strong>38</strong></span> <span class='ocrx_word' id='word_1_229' title='bbox 1002 3113 1327 3179; x_wconf 87' lang='lat' dir='ltr'>durissima,</span> <span class='ocrx_word' id='word_1_230' title='bbox 1361 3113 1445 3168; x_wconf 86' lang='lat' dir='ltr'>vel</span> <span class='ocrx_word' id='word_1_231' title='bbox 1478 3113 1588 3184; x_wconf 87' lang='grc' dir='ltr'>[ΑΙ.</span> <span class='ocrx_word' id='word_1_232' title='bbox 1639 3113 1792 3184; x_wconf 86' lang='lat' dir='ltr'>quia]</span> <span class='ocrx_word' id='word_1_233' title='bbox 1838 3114 2040 3168; x_wconf 77' lang='lat' dir='ltr'>deserti</span> 
     </span>
    </p>
   </div>
   <div class='ocr_carea' id='block_1_34' title="bbox 396 3201 2110 3273">
    <p class='ocr_par' dir='ltr' id='par_1_34' title="bbox 396 3201 2110 3273">
     <span class='ocr_line' id='line_1_34' title="bbox 396 3201 2110 3273; baseline -0.004 -11"><span class='ocrx_word' id='word_1_234' title='bbox 396 3222 552 3262; x_wconf 86' lang='lat' dir='ltr'>mons</span> <span class='ocrx_word' id='word_1_235' title='bbox 582 3210 659 3261; x_wconf 81' lang='lat' dir='ltr'>est</span> <span class='ocrx_word' id='word_1_236' title='bbox 698 3205 828 3272; x_wconf 66' lang='lat' dir='ltr'>ﬁlim</span> <span class='ocrx_word' id='word_1_237' title='bbox 860 3203 1011 3272; x_wconf 82' lang='lat' dir='ltr'>Sion,</span> <span class='ocrx_word' id='word_1_238' title='bbox 1038 3206 1298 3258; x_wconf 87' lang='lat' dir='ltr'>vertatur</span> <span class='ocrx_word' id='word_1_239' title='bbox 1346 3202 1402 3257; x_wconf 90' lang='lat' dir='ltr'>in</span> <span class='ocrx_word' id='word_1_240' title='bbox 1436 3202 1698 3271; x_wconf 86' lang='lat' dir='ltr'>laterem,</span> <span class='ocrx_word' id='word_1_241' title='bbox 1733 3201 1832 3273; x_wconf 89' lang='lat' dir='ltr'>qui</span> <span class='ocrx_word' id='word_1_242' title='bbox 1866 3202 2036 3257; x_wconf 84' lang='lat' dir='ltr'>inun-</span> <span class='ocrx_word' id='word_1_243' title='bbox 2068 3201 2110 3256; x_wconf 58' lang='grc' dir='ltr'><strong>ἃ]</strong></span> 
     </span>
    </p>
   </div>
   <div class='ocr_carea' id='block_1_35' title="bbox 400 3290 2038 3364">
    <p class='ocr_par' dir='ltr' id='par_1_35' title="bbox 400 3290 2038 3364">
     <span class='ocr_line' id='line_1_35' title="bbox 400 3290 2038 3364; baseline -0.001 -16"><span class='ocrx_word' id='word_1_244' title='bbox 400 3293 634 3349; x_wconf 91' lang='lat' dir='ltr'>datione</span> <span class='ocrx_word' id='word_1_245' title='bbox 651 3290 966 3364; x_wconf 84' lang='lat' dir='ltr'>Babylonia</span> <span class='ocrx_word' id='word_1_246' title='bbox 996 3295 1442 3362; x_wconf 85' lang='lat' dir='ltr'>corrumpatur;</span> <span class='ocrx_word' id='word_1_247' title='bbox 1491 3292 1660 3361; x_wconf 86' lang='lat' dir='ltr'>juxta</span> <span class='ocrx_word' id='word_1_248' title='bbox 1708 3290 1852 3345; x_wconf 77' lang='lat' dir='ltr'>illud</span> <span class='ocrx_word' id='word_1_249' title='bbox 1884 3292 2038 3351; x_wconf 87' lang='lat' dir='ltr'>auod</span> 
     </span>
    </p>
   </div>
   <div class='ocr_carea' id='block_1_36' title="bbox 400 3379 2043 3453">
    <p class='ocr_par' dir='ltr' id='par_1_36' title="bbox 400 3379 2043 3453">
     <span class='ocr_line' id='line_1_36' title="bbox 400 3379 2043 3453; baseline -0.001 -16"><span class='ocrx_word' id='word_1_250' title='bbox 400 3382 686 3453; x_wconf 90' lang='lat' dir='ltr'>scriptum</span> <span class='ocrx_word' id='word_1_251' title='bbox 708 3384 831 3436; x_wconf 88' lang='lat' dir='ltr'>est:</span> <span class='ocrx_word' id='word_1_252' title='bbox 867 3386 1157 3451; x_wconf 78' lang='lat' dir='ltr'>Propterea</span> <span class='ocrx_word' id='word_1_253' title='bbox 1189 3379 1413 3435; x_wconf 83' lang='lat' dir='ltr'>adducet</span> <span class='ocrx_word' id='word_1_254' title='bbox 1455 3380 1715 3434; x_wconf 88' lang='lat' dir='ltr'>Dominus</span> <span class='ocrx_word' id='word_1_255' title='bbox 1754 3396 1917 3450; x_wconf 88' lang='lat' dir='ltr'>super</span> <span class='ocrx_word' id='word_1_256' title='bbox 1944 3395 2043 3435; x_wconf 91' lang='lat' dir='ltr'>nos</span> 
     </span>
    </p>
   </div>
   <div class='ocr_carea' id='block_1_37' title="bbox 406 3470 2040 3543">
    <p class='ocr_par' dir='ltr' id='par_1_37' title="bbox 406 3470 2040 3543">
     <span class='ocr_line' id='line_1_37' title="bbox 406 3470 2040 3543; baseline -0.004 -15"><span class='ocrx_word' id='word_1_257' title='bbox 406 3488 575 3543; x_wconf 89' lang='lat' dir='ltr'>aquas</span> <span class='ocrx_word' id='word_1_258' title='bbox 602 3471 805 3525; x_wconf 88' lang='lat' dir='ltr'>multas</span> <span class='ocrx_word' id='word_1_259' title='bbox 832 3478 883 3525; x_wconf 88' lang='lat' dir='ltr'>et</span> <span class='ocrx_word' id='word_1_260' title='bbox 900 3472 1083 3541; x_wconf 78' lang='lat' dir='ltr'>fortes,</span> <span class='ocrx_word' id='word_1_261' title='bbox 1108 3486 1289 3539; x_wconf 87' lang='lat' dir='ltr'>regem</span> <span class='ocrx_word' id='word_1_262' title='bbox 1304 3471 1650 3540; x_wconf 80' lang='lat' dir='ltr'>Assyriorum</span> <span class='ocrx_word' id='word_1_263' title='bbox 1670 3470 1795 3539; x_wconf 86' lang='lat' dir='ltr'>(Isa.</span> <span class='ocrx_word' id='word_1_264' title='bbox 1823 3486 1941 3536; x_wconf 87' lang='lat' dir='ltr'>vm,</span> <span class='ocrx_word' id='word_1_265' title='bbox 1964 3472 2040 3536; x_wconf 86' lang='lat'>7).</span> 
     </span>
    </p>
   </div>
   <div class='ocr_carea' id='block_1_38' title="bbox 476 3559 2045 3636">
    <p class='ocr_par' dir='ltr' id='par_1_38' title="bbox 476 3559 2045 3636">
     <span class='ocr_line' id='line_1_38' title="bbox 476 3559 2045 3636; baseline -0.003 -19"><span class='ocrx_word' id='word_1_266' title='bbox 476 3564 663 3636; x_wconf 86' lang='lat' dir='ltr'>(Vers.</span> <span class='ocrx_word' id='word_1_267' title='bbox 695 3559 775 3632; x_wconf 90' lang='lat'>3.)</span> <span class='ocrx_word' id='word_1_268' title='bbox 802 3561 869 3615; x_wconf 88' lang='lat' dir='ltr'>Et</span> <span class='ocrx_word' id='word_1_269' title='bbox 896 3568 953 3615; x_wconf 88' lang='lat' dir='ltr'>tu</span> <span class='ocrx_word' id='word_1_270' title='bbox 975 3574 1129 3614; x_wconf 88' lang='lat' dir='ltr'>sume</span> <span class='ocrx_word' id='word_1_271' title='bbox 1157 3559 1259 3614; x_wconf 84' lang='lat' dir='ltr'>tibi</span> <span class='ocrx_word' id='word_1_272' title='bbox 1296 3560 1635 3627; x_wconf 84' lang='lat' dir='ltr'>sartaginem</span> <span class='ocrx_word' id='word_1_273' title='bbox 1681 3561 1952 3629; x_wconf 78' lang='lat' dir='ltr'>ferream:</span> <span class='ocrx_word' id='word_1_274' title='bbox 1996 3562 2045 3614; x_wconf 89' lang='lat' dir='ltr'>et</span> 
     </span>
    </p>
   </div>
   <div class='ocr_carea' id='block_1_39' title="bbox 400 3646 2041 3728">
    <p class='ocr_par' dir='ltr' id='par_1_39' title="bbox 400 3646 2041 3728">
     <span class='ocr_line' id='line_1_39' title="bbox 400 3646 2041 3728; baseline -0.005 -17"><span class='ocrx_word' id='word_1_275' title='bbox 400 3670 569 3728; x_wconf 84' lang='lat' dir='ltr'>pones</span> <span class='ocrx_word' id='word_1_276' title='bbox 596 3668 715 3709; x_wconf 89' lang='lat' dir='ltr'>eam</span> <span class='ocrx_word' id='word_1_277' title='bbox 736 3666 957 3705; x_wconf 88' lang='lat' dir='ltr'>murum</span> <span class='ocrx_word' id='word_1_278' title='bbox 974 3646 1164 3720; x_wconf 91' lang='lat' dir='ltr'>[Vulg.</span> <span class='ocrx_word' id='word_1_279' title='bbox 1188 3649 1249 3703; x_wconf 90' lang='lat' dir='ltr'>in</span> <span class='ocrx_word' id='word_1_280' title='bbox 1278 3648 1519 3719; x_wconf 85' lang='lat' dir='ltr'>murum]</span> <span class='ocrx_word' id='word_1_281' title='bbox 1540 3649 1784 3718; x_wconf 80' lang='lat' dir='ltr'>ferreum</span> <span class='ocrx_word' id='word_1_282' title='bbox 1806 3649 1951 3702; x_wconf 89' lang='lat' dir='ltr'>inter</span> <span class='ocrx_word' id='word_1_283' title='bbox 1971 3652 2041 3717; x_wconf 88' lang='lat' dir='ltr'>te,</span> 
     </span>
    </p>
   </div>
   <div class='ocr_carea' id='block_1_40' title="bbox 404 3737 2041 3808">
    <p class='ocr_par' dir='ltr' id='par_1_40' title="bbox 404 3737 2041 3808">
     <span class='ocr_line' id='line_1_40' title="bbox 404 3737 2041 3808; baseline -0.005 -8"><span class='ocrx_word' id='word_1_284' title='bbox 404 3747 457 3800; x_wconf 84' lang='lat' dir='ltr'>et</span> <span class='ocrx_word' id='word_1_285' title='bbox 485 3745 633 3799; x_wconf 88' lang='lat' dir='ltr'>inter</span> <span class='ocrx_word' id='word_1_286' title='bbox 659 3741 959 3806; x_wconf 84' lang='lat' dir='ltr'>civitatem,</span> <span class='ocrx_word' id='word_1_287' title='bbox 992 3741 1041 3792; x_wconf 89' lang='lat' dir='ltr'>et</span> <span class='ocrx_word' id='word_1_288' title='bbox 1069 3737 1388 3808; x_wconf 83' lang='lat' dir='ltr'>obﬁrmabis</span> <span class='ocrx_word' id='word_1_289' title='bbox 1402 3738 1602 3808; x_wconf 82' lang='lat' dir='ltr'>faciem</span> <span class='ocrx_word' id='word_1_290' title='bbox 1631 3741 1783 3791; x_wconf 86' lang='lat' dir='ltr'>tuam</span> <span class='ocrx_word' id='word_1_291' title='bbox 1802 3738 1877 3792; x_wconf 90' lang='lat' dir='ltr'>ad</span> <span class='ocrx_word' id='word_1_292' title='bbox 1900 3753 2041 3807; x_wconf 89' lang='lat' dir='ltr'>eam,</span> 
     </span>
    </p>
   </div>
   <div class='ocr_carea' id='block_1_41' title="bbox 401 3826 2046 3898">
    <p class='ocr_par' dir='ltr' id='par_1_41' title="bbox 401 3826 2046 3898">
     <span class='ocr_line' id='line_1_41' title="bbox 401 3826 2046 3898; baseline -0.005 -8"><span class='ocrx_word' id='word_1_293' title='bbox 401 3836 453 3890; x_wconf 88' lang='lat' dir='ltr'>et</span> <span class='ocrx_word' id='word_1_294' title='bbox 482 3833 587 3888; x_wconf 87' lang='lat' dir='ltr'>erit</span> <span class='ocrx_word' id='word_1_295' title='bbox 620 3833 683 3887; x_wconf 86' lang='lat' dir='ltr'>in</span> <span class='ocrx_word' id='word_1_296' title='bbox 731 3826 1084 3897; x_wconf 77' lang='lat' dir='ltr'>obsidionem,</span> <span class='ocrx_word' id='word_1_297' title='bbox 1142 3830 1193 3881; x_wconf 89' lang='lat' dir='ltr'>et</span> <span class='ocrx_word' id='word_1_298' title='bbox 1232 3826 1597 3881; x_wconf 81' lang='lat' dir='ltr'>circumdabis</span> <span class='ocrx_word' id='word_1_299' title='bbox 1642 3842 1781 3880; x_wconf 89' lang='lat' dir='ltr'>eam.</span> <span class='ocrx_word' id='word_1_300' title='bbox 1818 3826 2046 3898; x_wconf 84' lang='lat' dir='ltr'>Signum</span> 
     </span>
    </p>
   </div>
   <div class='ocr_carea' id='block_1_42' title="bbox 325 3901 2042 3987">
    <p class='ocr_par' dir='ltr' id='par_1_42' title="bbox 325 3901 2042 3987">
     <span class='ocr_line' id='line_1_42' title="bbox 325 3901 2042 3987; baseline -0.006 -8"><span class='ocrx_word' id='word_1_301' title='bbox 325 3901 329 3905; x_wconf 22' lang='lat' dir='ltr'>l</span> <span class='ocrx_word' id='word_1_302' title='bbox 402 3922 591 3978; x_wconf 86' lang='lat' dir='ltr'>domui</span> <span class='ocrx_word' id='word_1_303' title='bbox 621 3919 790 3975; x_wconf 86' lang='lat' dir='ltr'>Israel</span> <span class='ocrx_word' id='word_1_304' title='bbox 820 3924 914 3973; x_wconf 86' lang='lat' dir='ltr'>est.</span> <span class='ocrx_word' id='word_1_305' title='bbox 932 3916 1093 3980; x_wconf 87' lang='lat' dir='ltr'>Quod</span> <span class='ocrx_word' id='word_1_306' title='bbox 1118 3932 1297 3987; x_wconf 88' lang='lat' dir='ltr'>supra</span> <span class='ocrx_word' id='word_1_307' title='bbox 1319 3915 1595 3985; x_wconf 87' lang='lat' dir='ltr'>diximus,</span> <span class='ocrx_word' id='word_1_308' title='bbox 1622 3916 1887 3986; x_wconf 88' lang='lat' dir='ltr'>etipsum</span> <span class='ocrx_word' id='word_1_309' title='bbox 1912 3932 2042 3986; x_wconf 89' lang='lat' dir='ltr'>pro-</span> 
     </span>
    </p>
   </div>
   <div class='ocr_carea' id='block_1_43' title="bbox 401 4004 2046 4083">
    <p class='ocr_par' dir='ltr' id='par_1_43' title="bbox 401 4004 2046 4083">
     <span class='ocr_line' id='line_1_43' title="bbox 401 4004 2046 4083; baseline -0.005 -17"><span class='ocrx_word' id='word_1_310' title='bbox 401 4010 658 4083; x_wconf 87' lang='lat' dir='ltr'>phetam,</span> <span class='ocrx_word' id='word_1_311' title='bbox 683 4012 741 4062; x_wconf 89' lang='lat' dir='ltr'>et</span> <span class='ocrx_word' id='word_1_312' title='bbox 760 4005 1211 4077; x_wconf 89' lang='lat' dir='ltr'>descriptionem</span> <span class='ocrx_word' id='word_1_313' title='bbox 1238 4004 1456 4075; x_wconf 83' lang='lat' dir='ltr'>lateris,</span> <span class='ocrx_word' id='word_1_314' title='bbox 1481 4004 1928 4071; x_wconf 86' lang='lat' dir='ltr'>munitionibus,</span> <span class='ocrx_word' id='word_1_315' title='bbox 1953 4020 2046 4075; x_wconf 83' lang='lat' dir='ltr'>ag-</span> 
     </span>
    </p>
   </div>
   <div class='ocr_carea' id='block_1_44' title="bbox 403 4091 2041 4171">
    <p class='ocr_par' dir='ltr' id='par_1_44' title="bbox 403 4091 2041 4171">
     <span class='ocr_line' id='line_1_44' title="bbox 403 4091 2041 4171; baseline -0.005 -18"><span class='ocrx_word' id='word_1_316' title='bbox 403 4113 558 4171; x_wconf 88' lang='lat' dir='ltr'>gere,</span> <span class='ocrx_word' id='word_1_317' title='bbox 589 4094 986 4165; x_wconf 85' lang='lat' dir='ltr'>arietibusque</span> <span class='ocrx_word' id='word_1_318' title='bbox 1006 4092 1468 4148; x_wconf 90' lang='lat' dir='ltr'>circumdantem</span> <span class='ocrx_word' id='word_1_319' title='bbox 1496 4092 1594 4158; x_wconf 78' lang='lat' dir='ltr'>[AL</span> <span class='ocrx_word' id='word_1_320' title='bbox 1622 4091 2041 4163; x_wconf 85' lang='lat' dir='ltr'>circumdatis],</span> 
     </span>
    </p>
   </div>
   <div class='ocr_carea' id='block_1_45' title="bbox 404 4178 2044 4258">
    <p class='ocr_par' dir='ltr' id='par_1_45' title="bbox 404 4178 2044 4258">
     <span class='ocr_line' id='line_1_45' title="bbox 404 4178 2044 4258; baseline -0.004 -17"><span class='ocrx_word' id='word_1_321' title='bbox 404 4186 465 4241; x_wconf 92' lang='lat' dir='ltr'>in</span> <span class='ocrx_word' id='word_1_322' title='bbox 508 4185 746 4258; x_wconf 88' lang='lat' dir='ltr'>signum</span> <span class='ocrx_word' id='word_1_323' title='bbox 793 4182 1113 4254; x_wconf 61' lang='lat' dir='ltr'>praecedere</span> <span class='ocrx_word' id='word_1_324' title='bbox 1166 4180 1498 4235; x_wconf 75' lang='lat' dir='ltr'>obsidenda:</span> <span class='ocrx_word' id='word_1_325' title='bbox 1553 4178 1901 4249; x_wconf 81' lang='lat' dir='ltr'>Jerusalem,</span> <span class='ocrx_word' id='word_1_326' title='bbox 1936 4178 2044 4234; x_wconf 89' lang='lat' dir='ltr'>hoc</span> 
     </span>
    </p>
   </div>
   <div class='ocr_carea' id='block_1_46' title="bbox 405 4268 2047 4341">
    <p class='ocr_par' dir='ltr' id='par_1_46' title="bbox 405 4268 2047 4341">
     <span class='ocr_line' id='line_1_46' title="bbox 405 4268 2047 4341; baseline -0.005 -10"><span class='ocrx_word' id='word_1_327' title='bbox 405 4291 561 4331; x_wconf 89' lang='lat' dir='ltr'>nunc</span> <span class='ocrx_word' id='word_1_328' title='bbox 592 4271 962 4329; x_wconf 83' lang='lat' dir='ltr'>manifestius</span> <span class='ocrx_word' id='word_1_329' title='bbox 1000 4270 1233 4340; x_wconf 86' lang='lat' dir='ltr'>dicitur,</span> <span class='ocrx_word' id='word_1_330' title='bbox 1286 4273 1418 4341; x_wconf 90' lang='lat' dir='ltr'>post</span> <span class='ocrx_word' id='word_1_331' title='bbox 1464 4268 1649 4323; x_wconf 89' lang='lat' dir='ltr'>multa</span> <span class='ocrx_word' id='word_1_332' title='bbox 1696 4286 1821 4339; x_wconf 81' lang='lat' dir='ltr'>quae</span> <span class='ocrx_word' id='word_1_333' title='bbox 1854 4268 2047 4324; x_wconf 86' lang='lat' dir='ltr'>media</span> 
     </span>
    </p>
   </div>
   <div class='ocr_carea' id='block_1_47' title="bbox 404 4356 2045 4432">
    <p class='ocr_par' dir='ltr' id='par_1_47' title="bbox 404 4356 2045 4432">
     <span class='ocr_line' id='line_1_47' title="bbox 404 4356 2045 4432; baseline -0.004 -14"><span class='ocrx_word' id='word_1_334' title='bbox 404 4365 579 4418; x_wconf 87' lang='lat' dir='ltr'>sunt:</span> <span class='ocrx_word' id='word_1_335' title='bbox 614 4360 845 4432; x_wconf 84' lang='lat' dir='ltr'>Signum</span> <span class='ocrx_word' id='word_1_336' title='bbox 874 4363 953 4413; x_wconf 88' lang='lat' dir='ltr'>est</span> <span class='ocrx_word' id='word_1_337' title='bbox 982 4357 1169 4413; x_wconf 88' lang='lat' dir='ltr'>domui</span> <span class='ocrx_word' id='word_1_338' title='bbox 1200 4357 1383 4428; x_wconf 85' lang='lat' dir='ltr'>Israel,</span> <span class='ocrx_word' id='word_1_339' title='bbox 1418 4361 1651 4427; x_wconf 82' lang='lat' dir='ltr'>sartago</span> <span class='ocrx_word' id='word_1_340' title='bbox 1684 4356 1884 4426; x_wconf 85' lang='lat' dir='ltr'>ferrea,</span> <span class='ocrx_word' id='word_1_341' title='bbox 1921 4373 2045 4427; x_wconf 83' lang='lat' dir='ltr'>quae</span> 
     </span>
    </p>
   </div>
   <div class='ocr_carea' id='block_1_48' title="bbox 405 4444 2047 4518">
    <p class='ocr_par' dir='ltr' id='par_1_48' title="bbox 405 4444 2047 4518">
     <span class='ocr_line' id='line_1_48' title="bbox 405 4444 2047 4518; baseline -0.004 -12"><span class='ocrx_word' id='word_1_342' title='bbox 405 4451 593 4506; x_wconf 91' lang='lat' dir='ltr'>instar</span> <span class='ocrx_word' id='word_1_343' title='bbox 622 4447 938 4503; x_wconf 82' lang='lat' dir='ltr'>muriinter</span> <span class='ocrx_word' id='word_1_344' title='bbox 949 4445 1294 4518; x_wconf 90' lang='lat' dir='ltr'>prophetam</span> <span class='ocrx_word' id='word_1_345' title='bbox 1307 4448 1363 4499; x_wconf 87' lang='lat' dir='ltr'>et</span> <span class='ocrx_word' id='word_1_346' title='bbox 1377 4445 1582 4499; x_wconf 88' lang='lat' dir='ltr'>urbem</span> <span class='ocrx_word' id='word_1_347' title='bbox 1600 4444 1855 4516; x_wconf 89' lang='lat' dir='ltr'>ponitur,</span> <span class='ocrx_word' id='word_1_348' title='bbox 1879 4460 2047 4516; x_wconf 88' lang='lat' dir='ltr'>gran-</span> 
     </span>
    </p>
   </div>
   <div class='ocr_carea' id='block_1_49' title="bbox 404 4532 2123 4623">
    <p class='ocr_par' dir='ltr' id='par_1_49' title="bbox 404 4532 2123 4623">
     <span class='ocr_line' id='line_1_49' title="bbox 404 4532 2123 4623; baseline -0.003 -29"><span class='ocrx_word' id='word_1_349' title='bbox 404 4539 537 4594; x_wconf 90' lang='lat' dir='ltr'>dem</span> <span class='ocrx_word' id='word_1_350' title='bbox 572 4539 719 4593; x_wconf 88' lang='lat' dir='ltr'>iram</span> <span class='ocrx_word' id='word_1_351' title='bbox 746 4537 1110 4591; x_wconf 88' lang='lat' dir='ltr'>demonstrat</span> <span class='ocrx_word' id='word_1_352' title='bbox 1139 4534 1409 4623; x_wconf 60' lang='lat' dir='ltr'>Dei,qum</span> <span class='ocrx_word' id='word_1_353' title='bbox 1435 4532 1613 4623; x_wconf 82' lang='lat' dir='ltr'>nullis</span> <span class='ocrx_word' id='word_1_354' title='bbox 1656 4534 1926 4623; x_wconf 89' lang='lat' dir='ltr'>precibus</span> <span class='ocrx_word' id='word_1_355' title='bbox 1957 4534 2043 4589; x_wconf 85' lang='lat' dir='ltr'>fa-</span> <span class='ocrx_word' id='word_1_356' title='bbox 2079 4559 2123 4623; x_wconf 82' lang='lat' dir='ltr'><strong>D</strong></span> 
     </span>
    </p>
   </div>
   <div class='ocr_carea' id='block_1_50' title="bbox 403 4620 2045 4701">
    <p class='ocr_par' dir='ltr' id='par_1_50' title="bbox 403 4620 2045 4701">
     <span class='ocr_line' id='line_1_50' title="bbox 403 4620 2045 4701; baseline -0.004 -18"><span class='ocrx_word' id='word_1_357' title='bbox 403 4628 638 4701; x_wconf 88' lang='lat' dir='ltr'>tigetur,</span> <span class='ocrx_word' id='word_1_358' title='bbox 672 4641 778 4681; x_wconf 88' lang='lat' dir='ltr'>nec</span> <span class='ocrx_word' id='word_1_359' title='bbox 807 4625 1074 4679; x_wconf 83' lang='lat' dir='ltr'>ﬂectatur</span> <span class='ocrx_word' id='word_1_360' title='bbox 1104 4623 1173 4677; x_wconf 90' lang='lat' dir='ltr'>ad</span> <span class='ocrx_word' id='word_1_361' title='bbox 1199 4620 1680 4677; x_wconf 88' lang='lat' dir='ltr'>misericordiam.</span> <span class='ocrx_word' id='word_1_362' title='bbox 1708 4622 1869 4677; x_wconf 90' lang='lat' dir='ltr'>Sicut</span> <span class='ocrx_word' id='word_1_363' title='bbox 1890 4623 2045 4678; x_wconf 90' lang='lat' dir='ltr'>enim</span> 
     </span>
    </p>
   </div>
   <div class='ocr_carea' id='block_1_51' title="bbox 403 4710 2043 4783">
    <p class='ocr_par' dir='ltr' id='par_1_51' title="bbox 403 4710 2043 4783">
     <span class='ocr_line' id='line_1_51' title="bbox 403 4710 2043 4783; baseline -0.004 -9"><span class='ocrx_word' id='word_1_364' title='bbox 403 4717 598 4774; x_wconf 87' lang='lat' dir='ltr'>omnia</span> <span class='ocrx_word' id='word_1_365' title='bbox 620 4713 857 4771; x_wconf 90' lang='lat' dir='ltr'>metalla</span> <span class='ocrx_word' id='word_1_366' title='bbox 878 4714 1095 4768; x_wconf 89' lang='lat' dir='ltr'>ferrum</span> <span class='ocrx_word' id='word_1_367' title='bbox 1122 4712 1340 4781; x_wconf 89' lang='lat' dir='ltr'>domat,</span> <span class='ocrx_word' id='word_1_368' title='bbox 1358 4710 1697 4781; x_wconf 89' lang='lat' dir='ltr'>nihilqueco</span> <span class='ocrx_word' id='word_1_369' title='bbox 1718 4711 1922 4766; x_wconf 87' lang='lat' dir='ltr'>durius</span> <span class='ocrx_word' id='word_1_370' title='bbox 1938 4716 2043 4783; x_wconf 79' lang='lat' dir='ltr'>est,</span> 
     </span>
    </p>
   </div>
   <div class='ocr_carea' id='block_1_52' title="bbox 403 4799 2049 4868">
    <p class='ocr_par' dir='ltr' id='par_1_52' title="bbox 403 4799 2049 4868">
     <span class='ocr_line' id='line_1_52' title="bbox 403 4799 2049 4868; baseline -0.004 -6"><span class='ocrx_word' id='word_1_371' title='bbox 403 4807 488 4863; x_wconf 92' lang='lat' dir='ltr'>sic</span> <span class='ocrx_word' id='word_1_372' title='bbox 521 4803 884 4861; x_wconf 90' lang='lat' dir='ltr'>incredibilia</span> <span class='ocrx_word' id='word_1_373' title='bbox 927 4801 1147 4857; x_wconf 86' lang='lat' dir='ltr'>scelera</span> <span class='ocrx_word' id='word_1_374' title='bbox 1193 4799 1541 4868; x_wconf 89' lang='lat' dir='ltr'>Jerusalem,</span> <span class='ocrx_word' id='word_1_375' title='bbox 1597 4800 1781 4856; x_wconf 90' lang='lat' dir='ltr'>Deum</span> <span class='ocrx_word' id='word_1_376' title='bbox 1841 4804 2049 4856; x_wconf 88' lang='lat' dir='ltr'>natura</span> 
     </span>
    </p>
   </div>
   <div class='ocr_carea' id='block_1_53' title="bbox 473 4924 2048 5011">
    <p class='ocr_par' dir='ltr' id='par_1_53' title="bbox 473 4924 2048 5011">
     <span class='ocr_line' id='line_1_53' title="bbox 473 4924 2048 5011; baseline -0.003 -27"><span class='ocrx_word' id='word_1_377' title='bbox 473 4930 551 5011; x_wconf 82' lang='grc' dir='ltr'>(α)</span> <span class='ocrx_word' id='word_1_378' title='bbox 583 4933 700 4985; x_wconf 83' lang='grc' dir='ltr'>Ηοο</span> <span class='ocrx_word' id='word_1_379' title='bbox 723 4929 896 5011; x_wconf 70' lang='lat' dir='ltr'>mede</span> <span class='ocrx_word' id='word_1_380' title='bbox 916 4926 1119 4999; x_wconf 88' lang='lat' dir='ltr'>legunt</span> <span class='ocrx_word' id='word_1_381' title='bbox 1141 4942 1284 4980; x_wconf 90' lang='lat' dir='ltr'>mss.</span> <span class='ocrx_word' id='word_1_382' title='bbox 1308 4925 1568 5011; x_wconf 76' lang='lat' dir='ltr'>codices;</span> <span class='ocrx_word' id='word_1_383' title='bbox 1593 4924 1961 5011; x_wconf 42' lang='lat' dir='ltr'>edit‘i‘a‘utem</span> <span class='ocrx_word' id='word_1_384' title='bbox 1984 4924 2048 4980; x_wconf 88' lang='lat' dir='ltr'>li-</span> 
     </span>
    </p>
   </div>
   <div class='ocr_carea' id='block_1_54' title="bbox 401 4995 2045 5073">
    <p class='ocr_par' dir='ltr' id='par_1_54' title="bbox 401 4995 2045 5073">
     <span class='ocr_line' id='line_1_54' title="bbox 401 4995 2045 5073; baseline -0.002 -19"><span class='ocrx_word' id='word_1_385' title='bbox 401 4995 490 5055; x_wconf 78' lang='lat' dir='ltr'>bri</span> <span class='ocrx_word' id='word_1_386' title='bbox 524 4995 847 5073; x_wconf 17' lang='lat' dir='ltr'>sxto-{pietate</span> <span class='ocrx_word' id='word_1_387' title='bbox 879 4995 1681 5073; x_wconf 52' lang='lat' dir='ltr'>pro&#39;cx-rpeyaagia_reti_ne_nt.</span> <span class='ocrx_word' id='word_1_388' title='bbox 1710 4997 1809 5050; x_wconf 85' lang='lat' dir='ltr'>Est</span> <span class='ocrx_word' id='word_1_389' title='bbox 1851 5002 2045 5073; x_wconf 81' lang='lat' dir='ltr'>autem</span> 
     </span>
    </p>
   </div>
   <div class='ocr_carea' id='block_1_55' title="bbox 399 5068 2044 5142">
    <p class='ocr_par' dir='ltr' id='par_1_55' title="bbox 399 5068 2044 5142">
     <span class='ocr_line' id='line_1_55' title="bbox 399 5068 2044 5142; baseline -0.002 -16"><span class='ocrx_word' id='word_1_390' title='bbox 399 5068 795 5142; x_wconf 75' lang='lat' dir='ltr'>seenographia</span> <span class='ocrx_word' id='word_1_391' title='bbox 827 5068 893 5124; x_wconf 75' lang='lat' dir='ltr'>ex</span> <span class='ocrx_word' id='word_1_392' title='bbox 922 5070 1142 5126; x_wconf 81' lang='lat' dir='ltr'>Vitruv.</span> <span class='ocrx_word' id='word_1_393' title='bbox 1171 5068 1430 5142; x_wconf 83' lang='lat' dir='ltr'>:Frontis</span> <span class='ocrx_word' id='word_1_394' title='bbox 1476 5071 1528 5121; x_wconf 91' lang='lat' dir='ltr'>et</span> <span class='ocrx_word' id='word_1_395' title='bbox 1562 5068 1818 5142; x_wconf 72' lang='lat' dir='ltr'>laterum</span> <span class='ocrx_word' id='word_1_396' title='bbox 1860 5070 2044 5142; x_wconf 79' lang='lat' dir='ltr'>absce-</span> 
     </span>
    </p>
   </div>
   <div class='ocr_carea' id='block_1_56' title="bbox 399 5140 2045 5209">
    <p class='ocr_par' dir='ltr' id='par_1_56' title="bbox 399 5140 2045 5209">
     <span class='ocr_line' id='line_1_56' title="bbox 399 5140 2045 5209; baseline -0.003 -11"><span class='ocrx_word' id='word_1_397' title='bbox 399 5140 649 5198; x_wconf 76' lang='lat' dir='ltr'>dentium</span> <span class='ocrx_word' id='word_1_398' title='bbox 666 5140 1032 5207; x_wconf 80' lang='lat' dir='ltr'>adumbratio,</span> <span class='ocrx_word' id='word_1_399' title='bbox 1051 5142 1120 5195; x_wconf 88' lang='lat' dir='ltr'>ad</span> <span class='ocrx_word' id='word_1_400' title='bbox 1141 5141 1445 5209; x_wconf 83' lang='lat' dir='ltr'>circinique</span> <span class='ocrx_word' id='word_1_401' title='bbox 1454 5141 1697 5192; x_wconf 85' lang='lat' dir='ltr'>centrum</span> <span class='ocrx_word' id='word_1_402' title='bbox 1713 5141 1959 5193; x_wconf 86' lang='lat' dir='ltr'>omnium</span> <span class='ocrx_word' id='word_1_403' title='bbox 1976 5140 2045 5193; x_wconf 86' lang='lat' dir='ltr'>li-</span> 
     </span>
    </p>
   </div>
   <div class='ocr_carea' id='block_1_57' title="bbox 398 5210 2046 5283">
    <p class='ocr_par' dir='ltr' id='par_1_57' title="bbox 398 5210 2046 5283">
     <span class='ocr_line' id='line_1_57' title="bbox 398 5210 2046 5283; baseline -0.003 -14"><span class='ocrx_word' id='word_1_404' title='bbox 398 5230 631 5269; x_wconf 82' lang='lat' dir='ltr'>nearum</span> <span class='ocrx_word' id='word_1_405' title='bbox 660 5228 951 5283; x_wconf 81' lang='lat' dir='ltr'>responsus</span> <span class='ocrx_word' id='word_1_406' title='bbox 975 5229 986 5266; x_wconf 92' lang='lat'>:</span> <span class='ocrx_word' id='word_1_407' title='bbox 1024 5214 1176 5283; x_wconf 86' lang='lat' dir='ltr'>quod</span> <span class='ocrx_word' id='word_1_408' title='bbox 1201 5213 1445 5283; x_wconf 77' lang='lat' dir='ltr'>perfecte</span> <span class='ocrx_word' id='word_1_409' title='bbox 1472 5211 1740 5283; x_wconf 83' lang='lat' dir='ltr'>convenit</span> <span class='ocrx_word' id='word_1_410' title='bbox 1762 5210 1883 5283; x_wconf 82' lang='lat' dir='ltr'>loco</span> <span class='ocrx_word' id='word_1_411' title='bbox 1907 5227 2046 5281; x_wconf 62' lang='lat' dir='ltr'>pra:-</span> 
     </span>
    </p>
   </div>
   <div class='ocr_carea' id='block_1_58' title="bbox 400 5280 2040 5406">
    <p class='ocr_par' dir='ltr' id='par_1_58' title="bbox 400 5280 2040 5406">
     <span class='ocr_line' id='line_1_58' title="bbox 400 5280 2040 5406; baseline -0.003 -65"><span class='ocrx_word' id='word_1_412' title='bbox 400 5285 551 5342; x_wconf 83' lang='lat' dir='ltr'>senti</span> <span class='ocrx_word' id='word_1_413' title='bbox 584 5280 899 5340; x_wconf 86' lang='lat' dir='ltr'>Ezechielis</span> <span class='ocrx_word' id='word_1_414' title='bbox 924 5280 1307 5337; x_wconf 77' lang='lat' dir='ltr'>describentis</span> <span class='ocrx_word' id='word_1_415' title='bbox 1336 5280 1662 5336; x_wconf 89' lang='lat' dir='ltr'>Jerusalem</span> <span class='ocrx_word' id='word_1_416' title='bbox 1697 5281 1767 5406; x_wconf 49' lang='grc' dir='ltr'>ἰῇιὶ</span> <span class='ocrx_word' id='word_1_417' title='bbox 1786 5280 2040 5352; x_wconf 78' lang='lat' dir='ltr'>pulvere.</span> 
     </span>
     <span class='ocr_line' id='line_1_59' title="bbox 1771 5370 1898 5406; baseline 0 0"><span class='ocrx_word' id='word_1_418' title='bbox 1771 5370 1898 5406; x_wconf 56' lang='lat' dir='ltr'>sar.</span> 
     </span>
    </p>
   </div>
   <div class='ocr_carea' id='block_1_59' title="bbox 1771 5370 1898 5407">
    <p class='ocr_par' dir='ltr' id='par_1_59' title="bbox 1771 5370 1898 5407">
     <span class='ocr_line' id='line_1_60' title="bbox 1771 5370 1898 5407; baseline 0 -1"><span class='ocrx_word' id='word_1_419' title='bbox 1771 5373 1803 5406; x_wconf 75' lang='grc' dir='ltr'>Α</span> <span class='ocrx_word' id='word_1_420' title='bbox 1813 5370 1898 5407; x_wconf 77' lang='grc' dir='ltr'>ΒΤ.</span> 
     </span>
    </p>
   </div>
   <div class='ocr_carea' id='block_1_60' title="bbox 471 5423 2040 5500">
    <p class='ocr_par' dir='ltr' id='par_1_60' title="bbox 471 5423 2040 5500">
     <span class='ocr_line' id='line_1_61' title="bbox 471 5423 2040 5500; baseline -0.004 -17"><span class='ocrx_word' id='word_1_421' title='bbox 471 5428 544 5500; x_wconf 88' lang='lat' dir='ltr'>(b)</span> <span class='ocrx_word' id='word_1_422' title='bbox 563 5426 851 5500; x_wconf 89' lang='lat' dir='ltr'>Victorius</span> <span class='ocrx_word' id='word_1_423' title='bbox 871 5425 977 5481; x_wconf 84' lang='lat' dir='ltr'>ait:</span> <span class='ocrx_word' id='word_1_424' title='bbox 993 5423 1485 5500; x_wconf 64' lang='lat' dir='ltr'>Trigintactupo,</span> <span class='ocrx_word' id='word_1_425' title='bbox 1504 5441 1615 5478; x_wconf 91' lang='lat' dir='ltr'>non</span> <span class='ocrx_word' id='word_1_426' title='bbox 1641 5424 1878 5500; x_wconf 76' lang='lat' dir='ltr'>triginta</span> <span class='ocrx_word' id='word_1_427' title='bbox 1899 5424 2040 5500; x_wconf 82' lang='lat' dir='ltr'>duo-</span> 
     </span>
    </p>
   </div>
   <div class='ocr_carea' id='block_1_61' title="bbox 400 5493 2036 5576">
    <p class='ocr_par' dir='ltr' id='par_1_61' title="bbox 400 5493 2036 5576">
     <span class='ocr_line' id='line_1_62' title="bbox 400 5493 2036 5576; baseline -0.004 -21"><span class='ocrx_word' id='word_1_428' title='bbox 400 5493 511 5555; x_wconf 80' lang='lat' dir='ltr'>bus</span> <span class='ocrx_word' id='word_1_429' title='bbox 529 5493 713 5555; x_wconf 53' lang='lat' dir='ltr'>&#39;annis</span> <span class='ocrx_word' id='word_1_430' title='bbox 742 5499 930 5576; x_wconf 70' lang='lat' dir='ltr'>losias</span> <span class='ocrx_word' id='word_1_431' title='bbox 963 5493 1243 5576; x_wconf 66' lang='lat' dir='ltr'>regnavit,</span> <span class='ocrx_word' id='word_1_432' title='bbox 1278 5495 1516 5576; x_wconf 40' lang='lat' dir='ltr'>[VI-lteg.</span> <span class='ocrx_word' id='word_1_433' title='bbox 1568 5512 1685 5576; x_wconf 81' lang='lat' dir='ltr'>xxu</span> <span class='ocrx_word' id='word_1_434' title='bbox 1708 5493 1805 5576; x_wconf 28' lang='lat' dir='ltr'>;‘_lI</span> <span class='ocrx_word' id='word_1_435' title='bbox 1856 5493 2036 5576; x_wconf 74' lang='lat' dir='ltr'>Paral.</span> 
     </span>
    </p>
   </div>
   <div class='ocr_carea' id='block_1_62' title="bbox 396 5564 2043 5642">
    <p class='ocr_par' dir='ltr' id='par_1_62' title="bbox 396 5564 2043 5642">
     <span class='ocr_line' id='line_1_63' title="bbox 396 5564 2043 5642; baseline -0.004 -15"><span class='ocrx_word' id='word_1_436' title='bbox 396 5586 588 5637; x_wconf 78' lang='lat' dir='ltr'>xxxxv,</span> <span class='ocrx_word' id='word_1_437' title='bbox 620 5568 772 5642; x_wconf 88' lang='lat' dir='ltr'>apud</span> <span class='ocrx_word' id='word_1_438' title='bbox 805 5564 1276 5625; x_wconf 48' lang='lat' dir='ltr'>omnesterum</span> <span class='ocrx_word' id='word_1_439' title='bbox 1310 5564 2043 5642; x_wconf 83' lang='lat' dir='ltr'>nihilimmutatum,_quia</span> 
     </span>
    </p>
   </div>
   <div class='ocr_carea' id='block_1_63' title="bbox 398 5637 2035 5716">
    <p class='ocr_par' dir='ltr' id='par_1_63' title="bbox 398 5637 2035 5716">
     <span class='ocr_line' id='line_1_64' title="bbox 398 5637 2035 5716; baseline -0.004 -15"><span class='ocrx_word' id='word_1_440' title='bbox 398 5637 800 5712; x_wconf 79' lang='lat' dir='ltr'>numerorum,</span> <span class='ocrx_word' id='word_1_441' title='bbox 819 5657 967 5716; x_wconf 87' lang='lat' dir='ltr'>quos</span> <span class='ocrx_word' id='word_1_442' title='bbox 987 5641 1288 5714; x_wconf 86' lang='lat' dir='ltr'>supputat,</span> <span class='ocrx_word' id='word_1_443' title='bbox 1313 5637 1459 5697; x_wconf 86' lang='lat' dir='ltr'>ratio</span> <span class='ocrx_word' id='word_1_444' title='bbox 1492 5654 1608 5694; x_wconf 90' lang='lat' dir='ltr'>non</span> <span class='ocrx_word' id='word_1_445' title='bbox 1640 5637 2035 5713; x_wconf 87' lang='lat' dir='ltr'>responderet,</span> 
     </span>
    </p>
   </div>
   <div class='ocr_carea' id='block_1_64' title="bbox 2139 545 3792 619">
    <p class='ocr_par' dir='ltr' id='par_1_64' title="bbox 2139 545 3792 619">
     <span class='ocr_line' id='line_1_65' title="bbox 2139 545 3792 619; baseline 0.004 -22"><span class='ocrx_word' id='word_1_446' title='bbox 2139 560 2371 615; x_wconf 88' lang='lat' dir='ltr'>quoque</span> <span class='ocrx_word' id='word_1_447' title='bbox 2402 545 2617 599; x_wconf 90' lang='lat' dir='ltr'>dicitur</span> <span class='ocrx_word' id='word_1_448' title='bbox 2638 546 2867 600; x_wconf 89' lang='lat' dir='ltr'>medius</span> <span class='ocrx_word' id='word_1_449' title='bbox 2888 546 3039 601; x_wconf 88' lang='lat' dir='ltr'>inter</span> <span class='ocrx_word' id='word_1_450' title='bbox 3058 546 3339 619; x_wconf 89' lang='lat' dir='ltr'>populum</span> <span class='ocrx_word' id='word_1_451' title='bbox 3367 551 3421 602; x_wconf 90' lang='lat' dir='ltr'>et</span> <span class='ocrx_word' id='word_1_452' title='bbox 3452 553 3630 603; x_wconf 91' lang='lat' dir='ltr'>Deum</span> <span class='ocrx_word' id='word_1_453' title='bbox 3653 566 3792 604; x_wconf 89' lang='lat' dir='ltr'>mu-</span> 
     </span>
    </p>
   </div>
   <div class='ocr_carea' id='block_1_65' title="bbox 2139 634 3793 704">
    <p class='ocr_par' dir='ltr' id='par_1_65' title="bbox 2139 634 3793 704">
     <span class='ocr_line' id='line_1_66' title="bbox 2139 634 3793 704; baseline 0.002 -18"><span class='ocrx_word' id='word_1_454' title='bbox 2139 650 2240 686; x_wconf 87' lang='lat' dir='ltr'>rus</span> <span class='ocrx_word' id='word_1_455' title='bbox 2272 634 2596 704; x_wconf 87' lang='lat' dir='ltr'>oppositus,</span> <span class='ocrx_word' id='word_1_456' title='bbox 2631 638 2695 687; x_wconf 94' lang='lat' dir='ltr'>ut</span> <span class='ocrx_word' id='word_1_457' title='bbox 2725 635 2988 688; x_wconf 84' lang='lat' dir='ltr'>ostendat</span> <span class='ocrx_word' id='word_1_458' title='bbox 3012 651 3245 690; x_wconf 89' lang='lat' dir='ltr'>omnem</span> <span class='ocrx_word' id='word_1_459' title='bbox 3268 635 3706 692; x_wconf 85' lang='lat' dir='ltr'>multitudidem</span> <span class='ocrx_word' id='word_1_460' title='bbox 3726 637 3793 691; x_wconf 87' lang='lat' dir='ltr'>in</span> 
     </span>
    </p>
   </div>
   <div class='ocr_carea' id='block_1_66' title="bbox 2140 721 3788 795">
    <p class='ocr_par' dir='ltr' id='par_1_66' title="bbox 2140 721 3788 795">
     <span class='ocr_line' id='line_1_67' title="bbox 2140 721 3788 795; baseline 0.003 -19"><span class='ocrx_word' id='word_1_461' title='bbox 2140 721 2293 776; x_wconf 91' lang='lat' dir='ltr'>brevi</span> <span class='ocrx_word' id='word_1_462' title='bbox 2319 738 2446 777; x_wconf 88' lang='lat' dir='ltr'>esse</span> <span class='ocrx_word' id='word_1_463' title='bbox 2472 722 2872 794; x_wconf 79' lang='lat' dir='ltr'>frangendum,</span> <span class='ocrx_word' id='word_1_464' title='bbox 2900 723 3392 795; x_wconf 84' lang='lat' dir='ltr'>redigendamque</span> <span class='ocrx_word' id='word_1_465' title='bbox 3414 725 3485 778; x_wconf 91' lang='lat' dir='ltr'>ad</span> <span class='ocrx_word' id='word_1_466' title='bbox 3510 724 3788 781; x_wconf 88' lang='lat' dir='ltr'>nihilum.</span> 
     </span>
    </p>
   </div>
   <div class='ocr_carea' id='block_1_67' title="bbox 2139 809 3797 877">
    <p class='ocr_par' dir='ltr' id='par_1_67' title="bbox 2139 809 3797 877">
     <span class='ocr_line' id='line_1_68' title="bbox 2139 809 3797 877; baseline 0.004 -13"><span class='ocrx_word' id='word_1_467' title='bbox 2139 809 2477 865; x_wconf 82' lang='lat' dir='ltr'>Obﬁrmatio</span> <span class='ocrx_word' id='word_1_468' title='bbox 2510 815 2704 865; x_wconf 88' lang='lat' dir='ltr'>autem</span> <span class='ocrx_word' id='word_1_469' title='bbox 2735 809 2931 866; x_wconf 89' lang='lat' dir='ltr'>vultus</span> <span class='ocrx_word' id='word_1_470' title='bbox 2957 815 3159 866; x_wconf 87' lang='lat' dir='ltr'>contra</span> <span class='ocrx_word' id='word_1_471' title='bbox 3190 812 3419 877; x_wconf 90' lang='lat' dir='ltr'>urbem,</span> <span class='ocrx_word' id='word_1_472' title='bbox 3461 814 3797 870; x_wconf 90' lang='lat' dir='ltr'>severitatis</span> 
     </span>
    </p>
   </div>
   <div class='ocr_carea' id='block_1_68' title="bbox 2140 897 3797 975">
    <p class='ocr_par' dir='ltr' id='par_1_68' title="bbox 2140 897 3797 975">
     <span class='ocr_line' id='line_1_69' title="bbox 2140 897 3797 975; baseline 0.004 -24"><span class='ocrx_word' id='word_1_473' title='bbox 2140 897 2421 952; x_wconf 89' lang='lat' dir='ltr'>indicium</span> <span class='ocrx_word' id='word_1_474' title='bbox 2453 903 2576 953; x_wconf 87' lang='lat' dir='ltr'>est:</span> <span class='ocrx_word' id='word_1_475' title='bbox 2604 901 2773 967; x_wconf 83' lang='lat' dir='ltr'>juxta</span> <span class='ocrx_word' id='word_1_476' title='bbox 2803 899 2944 953; x_wconf 88' lang='lat' dir='ltr'>illud</span> <span class='ocrx_word' id='word_1_477' title='bbox 2978 900 3129 971; x_wconf 92' lang='lat' dir='ltr'>quod</span> <span class='ocrx_word' id='word_1_478' title='bbox 3163 901 3303 956; x_wconf 88' lang='lat' dir='ltr'>alibi</span> <span class='ocrx_word' id='word_1_479' title='bbox 3336 901 3619 973; x_wconf 88' lang='lat' dir='ltr'>scriptum</span> <span class='ocrx_word' id='word_1_480' title='bbox 3643 902 3797 975; x_wconf 90' lang='lat' dir='ltr'>legi-</span> 
     </span>
    </p>
   </div>
   <div class='ocr_carea' id='block_1_69' title="bbox 2142 988 3794 1062">
    <p class='ocr_par' dir='ltr' id='par_1_69' title="bbox 2142 988 3794 1062">
     <span class='ocr_line' id='line_1_70' title="bbox 2142 988 3794 1062; baseline 0.004 -22"><span class='ocrx_word' id='word_1_481' title='bbox 2142 1003 2306 1041; x_wconf 90' lang='lat' dir='ltr'>mus:</span> <span class='ocrx_word' id='word_1_482' title='bbox 2342 988 2523 1041; x_wconf 79' lang='lat' dir='ltr'>Facies</span> <span class='ocrx_word' id='word_1_483' title='bbox 2555 989 2772 1042; x_wconf 87' lang='lat' dir='ltr'>Domini</span> <span class='ocrx_word' id='word_1_484' title='bbox 2800 1006 2961 1058; x_wconf 83' lang='lat' dir='ltr'>super</span> <span class='ocrx_word' id='word_1_485' title='bbox 2988 989 3247 1057; x_wconf 70' lang='lat' dir='ltr'>facientes</span> <span class='ocrx_word' id='word_1_486' title='bbox 3281 991 3429 1045; x_wconf 89' lang='lat' dir='ltr'>mala</span> <span class='ocrx_word' id='word_1_487' title='bbox 3450 1009 3470 1051; x_wconf 87' lang='lat'><em>;</em></span> <span class='ocrx_word' id='word_1_488' title='bbox 3493 994 3551 1046; x_wconf 89' lang='lat' dir='ltr'>ut</span> <span class='ocrx_word' id='word_1_489' title='bbox 3574 991 3794 1062; x_wconf 87' lang='lat' dir='ltr'>disper-</span> 
     </span>
    </p>
   </div>
   <div class='ocr_carea' id='block_1_70' title="bbox 2140 1074 3570 1148">
    <p class='ocr_par' dir='ltr' id='par_1_70' title="bbox 2140 1074 3570 1148">
     <span class='ocr_line' id='line_1_71' title="bbox 2140 1074 3570 1148; baseline 0.005 -20"><span class='ocrx_word' id='word_1_490' title='bbox 2140 1075 2229 1128; x_wconf 82' lang='lat' dir='ltr'>dat</span> <span class='ocrx_word' id='word_1_491' title='bbox 2259 1074 2324 1128; x_wconf 88' lang='lat' dir='ltr'>de</span> <span class='ocrx_word' id='word_1_492' title='bbox 2354 1078 2499 1129; x_wconf 78' lang='lat' dir='ltr'>terra</span> <span class='ocrx_word' id='word_1_493' title='bbox 2531 1078 2845 1131; x_wconf 84' lang='lat' dir='ltr'>memoriam</span> <span class='ocrx_word' id='word_1_494' title='bbox 2878 1092 3065 1132; x_wconf 87' lang='lat' dir='ltr'>eorum</span> <span class='ocrx_word' id='word_1_495' title='bbox 3100 1078 3231 1147; x_wconf 42' lang='lat' dir='ltr'>*(Ps.</span> <span class='ocrx_word' id='word_1_496' title='bbox 3266 1096 3425 1145; x_wconf 83' lang='lat' dir='ltr'>xxm,</span> <span class='ocrx_word' id='word_1_497' title='bbox 3461 1081 3570 1148; x_wconf 90' lang='grc'>17).</span> 
     </span>
    </p>
   </div>
   <div class='ocr_carea' id='block_1_71' title="bbox 2214 1163 3795 1237">
    <p class='ocr_par' dir='ltr' id='par_1_71' title="bbox 2214 1163 3795 1237">
     <span class='ocr_line' id='line_1_72' title="bbox 2214 1163 3795 1237; baseline 0.006 -21"><span class='ocrx_word' id='word_1_498' title='bbox 2214 1163 2395 1233; x_wconf 87' lang='lat' dir='ltr'>(Vers.</span> <span class='ocrx_word' id='word_1_499' title='bbox 2432 1165 2461 1217; x_wconf 77' lang='grc'>4</span> <span class='ocrx_word' id='word_1_500' title='bbox 2493 1166 2679 1235; x_wconf 82' lang='lat' dir='ltr'>seqq.)</span> <span class='ocrx_word' id='word_1_501' title='bbox 2716 1170 2779 1219; x_wconf 85' lang='lat' dir='ltr'>Et</span> <span class='ocrx_word' id='word_1_502' title='bbox 2808 1168 2867 1219; x_wconf 90' lang='lat' dir='ltr'>tu</span> <span class='ocrx_word' id='word_1_503' title='bbox 2898 1166 3132 1220; x_wconf 74' lang='lat' dir='ltr'>dormies</span> <span class='ocrx_word' id='word_1_504' title='bbox 3161 1182 3327 1237; x_wconf 80' lang='lat' dir='ltr'>super</span> <span class='ocrx_word' id='word_1_505' title='bbox 3354 1168 3496 1222; x_wconf 88' lang='lat' dir='ltr'>tatus</span> <span class='ocrx_word' id='word_1_506' title='bbox 3523 1173 3682 1224; x_wconf 88' lang='lat' dir='ltr'>tuum</span> <span class='ocrx_word' id='word_1_507' title='bbox 3710 1171 3795 1226; x_wconf 87' lang='lat' dir='ltr'>si-</span> 
     </span>
    </p>
   </div>
   <div class='ocr_carea' id='block_1_72' title="bbox 2141 1253 3791 1329">
    <p class='ocr_par' dir='ltr' id='par_1_72' title="bbox 2141 1253 3791 1329">
     <span class='ocr_line' id='line_1_73' title="bbox 2141 1253 3791 1329; baseline 0.005 -25"><span class='ocrx_word' id='word_1_508' title='bbox 2141 1253 2396 1317; x_wconf 74' lang='lat' dir='ltr'>nistrum,</span> <span class='ocrx_word' id='word_1_509' title='bbox 2430 1256 2479 1305; x_wconf 85' lang='lat' dir='ltr'>et</span> <span class='ocrx_word' id='word_1_510' title='bbox 2504 1268 2670 1323; x_wconf 84' lang='lat' dir='ltr'>pones</span> <span class='ocrx_word' id='word_1_511' title='bbox 2700 1254 3021 1324; x_wconf 84' lang='lat' dir='ltr'>iniquitates</span> <span class='ocrx_word' id='word_1_512' title='bbox 3054 1255 3243 1308; x_wconf 85' lang='lat' dir='ltr'>domus</span> <span class='ocrx_word' id='word_1_513' title='bbox 3292 1257 3479 1312; x_wconf 87' lang='lat' dir='ltr'>Israel.</span> <span class='ocrx_word' id='word_1_514' title='bbox 3501 1273 3663 1329; x_wconf 85' lang='lat' dir='ltr'>super</span> <span class='ocrx_word' id='word_1_515' title='bbox 3700 1274 3791 1329; x_wconf 86' lang='lat' dir='ltr'>eo,</span> 
     </span>
    </p>
   </div>
   <div class='ocr_carea' id='block_1_73' title="bbox 2143 1340 3795 1413">
    <p class='ocr_par' dir='ltr' id='par_1_73' title="bbox 2143 1340 3795 1413">
     <span class='ocr_line' id='line_1_74' title="bbox 2143 1340 3795 1413; baseline 0.004 -20"><span class='ocrx_word' id='word_1_516' title='bbox 2143 1356 2369 1394; x_wconf 84' lang='lat' dir='ltr'>numero</span> <span class='ocrx_word' id='word_1_517' title='bbox 2401 1340 2615 1394; x_wconf 79' lang='lat' dir='ltr'>dierum</span> <span class='ocrx_word' id='word_1_518' title='bbox 2646 1341 2841 1412; x_wconf 86' lang='lat' dir='ltr'>quidus</span> <span class='ocrx_word' id='word_1_519' title='bbox 2862 1342 3097 1397; x_wconf 85' lang='lat' dir='ltr'>dormies</span> <span class='ocrx_word' id='word_1_520' title='bbox 3116 1359 3278 1413; x_wconf 86' lang='lat' dir='ltr'>super</span> <span class='ocrx_word' id='word_1_521' title='bbox 3298 1343 3458 1410; x_wconf 87' lang='lat' dir='ltr'>illud,</span> <span class='ocrx_word' id='word_1_522' title='bbox 3478 1356 3528 1398; x_wconf 91' lang='lat' dir='ltr'>et</span> <span class='ocrx_word' id='word_1_523' title='bbox 3548 1361 3795 1400; x_wconf 85' lang='lat' dir='ltr'>assumes</span> 
     </span>
    </p>
   </div>
   <div class='ocr_carea' id='block_1_74' title="bbox 2142 1430 3795 1506">
    <p class='ocr_par' dir='ltr' id='par_1_74' title="bbox 2142 1430 3795 1506">
     <span class='ocr_line' id='line_1_75' title="bbox 2142 1430 3795 1506; baseline 0.005 -24"><span class='ocrx_word' id='word_1_524' title='bbox 2142 1430 2490 1499; x_wconf 81' lang='lat' dir='ltr'>iniquitatem</span> <span class='ocrx_word' id='word_1_525' title='bbox 2518 1445 2725 1483; x_wconf 65' lang='lat' dir='ltr'>em&#39;um.</span> <span class='ocrx_word' id='word_1_526' title='bbox 2761 1431 2867 1500; x_wconf 86' lang='lat' dir='ltr'>Ego</span> <span class='ocrx_word' id='word_1_527' title='bbox 2895 1438 3077 1486; x_wconf 87' lang='lat' dir='ltr'>autem</span> <span class='ocrx_word' id='word_1_528' title='bbox 3108 1432 3237 1487; x_wconf 84' lang='lat' dir='ltr'>dedi</span> <span class='ocrx_word' id='word_1_529' title='bbox 3262 1432 3368 1486; x_wconf 82' lang='lat' dir='ltr'>tibi</span> <span class='ocrx_word' id='word_1_530' title='bbox 3386 1450 3557 1489; x_wconf 88' lang='lat' dir='ltr'>annos</span> <span class='ocrx_word' id='word_1_531' title='bbox 3578 1435 3795 1506; x_wconf 86' lang='lat' dir='ltr'>iniqui-</span> 
     </span>
    </p>
   </div>
   <div class='ocr_carea' id='block_1_75' title="bbox 2144 1519 3797 1595">
    <p class='ocr_par' dir='ltr' id='par_1_75' title="bbox 2144 1519 3797 1595">
     <span class='ocr_line' id='line_1_76' title="bbox 2144 1519 3797 1595; baseline 0.005 -24"><span class='ocrx_word' id='word_1_532' title='bbox 2144 1519 2270 1572; x_wconf 85' lang='lat' dir='ltr'>tatis</span> <span class='ocrx_word' id='word_1_533' title='bbox 2299 1533 2505 1585; x_wconf 89' lang='lat' dir='ltr'>eorum,</span> <span class='ocrx_word' id='word_1_534' title='bbox 2538 1535 2764 1574; x_wconf 89' lang='lat' dir='ltr'>numero</span> <span class='ocrx_word' id='word_1_535' title='bbox 2817 1519 3032 1574; x_wconf 86' lang='lat' dir='ltr'>dierum</span> <span class='ocrx_word' id='word_1_536' title='bbox 3080 1525 3344 1577; x_wconf 76' lang='lat' dir='ltr'>trecentos</span> <span class='ocrx_word' id='word_1_537' title='bbox 3391 1530 3441 1577; x_wconf 88' lang='lat' dir='ltr'>et</span> <span class='ocrx_word' id='word_1_538' title='bbox 3488 1526 3797 1595; x_wconf 79' lang='lat' dir='ltr'>nonaginta</span> 
     </span>
    </p>
   </div>
   <div class='ocr_carea' id='block_1_76' title="bbox 2142 1606 3794 1679">
    <p class='ocr_par' dir='ltr' id='par_1_76' title="bbox 2142 1606 3794 1679">
     <span class='ocr_line' id='line_1_77' title="bbox 2142 1606 3794 1679; baseline 0.005 -20"><span class='ocrx_word' id='word_1_539' title='bbox 2142 1606 2273 1673; x_wconf 87' lang='lat' dir='ltr'>dies,</span> <span class='ocrx_word' id='word_1_540' title='bbox 2323 1610 2375 1661; x_wconf 85' lang='lat' dir='ltr'>et</span> <span class='ocrx_word' id='word_1_541' title='bbox 2427 1608 2671 1678; x_wconf 83' lang='lat' dir='ltr'>portabis</span> <span class='ocrx_word' id='word_1_542' title='bbox 2721 1611 3073 1679; x_wconf 83' lang='lat' dir='ltr'>iniquitatem</span> <span class='ocrx_word' id='word_1_543' title='bbox 3115 1611 3306 1665; x_wconf 87' lang='lat' dir='ltr'>domus</span> <span class='ocrx_word' id='word_1_544' title='bbox 3354 1612 3523 1666; x_wconf 87' lang='lat' dir='ltr'>Israel</span> <span class='ocrx_word' id='word_1_545' title='bbox 3569 1613 3794 1667; x_wconf 88' lang='lat' dir='ltr'>Etcum</span> 
     </span>
    </p>
   </div>
   <div class='ocr_carea' id='block_1_77' title="bbox 2143 1695 3796 1768">
    <p class='ocr_par' dir='ltr' id='par_1_77' title="bbox 2143 1695 3796 1768">
     <span class='ocr_line' id='line_1_78' title="bbox 2143 1695 3796 1768; baseline 0.005 -20"><span class='ocrx_word' id='word_1_546' title='bbox 2143 1695 2491 1766; x_wconf 82' lang='lat' dir='ltr'>compleveris</span> <span class='ocrx_word' id='word_1_547' title='bbox 2525 1696 2661 1761; x_wconf 64' lang='lat' dir='ltr'>haec,</span> <span class='ocrx_word' id='word_1_548' title='bbox 2692 1696 2925 1752; x_wconf 87' lang='lat' dir='ltr'>dormies</span> <span class='ocrx_word' id='word_1_549' title='bbox 2952 1714 3114 1768; x_wconf 87' lang='lat' dir='ltr'>super</span> <span class='ocrx_word' id='word_1_550' title='bbox 3162 1699 3307 1753; x_wconf 85' lang='lat' dir='ltr'>latus</span> <span class='ocrx_word' id='word_1_551' title='bbox 3355 1707 3511 1754; x_wconf 86' lang='lat' dir='ltr'>tuum</span> <span class='ocrx_word' id='word_1_552' title='bbox 3536 1700 3796 1756; x_wconf 74' lang='lat' dir='ltr'>dextrum</span> 
     </span>
    </p>
   </div>
   <div class='ocr_carea' id='block_1_78' title="bbox 2142 1784 3795 1860">
    <p class='ocr_par' dir='ltr' id='par_1_78' title="bbox 2142 1784 3795 1860">
     <span class='ocr_line' id='line_1_79' title="bbox 2142 1784 3795 1860; baseline 0.004 -22"><span class='ocrx_word' id='word_1_553' title='bbox 2142 1784 2397 1854; x_wconf 77' lang='lat' dir='ltr'>secundo,</span> <span class='ocrx_word' id='word_1_554' title='bbox 2420 1792 2469 1839; x_wconf 89' lang='lat' dir='ltr'>et</span> <span class='ocrx_word' id='word_1_555' title='bbox 2498 1801 2732 1851; x_wconf 76' lang='lat' dir='ltr'>assumes</span> <span class='ocrx_word' id='word_1_556' title='bbox 2766 1788 3113 1856; x_wconf 86' lang='lat' dir='ltr'>iniquitatem</span> <span class='ocrx_word' id='word_1_557' title='bbox 3143 1788 3337 1843; x_wconf 83' lang='lat' dir='ltr'>domus</span> <span class='ocrx_word' id='word_1_558' title='bbox 3373 1788 3513 1843; x_wconf 74' lang='lat' dir='ltr'>Iuda</span> <span class='ocrx_word' id='word_1_559' title='bbox 3542 1790 3795 1860; x_wconf 87' lang='lat' dir='ltr'>quadra-</span> 
     </span>
    </p>
   </div>
   <div class='ocr_carea' id='block_1_79' title="bbox 2143 1872 3794 1947">
    <p class='ocr_par' dir='ltr' id='par_1_79' title="bbox 2143 1872 3794 1947">
     <span class='ocr_line' id='line_1_80' title="bbox 2143 1872 3794 1947; baseline 0.005 -21"><span class='ocrx_word' id='word_1_560' title='bbox 2143 1874 2300 1939; x_wconf 88' lang='lat' dir='ltr'>ginta</span> <span class='ocrx_word' id='word_1_561' title='bbox 2328 1872 2535 1927; x_wconf 83' lang='lat' dir='ltr'>dic/ms.</span> <span class='ocrx_word' id='word_1_562' title='bbox 2564 1874 2723 1928; x_wconf 87' lang='lat' dir='ltr'>Diem</span> <span class='ocrx_word' id='word_1_563' title='bbox 2743 1890 2840 1945; x_wconf 88' lang='lat' dir='ltr'>pro</span> <span class='ocrx_word' id='word_1_564' title='bbox 2872 1891 3037 1941; x_wconf 84' lang='lat' dir='ltr'>anno,</span> <span class='ocrx_word' id='word_1_565' title='bbox 3059 1876 3224 1941; x_wconf 86' lang='lat' dir='ltr'>diem,</span> <span class='ocrx_word' id='word_1_566' title='bbox 3253 1878 3500 1947; x_wconf 89' lang='lat' dir='ltr'>inquam,</span> <span class='ocrx_word' id='word_1_567' title='bbox 3520 1893 3623 1944; x_wconf 87' lang='lat' dir='ltr'>pro</span> <span class='ocrx_word' id='word_1_568' title='bbox 3643 1894 3794 1935; x_wconf 84' lang='lat' dir='ltr'>anno</span> 
     </span>
    </p>
   </div>
   <div class='ocr_carea' id='block_1_80' title="bbox 2144 1960 3796 2039">
    <p class='ocr_par' dir='ltr' id='par_1_80' title="bbox 2144 1960 3796 2039">
     <span class='ocr_line' id='line_1_81' title="bbox 2144 1960 3796 2039; baseline 0.005 -25"><span class='ocrx_word' id='word_1_569' title='bbox 2144 1960 2268 2015; x_wconf 89' lang='lat' dir='ltr'>dedi</span> <span class='ocrx_word' id='word_1_570' title='bbox 2278 1962 2398 2015; x_wconf 83' lang='lat' dir='ltr'>tibi.</span> <span class='ocrx_word' id='word_1_571' title='bbox 2424 1964 2764 2028; x_wconf 82' lang='lat' dir='ltr'>Quaeramus</span> <span class='ocrx_word' id='word_1_572' title='bbox 2786 1963 2886 2033; x_wconf 92' lang='lat' dir='ltr'>qui</span> <span class='ocrx_word' id='word_1_573' title='bbox 2907 1963 3027 2018; x_wconf 91' lang='lat' dir='ltr'>sint</span> <span class='ocrx_word' id='word_1_574' title='bbox 3049 1964 3185 2019; x_wconf 88' lang='lat' dir='ltr'>anni</span> <span class='ocrx_word' id='word_1_575' title='bbox 3204 1965 3449 2021; x_wconf 83' lang='lat' dir='ltr'>trecenti</span> <span class='ocrx_word' id='word_1_576' title='bbox 3469 1968 3796 2039; x_wconf 88' lang='lat' dir='ltr'>nonaginta</span> 
     </span>
    </p>
   </div>
   <div class='ocr_carea' id='block_1_81' title="bbox 2146 2050 3793 2126">
    <p class='ocr_par' dir='ltr' id='par_1_81' title="bbox 2146 2050 3793 2126">
     <span class='ocr_line' id='line_1_82' title="bbox 2146 2050 3793 2126; baseline 0.005 -22"><span class='ocrx_word' id='word_1_577' title='bbox 2146 2050 2246 2120; x_wconf 91' lang='lat' dir='ltr'>qui</span> <span class='ocrx_word' id='word_1_578' title='bbox 2278 2066 2380 2120; x_wconf 89' lang='lat' dir='ltr'>pro</span> <span class='ocrx_word' id='word_1_579' title='bbox 2398 2050 2605 2106; x_wconf 90' lang='lat' dir='ltr'>diebus</span> <span class='ocrx_word' id='word_1_580' title='bbox 2626 2051 2865 2106; x_wconf 85' lang='lat' dir='ltr'>totidem</span> <span class='ocrx_word' id='word_1_581' title='bbox 2891 2058 3306 2124; x_wconf 88' lang='lat' dir='ltr'>supputentur,</span> <span class='ocrx_word' id='word_1_582' title='bbox 3332 2054 3545 2126; x_wconf 90' lang='lat' dir='ltr'>quibus</span> <span class='ocrx_word' id='word_1_583' title='bbox 3565 2056 3624 2110; x_wconf 91' lang='lat' dir='ltr'>in</span> <span class='ocrx_word' id='word_1_584' title='bbox 3648 2056 3793 2111; x_wconf 91' lang='lat' dir='ltr'>sini-</span> 
     </span>
    </p>
   </div>
   <div class='ocr_carea' id='block_1_82' title="bbox 2145 2137 3795 2215">
    <p class='ocr_par' dir='ltr' id='par_1_82' title="bbox 2145 2137 3795 2215">
     <span class='ocr_line' id='line_1_83' title="bbox 2145 2137 3795 2215; baseline 0.005 -23"><span class='ocrx_word' id='word_1_585' title='bbox 2145 2137 2456 2193; x_wconf 88' lang='lat' dir='ltr'>strolatere</span> <span class='ocrx_word' id='word_1_586' title='bbox 2478 2138 2761 2210; x_wconf 88' lang='lat' dir='ltr'>propheta</span> <span class='ocrx_word' id='word_1_587' title='bbox 2779 2141 3081 2195; x_wconf 88' lang='lat' dir='ltr'>dormierit</span> <span class='ocrx_word' id='word_1_588' title='bbox 3096 2141 3323 2197; x_wconf 87' lang='lat' dir='ltr'>vinctus</span> <span class='ocrx_word' id='word_1_589' title='bbox 3345 2148 3521 2215; x_wconf 89' lang='lat' dir='ltr'>atque</span> <span class='ocrx_word' id='word_1_590' title='bbox 3542 2144 3795 2200; x_wconf 89' lang='lat' dir='ltr'>constri-</span> 
     </span>
    </p>
   </div>
   <div class='ocr_carea' id='block_1_83' title="bbox 2145 2227 3794 2304">
    <p class='ocr_par' dir='ltr' id='par_1_83' title="bbox 2145 2227 3794 2304">
     <span class='ocr_line' id='line_1_84' title="bbox 2145 2227 3794 2304; baseline 0.005 -24"><span class='ocrx_word' id='word_1_591' title='bbox 2145 2231 2274 2281; x_wconf 91' lang='lat' dir='ltr'>ctus</span> <span class='ocrx_word' id='word_1_592' title='bbox 2305 2245 2316 2293; x_wconf 93' lang='lat'><strong>;</strong></span> <span class='ocrx_word' id='word_1_593' title='bbox 2338 2227 2417 2281; x_wconf 90' lang='lat' dir='ltr'>ita</span> <span class='ocrx_word' id='word_1_594' title='bbox 2438 2227 2577 2282; x_wconf 89' lang='lat' dir='ltr'>utin</span> <span class='ocrx_word' id='word_1_595' title='bbox 2602 2227 2754 2283; x_wconf 83' lang='lat' dir='ltr'>latus</span> <span class='ocrx_word' id='word_1_596' title='bbox 2771 2246 2830 2283; x_wconf 90' lang='lat' dir='ltr'>se</span> <span class='ocrx_word' id='word_1_597' title='bbox 2845 2227 3095 2284; x_wconf 88' lang='lat' dir='ltr'>alterum</span> <span class='ocrx_word' id='word_1_598' title='bbox 3111 2247 3225 2285; x_wconf 91' lang='lat' dir='ltr'>non</span> <span class='ocrx_word' id='word_1_599' title='bbox 3251 2236 3524 2300; x_wconf 89' lang='lat' dir='ltr'>moveret,</span> <span class='ocrx_word' id='word_1_600' title='bbox 3550 2233 3794 2304; x_wconf 87' lang='lat' dir='ltr'>captivi-</span> 
     </span>
    </p>
   </div>
   <div class='ocr_carea' id='block_1_84' title="bbox 2147 2316 3795 2386">
    <p class='ocr_par' dir='ltr' id='par_1_84' title="bbox 2147 2316 3795 2386">
     <span class='ocr_line' id='line_1_85' title="bbox 2147 2316 3795 2386; baseline 0.004 -17"><span class='ocrx_word' id='word_1_601' title='bbox 2147 2318 2326 2370; x_wconf 89' lang='lat' dir='ltr'>tatem</span> <span class='ocrx_word' id='word_1_602' title='bbox 2359 2321 2415 2370; x_wconf 90' lang='lat' dir='ltr'>et</span> <span class='ocrx_word' id='word_1_603' title='bbox 2446 2316 2714 2372; x_wconf 83' lang='lat' dir='ltr'>miserias</span> <span class='ocrx_word' id='word_1_604' title='bbox 2745 2317 2943 2372; x_wconf 89' lang='lat' dir='ltr'>decem</span> <span class='ocrx_word' id='word_1_605' title='bbox 2977 2319 3260 2383; x_wconf 90' lang='lat' dir='ltr'>tribuum,</span> <span class='ocrx_word' id='word_1_606' title='bbox 3303 2319 3361 2373; x_wconf 88' lang='lat' dir='ltr'>id</span> <span class='ocrx_word' id='word_1_607' title='bbox 3408 2324 3520 2386; x_wconf 88' lang='lat' dir='ltr'>est,</span> <span class='ocrx_word' id='word_1_608' title='bbox 3561 2321 3795 2377; x_wconf 86' lang='lat' dir='ltr'>Israelis</span> 
     </span>
    </p>
   </div>
   <div class='ocr_carea' id='block_1_85' title="bbox 2145 2404 3793 2482">
    <p class='ocr_par' dir='ltr' id='par_1_85' title="bbox 2145 2404 3793 2482">
     <span class='ocr_line' id='line_1_86' title="bbox 2145 2404 3793 2482; baseline 0.005 -25"><span class='ocrx_word' id='word_1_609' title='bbox 2145 2404 2479 2459; x_wconf 89' lang='lat' dir='ltr'>ostendens.</span> <span class='ocrx_word' id='word_1_610' title='bbox 2515 2405 2582 2458; x_wconf 85' lang='lat' dir='ltr'>Et</span> <span class='ocrx_word' id='word_1_611' title='bbox 2611 2404 2710 2475; x_wconf 90' lang='lat' dir='ltr'>qui</span> <span class='ocrx_word' id='word_1_612' title='bbox 2738 2405 2833 2459; x_wconf 92' lang='lat' dir='ltr'>alii</span> <span class='ocrx_word' id='word_1_613' title='bbox 2858 2406 3252 2479; x_wconf 85' lang='lat' dir='ltr'>quadraginta</span> <span class='ocrx_word' id='word_1_614' title='bbox 3271 2408 3431 2476; x_wconf 85' lang='lat' dir='ltr'>anni,</span> <span class='ocrx_word' id='word_1_615' title='bbox 3452 2409 3665 2479; x_wconf 89' lang='lat' dir='ltr'>quibus</span> <span class='ocrx_word' id='word_1_616' title='bbox 3688 2426 3793 2482; x_wconf 88' lang='lat' dir='ltr'>pro</span> 
     </span>
    </p>
   </div>
   <div class='ocr_carea' id='block_1_86' title="bbox 2142 2491 3791 2565">
    <p class='ocr_par' dir='ltr' id='par_1_86' title="bbox 2142 2491 3791 2565">
     <span class='ocr_line' id='line_1_87' title="bbox 2142 2491 3791 2565; baseline 0.004 -19"><span class='ocrx_word' id='word_1_617' title='bbox 2142 2491 2299 2546; x_wconf 88' lang='lat' dir='ltr'>Juda</span> <span class='ocrx_word' id='word_1_618' title='bbox 2328 2496 2384 2546; x_wconf 93' lang='lat' dir='ltr'>et</span> <span class='ocrx_word' id='word_1_619' title='bbox 2412 2492 2825 2563; x_wconf 90' lang='lat' dir='ltr'>iniquitatibus</span> <span class='ocrx_word' id='word_1_620' title='bbox 2847 2494 2974 2563; x_wconf 88' lang='lat' dir='ltr'>ejus</span> <span class='ocrx_word' id='word_1_621' title='bbox 2998 2494 3055 2548; x_wconf 90' lang='lat' dir='ltr'>in</span> <span class='ocrx_word' id='word_1_622' title='bbox 3081 2495 3284 2549; x_wconf 81' lang='lat' dir='ltr'>dextro</span> <span class='ocrx_word' id='word_1_623' title='bbox 3308 2496 3561 2565; x_wconf 88' lang='lat' dir='ltr'>jacuerit</span> <span class='ocrx_word' id='word_1_624' title='bbox 3589 2496 3791 2565; x_wconf 87' lang='lat' dir='ltr'>latere,</span> 
     </span>
    </p>
   </div>
   <div class='ocr_carea' id='block_1_87' title="bbox 2146 2579 3795 2654">
    <p class='ocr_par' dir='ltr' id='par_1_87' title="bbox 2146 2579 3795 2654">
     <span class='ocr_line' id='line_1_88' title="bbox 2146 2579 3795 2654; baseline 0.005 -21"><span class='ocrx_word' id='word_1_625' title='bbox 2146 2579 2264 2634; x_wconf 89' lang='lat' dir='ltr'>sive</span> <span class='ocrx_word' id='word_1_626' title='bbox 2295 2584 2358 2633; x_wconf 89' lang='lat' dir='ltr'>ut</span> <span class='ocrx_word' id='word_1_627' title='bbox 2390 2585 2586 2635; x_wconf 89' lang='lat' dir='ltr'>narrat</span> <span class='ocrx_word' id='word_1_628' title='bbox 2616 2586 2820 2636; x_wconf 89' lang='lat' dir='ltr'>sancta</span> <span class='ocrx_word' id='word_1_629' title='bbox 2842 2582 3163 2654; x_wconf 86' lang='lat' dir='ltr'>Scriptura,</span> <span class='ocrx_word' id='word_1_630' title='bbox 3193 2583 3500 2652; x_wconf 87' lang='lat' dir='ltr'>dormierit,</span> <span class='ocrx_word' id='word_1_631' title='bbox 3525 2586 3596 2642; x_wconf 90' lang='lat' dir='ltr'>de</span> <span class='ocrx_word' id='word_1_632' title='bbox 3613 2586 3795 2642; x_wconf 90' lang='lat' dir='ltr'>Israel</span> 
     </span>
    </p>
   </div>
   <div class='ocr_carea' id='block_1_88' title="bbox 2146 2668 3794 2745">
    <p class='ocr_par' dir='ltr' id='par_1_88' title="bbox 2146 2668 3794 2745">
     <span class='ocr_line' id='line_1_89' title="bbox 2146 2668 3794 2745; baseline 0.005 -23"><span class='ocrx_word' id='word_1_633' title='bbox 2146 2668 2255 2722; x_wconf 90' lang='lat' dir='ltr'>hoc</span> <span class='ocrx_word' id='word_1_634' title='bbox 2283 2669 2594 2723; x_wconf 88' lang='lat' dir='ltr'>dicendum</span> <span class='ocrx_word' id='word_1_635' title='bbox 2626 2673 2733 2738; x_wconf 89' lang='lat' dir='ltr'>est,</span> <span class='ocrx_word' id='word_1_636' title='bbox 2768 2671 2869 2725; x_wconf 77' lang='lat'><strong>39</strong></span> <span class='ocrx_word' id='word_1_637' title='bbox 2904 2672 3059 2741; x_wconf 92' lang='lat' dir='ltr'>quod</span> <span class='ocrx_word' id='word_1_638' title='bbox 3093 2673 3204 2727; x_wconf 89' lang='lat' dir='ltr'>sub</span> <span class='ocrx_word' id='word_1_639' title='bbox 3237 2689 3371 2745; x_wconf 88' lang='lat' dir='ltr'>rege</span> <span class='ocrx_word' id='word_1_640' title='bbox 3402 2673 3623 2730; x_wconf 89' lang='lat' dir='ltr'>Pbacee</span> <span class='ocrx_word' id='word_1_641' title='bbox 3672 2674 3794 2730; x_wconf 85' lang='lat' dir='ltr'>filio</span> 
     </span>
    </p>
   </div>
   <div class='ocr_carea' id='block_1_89' title="bbox 2147 2757 3797 2833">
    <p class='ocr_par' dir='ltr' id='par_1_89' title="bbox 2147 2757 3797 2833">
     <span class='ocr_line' id='line_1_90' title="bbox 2147 2757 3797 2833; baseline 0.004 -22"><span class='ocrx_word' id='word_1_642' title='bbox 2147 2757 2441 2828; x_wconf 60' lang='lat' dir='ltr'>Romolius,</span> <span class='ocrx_word' id='word_1_643' title='bbox 2478 2758 2577 2829; x_wconf 89' lang='lat' dir='ltr'>qui</span> <span class='ocrx_word' id='word_1_644' title='bbox 2608 2758 3079 2815; x_wconf 90' lang='lat' dir='ltr'>undevicesimus</span> <span class='ocrx_word' id='word_1_645' title='bbox 3110 2762 3371 2833; x_wconf 84' lang='lat' dir='ltr'>regnavit</span> <span class='ocrx_word' id='word_1_646' title='bbox 3400 2763 3459 2817; x_wconf 90' lang='lat' dir='ltr'>in</span> <span class='ocrx_word' id='word_1_647' title='bbox 3490 2762 3665 2819; x_wconf 85' lang='lat' dir='ltr'>Israel</span> <span class='ocrx_word' id='word_1_648' title='bbox 3698 2781 3797 2819; x_wconf 88' lang='lat' dir='ltr'>an-</span> 
     </span>
    </p>
   </div>
   <div class='ocr_carea' id='block_1_90' title="bbox 2148 2845 3794 2924">
    <p class='ocr_par' dir='ltr' id='par_1_90' title="bbox 2148 2845 3794 2924">
     <span class='ocr_line' id='line_1_91' title="bbox 2148 2845 3794 2924; baseline 0.004 -24"><span class='ocrx_word' id='word_1_649' title='bbox 2148 2845 2238 2900; x_wconf 88' lang='lat' dir='ltr'>nis</span> <span class='ocrx_word' id='word_1_650' title='bbox 2269 2846 2493 2918; x_wconf 82' lang='lat' dir='ltr'>viginti,</span> <span class='ocrx_word' id='word_1_651' title='bbox 2522 2847 2677 2901; x_wconf 85' lang='lat' dir='ltr'>venit</span> <span class='ocrx_word' id='word_1_652' title='bbox 2707 2847 3192 2920; x_wconf 87' lang='lat' dir='ltr'>Teglatphalasar</span> <span class='ocrx_word' id='word_1_653' title='bbox 3222 2868 3318 2905; x_wconf 85' lang='lat' dir='ltr'>rex</span> <span class='ocrx_word' id='word_1_654' title='bbox 3345 2852 3529 2907; x_wconf 91' lang='lat' dir='ltr'>Assur</span> <span class='ocrx_word' id='word_1_655' title='bbox 3549 2852 3641 2922; x_wconf 89' lang='lat' dir='ltr'>(IV</span> <span class='ocrx_word' id='word_1_656' title='bbox 3664 2853 3794 2924; x_wconf 82' lang='lat' dir='ltr'>Reg.</span> 
     </span>
    </p>
   </div>
   <div class='ocr_carea' id='block_1_91' title="bbox 2146 2935 3799 3009">
    <p class='ocr_par' dir='ltr' id='par_1_91' title="bbox 2146 2935 3799 3009">
     <span class='ocr_line' id='line_1_92' title="bbox 2146 2935 3799 3009; baseline 0.004 -21"><span class='ocrx_word' id='word_1_657' title='bbox 2146 2936 2259 3006; x_wconf 84' lang='lat' dir='ltr'>xv),</span> <span class='ocrx_word' id='word_1_658' title='bbox 2293 2939 2349 2989; x_wconf 88' lang='lat' dir='ltr'>et</span> <span class='ocrx_word' id='word_1_659' title='bbox 2379 2935 2532 3007; x_wconf 78' lang='lat' dir='ltr'>cepit</span> <span class='ocrx_word' id='word_1_660' title='bbox 2560 2937 2730 3007; x_wconf 89' lang='lat' dir='ltr'>Ajon,</span> <span class='ocrx_word' id='word_1_661' title='bbox 2762 2941 2819 2991; x_wconf 91' lang='lat' dir='ltr'>et</span> <span class='ocrx_word' id='word_1_662' title='bbox 2850 2937 3012 3003; x_wconf 91' lang='lat' dir='ltr'>Abel,</span> <span class='ocrx_word' id='word_1_663' title='bbox 3066 2939 3307 2993; x_wconf 90' lang='lat' dir='ltr'>domum</span> <span class='ocrx_word' id='word_1_664' title='bbox 3356 2940 3679 3009; x_wconf 89' lang='lat' dir='ltr'>Maacham,</span> <span class='ocrx_word' id='word_1_665' title='bbox 3737 2945 3799 2997; x_wconf 90' lang='lat' dir='ltr'>et</span> 
     </span>
    </p>
   </div>
   <div class='ocr_carea' id='block_1_92' title="bbox 2145 3022 3795 3099">
    <p class='ocr_par' dir='ltr' id='par_1_92' title="bbox 2145 3022 3795 3099">
     <span class='ocr_line' id='line_1_93' title="bbox 2145 3022 3795 3099; baseline 0.004 -22"><span class='ocrx_word' id='word_1_666' title='bbox 2145 3022 2344 3091; x_wconf 90' lang='lat' dir='ltr'>Janoe,</span> <span class='ocrx_word' id='word_1_667' title='bbox 2378 3029 2433 3079; x_wconf 88' lang='lat' dir='ltr'>et</span> <span class='ocrx_word' id='word_1_668' title='bbox 2462 3025 2659 3091; x_wconf 75' lang='lat' dir='ltr'>Cedas,</span> <span class='ocrx_word' id='word_1_669' title='bbox 2692 3027 2837 3080; x_wconf 89' lang='lat' dir='ltr'>Azor</span> <span class='ocrx_word' id='word_1_670' title='bbox 2883 3030 2939 3081; x_wconf 89' lang='lat' dir='ltr'>et</span> <span class='ocrx_word' id='word_1_671' title='bbox 2982 3026 3220 3099; x_wconf 86' lang='lat' dir='ltr'>Galaad,</span> <span class='ocrx_word' id='word_1_672' title='bbox 3273 3033 3329 3084; x_wconf 92' lang='lat' dir='ltr'>et</span> <span class='ocrx_word' id='word_1_673' title='bbox 3376 3028 3692 3098; x_wconf 71' lang='lat' dir='ltr'>Galilaeam,</span> <span class='ocrx_word' id='word_1_674' title='bbox 3734 3033 3795 3085; x_wconf 89' lang='lat' dir='ltr'>et</span> 
     </span>
    </p>
   </div>
   <div class='ocr_carea' id='block_1_93' title="bbox 2147 3113 3796 3186">
    <p class='ocr_par' dir='ltr' id='par_1_93' title="bbox 2147 3113 3796 3186">
     <span class='ocr_line' id='line_1_94' title="bbox 2147 3113 3796 3186; baseline 0.004 -19"><span class='ocrx_word' id='word_1_675' title='bbox 2147 3113 2480 3169; x_wconf 85' lang='lat' dir='ltr'>universam</span> <span class='ocrx_word' id='word_1_676' title='bbox 2512 3120 2725 3169; x_wconf 88' lang='lat' dir='ltr'>terram</span> <span class='ocrx_word' id='word_1_677' title='bbox 2756 3114 3151 3186; x_wconf 87' lang='lat' dir='ltr'>Nephthalim,</span> <span class='ocrx_word' id='word_1_678' title='bbox 3188 3124 3239 3172; x_wconf 85' lang='lat' dir='ltr'>et</span> <span class='ocrx_word' id='word_1_679' title='bbox 3269 3117 3572 3173; x_wconf 84' lang='lat' dir='ltr'>transtulit</span> <span class='ocrx_word' id='word_1_680' title='bbox 3602 3134 3701 3185; x_wconf 91' lang='lat' dir='ltr'>eos</span> <span class='ocrx_word' id='word_1_681' title='bbox 3731 3117 3796 3173; x_wconf 90' lang='lat' dir='ltr'>in</span> 
     </span>
    </p>
   </div>
   <div class='ocr_carea' id='block_1_94' title="bbox 2146 3203 3798 3278">
    <p class='ocr_par' dir='ltr' id='par_1_94' title="bbox 2146 3203 3798 3278">
     <span class='ocr_line' id='line_1_95' title="bbox 2146 3203 3798 3278; baseline 0.004 -21"><span class='ocrx_word' id='word_1_682' title='bbox 2146 3203 2433 3275; x_wconf 87' lang='lat' dir='ltr'>Assyrios.</span> <span class='ocrx_word' id='word_1_683' title='bbox 2468 3204 2604 3259; x_wconf 89' lang='lat' dir='ltr'>Post</span> <span class='ocrx_word' id='word_1_684' title='bbox 2636 3222 2808 3276; x_wconf 90' lang='lat' dir='ltr'>quem</span> <span class='ocrx_word' id='word_1_685' title='bbox 2837 3207 3097 3278; x_wconf 90' lang='lat' dir='ltr'>regnavit</span> <span class='ocrx_word' id='word_1_686' title='bbox 3124 3207 3183 3261; x_wconf 88' lang='lat' dir='ltr'>in</span> <span class='ocrx_word' id='word_1_687' title='bbox 3232 3207 3409 3263; x_wconf 89' lang='lat' dir='ltr'>Israel</span> <span class='ocrx_word' id='word_1_688' title='bbox 3451 3208 3595 3264; x_wconf 91' lang='lat' dir='ltr'>Osee</span> <span class='ocrx_word' id='word_1_689' title='bbox 3634 3208 3798 3264; x_wconf 85' lang='lat' dir='ltr'>ﬁlius</span> 
     </span>
    </p>
   </div>
   <div class='ocr_carea' id='block_1_95' title="bbox 2151 3293 3799 3367">
    <p class='ocr_par' dir='ltr' id='par_1_95' title="bbox 2151 3293 3799 3367">
     <span class='ocr_line' id='line_1_96' title="bbox 2151 3293 3799 3367; baseline 0.004 -20"><span class='ocrx_word' id='word_1_690' title='bbox 2151 3293 2252 3347; x_wconf 88' lang='lat' dir='ltr'>Ela</span> <span class='ocrx_word' id='word_1_691' title='bbox 2284 3294 2453 3348; x_wconf 89' lang='lat' dir='ltr'>annis</span> <span class='ocrx_word' id='word_1_692' title='bbox 2484 3310 2708 3361; x_wconf 87' lang='lat' dir='ltr'>novem,</span> <span class='ocrx_word' id='word_1_693' title='bbox 2733 3298 3053 3367; x_wconf 81' lang='lat' dir='ltr'>captusque</span> <span class='ocrx_word' id='word_1_694' title='bbox 3077 3300 3164 3352; x_wconf 86' lang='lat' dir='ltr'>est</span> <span class='ocrx_word' id='word_1_695' title='bbox 3185 3313 3316 3352; x_wconf 91' lang='lat' dir='ltr'>cum</span> <span class='ocrx_word' id='word_1_696' title='bbox 3344 3298 3502 3352; x_wconf 89' lang='lat' dir='ltr'>omni</span> <span class='ocrx_word' id='word_1_697' title='bbox 3532 3297 3799 3353; x_wconf 87' lang='lat' dir='ltr'>Samaria</span> 
     </span>
    </p>
   </div>
   <div class='ocr_carea' id='block_1_96' title="bbox 2153 3380 3795 3455">
    <p class='ocr_par' dir='ltr' id='par_1_96' title="bbox 2153 3380 3795 3455">
     <span class='ocr_line' id='line_1_97' title="bbox 2153 3380 3795 3455; baseline 0.004 -19"><span class='ocrx_word' id='word_1_698' title='bbox 2153 3398 2187 3436; x_wconf 91' lang='lat' dir='ltr'>a</span> <span class='ocrx_word' id='word_1_699' title='bbox 2215 3380 2622 3437; x_wconf 85' lang='lat' dir='ltr'>Salmanassar</span> <span class='ocrx_word' id='word_1_700' title='bbox 2650 3400 2783 3455; x_wconf 89' lang='lat' dir='ltr'>rege</span> <span class='ocrx_word' id='word_1_701' title='bbox 2804 3384 3262 3455; x_wconf 75' lang='lat' dir='ltr'>Assyriorum,et</span> <span class='ocrx_word' id='word_1_702' title='bbox 3284 3384 3605 3442; x_wconf 87' lang='lat' dir='ltr'>translatus</span> <span class='ocrx_word' id='word_1_703' title='bbox 3628 3386 3795 3442; x_wconf 87' lang='lat' dir='ltr'>estin</span> 
     </span>
    </p>
   </div>
   <div class='ocr_carea' id='block_1_97' title="bbox 2155 3469 3797 3541">
    <p class='ocr_par' dir='ltr' id='par_1_97' title="bbox 2155 3469 3797 3541">
     <span class='ocr_line' id='line_1_98' title="bbox 2155 3469 3797 3541; baseline 0.005 -18"><span class='ocrx_word' id='word_1_704' title='bbox 2155 3469 2335 3541; x_wconf 73' lang='lat' dir='ltr'>Elam,</span> <span class='ocrx_word' id='word_1_705' title='bbox 2369 3475 2425 3525; x_wconf 88' lang='lat' dir='ltr'>et</span> <span class='ocrx_word' id='word_1_706' title='bbox 2454 3472 2607 3526; x_wconf 88' lang='lat' dir='ltr'>Abor</span> <span class='ocrx_word' id='word_1_707' title='bbox 2638 3471 2845 3528; x_wconf 84' lang='lat' dir='ltr'>fluvios</span> <span class='ocrx_word' id='word_1_708' title='bbox 2876 3472 3089 3528; x_wconf 91' lang='lat' dir='ltr'>Gozam</span> <span class='ocrx_word' id='word_1_709' title='bbox 3120 3473 3179 3529; x_wconf 90' lang='lat' dir='ltr'>in</span> <span class='ocrx_word' id='word_1_710' title='bbox 3229 3474 3564 3530; x_wconf 86' lang='lat' dir='ltr'>civitatibus</span> <span class='ocrx_word' id='word_1_711' title='bbox 3594 3475 3797 3531; x_wconf 85' lang='lat' dir='ltr'>Medo-</span> 
     </span>
    </p>
   </div>
   <div class='ocr_carea' id='block_1_98' title="bbox 2155 3560 3801 3635">
    <p class='ocr_par' dir='ltr' id='par_1_98' title="bbox 2155 3560 3801 3635">
     <span class='ocr_line' id='line_1_99' title="bbox 2155 3560 3801 3635; baseline 0.004 -22"><span class='ocrx_word' id='word_1_712' title='bbox 2155 3576 2310 3613; x_wconf 91' lang='lat' dir='ltr'>rum.</span> <span class='ocrx_word' id='word_1_713' title='bbox 2355 3560 2523 3613; x_wconf 83' lang='lat' dir='ltr'>Sexto</span> <span class='ocrx_word' id='word_1_714' title='bbox 2558 3565 2750 3614; x_wconf 83' lang='lat' dir='ltr'>autem</span> <span class='ocrx_word' id='word_1_715' title='bbox 2784 3561 3035 3616; x_wconf 75' lang='lat' dir='ltr'>Ezechiae</span> <span class='ocrx_word' id='word_1_716' title='bbox 3068 3563 3220 3635; x_wconf 89' lang='lat' dir='ltr'>regis</span> <span class='ocrx_word' id='word_1_717' title='bbox 3254 3579 3427 3632; x_wconf 89' lang='lat' dir='ltr'>anno,</span> <span class='ocrx_word' id='word_1_718' title='bbox 3478 3567 3546 3618; x_wconf 90' lang='lat' dir='ltr'>ut</span> <span class='ocrx_word' id='word_1_719' title='bbox 3590 3568 3801 3620; x_wconf 87' lang='lat' dir='ltr'>sancta</span> 
     </span>
    </p>
   </div>
   <div class='ocr_carea' id='block_1_99' title="bbox 2156 3647 3803 3723">
    <p class='ocr_par' dir='ltr' id='par_1_99' title="bbox 2156 3647 3803 3723">
     <span class='ocr_line' id='line_1_100' title="bbox 2156 3647 3803 3723; baseline 0.004 -21"><span class='ocrx_word' id='word_1_720' title='bbox 2156 3648 2379 3719; x_wconf 79' lang='lat' dir='ltr'>Regum</span> <span class='ocrx_word' id='word_1_721' title='bbox 2412 3652 2609 3702; x_wconf 89' lang='lat' dir='ltr'>narrat</span> <span class='ocrx_word' id='word_1_722' title='bbox 2631 3647 2872 3704; x_wconf 85' lang='lat' dir='ltr'>historia</span> <span class='ocrx_word' id='word_1_723' title='bbox 2894 3650 3077 3721; x_wconf 86' lang='lat' dir='ltr'>(Ibid.,</span> <span class='ocrx_word' id='word_1_724' title='bbox 3093 3652 3252 3723; x_wconf 85' lang='lat' dir='ltr'>xvu),</span> <span class='ocrx_word' id='word_1_725' title='bbox 3277 3656 3484 3723; x_wconf 88' lang='lat' dir='ltr'>captus</span> <span class='ocrx_word' id='word_1_726' title='bbox 3506 3656 3595 3707; x_wconf 84' lang='lat' dir='ltr'>est</span> <span class='ocrx_word' id='word_1_727' title='bbox 3615 3651 3760 3707; x_wconf 89' lang='lat' dir='ltr'>Osee</span> <span class='ocrx_word' id='word_1_728' title='bbox 3787 3668 3803 3708; x_wconf 92' lang='lat'>:</span> 
     </span>
    </p>
   </div>
   <div class='ocr_carea' id='block_1_100' title="bbox 2154 3736 3802 3811">
    <p class='ocr_par' dir='ltr' id='par_1_100' title="bbox 2154 3736 3802 3811">
     <span class='ocr_line' id='line_1_101' title="bbox 2154 3736 3802 3811; baseline 0.002 -21"><span class='ocrx_word' id='word_1_729' title='bbox 2154 3753 2188 3790; x_wconf 89' lang='lat' dir='ltr'>a</span> <span class='ocrx_word' id='word_1_730' title='bbox 2218 3753 2330 3808; x_wconf 89' lang='lat' dir='ltr'>quo</span> <span class='ocrx_word' id='word_1_731' title='bbox 2353 3736 2399 3791; x_wconf 90' lang='lat' dir='ltr'>si</span> <span class='ocrx_word' id='word_1_732' title='bbox 2426 3754 2526 3808; x_wconf 87' lang='lat' dir='ltr'>per</span> <span class='ocrx_word' id='word_1_733' title='bbox 2545 3737 2804 3792; x_wconf 87' lang='lat' dir='ltr'>ordinem</span> <span class='ocrx_word' id='word_1_734' title='bbox 2825 3745 3236 3811; x_wconf 88' lang='lat' dir='ltr'>supputemus,</span> <span class='ocrx_word' id='word_1_735' title='bbox 3258 3743 3399 3811; x_wconf 87' lang='lat' dir='ltr'>quot</span> <span class='ocrx_word' id='word_1_736' title='bbox 3428 3740 3597 3795; x_wconf 89' lang='lat' dir='ltr'>annis</span> <span class='ocrx_word' id='word_1_737' title='bbox 3618 3739 3802 3796; x_wconf 89' lang='lat' dir='ltr'>Israel</span> 
     </span>
    </p>
   </div>
   <div class='ocr_carea' id='block_1_101' title="bbox 2156 3824 3801 3900">
    <p class='ocr_par' dir='ltr' id='par_1_101' title="bbox 2156 3824 3801 3900">
     <span class='ocr_line' id='line_1_102' title="bbox 2156 3824 3801 3900; baseline 0.003 -22"><span class='ocrx_word' id='word_1_738' title='bbox 2156 3825 2329 3879; x_wconf 89' lang='lat' dir='ltr'>fuerit</span> <span class='ocrx_word' id='word_1_739' title='bbox 2348 3824 2406 3879; x_wconf 90' lang='lat' dir='ltr'>in</span> <span class='ocrx_word' id='word_1_740' title='bbox 2429 3825 2701 3897; x_wconf 88' lang='lat' dir='ltr'>angustia</span> <span class='ocrx_word' id='word_1_741' title='bbox 2722 3828 2929 3899; x_wconf 88' lang='lat' dir='ltr'>etjugo</span> <span class='ocrx_word' id='word_1_742' title='bbox 2949 3844 3187 3899; x_wconf 84' lang='lat' dir='ltr'>pressus</span> <span class='ocrx_word' id='word_1_743' title='bbox 3209 3827 3582 3900; x_wconf 86' lang='lat' dir='ltr'>captivitatis,</span> <span class='ocrx_word' id='word_1_744' title='bbox 3606 3828 3689 3884; x_wconf 88' lang='lat' dir='ltr'>sic</span> <span class='ocrx_word' id='word_1_745' title='bbox 3714 3828 3801 3883; x_wconf 88' lang='lat' dir='ltr'>in-</span> 
     </span>
    </p>
   </div>
   <div class='ocr_carea' id='block_1_102' title="bbox 2152 3914 3797 3988">
    <p class='ocr_par' dir='ltr' id='par_1_102' title="bbox 2152 3914 3797 3988">
     <span class='ocr_line' id='line_1_103' title="bbox 2152 3914 3797 3988; baseline 0.001 -19"><span class='ocrx_word' id='word_1_746' title='bbox 2152 3915 2348 3970; x_wconf 89' lang='lat' dir='ltr'>venire</span> <span class='ocrx_word' id='word_1_747' title='bbox 2370 3914 2708 3985; x_wconf 89' lang='lat' dir='ltr'>poterimus.</span> <span class='ocrx_word' id='word_1_748' title='bbox 2734 3917 2778 3969; x_wconf 88' lang='lat' dir='ltr'>A</span> <span class='ocrx_word' id='word_1_749' title='bbox 2797 3921 2958 3971; x_wconf 85' lang='lat' dir='ltr'>sexto</span> <span class='ocrx_word' id='word_1_750' title='bbox 2978 3933 3129 3972; x_wconf 89' lang='lat' dir='ltr'>anno</span> <span class='ocrx_word' id='word_1_751' title='bbox 3153 3933 3341 3988; x_wconf 90' lang='lat' dir='ltr'>usque</span> <span class='ocrx_word' id='word_1_752' title='bbox 3357 3918 3428 3972; x_wconf 90' lang='lat' dir='ltr'>ad</span> <span class='ocrx_word' id='word_1_753' title='bbox 3446 3916 3797 3973; x_wconf 89' lang='lat' dir='ltr'>vicesimum</span> 
     </span>
    </p>
   </div>
   <div class='ocr_carea' id='block_1_103' title="bbox 2156 4004 3794 4078">
    <p class='ocr_par' dir='ltr' id='par_1_103' title="bbox 2156 4004 3794 4078">
     <span class='ocr_line' id='line_1_104' title="bbox 2156 4004 3794 4078; baseline 0.002 -20"><span class='ocrx_word' id='word_1_754' title='bbox 2156 4021 2371 4058; x_wconf 88' lang='lat' dir='ltr'>nonum</span> <span class='ocrx_word' id='word_1_755' title='bbox 2404 4007 2513 4071; x_wconf 89' lang='lat' dir='ltr'>(tot</span> <span class='ocrx_word' id='word_1_756' title='bbox 2544 4004 2699 4058; x_wconf 88' lang='lat' dir='ltr'>enim</span> <span class='ocrx_word' id='word_1_757' title='bbox 2730 4004 3002 4060; x_wconf 82' lang='lat' dir='ltr'>Ezechias</span> <span class='ocrx_word' id='word_1_758' title='bbox 3035 4005 3294 4077; x_wconf 90' lang='lat' dir='ltr'>regnavit</span> <span class='ocrx_word' id='word_1_759' title='bbox 3344 4006 3534 4076; x_wconf 89' lang='lat' dir='ltr'>annis)</span> <span class='ocrx_word' id='word_1_760' title='bbox 3579 4023 3794 4078; x_wconf 82' lang='lat' dir='ltr'>suppu-</span> 
     </span>
    </p>
   </div>
   <div class='ocr_carea' id='block_1_104' title="bbox 2153 4091 3803 4164">
    <p class='ocr_par' dir='ltr' id='par_1_104' title="bbox 2153 4091 3803 4164">
     <span class='ocr_line' id='line_1_105' title="bbox 2153 4091 3803 4164; baseline 0.003 -19"><span class='ocrx_word' id='word_1_761' title='bbox 2153 4095 2353 4147; x_wconf 88' lang='lat' dir='ltr'>tantur</span> <span class='ocrx_word' id='word_1_762' title='bbox 2368 4092 2503 4146; x_wconf 91' lang='lat' dir='ltr'>anni</span> <span class='ocrx_word' id='word_1_763' title='bbox 2524 4091 2725 4164; x_wconf 89' lang='lat' dir='ltr'>viginti</span> <span class='ocrx_word' id='word_1_764' title='bbox 2753 4097 3038 4163; x_wconf 84' lang='lat' dir='ltr'>quatuor:</span> <span class='ocrx_word' id='word_1_765' title='bbox 3062 4093 3154 4148; x_wconf 90' lang='lat' dir='ltr'>cui</span> <span class='ocrx_word' id='word_1_766' title='bbox 3177 4094 3461 4149; x_wconf 89' lang='lat' dir='ltr'>successit</span> <span class='ocrx_word' id='word_1_767' title='bbox 3479 4097 3803 4164; x_wconf 83' lang='lat' dir='ltr'>Manasses,</span> 
     </span>
    </p>
   </div>
   <div class='ocr_carea' id='block_1_105' title="bbox 2155 4179 3801 4254">
    <p class='ocr_par' dir='ltr' id='par_1_105' title="bbox 2155 4179 3801 4254">
     <span class='ocr_line' id='line_1_106' title="bbox 2155 4179 3801 4254; baseline 0.002 -21"><span class='ocrx_word' id='word_1_768' title='bbox 2155 4179 2529 4251; x_wconf 85' lang='lat' dir='ltr'>regnavitque</span> <span class='ocrx_word' id='word_1_769' title='bbox 2546 4180 2716 4234; x_wconf 88' lang='lat' dir='ltr'>annis</span> <span class='ocrx_word' id='word_1_770' title='bbox 2732 4181 3161 4253; x_wconf 86' lang='lat' dir='ltr'>quinquaginta</span> <span class='ocrx_word' id='word_1_771' title='bbox 3182 4183 3463 4254; x_wconf 87' lang='lat' dir='ltr'>quinque.</span> <span class='ocrx_word' id='word_1_772' title='bbox 3486 4187 3621 4238; x_wconf 86' lang='lat' dir='ltr'>Post</span> <span class='ocrx_word' id='word_1_773' title='bbox 3638 4183 3801 4238; x_wconf 90' lang='lat' dir='ltr'>hunc</span> 
     </span>
    </p>
   </div>
   <div class='ocr_carea' id='block_1_106' title="bbox 2152 4270 3801 4343">
    <p class='ocr_par' dir='ltr' id='par_1_106' title="bbox 2152 4270 3801 4343">
     <span class='ocr_line' id='line_1_107' title="bbox 2152 4270 3801 4343; baseline 0.002 -20"><span class='ocrx_word' id='word_1_774' title='bbox 2152 4272 2335 4323; x_wconf 77' lang='lat' dir='ltr'>Amen</span> <span class='ocrx_word' id='word_1_775' title='bbox 2370 4270 2630 4339; x_wconf 88' lang='lat' dir='ltr'>regnavit</span> <span class='ocrx_word' id='word_1_776' title='bbox 2654 4270 2825 4323; x_wconf 88' lang='lat' dir='ltr'>annis</span> <span class='ocrx_word' id='word_1_777' title='bbox 2848 4270 3098 4326; x_wconf 90' lang='lat' dir='ltr'>duobus.</span> <span class='ocrx_word' id='word_1_778' title='bbox 3126 4270 3261 4326; x_wconf 90' lang='lat' dir='ltr'>Post</span> <span class='ocrx_word' id='word_1_779' title='bbox 3282 4288 3455 4343; x_wconf 87' lang='lat' dir='ltr'>quem</span> <span class='ocrx_word' id='word_1_780' title='bbox 3479 4271 3669 4328; x_wconf 84' lang='lat' dir='ltr'>Josias</span> <span class='ocrx_word' id='word_1_781' title='bbox 3697 4288 3801 4326; x_wconf 89' lang='lat' dir='ltr'>an-</span> 
     </span>
    </p>
   </div>
   <div class='ocr_carea' id='block_1_107' title="bbox 2155 4356 3791 4431">
    <p class='ocr_par' dir='ltr' id='par_1_107' title="bbox 2155 4356 3791 4431">
     <span class='ocr_line' id='line_1_108' title="bbox 2155 4356 3791 4431; baseline 0.001 -20"><span class='ocrx_word' id='word_1_782' title='bbox 2155 4357 2247 4412; x_wconf 89' lang='lat' dir='ltr'>nis</span> <span class='ocrx_word' id='word_1_783' title='bbox 2278 4356 2516 4428; x_wconf 86' lang='lat' dir='ltr'>triginta</span> <span class='ocrx_word' id='word_1_784' title='bbox 2545 4360 2599 4410; x_wconf 88' lang='lat' dir='ltr'>et</span> <span class='ocrx_word' id='word_1_785' title='bbox 2620 4357 2696 4428; x_wconf 82' lang='lat' dir='ltr'>(b)</span> <span class='ocrx_word' id='word_1_786' title='bbox 2718 4357 2967 4413; x_wconf 91' lang='lat' dir='ltr'>duobus.</span> <span class='ocrx_word' id='word_1_787' title='bbox 2989 4358 3091 4413; x_wconf 88' lang='lat' dir='ltr'>Cui</span> <span class='ocrx_word' id='word_1_788' title='bbox 3116 4359 3400 4415; x_wconf 89' lang='lat' dir='ltr'>successit</span> <span class='ocrx_word' id='word_1_789' title='bbox 3421 4359 3667 4429; x_wconf 89' lang='lat' dir='ltr'>Joacim,</span> <span class='ocrx_word' id='word_1_790' title='bbox 3691 4358 3791 4431; x_wconf 89' lang='lat' dir='ltr'>qui</span> 
     </span>
    </p>
   </div>
   <div class='ocr_carea' id='block_1_108' title="bbox 2155 4444 3803 4521">
    <p class='ocr_par' dir='ltr' id='par_1_108' title="bbox 2155 4444 3803 4521">
     <span class='ocr_line' id='line_1_109' title="bbox 2155 4444 3803 4521; baseline 0 -20"><span class='ocrx_word' id='word_1_791' title='bbox 2155 4450 2211 4501; x_wconf 88' lang='lat' dir='ltr'>et</span> <span class='ocrx_word' id='word_1_792' title='bbox 2243 4444 2481 4499; x_wconf 86' lang='lat' dir='ltr'>Eliacim</span> <span class='ocrx_word' id='word_1_793' title='bbox 2514 4445 2962 4517; x_wconf 84' lang='lat' dir='ltr'>cognominatus</span> <span class='ocrx_word' id='word_1_794' title='bbox 2993 4451 3100 4519; x_wconf 91' lang='lat' dir='ltr'>est,</span> <span class='ocrx_word' id='word_1_795' title='bbox 3134 4450 3191 4502; x_wconf 87' lang='lat' dir='ltr'>et</span> <span class='ocrx_word' id='word_1_796' title='bbox 3217 4448 3477 4521; x_wconf 88' lang='lat' dir='ltr'>regnavit</span> <span class='ocrx_word' id='word_1_797' title='bbox 3501 4447 3673 4502; x_wconf 90' lang='lat' dir='ltr'>annis</span> <span class='ocrx_word' id='word_1_798' title='bbox 3694 4463 3803 4502; x_wconf 88' lang='lat' dir='ltr'>un-</span> 
     </span>
    </p>
   </div>
   <div class='ocr_carea' id='block_1_109' title="bbox 2155 4534 3800 4608">
    <p class='ocr_par' dir='ltr' id='par_1_109' title="bbox 2155 4534 3800 4608">
     <span class='ocr_line' id='line_1_110' title="bbox 2155 4534 3800 4608; baseline 0.002 -19"><span class='ocrx_word' id='word_1_799' title='bbox 2155 4535 2362 4589; x_wconf 88' lang='lat' dir='ltr'>decim.</span> <span class='ocrx_word' id='word_1_800' title='bbox 2396 4535 2532 4589; x_wconf 89' lang='lat' dir='ltr'>Post</span> <span class='ocrx_word' id='word_1_801' title='bbox 2562 4551 2737 4605; x_wconf 90' lang='lat' dir='ltr'>quem</span> <span class='ocrx_word' id='word_1_802' title='bbox 2767 4534 3009 4590; x_wconf 86' lang='lat' dir='ltr'>Joachin</span> <span class='ocrx_word' id='word_1_803' title='bbox 3043 4541 3425 4608; x_wconf 90' lang='lat' dir='ltr'>cognomento</span> <span class='ocrx_word' id='word_1_804' title='bbox 3454 4535 3800 4604; x_wconf 87' lang='lat' dir='ltr'>Jechonias,</span> 
     </span>
    </p>
   </div>
   <div class='ocr_carea' id='block_1_110' title="bbox 2160 4623 3799 4698">
    <p class='ocr_par' dir='ltr' id='par_1_110' title="bbox 2160 4623 3799 4698">
     <span class='ocr_line' id='line_1_111' title="bbox 2160 4623 3799 4698; baseline 0.002 -21"><span class='ocrx_word' id='word_1_805' title='bbox 2160 4623 2258 4695; x_wconf 91' lang='lat' dir='ltr'>qui</span> <span class='ocrx_word' id='word_1_806' title='bbox 2286 4623 2483 4678; x_wconf 87' lang='lat' dir='ltr'>statim</span> <span class='ocrx_word' id='word_1_807' title='bbox 2517 4623 2727 4678; x_wconf 90' lang='lat' dir='ltr'>ductus</span> <span class='ocrx_word' id='word_1_808' title='bbox 2758 4628 2847 4679; x_wconf 89' lang='lat' dir='ltr'>est</span> <span class='ocrx_word' id='word_1_809' title='bbox 2877 4624 2933 4677; x_wconf 88' lang='lat' dir='ltr'>iu</span> <span class='ocrx_word' id='word_1_810' title='bbox 2968 4626 3385 4695; x_wconf 77' lang='lat' dir='ltr'>captivitatem,</span> <span class='ocrx_word' id='word_1_811' title='bbox 3420 4625 3799 4698; x_wconf 83' lang='lat' dir='ltr'>regnavitque</span> 
     </span>
    </p>
   </div>
   <div class='ocr_carea' id='block_1_111' title="bbox 2159 4712 3799 4786">
    <p class='ocr_par' dir='ltr' id='par_1_111' title="bbox 2159 4712 3799 4786">
     <span class='ocr_line' id='line_1_112' title="bbox 2159 4712 3799 4786; baseline 0.001 -19"><span class='ocrx_word' id='word_1_812' title='bbox 2159 4729 2260 4784; x_wconf 88' lang='lat' dir='ltr'>pro</span> <span class='ocrx_word' id='word_1_813' title='bbox 2292 4728 2358 4767; x_wconf 89' lang='lat' dir='ltr'>eo</span> <span class='ocrx_word' id='word_1_814' title='bbox 2390 4712 2659 4767; x_wconf 84' lang='lat' dir='ltr'>Sedecias</span> <span class='ocrx_word' id='word_1_815' title='bbox 2691 4713 2861 4768; x_wconf 90' lang='lat' dir='ltr'>annis</span> <span class='ocrx_word' id='word_1_816' title='bbox 2895 4714 3185 4783; x_wconf 86' lang='lat' dir='ltr'>undecim,</span> <span class='ocrx_word' id='word_1_817' title='bbox 3220 4715 3331 4769; x_wconf 90' lang='lat' dir='ltr'>sub</span> <span class='ocrx_word' id='word_1_818' title='bbox 3363 4731 3478 4786; x_wconf 89' lang='lat' dir='ltr'>quo</span> <span class='ocrx_word' id='word_1_819' title='bbox 3511 4718 3680 4786; x_wconf 83' lang='lat' dir='ltr'>capta</span> <span class='ocrx_word' id='word_1_820' title='bbox 3709 4717 3799 4769; x_wconf 87' lang='lat' dir='ltr'>est</span> 
     </span>
    </p>
   </div>
   <div class='ocr_carea' id='block_1_112' title="bbox 2155 4799 3805 4875">
    <p class='ocr_par' dir='ltr' id='par_1_112' title="bbox 2155 4799 3805 4875">
     <span class='ocr_line' id='line_1_113' title="bbox 2155 4799 3805 4875; baseline 0.002 -20"><span class='ocrx_word' id='word_1_821' title='bbox 2155 4799 2477 4856; x_wconf 87' lang='lat' dir='ltr'>Jerusalem</span> <span class='ocrx_word' id='word_1_822' title='bbox 2507 4800 2911 4873; x_wconf 89' lang='lat' dir='ltr'>templumque</span> <span class='ocrx_word' id='word_1_823' title='bbox 2944 4802 3330 4857; x_wconf 84' lang='lat' dir='ltr'>destructum.</span> <span class='ocrx_word' id='word_1_824' title='bbox 3359 4803 3746 4875; x_wconf 88' lang='lat' dir='ltr'>Fiuntitaque</span> <span class='ocrx_word' id='word_1_825' title='bbox 3765 4818 3805 4858; x_wconf 82' lang='lat' dir='ltr'>a</span> 
     </span>
    </p>
   </div>
   <div class='ocr_carea' id='block_1_113' title="bbox 2158 4922 3797 4997">
    <p class='ocr_par' dir='ltr' id='par_1_113' title="bbox 2158 4922 3797 4997">
     <span class='ocr_line' id='line_1_114' title="bbox 2158 4922 3797 4997; baseline 0.001 -18"><span class='ocrx_word' id='word_1_826' title='bbox 2158 4924 2207 4979; x_wconf 87' lang='lat' dir='ltr'>si</span> <span class='ocrx_word' id='word_1_827' title='bbox 2238 4922 2594 4997; x_wconf 87' lang='lat' dir='ltr'>adimeretur</span> <span class='ocrx_word' id='word_1_828' title='bbox 2622 4941 2797 4997; x_wconf 86' lang='lat' dir='ltr'>unus.</span> <span class='ocrx_word' id='word_1_829' title='bbox 2827 4925 2906 4979; x_wconf 86' lang='lat' dir='ltr'>Eo</span> <span class='ocrx_word' id='word_1_830' title='bbox 2928 4925 3083 4980; x_wconf 89' lang='lat' dir='ltr'>enim</span> <span class='ocrx_word' id='word_1_831' title='bbox 3109 4926 3381 4997; x_wconf 87' lang='lat' dir='ltr'>adempto</span> <span class='ocrx_word' id='word_1_832' title='bbox 3408 4943 3523 4981; x_wconf 91' lang='lat' dir='ltr'>non</span> <span class='ocrx_word' id='word_1_833' title='bbox 3550 4926 3671 4995; x_wconf 76' lang='grc'>164,</span> <span class='ocrx_word' id='word_1_834' title='bbox 3698 4925 3797 4981; x_wconf 90' lang='lat' dir='ltr'>sed</span> 
     </span>
    </p>
   </div>
   <div class='ocr_carea' id='block_1_114' title="bbox 2159 4995 3802 5069">
    <p class='ocr_par' dir='ltr' id='par_1_114' title="bbox 2159 4995 3802 5069">
     <span class='ocr_line' id='line_1_115' title="bbox 2159 4995 3802 5069; baseline 0.002 -20"><span class='ocrx_word' id='word_1_835' title='bbox 2159 4998 2279 5061; x_wconf 80' lang='lat'>163,</span> <span class='ocrx_word' id='word_1_836' title='bbox 2316 4996 2571 5069; x_wconf 67' lang='lat' dir='ltr'>neciBS,</span> <span class='ocrx_word' id='word_1_837' title='bbox 2606 4995 2702 5069; x_wconf 81' lang='lat' dir='ltr'>sed</span> <span class='ocrx_word' id='word_1_838' title='bbox 2739 4996 2861 5061; x_wconf 75' lang='grc'>134,</span> <span class='ocrx_word' id='word_1_839' title='bbox 2896 5002 3109 5062; x_wconf 78' lang='lat' dir='ltr'>essent,</span> <span class='ocrx_word' id='word_1_840' title='bbox 3143 4995 3314 5069; x_wconf 12' lang='lat' dir='ltr'>etiita</span> <span class='ocrx_word' id='word_1_841' title='bbox 3336 4996 3671 5069; x_wconf 86' lang='lat' dir='ltr'>prophetico</span> <span class='ocrx_word' id='word_1_842' title='bbox 3699 5014 3802 5053; x_wconf 86' lang='lat' dir='ltr'>nu-</span> 
     </span>
    </p>
   </div>
   <div class='ocr_carea' id='block_1_115' title="bbox 2160 5066 3797 5149">
    <p class='ocr_par' dir='ltr' id='par_1_115' title="bbox 2160 5066 3797 5149">
     <span class='ocr_line' id='line_1_116' title="bbox 2160 5066 3797 5149; baseline 0.002 -28"><span class='ocrx_word' id='word_1_843' title='bbox 2160 5067 2449 5149; x_wconf 69' lang='lat' dir='ltr'>mero_3‘.}_0</span> <span class='ocrx_word' id='word_1_844' title='bbox 2483 5066 2893 5149; x_wconf 48' lang='lat' dir='ltr'>unusdeesslet</span> <span class='ocrx_word' id='word_1_845' title='bbox 2927 5085 3136 5121; x_wconf 83' lang='lat' dir='ltr'>annus.</span> <span class='ocrx_word' id='word_1_846' title='bbox 3170 5068 3285 5122; x_wconf 90' lang='lat' dir='ltr'>Nec</span> <span class='ocrx_word' id='word_1_847' title='bbox 3306 5066 3612 5149; x_wconf 73' lang='lat' dir='ltr'>propterea</span> <span class='ocrx_word' id='word_1_848' title='bbox 3633 5073 3797 5149; x_wconf 83' lang='lat' dir='ltr'>putes</span> 
     </span>
    </p>
   </div>
   <div class='ocr_carea' id='block_1_116' title="bbox 2155 5136 3799 5211">
    <p class='ocr_par' dir='ltr' id='par_1_116' title="bbox 2155 5136 3799 5211">
     <span class='ocr_line' id='line_1_117' title="bbox 2155 5136 3799 5211; baseline 0.001 -19"><span class='ocrx_word' id='word_1_849' title='bbox 2155 5136 2796 5211; x_wconf 83' lang='lat' dir='ltr'>sanctissimumvirum</span> <span class='ocrx_word' id='word_1_850' title='bbox 2829 5137 2991 5207; x_wconf 81' lang='lat' dir='ltr'>lapsu</span> <span class='ocrx_word' id='word_1_851' title='bbox 3003 5155 3057 5191; x_wconf 88' lang='lat' dir='ltr'>m</span> <span class='ocrx_word' id='word_1_852' title='bbox 3077 5136 3377 5211; x_wconf 81' lang='lat' dir='ltr'>memoria,</span> <span class='ocrx_word' id='word_1_853' title='bbox 3396 5136 3799 5211; x_wconf 71' lang='lat' dir='ltr'>imperfectum</span> 
     </span>
    </p>
   </div>
   <div class='ocr_carea' id='block_1_117' title="bbox 2154 5209 3795 5280">
    <p class='ocr_par' dir='ltr' id='par_1_117' title="bbox 2154 5209 3795 5280">
     <span class='ocr_line' id='line_1_118' title="bbox 2154 5209 3795 5280; baseline 0.001 -17"><span class='ocrx_word' id='word_1_854' title='bbox 2154 5210 2309 5263; x_wconf 89' lang='lat' dir='ltr'>enim</span> <span class='ocrx_word' id='word_1_855' title='bbox 2337 5224 2556 5280; x_wconf 88' lang='lat' dir='ltr'>annum</span> <span class='ocrx_word' id='word_1_856' title='bbox 2581 5225 2682 5278; x_wconf 90' lang='lat' dir='ltr'>pro</span> <span class='ocrx_word' id='word_1_857' title='bbox 2710 5210 2960 5280; x_wconf 75' lang='lat' dir='ltr'>perfecto</span> <span class='ocrx_word' id='word_1_858' title='bbox 2992 5209 3209 5263; x_wconf 86' lang='lat' dir='ltr'>sumit:</span> <span class='ocrx_word' id='word_1_859' title='bbox 3246 5216 3303 5266; x_wconf 90' lang='lat' dir='ltr'>et</span> <span class='ocrx_word' id='word_1_860' title='bbox 3369 5229 3437 5267; x_wconf 88' lang='lat' dir='ltr'>ea</span> <span class='ocrx_word' id='word_1_861' title='bbox 3480 5209 3570 5265; x_wconf 78' lang='lat' dir='ltr'>est</span> <span class='ocrx_word' id='word_1_862' title='bbox 3602 5227 3795 5273; x_wconf 90' lang='lat' dir='ltr'>causa,</span> 
     </span>
    </p>
   </div>
   <div class='ocr_carea' id='block_1_118' title="bbox 2155 5279 3798 5351">
    <p class='ocr_par' dir='ltr' id='par_1_118' title="bbox 2155 5279 3798 5351">
     <span class='ocr_line' id='line_1_119' title="bbox 2155 5279 3798 5351; baseline 0.003 -19"><span class='ocrx_word' id='word_1_863' title='bbox 2155 5280 2307 5351; x_wconf 89' lang='lat' dir='ltr'>quod</span> <span class='ocrx_word' id='word_1_864' title='bbox 2342 5279 2399 5332; x_wconf 89' lang='lat' dir='ltr'>in</span> <span class='ocrx_word' id='word_1_865' title='bbox 2433 5279 2613 5334; x_wconf 87' lang='lat' dir='ltr'>totius</span> <span class='ocrx_word' id='word_1_866' title='bbox 2644 5279 2878 5334; x_wconf 85' lang='lat' dir='ltr'>summa</span> <span class='ocrx_word' id='word_1_867' title='bbox 2909 5297 3023 5335; x_wconf 78' lang='lat' dir='ltr'>non</span> <span class='ocrx_word' id='word_1_868' title='bbox 3058 5298 3243 5337; x_wconf 87' lang='lat' dir='ltr'>annos</span> <span class='ocrx_word' id='word_1_869' title='bbox 3294 5284 3417 5347; x_wconf 69' lang='lat'>390,</span> <span class='ocrx_word' id='word_1_870' title='bbox 3464 5282 3565 5337; x_wconf 89' lang='lat' dir='ltr'>sed</span> <span class='ocrx_word' id='word_1_871' title='bbox 3612 5282 3714 5334; x_wconf 84' lang='lat'>389</span> <span class='ocrx_word' id='word_1_872' title='bbox 3742 5287 3798 5337; x_wconf 89' lang='lat' dir='ltr'>et</span> 
     </span>
    </p>
   </div>
   <div class='ocr_carea' id='block_1_119' title="bbox 2157 5352 3796 5426">
    <p class='ocr_par' dir='ltr' id='par_1_119' title="bbox 2157 5352 3796 5426">
     <span class='ocr_line' id='line_1_120' title="bbox 2157 5352 3796 5426; baseline 0.002 -22"><span class='ocrx_word' id='word_1_873' title='bbox 2157 5367 2386 5405; x_wconf 85' lang='lat' dir='ltr'>menses</span> <span class='ocrx_word' id='word_1_874' title='bbox 2418 5356 2670 5426; x_wconf 82' lang='lat' dir='ltr'>quatuor</span> <span class='ocrx_word' id='word_1_875' title='bbox 2698 5356 2997 5426; x_wconf 83' lang='lat' dir='ltr'>supputat.</span> <span class='ocrx_word' id='word_1_876' title='bbox 3033 5356 3105 5406; x_wconf 86' lang='lat' dir='ltr'>At</span> <span class='ocrx_word' id='word_1_877' title='bbox 3137 5353 3441 5426; x_wconf 87' lang='lat' dir='ltr'>Scriptura</span> <span class='ocrx_word' id='word_1_878' title='bbox 3470 5352 3796 5426; x_wconf 79' lang='lat' dir='ltr'>sacrainte-</span> 
     </span>
    </p>
   </div>
   <div class='ocr_carea' id='block_1_120' title="bbox 2153 5421 3794 5496">
    <p class='ocr_par' dir='ltr' id='par_1_120' title="bbox 2153 5421 3794 5496">
     <span class='ocr_line' id='line_1_121' title="bbox 2153 5421 3794 5496; baseline 0.003 -22"><span class='ocrx_word' id='word_1_879' title='bbox 2153 5438 2287 5493; x_wconf 88' lang='lat' dir='ltr'>gros</span> <span class='ocrx_word' id='word_1_880' title='bbox 2322 5427 2545 5475; x_wconf 83' lang='lat' dir='ltr'>tantum</span> <span class='ocrx_word' id='word_1_881' title='bbox 2578 5421 2635 5475; x_wconf 91' lang='lat' dir='ltr'>in</span> <span class='ocrx_word' id='word_1_882' title='bbox 2667 5422 3055 5496; x_wconf 71' lang='lat' dir='ltr'>vitaltegum.</span> <span class='ocrx_word' id='word_1_883' title='bbox 3077 5440 3191 5478; x_wconf 90' lang='lat' dir='ltr'>non</span> <span class='ocrx_word' id='word_1_884' title='bbox 3215 5421 3408 5480; x_wconf 79' lang='lat' dir='ltr'>autem</span> <span class='ocrx_word' id='word_1_885' title='bbox 3434 5424 3794 5496; x_wconf 82' lang='lat' dir='ltr'>imperfectos</span> 
     </span>
    </p>
   </div>
   <div class='ocr_carea' id='block_1_121' title="bbox 2154 5493 3793 5552">
    <p class='ocr_par' dir='ltr' id='par_1_121' title="bbox 2154 5493 3793 5552">
     <span class='ocr_line' id='line_1_122' title="bbox 2154 5493 3793 5552; baseline 0.002 -6"><span class='ocrx_word' id='word_1_886' title='bbox 2154 5497 2422 5546; x_wconf 89' lang='lat' dir='ltr'>numerat</span> <span class='ocrx_word' id='word_1_887' title='bbox 2450 5509 2655 5547; x_wconf 89' lang='lat' dir='ltr'>annos.</span> <span class='ocrx_word' id='word_1_888' title='bbox 2688 5493 2913 5548; x_wconf 75' lang='lat' dir='ltr'>Vixisse</span> <span class='ocrx_word' id='word_1_889' title='bbox 2945 5501 3139 5550; x_wconf 88' lang='lat' dir='ltr'>autem</span> <span class='ocrx_word' id='word_1_890' title='bbox 3179 5496 3402 5552; x_wconf 89' lang='lat' dir='ltr'>Josiam</span> <span class='ocrx_word' id='word_1_891' title='bbox 3436 5493 3669 5551; x_wconf 79' lang='lat' dir='ltr'>menses</span> <span class='ocrx_word' id='word_1_892' title='bbox 3698 5493 3793 5551; x_wconf 81' lang='lat' dir='ltr'>ali-</span> 
     </span>
    </p>
   </div>
   <div class='ocr_carea' id='block_1_122' title="bbox 2152 5564 3795 5643">
    <p class='ocr_par' dir='ltr' id='par_1_122' title="bbox 2152 5564 3795 5643">
     <span class='ocr_line' id='line_1_123' title="bbox 2152 5564 3795 5643; baseline 0.001 -21"><span class='ocrx_word' id='word_1_893' title='bbox 2152 5576 2308 5643; x_wconf 31' lang='lat' dir='ltr'>quot.</span> <span class='ocrx_word' id='word_1_894' title='bbox 2324 5580 2502 5643; x_wconf 69' lang='lat' dir='ltr'>super</span> <span class='ocrx_word' id='word_1_895' title='bbox 2521 5580 2706 5643; x_wconf 72' lang='lat' dir='ltr'>unum</span> <span class='ocrx_word' id='word_1_896' title='bbox 2725 5570 2782 5643; x_wconf 65' lang='lat' dir='ltr'>et</span> <span class='ocrx_word' id='word_1_897' title='bbox 2804 5564 3172 5643; x_wconf 74' lang='lat' dir='ltr'>trigesimum</span> <span class='ocrx_word' id='word_1_898' title='bbox 3191 5582 3436 5643; x_wconf 86' lang='lat' dir='ltr'>annum,</span> <span class='ocrx_word' id='word_1_899' title='bbox 3454 5565 3690 5629; x_wconf 84' lang='lat' dir='ltr'>aliunde</span> <span class='ocrx_word' id='word_1_900' title='bbox 3709 5565 3795 5624; x_wconf 85' lang='lat' dir='ltr'>vir</span> 
     </span>
    </p>
   </div>
   <div class='ocr_carea' id='block_1_123' title="bbox 2152 5634 2977 5700">
    <p class='ocr_par' dir='ltr' id='par_1_123' title="bbox 2152 5634 2977 5700">
     <span class='ocr_line' id='line_1_124' title="bbox 2152 5634 2977 5700; baseline 0.004 -6"><span class='ocrx_word' id='word_1_901' title='bbox 2152 5634 2725 5695; x_wconf 61' lang='lat' dir='ltr'>sanctus&#39;historiam</span> <span class='ocrx_word' id='word_1_902' title='bbox 2758 5634 2977 5700; x_wconf 63' lang='lat' dir='ltr'>hausit.</span> 
     </span>
    </p>
   </div>
  </div>
