4020 6186
272 361 338 431 53
428 404 439 413 .

277 495 496 571 gentibus,
520 495 571 550 et
596 489 825 565 legitima
856 508 977 548 mea
1006 491 1076 549 de
1109 491 1417 564 regionibus
1470 507 1592 565 quae
1629 494 1756 547 sunt
1783 492 1841 546 in
1874 491 1929 557 Α

274 587 462 644 armatu
488 584 611 656 ejus,
642 599 751 637 non
782 581 995 638 habere
1025 582 1524 653 consequentiam,
1544 582 1718 637 etiam
1752 597 1846 636 me

282 679 487 740 tacente,
510 671 870 744 perspicuum
901 676 1010 727 est.

326 762 482 834 (νοτε.
523 761 569 830 8,
599 760 674 827 9.)
728 760 931 815 Idcirco
986 766 1103 817 hsce
1155 759 1291 815 dicit
1346 761 1607 815 Dominus
1663 761 1799 815 Deus
1829 776 1849 812 .-

273 854 385 921 Quia
406 851 671 922 superastis
695 853 882 920 gentes
911 864 1036 919 qum
1064 851 1122 904 in
1153 850 1385 904 circuitu
1416 854 1588 904 vestro
1618 856 1765 903 sunt:
1788 848 1849 902 in

271 942 504 1015 prmptis
546 942 678 994 meis
692 954 805 993 non
824 937 1223 1006 ambulastis,ct
1246 939 1466 1009 judicia
1490 954 1611 992 mea
1639 954 1745 991 non
1769 939 1823 1005 fe

280 1033 418 1095 cistis,
442 1037 483 1083 et
499 1030 657 1098 juxta
677 1028 897 1099 judicia
916 1029 1161 1095 gentium
1189 1042 1314 1098 quae
1340 1029 1401 1082 in
1429 1028 1851 1082 circuituoestro

275 1123 378 1175 sunt
395 1134 483 1173 non
510 1119 631 1171 estis
660 1118 873 1187 operati
898 1144 917 1176 .-
946 1117 1065 1172 ideo
1095 1117 1212 1173 hmo
1240 1116 1373 1171 dicit
1399 1117 1660 1171 Dominus
1689 1118 1850 1171 Deus:

272 1207 370 1261 Eas
390 1220 472 1274 ego
501 1204 567 1258 ad
593 1209 663 1269 te,
695 1208 750 1258 et
781 1205 895 1274 ipse
921 1219 1017 1272 ego
1046 1207 1255 1274 faciam
1283 1206 1343 1258 in
1371 1204 1548 1259 medio
1580 1205 1662 1258 tui
1695 1202 1852 1275 judi—

270 1296 336 1350 cia
358 1295 404 1348 in
430 1293 589 1348 oculis
615 1294 886 1362 gentium.
920 1295 992 1347 Et
1020 1294 1233 1361 faciam
1273 1296 1331 1347 in
1362 1301 1412 1348 te
1459 1308 1584 1364 quae
1611 1307 1719 1348 non
1748 1293 1857 1362 feci

267 1384 488 1454 siquibus
512 1382 723 1435 similia
770 1382 920 1435 ultra
970 1398 1080 1436 non
1138 1384 1346 1453 faciam
1390 1384 1614 1452 propter
1669 1396 1855 1435 omnes

269 1472 642 1526 aboutinationes
672 1474 815 1525 tuas.
866 1474 977 1525 Pro
1016 1487 1080 1525 eo
1132 1470 1285 1541 quod
1337 1486 1443 1525 nos
1493 1469 1854 1540 interpretati

270 1576 435 1615 sumus
462 1577 474 1614 :
506 1560 650 1627 Quia
680 1561 981 1629 superastis
1008 1563 1192 1630 gentes
1210 1574 1332 1630 qua:
1347 1560 1406 1612 in
1428 1560 1661 1614 circuitu
1682 1562 1857 1613 uestro

270 1656 385 1713 sunt,
406 1646 783 1719 Symmachus
814 1646 1117 1702 transtulit
1149 1665 1161 1703 :
1197 1649 1340 1715 Quia
1366 1647 1661 1702 multitudo
1678 1655 1859 1701 vestra

266 1739 353 1805 [sit
372 1753 431 1791 ea:
451 1737 718 1806 gentibus.
750 1751 877 1806 qua?
907 1738 967 1790 in
996 1737 1231 1791 circuitu
1259 1744 1432 1792 vestro
1458 1738 1605 1791 sunt.
1638 1734 1858 1806 Aquila

868 354 1614 419 GOMMENTARIORUM
1653 354 1731 417 IN
1780 354 2273 418 EZECHIELEM
2322 352 2466 414 LIB.
2514 351 2591 413 II.
2639 350 2805 413 CAP.
2851 350 2925 415 ν.

3519 346 3599 411 54

1957 509 2023 549 eo
2055 493 2208 565 quod
2241 495 2511 549 sanctum
2543 507 2741 569 meum
2768 485 2997 548 violasti
3027 488 3088 547 in
3117 487 3394 547 omnibus
3422 487 3600 547 offen-

1956 583 2221 640 sionibus
2252 583 2391 648 tuis,
2414 587 2472 637 et
2500 580 2744 653 reliqua.
2766 583 3035 637 Attamen
3067 580 3413 644 notandum,
3442 578 3599 652 quod

1958 675 2059 731 ubi
2089 675 2299 730 decora
2316 678 2455 730 sunt
2483 677 2540 730 et
2568 672 2909 737 honesta,ac
2930 689 3033 744 pro
3055 671 3478 728 merito’eorum
3499 669 3601 742 qui

1956 781 2024 821 ea
2056 763 2634 835 sustinent,seipsum
2655 762 3011 818 Deustacere
3042 758 3480 833 proﬁtetur.Ubi
3501 775 3605 814 au-

1958 860 2077 910 tem
2105 852 2298 909 tristia
2328 857 2384 907 et
2416 869 2528 907 non
2560 852 2740 924 digna
2767 850 3054 920 Deo,dicit
3073 848 3311 922 quidem
3346 848 3600 919 fieri,sed

1958 961 2074 1000 non
2108 961 2141 997 a
2171 960 2255 1010 se,
2288 946 2353 997 ut
2380 943 2439 996 in
2474 942 2741 1013 praesenti
2777 959 2789 996 :
2824 939 2943 996 Ideo
2955 942 3137 1011 patres
3165 939 3443 994 comedent
3459 937 3604 1009 ﬁlios

1960 1036 2021 1088 in
2046 1032 2224 1089 medio
2256 1034 2357 1101 tui,
2389 1036 2441 1087 et
2468 1032 2577 1103 ﬁlii
2603 1031 2885 1086 comedent
2912 1033 3097 1098 patres
3122 1044 3265 1084 suos.
3298 1028 3425 1083 Non
3446 1024 3604 1082 enim

1963 1122 2128 1188 dixit,
2158 1138 2264 1193 ego
2296 1121 2505 1175 faciam
2538 1125 2601 1175 ut
2632 1124 2828 1192 patres
2858 1118 3165 1174 comedent
3194 1116 3347 1171 ﬁlios
3376 1132 3515 1171 suos
3546 1114 3606 1169 in

1963 1210 2154 1267 medio
2186 1210 2291 1279 tui,
2324 1215 2383 1265 et
2414 1209 2515 1264 lilii
2548 1209 2858 1264 comedunt
2887 1211 3082 1279 patres
3114 1222 3274 1261 suos.
3308 1204 3470 1270 Quod
3503 1220 3607 1259 au-

1961 1303 2078 1353 tem
2110 1298 2383 1352 decorum
2416 1301 2557 1362 erat,
2590 1313 2695 1350 nec
2724 1294 2827 1350 Dei
2859 1293 3150 1366 maiestati
3181 1292 3487 1349 videbatur
3516 1291 3608 1346 in-

1965 1385 2227 1457 dignum,
2261 1384 2456 1456 ipsum
2489 1400 2549 1439 se
2576 1382 2716 1438 dicit
2745 1382 2951 1437 facere.
2998 1382 3277 1454 Sequitur
3317 1381 3474 1437 enim
3501 1397 3514 1435 :
3546 1381 3612 1436 Et

1966 1475 2184 1529 Faciam
2212 1474 2272 1527 in
2295 1472 2582 1543 tejudicia
2611 1476 2661 1528 et
2715 1471 2987 1527 ventilabo
3044 1473 3305 1527 universa
3359 1469 3610 1542 reliquas

1965 1566 2087 1618 tuas
2115 1563 2177 1616 in
2207 1578 2421 1617 omnem
2446 1570 2683 1617 ventum.
2716 1559 2853 1615 Tale
2883 1558 3023 1631 quid
3054 1563 3111 1614 et
3169 1559 3227 1614 in
3283 1558 3611 1615 maledictis

1971 1650 2399 1706 Deuteronomii
2455 1649 2717 1705 invenire
2750 1647 3092 1721 poterimus,
3125 1652 3183 1704 et
3230 1648 3521 1722 praecipue
3552 1647 3609 1703 in

1968 1739 2095 1795 loco
2152 1737 2252 1794 illo
2286 1757 2299 1806 ;
2333 1736 2704 1809 Gloriﬁcantes
2759 1753 2845 1792 me
2900 1737 3216 1807 gloriﬂcabo
3282 1738 3380 1807 qui
3434 1739 3612 1793 autem

267 1824 682 1924 secundaeditio
719 1842 731 1879 :
769 1826 849 1879 Eo
878 1824 1018 1894 quod
1046 1827 1328 1880 numerati
1354 1826 1479 1880 estis
1516 1828 1577 1924 in
1606 1825 1859 1893 gentibus
1892 1868 1939 1932 B
1968 1845 2054 1884 me
2126 1828 2450 1900 despiciunt,
2546 1828 2615 1881 ad
2703 1826 2947 1881 nihilum
3034 1826 3379 1881 deducantur
3434 1826 3614 1897 (Deut.

265 1929 356 1983 quas
379 1915 427 1967 in
445 1915 675 1969 circuitu
700 1917 873 1968 vestro
890 1921 1035 1968 sunt.
1067 1917 1245 1968 Porro
1276 1913 1657 1984 Septuaginta
1685 1930 1702 1966 :
1724 1913 1864 1979 Quia

265 2003 429 2055 occasio
454 2010 619 2057 vestra
648 2002 719 2056 de
746 2003 999 2072 gentibus
1018 2016 1145 2071 quae
1171 2003 1230 2056 in
1258 2003 1493 2057 circuitu
1524 2009 1696 2057 vestro
1714 2007 1858 2054 sunt.

271 2088 323 2143 Et
344 2093 418 2144 est
442 2107 670 2157 sensus,
700 2090 789 2145 vel
831 2107 1142 2162 superasse
1187 2090 1512 2146 Jerusalem
1543 2089 1862 2146 sceleribus

268 2178 362 2232 suis
384 2183 604 2234 cunctas
636 2180 702 2234 in
733 2178 985 2234 circuitu
1007 2179 1389 2247 nationes,vel
1423 2178 1862 2235 multitudinem

267 2266 381 2335 eius,
406 2283 505 2322 non
536 2266 827 2339 populum
862 2267 1058 2337 Israel,
1091 2269 1193 2323 sed
1239 2269 1475 2323 turbam
1526 2271 1862 2323 cmterarum

270 2354 475 2424 gentium
499 2372 627 2411 esse
663 2356 1114 2412 dicendam.Aut
1145 2362 1299 2412 certe
1327 2357 1388 2412 in
1419 2372 1731 2412 numerum
1764 2372 1864 2411 cas-

268 2445 472 2498 terarum
500 2444 775 2517 gentium
824 2462 951 2516 qua:
983 2446 1042 2500 in
1093 2446 1337 2501 circuitu
1388 2448 1515 2517 ejus
1563 2448 1720 2512 sunt,
1765 2460 1865 2499 eos

267 2544 367 2585 asc
388 2549 713 2597 conversos,
744 2533 862 2588 sive
910 2551 1143 2589 omnem
1194 2535 1558 2590 occasionem
1588 2533 1865 2588 habuisse

267 2617 320 2673 de
346 2620 611 2691 gentibus,
658 2637 807 2693 quas
847 2623 1037 2694 magis
1070 2623 1127 2677 in
1161 2623 1371 2678 bonam
1406 2627 1630 2694 partem
1663 2622 1868 2676 docere

267 2706 543 2764 debuerint.
573 2710 758 2776 Quid,
789 2709 1003 2781 inquit,
1036 2727 1244 2767 causer
1273 2712 1427 2783 quod
1469 2712 1526 2766 in
1566 2710 1867 2783 praeceptis

268 2795 381 2851 meis
408 2813 510 2852 non
543 2797 1013 2869 ambulaveritis,
1043 2805 1102 2855 et
1122 2800 1349 2870 judicia
1370 2816 1501 2855 mea
1530 2816 1645 2854 non
1676 2798 1872 2854 feceri-

262 2884 339 2953 tis,
362 2901 481 2940 cum
510 2886 693 2942 etiam
725 2903 929 2943 omnes
955 2888 1015 2943 in
1045 2889 1295 2944 circuitu
1320 2889 1585 2945 nationes
1613 2887 1868 2942 viceritis

268 2970 444 3028 scelere
468 2980 686 3041 vestro;
718 2979 776 3029 et
803 2992 918 3031 non
948 2976 1151 3032 feceris
1182 2993 1309 3048 quas
1341 2975 1424 3030 illi
1456 2974 1707 3031 naturali
1747 2974 1871 3047 lege

264 3062 443 3133 scripta
467 3062 523 3118 in
551 3063 838 3120 cordibus
859 3065 984 3121 suis
1014 3081 1164 3137 saepe
1187 3066 1493 3120 fecerunt?
1514 3065 1734 3120 Idcirco
1755 3078 1870 3117 non

266 3164 350 3220 per
375 3151 628 3223 Angelos,
671 3169 859 3224 neque
884 3170 989 3225 per
1008 3153 1237 3224 aliquos
1268 3154 1593 3218 ministros,
1626 3152 1726 3207 sed
1749 3150 1873 3222 ipse

261 3240 546 3310 egofaciam
564 3241 627 3297 in
669 3241 963 3311 tejudicia
985 3258 1114 3297 mea
1133 3244 1467 3299 videntibus
1487 3241 1715 3297 cunctis
1742 3256 1867 3310 quae
1899 3226 1943 3292 C

266 3332 371 3382 ante
394 3331 480 3385 5|
517 3347 631 3386 non
676 3331 803 3396 feci,
839 3336 898 3387 et
928 3332 1083 3387 ultra
1114 3350 1227 3388 non
1260 3333 1491 3387 faciam.
1529 3332 1733 3386 Dicens
1763 3346 1871 3384 au-

264 3420 357 3470 tem
373 3418 598 3488 judicia,
650 3420 909 3475 ostendit
946 3421 1246 3477 sententia:
1292 3422 1619 3483 veritatem,
1673 3436 1745 3474 ne
1790 3419 1874 3473 ira

266 3520 559 3562 mensuram
591 3525 904 3580 pcenarum
937 3509 1203 3564 videatur
1243 3510 1534 3566 excedere.
1585 3509 1698 3564 Nec
1739 3507 1875 3563 fecit

267 3592 313 3648 in
337 3594 442 3650 ulla
462 3598 704 3653 natione
736 3597 875 3653 talia
896 3598 1241 3669 qualiafecit
1270 3599 1328 3653 in
1348 3598 1673 3654 Jerusalem
1698 3616 1711 3653 :
1737 3598 1875 3665 Quia

266 3697 415 3737 servus
441 3688 532 3755 qui
558 3688 721 3742 novit
752 3688 1085 3742 voluntatem
1112 3688 1323 3743 domini
1377 3690 1465 3742 sui
1510 3695 1563 3743 et
1604 3703 1715 3742 non
1743 3688 1877 3758 facit

264 3786 378 3839 mn,
404 3775 689 3845 vapulabit
745 3774 939 3830 multis
991 3775 1138 3845 (Luc.
1199 3792 1301 3845 xu,
1362 3777 1473 3846 48).
1526 3777 1880 3846 Potentesque

269 3864 471 3927 potenter
504 3868 784 3920 tormenta
809 3866 1094 3933 patientur
1119 3866 1271 3936 (Sep.
1313 3881 1389 3927 VI,
1421 3866 1497 3935 7).
1550 3865 1617 3918 Et
1669 3864 1881 3919 similia

270 3946 445 4019 inquit,
475 3953 626 4008 ultra
644 3969 763 4009 non
789 3955 1023 4021 faciam.
1056 3952 1306 4008 Pulchre
1334 3953 1499 4019 dixit,
1531 3954 1743 4007 similia
1770 3969 1881 4007 non

272 4040 457 4103 ladem.
486 4041 672 4098 Multo
706 4042 864 4096 enim
896 4046 1028 4111 post
1052 4041 1513 4096 interfectionem
1544 4041 1758 4096 Christi
1781 4043 1882 4096 du-

275 4123 402 4182 riora
424 4128 680 4186 facturus
713 4128 1002 4185 est.Aliud
1025 4134 1113 4185 est
1132 4131 1288 4185 enim
1312 4129 1562 4185 coluisse
1586 4129 1882 4184 interdum

275 4211 401 4269 idola
426 4224 659 4290 propter
709 4235 839 4289 quae
890 4220 1024 4273 ante
1062 4217 1252 4289 puniti
1285 4223 1441 4284 sunt,
1475 4222 1531 4273 et
1579 4217 1737 4273 aliud
1783 4218 1884 4272 Dei

274 4299 451 4360 Filium
477 4307 833 4363 trucidasse.

328 4391 495 4461 (Vere.
531 4397 647 4465 10.)
681 4395 886 4451 Idcirco
912 4400 1098 4467 patres
1153 4395 1431 4451 comedent
1488 4395 1630 4465 ﬁlios
1686 4397 1747 4449 in
1774 4411 1886 4450 me-

274 4476 347 4534 dio
370 4483 466 4546 tui,
498 4487 547 4538 et
574 4484 689 4554 ﬁlii
713 4484 993 4539 comedent
1012 4488 1192 4554 patres
1220 4499 1343 4539 suos
1372 4502 1390 4537 :
1421 4491 1473 4538 et
1515 4485 1719 4554 faciam
1748 4484 1809 4537 in
1838 4494 1890 4539 te

1972 1918 2190 1988 xxvm).
2226 1921 2334 1971 Eos
2365 1916 2521 1971 enim
2549 1915 2645 1987 qui
2678 1932 2739 1970 se
2770 1914 3119 1988 glorificent,
3149 1914 3275 1986 ipse
3309 1913 3614 1986 gloriﬁcat.

1972 2006 2079 2070 Qui
2111 2010 2303 2062 autem
2336 2022 2471 2061 eum
2522 2004 2870 2076 despiciunt,
2906 2020 3021 2060 non
3081 2020 3115 2059 a
3146 2003 3389 2059 Domino
3423 2001 3617 2074 despi-

1973 2095 2216 2163 cientur,
2249 2094 2333 2151 vel
2367 2094 2729 2150 deducentur
2785 2094 2855 2149 ad
2899 2091 3146 2148 nihilum
3180 2091 3308 2164 (hoc
3337 2090 3494 2147 enim
3528 2106 3619 2153 se-

1952 2185 2265 2255 quebatur
2294 2187 2358 2239 ut
2387 2183 2626 2254 diceret)
2658 2183 2759 2239 sed
2790 2182 3076 2249 absolute,
3130 2182 3496 2237 deducentur
3542 2180 3615 2235 ad

1974 2273 2268 2328 nihilum:
2307 2290 2421 2328 non
2476 2272 2672 2341 aDeo,
2734 2273 2834 2329 52
2889 2271 2993 2327 sed
3049 2287 3153 2342 pro
3207 2269 3435 2326 meritis
3491 2268 3618 2325 suis

1975 2366 2150 2433 atque
2172 2362 2444 2433 peccatis.
2480 2361 2755 2432 Legimus
2786 2361 2845 2415 in
2876 2364 3101 2431 Regum
3152 2358 3474 2424 volumine,
3532 2356 3618 2412 fa-

1974 2451 2088 2506 mis
2119 2450 2460 2507 necessitate
2492 2453 2750 2521 cogentc,
2783 2466 2818 2503 a
2848 2452 3034 2504 matre
3064 2447 3250 2502 filium
3278 2448 3617 2503 devoratum

1975 2539 2063 2610 (IV
2080 2544 2209 2608 Reg.
2242 2540 2365 2609 vn).
2392 2537 2687 2608 Josephus
2718 2553 2952 2607 quoque
2994 2535 3056 2590 in
3088 2535 3393 2592 obsidione
3447 2535 3616 2590 Jeru-

1976 2627 2158 2683 salem
2216 2670 2230 2695 ,
2291 2626 2475 2681 multa
2514 2624 2925 2697 hujuscemodi
2975 2624 3127 2680 facta
3176 2620 3615 2693 commemorat,

1977 2716 2218 2783 Quando
2253 2719 2448 2771 autem
2495 2719 2691 2786 patres
2748 2712 2902 2769 filios
2959 2712 3339 2779 comederint,
3397 2710 3486 2767 vel
3515 2710 3621 2766 ﬁlii

1978 2810 2193 2879 patres,
2227 2803 2390 2859 nulla
2420 2807 2617 2858 narrat
2647 2802 2911 2868 historia,
2973 2800 3085 2857 nisi
3142 2802 3288 2856 forte
3319 2800 3379 2857 in
3420 2798 3624 2856 multis

1979 2893 2345 2949 necessitatis
2373 2892 2748 2959 malis,etiam
2773 2890 2897 2946 haec
2930 2891 3079 2946 facta
3109 2906 3237 2945 esse
3267 2889 3628 2945 credendum

1982 2983 2075 3039 sit.
2106 2982 2300 3038 Potest
2319 2980 2429 3036 hoc
2460 2980 2653 3053 ipsum
2687 2979 2887 3035 referri
2920 2983 2976 3034 et
2993 2978 3063 3034 ad
3096 2980 3357 3041 nostram
3385 2976 3625 3033 Jerusa-

1980 3071 2098 3127 lem
2166 3088 2179 3125 :
2241 3071 2475 3142 quando
2560 3068 2827 3141 magistri
2891 3070 3093 3123 contra
3158 3063 3498 3137 discipulos,
3562 3064 3624 3119 id

1983 3164 2090 3227 est,
2123 3163 2319 3231 patres
2352 3162 2554 3214 contra
2582 3156 2754 3223 filios,
2787 3160 2844 3212 et
2872 3154 3145 3226 discipuli
3194 3158 3397 3210 contra
3444 3152 3626 3226 magi-

1982 3253 2156 3314 stros,
2189 3247 2245 3301 id
2278 3252 2385 3314 est,
2406 3245 2509 3300 ﬁlii
2540 3246 2850 3301 adversum
2883 3242 3392 3316 patres,seditione
3420 3244 3628 3298 mutua
3726 3246 3729 3249 ’

1982 3336 2374 3402 concitantur,
2405 3339 2461 3389 et
2491 3333 2769 3405 impletur
2800 3332 2944 3388 illud
3005 3333 3161 3403 quod
3221 3348 3324 3403 per
3378 3332 3625 3402 Aposto-

1983 3425 2107 3480 lum
2139 3424 2352 3479 dicitur
2384 3441 2396 3479 :
2428 3423 2489 3477 Si
2520 3431 2703 3478 autem
2733 3423 2966 3477 invicem
3000 3420 3259 3477 mordetis
3322 3422 3374 3475 et
3403 3434 3626 3475 accusa-

1986 3516 2077 3579 tis,
2113 3514 2293 3569 videte
2321 3530 2390 3566 ne
2420 3512 2487 3567 ab
2519 3514 2757 3566 invicem
2785 3511 3196 3566 consumamini
3238 3506 3387 3580 (Gal.
3422 3524 3478 3573 v,
3515 3508 3625 3577 15).

1985 3603 2147 3659 Unde
2179 3605 2236 3657 et
2251 3600 2538 3672 Propheta
2570 3599 2813 3672 mystico
2844 3615 3112 3654 sermone
3142 3597 3414 3653 cantabat
3444 3614 3458 3651 :
3493 3595 3626 3650 Cum

1986 3692 2483 3763 appropinquarent
2507 3689 2795 3743 adversum
2824 3703 2911 3741 me
2948 3688 3044 3756 qui
3086 3687 3353 3757 afﬂigunt
3407 3699 3512 3752 me,
3569 3685 3632 3737 ut

1988 3779 2327 3835 comederent
2357 3792 2548 3832 carnes
2578 3793 2726 3831 meas
2758 3777 2870 3847 (Ps.
2902 3791 3056 3839 xxvx,
3086 3774 3166 3844 2).
3194 3773 3264 3827 Et
3289 3772 3399 3827 Job
3436 3768 3631 3827 simile

1990 3867 2129 3938 quid
2162 3864 2422 3937 loquitur
2453 3881 2466 3918 :
2502 3863 2564 3918 Si
2592 3871 2776 3917 autem
2804 3861 3064 3918 dixerunt
3094 3857 3321 3915 ancilla:
3340 3858 3633 3927 meae:Quis

1989 3954 2077 4010 det
2101 3954 2256 4010 nobis
2280 3953 2349 4008 de
2374 3952 2633 4007 carnibus
2663 3952 2781 4021 ejus
2812 3958 2868 4004 ut
2885 3948 3230 4005 comedamus
3257 3948 3396 4015 (Job.
3430 3945 3579 4018 xxxx)
3612 3950 3636 4003 Ρ

1993 4043 2059 4097 Et
2080 4058 2257 4113 super
2281 4038 2706 4112 magistris,qui
2729 4038 2892 4093 lucra
2921 4040 3219 4093 sectantur
3238 4037 3311 4091 de
3331 4032 3636 4106 discipulis

1994 4129 2319 4201 salutisque
2352 4145 2555 4185 eorum
2607 4126 2832 4183 nullam
2866 4141 3069 4181 curam
3116 4127 3347 4196 gerunt,
3380 4121 3634 4179 dicitur:

1997 4220 2102 4287 Qui
2128 4218 2391 4273 devorant
2419 4217 2684 4288 populum
2711 4232 2894 4271 meum
2920 4216 3064 4270 sicut
3080 4212 3275 4268 cibum
3328 4211 3489 4283 panis
3520 4210 3634 4283 (Ps.

1997 4323 2095 4371 ιιι,
2128 4308 2202 4373 4).
2236 4310 2312 4360 De
2342 4306 2560 4376 quibus
2600 4304 2675 4375 (a)
2726 4308 2783 4358 et
2830 4299 3144 4374 Apostolus
3178 4302 3280 4357 :Et
3330 4299 3637 4365 comedunt,

1995 4393 2209 4465 inquit,
2275 4393 2457 4449 domos
2514 4392 2811 4448 viduarum
2867 4393 3017 4457 (Luc:
3071 4406 3146 4445 xx
3179 4432 3193 4457 ,
3237 4388 3423 4445 Matth.
3477 4388 3637 4459 xm).

1999 4487 2323 4538 Possumus
2354 4485 2545 4553 patres
2576 4480 2677 4552 qui
2701 4478 3061 4535 comederint
3089 4477 3328 4544 ﬁlios,et
3358 4472 3511 4533 ﬁlios
3540 4475 3641 4548 qui

279 4567 475 4637 iudicia,
504 4576 555 4627 et
586 4574 866 4628 ventitabo
895 4575 1177 4628 universas
1208 4573 1470 4642 reliquias
1522 4581 1641 4627 tuas
1687 4574 1747 4626 in
1776 4588 1887 4627 om-
1922 4590 1968 4654 ι)
2000 4571 2359 4626 comederint
2376 4574 2711 4641 patres,non
2735 4568 2925 4623 solum
2946 4566 3006 4621 in
3032 4565 3471 4639 Babylonia,sed
3503 4564 3642 4619 etin

281 4665 639 4717 nanos-nium.
675 4662 756 4715 Ad
788 4661 846 4715 id
880 4661 1035 4733 quod
1066 4677 1246 4732 supra
1300 4661 1523 4716 dixerat
1554 4677 1566 4714 :
1601 4660 1746 4723 Quia
1792 4676 1888 4715 su-

284 4750 499 4813 perastis
529 4755 740 4822 gentes
767 4766 894 4821 qua:
912 4750 969 4804 in
992 4749 1238 4805 circuitu
1262 4753 1455 4804 vestro
1477 4749 1892 4820 sunt,sive,pr0

280 4845 334 4885 eo
354 4838 491 4904 quod
516 4837 749 4893 occasio
768 4842 959 4893 vestra
987 4841 1078 4893 est
1092 4853 1161 4891 ex
1181 4836 1456 4908 gentibus
1479 4853 1607 4908 quae
1633 4837 1692 4891 in
1715 4836 1892 4891 circui

279 4920 330 4973 tu
356 4928 537 4979 vestro
568 4931 736 4992 sunt,
770 4926 829 4980 in
858 4925 1160 4998 praeceptis
1190 4925 1339 4981 meis
1370 4942 1485 4981 non
1524 4924 1893 4989 ambulastis,

277 5011 324 5061 et
355 5011 568 5080 iudicia
614 5030 747 5070 mea
797 5031 912 5070 non
972 5013 1211 5085 fecistis,
1264 5014 1435 5071 tertio
1488 5014 1688 5070 retulit
1742 5006 1893 5083 ideo,

276 5095 518 5157 Primum
548 5103 637 5158 ita
668 5119 682 5157 :
717 5103 849 5159 Ideo
874 5103 995 5159 haec
1022 5103 1165 5159 dicit
1188 5103 1497 5159 ‘Dominus
1544 5104 1698 5159 Deus
1730 5118 1898 5158 :ecce

278 5200 367 5256 ego
393 5190 463 5244 ad
491 5196 573 5259 te,
607 5196 666 5247 et
694 5192 816 5264 ipse
844 5208 950 5265 ego
981 5192 1187 5248 faciam
1211 5193 1269 5247 in
1303 5194 1495 5247 medio
1527 5193 1612 5246 tui
1651 5191 1895 5262 judicia.

274 5273 525 5335 Secundo
550 5296 565 5335 :
592 5280 727 5336 Ideo
756 5286 950 5353 patres
979 5281 1286 5336 comedent
1316 5280 1468 5336 filios
1498 5280 1556 5335 in
1591 5282 1780 5336 medio
1814 5279 1897 5335 tui

279 5362 494 5421 Tertio:
525 5367 669 5423 Ideo
697 5370 821 5426 vivo
841 5370 1114 5443 ego,dicit
1134 5369 1419 5426 Dominus
1449 5375 1631 5435 Deus;
1666 5369 1779 5423 nisi
1798 5385 1901 5440 pro

344 5526 413 5595 fa)
442 5527 743 5614 Marianas
772 5531 1016 5614 castigat
1038 5530 1356 5614 editionem
1388 5530 1636 5614 Erasmi,
1695 5546 1760 5585 ac
1799 5545 1904 5614 pro

280 5609 407 5653 voce
440 5602 727 5673 Apostolus
778 5600 974 5673 posuit
1025 5603 1393 5671 Evangelium
1428 5618 1441 5667 ;
1477 5605 1537 5656 at
1565 5600 1675 5655 hoc
1730 5600 1903 5673 modo

280 5682 404 5724 cum
433 5671 638 5743 legant
663 5671 802 5731 mss'.
826 5674 1073 5742 codices,
1104 5674 1388 5731 intactum
1418 5676 1752 5729 contextum
1776 5671 1907 5728 Hie-

2005 4660 2267 4714 Romana
2289 4654 3106 4727 obsidione,intelligere.lllud
3129 4658 3324 4709 autem
3342 4651 3497 4723 quod
3509 4649 3646 4704 dici-

2002 4754 2099 4803 tur
2128 4766 2139 4802 :
2176 4752 2242 4802 Et
2267 4746 2541 4801 ventilabo
2571 4745 2853 4801 universas
2884 4745 3151 4814 reliquias
3193 4745 3314 4795 tuas
3344 4741 3404 4794 in
3431 4753 3645 4794 omnem

2007 4845 2226 4892 ventum
2256 4835 2446 4907 magis
2479 4834 2549 4889 ad
2586 4833 2912 4888 Romanam
2948 4830 3199 4903 pertinet
3226 4826 3643 4899 captivitatem,

2006 4924 2241 4997 quando
2275 4924 2330 4978 iu
2365 4926 2483 4978 toto
2515 4921 2653 4977 orbe
2670 4927 2958 4976 terrarum
2989 4916 3239 4989 dispersi
3272 4915 3509 4971 sunt.Et
3527 4916 3649 4972 haec

2008 5018 2097 5069 est
2125 5013 2185 5066 in
2217 5004 2741 5067 omnem‘ventum
2800 5006 3145 5078 capillorum
3193 5004 3503 5077 barbaque
3562 5004 3649 5059 di-

2009 5101 2255 5175 sparsio.

2082 5191 2266 5262 (Vers.
2304 5189 2413 5261 11.)
2445 5188 2648 5243 Idcirco
2678 5187 2795 5241 viro
2826 5198 2940 5253 ego,
2971 5182 3105 5238 dicit
3145 5183 3408 5238 Dominus
3462 5180 3603 5235 Deus
3635 5196 3649 5234 :

2013 5282 2126 5335 nisi
2152 5294 2258 5348 pro
2286 5292 2347 5333 eo
2362 5264 2502 5347 quod
2533 5278 2782 5329 sanctum
2809 5287 2989 5326 meum
3033 5271 3244 5326 violasti
3298 5271 3359 5324 in
3404 5267 3654 5324 omnibus

2013 5368 2406 5440 oﬂensionibus
2436 5364 2622 5429 tuis,et
2649 5363 2709 5416 in
2733 5362 2943 5416 cunctis
2973 5357 3476 5415 abominationibus
3493 5356 3605 5411 tuis
3634 5374 3653 5410 :

2016 5527 2245 5593 ronymi
2278 5524 2667 5593 relinquimus
2703 5538 2714 5575 :
2749 5521 2939 5593 potuit
2967 5520 3124 5576 enim
3156 5521 3394 5593 sanctus
3422 5516 3510 5573 vir
3538 5535 3654 5575 non

2016 5545 2118 5583 ΓΟῐ]
2166 5543 2245 5581 m1
2278 5541 2421 5580 ΓΘΠΠ
2470 5541 2667 5578 nimus
2703 5541 2714 5575 ἶ
2749 5541 2939 5593 ροιυιι
2967 5541 3124 5576 enim
3156 5541 3394 5575 SBHOLUU
3424 5541 3510 5573 νην
3539 5541 3654 5575 ΠΟΙ]

2016 5545 2286 5725 ῗδυδίᾶῐῑ,
2321 5541 2793 5651 sequatthzeum
2827 5592 3152 5664 intelligere
3174 5589 3411 5646 nomine
3438 5593 3658 5661 Aposto-

2043 5686 2127 5725 us.
2255 5684 2343 5722 ar.

2043 5686 2127 5725 us.
2160 5684 2343 5725 MART.
