4052 6180
328 286 418 355 39
1566 296 1627 359 S.
1680 296 1988 361 EUSEBl-l
2036 296 2505 364 BIEBONYMI.

3650 303 3743 378 θο

337 421 382 497 (Ι
413 423 534 482 Cor.
565 426 771 500 vm,i),
803 424 1103 486 inducitur
1121 424 1445 503 gladius,nt
1464 427 1661 486 omnia
1680 446 1882 487 eorum
1904 431 1981 487 si-
2006 433 2062 499 Α
2091 448 2152 489 1n
2180 434 2398 506 quibus
2426 432 2779 509 captivitatis
2807 437 3069 512 tempore
3096 438 3499 502 versabantur.
3548 441 3741 502 Potest

335 514 617 582 mulacra,
649 534 777 590 quae
807 520 878 575 de
907 534 1013 575 suo
1044 518 1337 576 ﬁnxerunt
1363 518 1981 593 animo,conterantur,

338 607 396 660 et
423 603 708 663 interfecti
747 610 997 679 jaceant,
1030 613 1086 665 et
1135 612 1395 665 mortuos
1452 626 1515 665 se
1544 626 1672 666 esse
1702 610 1977 677 sentiant,

334 685 483 758 nihil
515 698 626 756 sibi
657 697 974 754 simulacra
1019 714 1124 754 sua
1171 702 1347 771 atque
1396 697 1675 771 ﬁgmenta
1703 699 1980 772 prodesse

334 793 658 847 cernentes.
692 788 973 858 Quodque
1003 787 1337 860 dispergere
1366 804 1429 843 se
1457 786 1597 842 dicit
1644 804 1779 843 ossa
1811 804 1976 843 mon-

333 878 482 933 tium
510 878 663 933 circa
691 892 846 943 aras,
899 876 1249 932 fortissimos
1299 892 1563 947 quosque
1611 892 1811 932 eorum
1851 894 1885 931 a
1911 893 1976 934 se

329 971 536 1022 mutuo
567 966 668 1023 58
700 965 918 1020 indicat
948 967 1320 1037 separandos.
1368 965 1611 1021 Prodest
1657 964 1812 1020 enim
1847 982 1973 1038 per-

323 1072 501 1111 versa
534 1054 786 1111 scientiae
820 1054 1003 1109 malos
1044 1071 1078 1109 a
1106 1053 1278 1109 malis
1310 1053 1505 1109 dividi.
1548 1055 1617 1108 Et
1647 1059 1711 1109 ut
1759 1053 1841 1108 illi
1873 1053 1969 1126 qui

324 1161 614 1200 consensu
644 1144 898 1216 pessimo
929 1143 1294 1199 aediﬁcabant
1322 1147 1566 1209 turrem,
1593 1160 1695 1214 pro
1725 1142 1971 1199 utilitate

300 1233 561 1305 ’propria
600 1231 867 1304 dissipati
926 1237 1086 1299 sunt,
1146 1232 1455 1303 divisaeque
1492 1231 1706 1303 linguae
1762 1248 1965 1288 eorum

323 1321 475 1393 (Gen.
499 1320 676 1393 x1),ne
696 1337 1018 1376 consensus
1034 1321 1329 1392 pessimus
1351 1321 1576 1392 pejores
1598 1337 1696 1376 eos
1719 1323 1929 1375 faceret
1950 1338 1967 1401 ξ

320 1411 405 1465 ita
423 1427 560 1467 ossa
580 1409 870 1465 montium
894 1408 1420 1480 dispergentur[Al.
1444 1409 1968 1481 disperganturj,ut

321 1515 504 1555 vanos
532 1504 777 1555 conatus
807 1514 947 1554 suos
996 1496 1344 1569 intelligant.
1391 1498 1509 1553 Hoc
1538 1499 1693 1570 quod
1726 1514 1831 1553 nos
1863 1515 1964 1569 po-

315 1588 583 1644 suimus:
615 1590 681 1642 Et
708 1587 845 1643 dabo
874 1587 1140 1643 cadavera
1178 1588 1423 1658 ﬁliorum
1480 1583 1650 1643 Israel
1705 1597 1832 1642 ante
1875 1589 1962 1658 fa-

311 1679 452 1732 ciem
468 1677 897 1732 simulacrorum
912 1676 1301 1745 vestrorum,in
1322 1677 1709 1749 Septuaginta
1731 1693 1840 1731 non
1866 1676 1964 1732 ba-

317 1765 507 1821 betur.

382 1852 568 1926 (Vers.
601 1853 679 1925 6),
711 1856 794 1922 7.)
828 1854 989 1911 Urbes
1017 1854 1242 1910 desertae
1266 1857 1504 1921 erunt,et
1530 1855 1742 1910 excelsa
1778 1854 1961 1910 demo-

312 1942 559 2005 lientur;
589 1951 640 1998 et
669 1942 1085 2015 dissipabuntur
1113 1950 1164 1998 et
1191 1944 1503 1999 interibunt
1540 1958 1658 2000 arte
1682 1952 1893 2008 vestrae.
1912 1947 1963 2000 et

312 2033 732 2104 confringentur
759 2040 809 2088 et
827 2032 1111 2088 cessabunt
1135 2032 1282 2088 idola
1309 2040 1508 2099 vestra,
1536 2040 1588 2088 et
1613 2036 1963 2090 conterentur

307 2121 539 2176 delubra
584 2129 780 2187 vestra,
811 2129 862 2177 et
905 2121 1232 2177 delabuntur
1268 2138 1433 2193 opera
1471 2125 1665 2177 vestra.
1718 2127 1783 2179 Et
1808 2122 1965 2178 cadet

308 2210 629 2279 interfectus
660 2211 719 2264 in
735 2209 910 2265 medio
940 2211 1127 2278 vestri,
1151 2219 1204 2266 et
1226 2212 1405 2266 scietis
1443 2213 1573 2282 quia
1626 2227 1723 2280 ego
1780 2213 1961 2268 Domi-

318 2301 636 2354 nus.Causa
656 2298 965 2370 perspicua
985 2316 1089 2355 cur
1108 2300 1282 2355 urbes
1305 2300 1593 2356 montium
1627 2300 1958 2356 deserendas

315 2386 479 2443 sint:
514 2387 736 2443 scilicet
775 2392 841 2442 ut
886 2387 1285 2444 demolientur
1329 2388 1575 2455 excelsa,
1627 2405 1857 2461 arisque
1903 2393 1960 2446 et

308 2474 465 2530 idola
492 2476 891 2543 destruantur,
916 2481 973 2532 et
1001 2476 1247 2533 delubra
1276 2482 1535 2549 pereant,
1570 2481 1627 2533 et
1655 2479 1846 2534 omnis
1879 2478 1958 2534 si-

308 2563 707 2620 mulacrorum
733 2565 965 2622 cultura
994 2566 1240 2622 desistat
1265 2583 1277 2634 ;
1312 2566 1639 2638 cadentque
1671 2566 1956 2623 interfecti

305 2651 366 2707 in
397 2652 590 2709 medio
623 2654 948 2722 montium;
977 2657 1034 2710 et
1058 2655 1246 2711 sciant
1267 2655 1545 2726 quoniam
1578 2655 1703 2727 ipse
1734 2656 1811 2711 sit
1843 2660 1956 2712 Do-

304 2743 524 2797 minus.
558 2742 666 2799 Per
694 2760 821 2814 quas
854 2743 1081 2799 occasio
1122 2744 1292 2799 nobis
1336 2744 1532 2812 datur,
1587 2742 1953 2814 spiritualem

306 2830 497 2901 magis
526 2829 971 2902 intelligentiam
1005 2831 1192 2903 sequi,
1225 2834 1291 2886 ut
1320 2832 1495 2887 urbes
1527 2831 1953 2897 haereticorum,

305 2933 431 2991 quae
465 2918 926 2991 interpretantur
957 2919 1243 2989 Ecclesiae,
1303 2923 1362 2976 et
1414 2920 1641 2976 excelsa
1670 2919 1953 2992 superbiae

305 3022 531 3073 eorum,
554 3011 611 3062 et
641 3024 752 3063 ara:
778 3023 1185 3080 perversorum
1216 3009 1558 3082 dogmatum
1579 3008 1952 3080 confringan-

305 3100 422 3163 tur,
456 3100 514 3152 et
540 3095 697 3153 idola
725 3101 1118 3169 pereant,quaa
1142 3099 1213 3153 de
1242 3115 1349 3153 suo
1378 3096 1489 3154 sibi
1513 3098 1685 3153 corde
1710 3097 1951 3154 simula-

308 3159 461 3254 rant,
493 3188 550 3241 et
580 3159 1371 3252 conterantur'delubramon
1400 3186 1783 3259 templa,quee
1814 3204 1951 3243 con-
1982 3159 2025 3227 θ

299 3278 391 3329 tra
406 3272 692 3345 templum
713 3274 947 3330 Domini
960 3275 1673 3347 surrexerant,Grmcoque
1686 3292 1954 3332 sermone

301 3360 673 3433 appellantur
698 3361 924 3434 τεμένη,
982 3363 1041 3418 id
1072 3367 1182 3430 est,
1219 3364 1351 3418 fana
1400 3367 1573 3435 atque
1603 3362 1850 3419 delubra
1896 3369 1954 3419 et

290 3450 505 3511 omnia
533 3467 708 3522 opera
749 3451 1037 3507 montium
1069 3455 1463 3519 conterantur,
1487 3468 1616 3523 quas
1646 3453 1759 3523 [Αι.
1793 3453 1951 3524 quia]

303 3555 418 3594 non
440 3555 610 3611 opera
633 3539 733 3594 Dei
760 3556 827 3595 su
838 3540 1027 3606 nt,sed
1052 3540 1467 3613 magistrorum
1493 3539 1652 3596 falsae
1674 3540 1949 3598 scientiae.

300 3627 563 3700 Cumque
579 3627 893 3683 ceciderint
913 3627 1200 3684 interfecti
1232 3628 1291 3683 in
1323 3629 1515 3684 medio
1548 3629 1952 3701 montium,vel

300 3732 451 3788 quos
470 3714 581 3789 ipsi
607 3720 838 3772 montes
860 3717 1381 3784 interfecerant,vel
1406 3717 1796 3774 Ecclesiastici
1821 3718 1949 3789 viri,

303 3804 404 3876 qui
436 3820 536 3861 eos
562 3804 713 3860 male
732 3804 993 3861 viventes
1018 3805 1075 3860 in
1107 3804 1361 3861 salutem
1387 3823 1554 3862 suam
1586 3807 1947 3864 occiderant:

301 3896 442 3948 tunc
471 3894 606 3950 finis
636 3894 746 3949 erit
776 3894 1065 3950 montium
1096 3896 1581 3967 superborum,ut
1601 3901 1953 3965 cognoscant

309 3981 465 4052 quod
502 3981 626 4053 ipse
681 3983 759 4037 sit
804 3981 1109 4038 Dominus.
1158 3988 1353 4040 Potest
1406 3988 1597 4040 autem
1632 3985 1756 4040 fieri
1788 3988 1853 4039 ut
1882 3985 1952 4040 de

300 4085 417 4125 uno
447 4068 662 4142 populo
693 4070 983 4125 montium
1032 4070 1235 4140 Israel,
1304 4070 1433 4127 aliis
1481 4072 1821 4139 interiectis,
1854 4089 1949 4127 co-

299 4161 585 4229 gnoscant
613 4156 731 4213 alii.
756 4159 1051 4214 Pestilente
1080 4161 1228 4215 enim
1256 4161 1547 4230 ﬂagellato,
1577 4161 1775 4216 stultus
1801 4168 1949 4217 astu-

299 4248 409 4303 tior
431 4248 542 4302 erit
571 4246 755 4319 (Prov.
787 4264 902 4313 XIX,
936 4248 1046 4321 25).

370 4334 556 4406 (Vers.
588 4335 669 4404 8.)
698 4336 763 4391 Et
794 4336 1112 4409 relinquam
1143 4338 1222 4392 in~
1248 4337 1398 4392 vobis
1452 4353 1540 4393 eos
1570 4340 1667 4410 qui
1703 4341 1951 4409 fugerint

254 4428 257 4443 ‘
292 4423 547 4494 gladium
574 4426 635 4479 in
663 4426 936 4493 gentibus,
970 4441 1092 4481 cum
1110 4424 1413 4496 dispersere
1442 4441 1534 4482 vos
1561 4428 1620 4481 in
1649 4429 1825 4482 terras
1852 4445 1865 4482 :
1896 4432 1950 4483 et

2093 526 2288 579 autem
2319 528 2375 580 et
2405 524 2514 581 hoc
2553 525 2690 597 dici,
2725 529 2876 600 quod
2908 529 3037 587 ideo
3091 530 3273 604 aliqui
3305 533 3377 589 de
3405 532 3738 606 captivitate

2087 610 2334 668 Judaica
2364 613 2639 670 reservati
2671 619 2788 671 sint
2826 617 2911 688 [Al
2987 620 3315 677 reservandi
3366 622 3547 696 sunt],
3582 626 3647 678 ut
3675 622 3734 679 in

2088 701 2362 772 gentibus
2393 704 2837 760 recordarentur
2868 708 3123 764 nominis
3148 710 3296 781 ejus,
3330 710 3608 783 illiusque
3637 728 3737 784 po-

2086 790 2328 845 tentiam
2362 791 2762 862 predicarent.
2798 794 2879 849 De
2906 794 3336 867 haereticorum
3370 817 3602 872 quoque
3633 817 3734 873 po-

2085 877 2260 948 pulis,
2311 879 2413 950 qui
2464 880 2702 936 evadere
2749 881 3043 953 potuerint
3088 884 3351 955 gladium
3390 885 3734 957 perditionis

2083 981 2306 1033 eorum,
2340 971 2397 1022 et
2425 968 2742 1038 pessimam
2774 969 3108 1041 factionem,
3141 989 3270 1043 qua:
3319 980 3520 1029 contra
3548 974 3731 1030 Deum

2080 1052 2268 1110 fuerat
2296 1055 2605 1123 concitata,
2638 1057 2753 1112 huc
2780 1057 3036 1130 illucque
3066 1059 3734 1132 dispersi,recordabun-

2078 1145 2176 1197 tur
2204 1143 2461 1199 nominis
2490 1145 2606 1213 Dei,
2642 1151 2879 1218 agentes
2903 1149 3329 1220 paenitentiam,
3363 1159 3419 1207 et
3448 1157 3649 1223 captos
3669 1169 3730 1208 se

2078 1247 2113 1287 ιι
2140 1231 2279 1286 viris
2301 1232 2712 1289 ecclesiasticis
2750 1235 3147 1293 exsultabunt.

2147 1319 2331 1391 (Vers.
2358 1321 2412 1392 9,
2450 1322 2559 1393 10.)
2592 1323 2732 1391 Quia
2762 1326 3000 1379 contrivi
3029 1341 3124 1382 cor
3150 1342 3337 1382 eorum
3364 1329 3650 1400 fornicans
3679 1339 3730 1385 et

2076 1408 2324 1465 recedens
2355 1427 2395 1465 α
2423 1426 2531 1476 me,
2565 1416 2616 1466 et
2644 1413 2831 1468 oculos
2866 1430 3053 1469 eorum
3081 1415 3415 1485 fornicantes
3433 1422 3556 1488 post
3577 1418 3729 1474 idola

2072 1513 2192 1552 sua.
2226 1498 2293 1553 Et
2321 1498 2688 1569 displicebant
2710 1500 2927 1557 sibimet
2951 1518 3115 1574 super
3140 1503 3459 1576 malis,quse
3484 1509 3731 1577 fecerant

2073 1587 2133 1640 in
2161 1588 2433 1642 universis
2464 1589 2963 1645 abominationibus
3018 1593 3153 1647 suis.
3184 1594 3249 1648 Et
3277 1593 3447 1649 scient
3471 1597 3604 1666 quia
3632 1612 3726 1667 ego

2072 1675 2334 1730 Dominus
2362 1692 2473 1732 non
2501 1679 2713 1748 frustra
2743 1678 2952 1734 locutus
2974 1696 3115 1747 sum,
3147 1683 3208 1736 ut
3233 1685 3469 1750 [acerem
3497 1686 3577 1739 eis
3598 1701 3724 1741 ma-

2071 1764 2188 1819 lum
2216 1766 2332 1820 hoc.
2366 1764 2548 1820 Multa
2570 1766 2643 1821 de
2673 1766 2780 1822 hoc
2819 1768 3072 1839 capitulo
3102 1786 3135 1825 a
3169 1769 3303 1824 LXX
3334 1772 3726 1847 praetermissa

2072 1858 2230 1920 sunt,
2264 1852 2527 1926 illudque
2582 1859 2896 1924 mutatum,
2921 1858 3118 1928 juravi
3142 1858 3297 1914 cordi
3323 1875 3511 1916 eorum
3537 1862 3725 1933 forni-

2070 1943 2221 1997 canti
2240 1960 2259 1997 :
2284 1959 2386 2015 pro
2407 1960 2522 2014 quo
2546 1960 2650 1999 nos
2673 1945 2980 2015 posuimus
3000 1962 3011 2000 :
3028 1949 3265 2003 contrivi
3282 1964 3374 2004 cor
3391 1964 3583 2005 eorum
3603 1952 3722 2020 for-

2069 2033 2285 2089 nicans.
2304 2032 2531 2087 Juravit
2547 2037 2743 2088 autem
2756 2038 2930 2104 atque
2945 2035 3270 2091 decrevitse
3288 2037 3578 2093 facturum
3598 2055 3727 2095 esse

2070 2136 2196 2192 quae
2228 2137 2400 2192 opere
2430 2121 2811 2188 monstravit;
2851 2123 2969 2178 sive
3001 2124 3271 2181 contrivit
3302 2125 3596 2183 fornicans
3628 2144 3726 2185 cor

2067 2212 2125 2263 et
2150 2209 2422 2264 recedens
2451 2226 2483 2264 a
2506 2209 2852 2276 Deo,eorum
2882 2211 2954 2265 de
2984 2209 3201 2282 quibus
3231 2229 3333 2285 per
3360 2214 3505 2271 Osee
3529 2215 3721 2272 Domi-

2068 2314 2181 2352 nus
2236 2297 2494 2369 loquitur
2552 2314 2564 2352 :
2630 2297 2842 2369 Spiritu
2896 2300 3284 2370 fornicationis
3338 2302 3548 2358 seducti
3591 2313 3721 2361 sunt

2068 2385 2230 2456 (Osee
2260 2402 2336 2453 IV,
2378 2386 2484 2458 12).
2518 2387 2587 2441 Et
2628 2386 2828 2442 oculos
2855 2387 3213 2444 fornicantee
3243 2394 3379 2461 post
3407 2390 3583 2462 idola,
3616 2409 3720 2464 per

2067 2490 2320 2546 quorum
2352 2473 2639 2530 fenestras
2670 2491 2825 2530 mers
2856 2475 3106 2531 intrasse
3137 2476 3494 2547 perhibetur.
3529 2480 3714 2545 Quam

2066 2562 2139 2617 ob
2162 2578 2401 2618 causam
2425 2565 2483 2617 et
2503 2562 2561 2617 in
2585 2562 2822 2619 Daniele
2839 2563 2953 2619 duo
2976 2563 3297 2636 presbyteri
3321 2573 3721 2639 praeceperunt

2066 2649 2308 2706 revelari
2342 2651 2696 2719 Susannam,
2716 2655 2783 2706 ut
2815 2652 3016 2707 nudati
3049 2653 3308 2723 corporis
3329 2654 3532 2711 decore
3563 2656 3718 2712 frue-

2066 2743 2270 2794 rentur
2300 2739 2460 2809 (Dan.
2492 2740 2640 2806 xm).
2660 2738 2774 2793 Nec
2791 2739 3011 2795 frustra
3034 2738 3265 2795 locutus
3292 2745 3383 2797 est
3411 2744 3715 2814 Dominus,

2065 2831 2130 2882 ut
2158 2827 2371 2882 faceret
2398 2825 2620 2882 malum
2638 2825 2723 2882 vel
2755 2825 2930 2895 mala,
2953 2830 3190 2898 quando
3213 2828 3284 2884 ad
3310 2832 3716 2889 comminatio-

2064 2932 2197 2971 nem
2228 2916 2357 2988 ejus
2388 2920 2568 2987 agunt
2589 2914 2984 2987 pcenitentiam
3008 2917 3108 2988 qui
3131 2920 3430 2974 sententia:
3451 2920 3718 2992 subjace-

2064 3003 2225 3059 bant.
2257 3003 2354 3058 Sin
2377 3007 2573 3059 autem
2597 3019 2696 3058 cor
2724 3003 2939 3059 durum
2961 3004 3039 3059 sit
3059 3009 3115 3060 et
3135 3005 3595 3077 indomabile,ne
3616 3027 3721 3082 per

2065 3109 2266 3165 pmnas
2288 3092 2525 3164 quidem
2549 3092 2805 3148 sentiens
2828 3091 3111 3149 beneficia
3130 3094 3721 3167 corrigentis,dicitur

2064 3183 2136 3237 ad
2156 3198 2253 3237 eos
2273 3200 2292 3235 :
2312 3181 2441 3236 Sine
2458 3198 2625 3236 causa
2641 3183 2886 3252 percussi
2906 3181 3060 3253 ﬁlios
3078 3187 3281 3239 vestros
3319 3201 3331 3239 :
3367 3184 3719 3257 disciplinam

2061 3286 2173 3327 non
2202 3271 2501 3342 recepistis.
2544 3271 2676 3343 (Jer.
2712 3287 2771 3338 11,
2804 3271 2916 3341 30).
2947 3270 3192 3327 Prodest
3220 3278 3417 3330 autem
3449 3278 3507 3330 et
3539 3274 3715 3332 haere-

2063 3359 2214 3431 ticis,
2239 3363 2305 3415 ut
2352 3362 2685 3414 conteratur
2713 3375 2813 3414 cor
2832 3375 3056 3427 eorum,
3076 3360 3394 3418 thesaurus
3419 3363 3715 3434 pessimus

2063 3449 2403 3520 dogmalum
2437 3463 2865 3519 perversorum,
2885 3448 3026 3519 quia
3047 3450 3288 3505 recessit
3318 3467 3352 3506 a
3382 3452 3715 3524 Domino,et

2061 3537 2418 3594 fornicantes
2435 3536 2586 3592 oculi
2609 3540 2741 3608 post
2769 3537 3219 3594 adinventiones
3249 3555 3407 3596 suas.
3440 3541 3548 3605 Qui
3578 3557 3709 3597 cum

2061 3625 2292 3682 Domini
2325 3624 2542 3681 fuerint
2570 3625 2881 3695 recordati,
2914 3625 3309 3699 displicebunt
3338 3627 3451 3683 sibi
3490 3629 3551 3685 in
3584 3622 3713 3684 uni;

2060 3714 2244 3770 versis
2275 3712 2813 3770 abominationibus
2863 3714 3008 3784 suis,
3034 3719 3092 3771 et
3142 3714 3535 3788 intelligentes
3566 3734 3712 3774 verte

2061 3803 2209 3858 fidaei
2239 3803 2562 3873 veritatem,
2596 3803 2782 3857 scient
2821 3803 2960 3875 quia
3006 3803 3130 3875 ipse
3162 3804 3237 3859 sit
3267 3806 3370 3861 60
3410 3806 3711 3863 Dominus.

2061 3891 2169 3957 Qui
2200 3891 2416 3947 idcirco
2439 3908 2592 3963 saepe
2621 3891 2797 3946 infert
2825 3891 3285 3964 tribulationem,
3319 3910 3447 3966 quae
3487 3896 3711 3967 patien-

2059 3980 2220 4035 tibus
2248 3979 2574 4051 perniciosa
2592 3979 2821 4034 videtur
2839 3984 2896 4036 et
2916 3980 3267 4051 pessima,ut
3295 3982 3366 4037 ad
3398 3983 3711 4054 paenitudi-

2060 4085 2195 4124 nem
2227 4073 2661 4123 convertantur.

2128 4157 2317 4227 (Vers.
2349 4157 2460 4227 11.)
2486 4158 2612 4212 Ilazc
2630 4156 2768 4210 dicit
2801 4157 3066 4213 Dominus
3086 4161 3231 4214 Deus
3256 4176 3270 4214 :
3292 4163 3514 4228 percute
3543 4177 3714 4215 manu

2060 4251 2184 4315 tua,
2212 4249 2262 4300 ei
2290 4245 2461 4300 allide
2485 4245 2679 4316 pedem
2701 4247 2879 4316 tuum,
2931 4250 2982 4301 et
3026 4246 3115 4302 die
3166 4263 3178 4301 :
3232 4248 3380 4303 heu!
3429 4248 3500 4304 ad
3528 4264 3714 4306 omnes

2059 4336 2497 4392 abominationes
2525 4334 2796 4389 malorum
2819 4335 3010 4391 domus
3038 4336 3709 4409 lsrael.Magnitudinem

2057 4428 2427 4497 peccatorum
2450 4423 2696 4493 jubetur
2727 4423 3015 4495 Propheta
3039 4425 3313 4482 manibus
3345 4426 3712 4498 pedibusque

298 4513 739 4569 recordabuntur
788 4516 902 4569 mei
930 4515 1150 4570 liberati
1168 4516 1337 4569 vestri
1357 4515 1418 4569 in
1444 4515 1709 4585 gentibus,
1732 4515 1810 4570 atl
1830 4532 1961 4586 quas
1990 4520 2037 4584 Β
2068 4531 2133 4569 ac
2153 4529 2425 4569 sermone
2446 4514 2864 4580 monstrare,ut
2877 4518 3047 4585 gestu
3095 4514 3356 4586 corporis
3379 4531 3445 4570 ac
3469 4514 3542 4587 (a)
3564 4513 3709 4571 indi-

297 4604 508 4673 caplivi
539 4603 692 4659 ducti
716 4609 869 4658 sunt.
905 4603 1055 4658 Illud
1085 4604 1239 4675 quod
1273 4603 1558 4659 Dominus
1587 4602 1847 4675 loquitur
1873 4605 1945 4660 ad

296 4691 483 4748 Eliam
519 4708 531 4747 :
566 4693 782 4765 Reliqui
810 4692 953 4747 mihi
978 4701 1180 4764 septem
1208 4692 1397 4749 millia
1444 4693 1691 4748 virorum
1719 4695 1817 4765 qui
1840 4710 1949 4750 non

295 4786 656 4837 curverarunt
683 4798 825 4853 genu
852 4782 1011 4837 Baal.
1045 4780 1144 4855 (Ill
1176 4783 1298 4852 Reg.
1329 4798 1446 4848 χιχ,
1475 4781 1564 4853 48)
1596 4797 1608 4835 :
1644 4786 1700 4836 et
1728 4780 1948 4837 Paulus

298 4869 598 4939 apostolus
628 4870 832 4926 scribit
864 4885 878 4925 :
908 4872 976 4925 Et
1007 4886 1154 4925 nunc
1182 4871 1242 4924 in
1273 4870 1370 4925 hoc
1426 4877 1660 4940 tempore
1687 4869 1949 4943 reliquiae

250 4985 253 4988 ‹
298 4957 597 5012 secundum
651 4959 972 5016 electionem
1022 4960 1219 5030 gratiae
1265 4959 1364 5015 59
1414 4959 1578 5014 salva
1627 4960 1792 5030 factm
1818 4968 1948 5015 sunt

299 5046 578 5118 (Rom.x1,
627 5046 706 5114 5),
766 5052 954 5118 potest
1009 5047 1146 5103 huic
1195 5045 1448 5119 capitulo
1495 5047 1821 5103 convenire.
1877 5048 1947 5103 Et

301 5132 559 5206 Apostoli
593 5132 770 5202 enim,
799 5137 897 5207 qui
928 5140 1095 5192 erant
1124 5136 1194 5192 de
1225 5135 1448 5192 semine
1479 5135 1677 5205 Israel,
1710 5140 1767 5192 et
1819 5135 1946 5207 gla-

298 5222 460 5279 dium
490 5223 781 5295 fugerant,
812 5222 1026 5280 idcirco
1059 5228 1198 5280 sunt
1226 5224 1521 5296 reservati,
1556 5229 1621 5281 ut
1650 5224 1944 5301 disperge-

300 5317 502 5368 rentur
531 5310 591 5366 in
622 5314 808 5367 terras
839 5312 944 5383 [Αἰ.
978 5312 1267 5387 terris],et
1295 5315 1354 5368 in
1385 5313 1659 5386 gentibus
1688 5301 1944 5384 Evange-

298 5400 445 5456 lium
474 5398 951 5472 praedicarent,ac
980 5401 1423 5457 recordarentur
1442 5401 1500 5457 in
1523 5389 1798 5474 gentibus
1822 5400 1941 5468 Dei,

2056 4602 2330 4676 gnatione
2360 4600 2539 4668 vocis,
2586 4600 2854 4655 habitum
2910 4603 3201 4674 stupentis
3236 4602 3624 4676 mirantisque
3653 4608 3710 4660 et

2057 4690 2341 4764 plorantis
2354 4690 2954 4754 ostendat.Quomodo
2976 4691 3133 4746 enim
3157 4691 3203 4747 si
3231 4693 3465 4764 quando
3489 4708 3702 4748 novum

2056 4779 2278 4852 aliquid
2322 4778 2775 4850 mirandumque
2814 4777 3231 4850 conspicimus,
3279 4784 3401 4837 tam
3469 4796 3707 4852 corpore

2055 4885 2234 4941 quam
2262 4866 2458 4922 animo
2476 4865 3088 4938 perhorrescimus,ita
3122 4872 3187 4923 ut
3218 4867 3706 4941 complaudamus

2057 4960 2356 5024 manus,et
2381 4956 2558 5027 pedes
2586 4954 2899 5011 allidamus
2916 4957 2988 5011 ad
3008 4960 3307 5025 terram,et
3324 4973 3522 5013 vocem
3544 4955 3708 5012 incli-

2055 5061 2265 5101 nemus
2297 5045 2368 5099 ad
2414 5044 2615 5100 fletum
2642 5061 2655 5111 ;
2680 5044 2763 5099 sic
2786 5060 2943 5100 nunc
2975 5044 3161 5101 oculis
3201 5045 3385 5102 animi
3421 5045 3708 5119 propheta

2055 5150 2300 5190 cernens
2316 5137 2559 5189 ventura
2579 5131 2964 5205 supplicia,ad
2991 5132 3295 5189 universas
3313 5134 3707 5191 abominatio-

2055 5238 2159 5279 nes
2181 5221 2471 5278 malorum
2493 5221 2704 5277 domus
2726 5219 2901 5276 Israel
2927 5218 3185 5293 loquitur
3205 5240 3331 5295 quae
3352 5227 3705 5296 sequuntur.

2053 5310 2421 5368 Percutimus
2444 5309 2827 5383 spiritualiter
2865 5313 3308 5383 manu,quando
3330 5330 3365 5368 a
3399 5311 3574 5369 malis
3596 5328 3704 5368 nos

2053 5399 2327 5473 operibus
2350 5415 2710 5472 separamus.
2732 5399 3045 5456 Allidimus
3063 5402 3289 5473 pedem,
3317 5401 3552 5473 quando
3584 5417 3701 5456 non

372 5542 451 5616 (α)
484 5542 603 5596 Duo
632 5540 852 5614 quibus
882 5544 1106 5597 utimur
1163 5558 1331 5612 mss.,
1380 5547 1507 5600 tum
1539 5540 1794 5600 Brixiani
1824 5540 2050 5614 aliquot
2070 5542 2327 5599 Victorio
2356 5540 2623 5615 inspecti,
2656 5543 3019 5601 inclinatione
3047 5543 3143 5600 hic
3172 5543 3391 5599 habent
3420 5560 3524 5616 pro
3550 5543 3699 5600 indi-

296 5614 572 5686 gnatione.

2410 5774 2439 5796 δ
