4052 6180
226 354 301 420 et
842 351 1588 417 COMMENTARIORU‘M
1633 349 1712 410 IN
1758 344 2260 409 EZECHIELEM
2304 348 2454 407 LIB.
2502 346 2579 408 ll.
2627 349 2800 410 CAP.
2847 348 2976 410 vn.
3533 342 3616 415 es

230 485 733 564 gradimuritinero
750 490 1140 560 peccatorum.
1160 485 1508 559 Plangimus
1526 488 1701 556 atque
1725 482 1852 557 plo-
1879 480 1936 547 Α
1967 481 2256 538 bonorum
2273 497 2515 553 operum
2533 496 2650 538 non
2663 454 2961 540 habebant
2980 500 2994 553 ;
3020 481 3122 556 qui
3138 483 3424 541 erantsub
3447 484 3613 542 omni

230 595 435 644 ramus,
452 578 684 650 quando
703 577 872 634 nobis
883 576 1199 648 displicent
1221 592 1351 647 quae
1370 579 1671 647 geruntur.
1689 574 1850 640 Quod

229 666 533 725 ostenditur
560 667 756 734 verbo,
780 668 907 722 heu.
934 671 1037 721 Pro
1059 683 1174 738 quo
1201 664 1413 737 Aquila
1434 665 1852 735 interpretatus

228 761 308 812 est
350 752 381 808 ii
435 752 487 823 ἄ,
524 755 913 826 Symmachus
971 751 1314 828 σχετλίασον,
1357 754 1513 825 quod
1564 752 1858 824 signiﬁcat

231 846 535 913 lamentare,
561 844 648 900 vel
674 845 895 916 plunge.
922 844 1064 899 LXX
1094 848 1151 899 et
1180 842 1500 898 Theodotio
1531 845 1674 915 εὖγε,
1700 841 1855 913 quod

229 935 403 1005 magis
430 933 769 989 insultantis
799 937 889 989 est
919 949 1097 1004 quam
1129 932 1479 1005 plangentis.

294 1024 395 1091 Qui
419 1023 619 1091 gladio.
648 1024 796 1092 fame
824 1032 876 1078 et
893 1026 1038 1094 peste
1067 1024 1278 1077 ruituri
1306 1024 1454 1076 sunt.
1480 1024 1610 1077 Haec
1641 1025 1731 1077 est
1761 1038 1860 1075 au-

230 1114 339 1166 tem
359 1127 523 1166 causa
541 1111 881 1183 plangendi,
901 1111 1055 1183 quod
1083 1110 1439 1165 habitatores
1466 1108 1778 1176 montium,
1803 1112 1861 1164 et

231 1216 441 1256 ararum
468 1199 882 1271 idolorumque
909 1199 1161 1255 cultores
1191 1198 1407 1271 gladio,
1431 1199 1583 1254 fame
1613 1204 1669 1254 et
1700 1203 1860 1270 peste

232 1288 421 1344 ruituri
449 1293 609 1344 sunt.
643 1288 755 1352 Qui
772 1288 952 1344 variis
979 1289 1276 1343 ducuntur
1298 1287 1616 1357 erroribus,
1638 1292 1693 1343 et
1713 1304 1856 1358 quo-

230 1376 355 1431 tidie
385 1382 615 1432 mutant
646 1377 847 1444 ﬁdem,
868 1376 1479 1448 circumferunturque
1499 1377 1659 1430 omni
1688 1379 1857 1431 vento

233 1464 481 1521 doctrinm
517 1482 531 1520 :
567 1465 667 1520 isti
720 1465 1027 1520 cmduntur
1061 1464 1275 1536 gladio,
1312 1468 1371 1519 et
1414 1464 1756 1519 dividuntur
1797 1464 1860 1518 in

231 1563 418 1625 partes,
465 1554 756 1608 unitatem
814 1551 1225 1609 Ecclesiaeticze
1276 1553 1407 1609 ﬁdei
1442 1552 1858 1624 relinquentes.

228 1642 323 1705 Qui
336 1657 462 1697 vero
474 1641 820 1714 spirituales
833 1659 945 1697 non
963 1642 1137 1697 habet
1153 1641 1572 1712 ciboe,fame(a)
1588 1641 1859 1709 moritur,

226 1729 468 1785 nesciens
499 1745 641 1785 eum
668 1730 768 1801 qui
802 1729 982 1784 dixit:
1016 1732 1122 1801 Ego
1141 1747 1263 1785 sum
1290 1732 1407 1786 vita
1435 1730 1613 1802 (Joan.
1636 1747 1752 1796 xw,
1780 1730 1858 1801 6).

225 1818 378 1913 Porro
415 1818 517 1892 qui
545 1819 638 1875 vel
671 1818 944 1892 singulis,
977 1818 1065 1913 vel
1113 1819 1384 1913 pluribus
1416 1819 1649 1875 deditus
1679 1818 1857 1889 vitiis,
1890 1849 1938 1913 B

223 1907 285 1962 ab
309 1908 387 1963 eis
415 1925 531 1964 non
564 1910 759 1980 potest
789 1907 1069 1978 separari,
1094 1907 1264 1979 quasi
1295 1909 1594 1980 quondam
1624 1911 1859 1963 veterno

222 1995 547 2068 pestilentiae
598 1997 710 2068 [ΑΙ.
748 1997 1003 2067 quadam
1050 1997 1284 2053 uterina
1329 1995 1682 2068 pestilentia]
1728 2013 1860 2053 cor-

223 2085 343 2141 ruit.

286 2171 458 2244 (Vere.
493 2174 604 2245 l2.)
627 2172 733 2241 Qui
754 2172 911 2243 longe
938 2176 1037 2239 est,
1057 2180 1203 2244 peste
1218 2173 1520 2229 morietur:
1554 2176 1651 2245 qui
1671 2177 1860 2230 autem

232 2276 382 2333 prape
410 2270 506 2327 est,
536 2260 729 2332 gladio
758 2264 999 2327 corruet,
1031 2266 1083 2316 et
1114 2263 1212 2333 qui
1241 2263 1462 2318 relictus
1498 2264 1669 2333 fuerit
1699 2266 1864 2336 atque

240 2350 595 2406 circumdatus
641 2348 834 2421 [Vulg
884 2357 941 2405 et
966 2350 1250 2420 obsessus],
1300 2352 1452 2420 fame
1477 2353 1765 2419 morietur,
1813 2360 1864 2408 et

227 2439 447 2509 implebo
474 2438 669 2510 (Vulg.
688 2438 994 2509 complebo]
1025 2438 1458 2509 indignationem
1476 2456 1655 2494 meum
1683 2442 1744 2495 in
1762 2442 1860 2496 eis.

228 2525 324 2589 Qui
343 2526 705 2581 obsidionem
732 2527 901 2582 urbis
924 2527 1212 2597 ell‘ugerit,
1237 2531 1293 2581 et
1314 2527 1384 2581 ad
1407 2527 1637 2583 deserta
1655 2529 1865 2599 migra-

225 2613 377 2682 verit,
410 2619 575 2687 peste
622 2615 943 2682 morietur;
985 2613 1086 2686 qui
1117 2631 1297 2686 prope
1336 2615 1528 2687 fuerit,
1563 2614 1729 2671 cadet
1761 2619 1854 2672 01

225 2701 467 2758 hostium
488 2702 709 2774 gladio.
735 2705 920 2768 Quem
942 2706 1136 2758 autem
1160 2704 1610 2760 circumdederit
1630 2705 1864 2761 hostilis

225 2792 512 2863 exercitus,
532 2792 688 2848 tame
707 2792 972 2848 interibit
991 2797 1045 2847 et
1070 2792 1347 2862 penuria:
1373 2785 1430 2847 in
1448 2792 1658 2865 hisque
1680 2794 1865 2849 omni-

225 2879 677 2952 busimplebitur
690 2879 1019 2953 indignatio
1045 2881 1163 2947 Dei,
1183 2885 1248 2936 ut
1267 2885 1622 2953 cognoscant
1643 2882 1743 2953 qui
1765 2900 1852 2939 re-

227 2970 558 3038 manserint,
592 2968 734 3041 quia
762 2968 887 3041 ipse
918 2970 1005 3024 sit
1024 2969 1328 3025 Dominus.
1363 2970 1471 3036 Qui
1503 2972 1575 3026 ab
1607 2971 1865 3027 Ecclesia

227 3074 439 3129 quoque
470 3045 808 3125 recesseril,
842 3057 1037 3113 statim
1075 3062 1235 3129 peste
1257 3060 1557 3114 morietur.
1586 3061 1691 3124 Qui
1722 3060 1865 3117 scio-

226 3143 310 3201 lus
325 3146 431 3201 sibi
447 3146 689 3202 videtur
708 3151 767 3201 et
798 3145 1066 3219 diligens,
1092 3146 1203 3202 nisi
1229 3148 1461 3216 caverit,
1480 3148 1673 3221 gladio
1697 3149 1863 3205 ferie-

1964 586 2182 643 quercu
2215 570 2511 640 frondosa,
2537 587 2663 642 quae
2694 588 2810 627 non
2842 573 3008 629 affert
3031 575 3255 630 fructus
3277 573 3608 645 hominum,

1964 661 2064 717 sed
2084 676 2394 732 porcorum
2419 678 2431 715 :
2452 660 2551 716 ubi
2567 662 2958 717 accenderunt
2971 663 3146 719 thura
3159 663 3478 720 redolentia
3494 681 3611 721 non

1964 750 2101 821 Deo,
2135 750 2236 806 sed
2266 749 2440 806 idolis
2482 750 2625 806 suis.
2660 750 2775 807 Nec
2806 750 2994 807 dicere
3043 757 3310 825 poterant
3353 754 3509 826 quod
3542 755 3614 810 de

1964 839 2083 895 Noe
2101 839 2386 911 scriptum
2409 844 2499 895 est
2521 857 2534 894 :
2562 839 2823 897 Odoralus
2844 844 2921 895 est
2936 842 3198 897 Dominus
3217 842 3437 898 odorem
3460 844 3616 901 bonae

1964 919 2297 1000 fragrantia:
2313 927 2462 1000 (Gen.
2482 944 2601 995 VIII,
2620 930 2711 999 21)
2733 946 2745 985 :
2768 932 2823 984 et
2839 929 2897 984 id
2918 931 3071 1000 quod
3088 930 3305 985 Paulus
3321 931 3610 1003 loquitur:
3676 980 3681 985 κ

1968 1016 2173 1072 Christi
2220 1017 2387 1071 bonus
2431 1017 2562 1072 odor
2589 1034 2777 1073 sumus
2807 1020 2910 1073 Deo
2939 1020 3000 1072 in
3047 1018 3198 1073 omni
3238 1017 3352 1075 loco
3382 1020 3454 1089 (II
3486 1020 3611 1076 Cor.

1970 1122 2030 1173 ιι,
2064 1104 2174 1176 15).
2211 1094 2510 1169 Quomodo
2542 1110 2735 1161 autem
2768 1110 3004 1162 sanctus
3037 1108 3211 1162 odore
3231 1123 3338 1162 suo
3370 1108 3617 1164 delectat

1970 1199 2149 1250 Deum
2183 1211 2196 1249 :
2233 1194 2315 1250 sic
2346 1199 2613 1265 peccator
2641 1212 2710 1250 ex
2739 1196 2910 1265 cujus
2942 1212 3190 1267 persona
3219 1195 3485 1267 psalmus
3515 1195 3616 1253 ille

1967 1287 2238 1338 cantatur
2269 1301 2281 1338 :
2317 1283 2776 1354 Camputrucrunt
2802 1294 2854 1340 et
2883 1289 3151 1356 corruptae
3177 1290 3311 1340 sunt
3338 1287 3618 1343 cicatrices

1966 1386 2106 1429 mea
2152 1388 2185 1426 α
2231 1374 2376 1443 facie
2420 1374 2762 1443 insipientia:
2808 1388 2947 1430 meae
2994 1374 3105 1444 (Ps.
3156 1390 3374 1433 xxxvu.
3417 1376 3494 1446 6),
3528 1392 3618 1431 ac-

1970 1460 2163 1516 cendit
2191 1459 2364 1516 idolis
2386 1460 2510 1516 suis
2540 1462 2717 1517 thura
2746 1461 3102 1517 fmtentia.ld
3136 1462 3290 1532 quod
3314 1479 3419 1518 nos
3442 1463 3622 1519 inter-

1970 1548 2177 1621 pretati
2200 1565 2429 1619 sumus,
2453 1551 2513 1605 in
2533 1552 2741 1606 cunctis
2763 1550 3295 1606 62summitatibus
3314 1554 3615 1608 montium:

1969 1642 2027 1693 et
2057 1642 2189 1710 post
2219 1637 2522 1709 paululum
2542 1657 2555 1694 :
2572 1642 2635 1694 Et
2650 1642 2834 1696 subter
2854 1641 3170 1696 universam
3190 1655 3451 1710 quercum
3464 1653 3618 1711 [ron-

1968 1726 2175 1797 dosam,
2208 1726 2349 1781 LXX
2379 1726 2765 1798 reliquerunt.

2041 1812 2228 1886 (Vere.
2264 1816 2372 1887 14.)
2404 1816 2469 1870 Et
2513 1817 2808 1872 extendam
2837 1833 3065 1872 manum
3089 1833 3272 1872 meam
3317 1833 3484 1890 super
3510 1834 3617 1889 eos,

1969 1908 2020 1959 et
2046 1906 2252 1975 faciam
2284 1912 2489 1960 terram
2537 1905 2864 1973 desolatam,
2896 1913 2948 1961 et
2991 1906 3302 1962 destitutum
3351 1924 3382 1962 a
3414 1906 3625 1962 deserta

1970 1993 2248 2064 Deblatha,
2281 1997 2341 2049 in
2384 1995 2636 2050 omnibus
2663 1996 3092 2051 habitationibus
3131 2012 3324 2051 eorum
3352 2000 3410 2051 et
3454 1997 3627 2051 scient

1969 2085 2099 2153 quia
2127 2099 2222 2152 ego
2254 2085 2534 2139 Dominus.
2571 2083 2614 2138 Ο
2648 2087 2876 2139 montes
2923 2084 3125 2151 Israel,
3158 2101 3291 2140 cum
3323 2084 3613 2141 interfecti

1969 2171 2144 2247 vestri
2175 2171 2489 2228 ceciderint
2517 2173 2577 2227 in
2608 2172 2799 2227 medio
2831 2190 3065 2228 ararum
3091 2172 3502 2246 idolorumque
3522 2189 3619 2229 ve-

1972 2264 2227 2316 strorum
2260 2260 2318 2316 in
2343 2262 2501 2316 omni
2535 2261 2678 2317 colle
2706 2261 2953 2330 excelso,
2978 2262 3036 2316 in
3068 2261 3298 2319 cunctis
3329 2262 3621 2317 montium
3721 2307 3729 2315 .

1972 2349 2437 2418 summitatibus;
2459 2366 2711 2423 cumque
2728 2351 3090 2424 complevero
3108 2350 3271 2407 lucos
3292 2355 3517 2408 vestros
3535 2367 3626 2407 ca-

1972 2438 2281 2494 daveribus
2302 2443 2687 2506 mortuorum,
2709 2441 2768 2494 in
2786 2439 3000 2511 quibus
3023 2440 3323 2511 quondam
3347 2439 3622 2495 accende-

1973 2531 2111 2582 runt
2157 2527 2331 2581 tbura
2375 2526 2551 2582 idolis
2582 2528 2708 2582 suis
2756 2527 3099 2598 redolentia,
3130 2532 3272 2582 tunc
3316 2528 3624 2583 extendam

1974 2631 2214 2670 manum
2249 2632 2441 2671 meam
2475 2615 2547 2670 ad
2588 2615 2894 2682 ultionem,
2926 2632 3055 2686 quae
3086 2617 3274 2671 fuerat
3315 2616 3623 2687 hucusque

1973 2708 2288 2775 contracta,
2321 2709 2378 2759 et
2430 2703 2690 2776 redigam
2723 2706 3057 2761 universam
3087 2709 3307 2760 terram
3358 2703 3530 2761 Israel
3564 2704 3626 2759 in

1973 2792 2375 2858 solitudinem,
2407 2809 2441 2848 a
2483 2792 2709 2848 deserto
2752 2791 3059 2858 Deblatha,
3087 2810 3215 2864 quae
3248 2796 3336 2848 est
3383 2793 3444 2848 in
3473 2796 3632 2849 terra

1972 2881 2203 2953 Emath,
2259 2898 2385 2953 quae
2432 2880 2607 2937 hodie
2647 2886 2889 2938 vocatur
2937 2880 3265 2954 Epiphania
3316 2882 3515 2954 Syriae,
3568 2883 3629 2938 in

1974 2971 2200 3027 cunctis
2231 2969 2695 3027 habitationibus
2746 2987 2949 3027 eorum
2981 2988 2995 3039 ;
3027 2975 3093 3025 ut
3121 2971 3399 3026 omnibus
3431 2975 3629 3043 pateat

1974 3059 2119 3115 nihil
2153 3076 2280 3114 esse
2309 3059 2460 3114 inter
2481 3059 2859 3115 solitudinem
2881 3063 2939 3115 et
2960 3075 3120 3115 mare
3147 3058 3447 3133 Magnum,
3473 3060 3630 3131 quod

1974 3165 2092 3204 non
2140 3146 2375 3203 hostilis
2424 3164 2627 3203 mucro
2685 3148 3138 3220 consumpserit.
3190 3148 3357 3203 Multi
3412 3151 3629 3220 putant

226 3237 311 3287 tur
336 3233 581 3289 inimici.
606 3233 718 3299 Qui
750 3233 1001 3305 simplici
1018 3237 1331 3290 contentus
1361 3236 1493 3305 fide,
1520 3236 1708 3292 instar
1729 3238 1867 3292 bru-
1895 3213 1938 3281 (ἶ
1976 3232 2247 3293 eumdem
2290 3252 2420 3291 esse
2449 3235 2662 3303 locum,
2694 3235 2766 3291 de
2797 3252 2912 3308 quo
2948 3237 3006 3290 in
3055 3235 3311 3292 Jeremia
3338 3235 3627 3307 scriptum

229 3325 401 3377 torum
424 3322 824 3378 animantium
847 3326 1111 3378 vereatur
1133 3323 1371 3395 quidem
1394 3324 1453 3378 in
1476 3324 1750 3390 Ecclesia,
1765 3328 1866 3382 sed

229 3413 406 3466 tamen
438 3412 502 3467 in
562 3410 729 3466 nullo
761 3411 914 3467 bono
953 3428 1125 3483 opere
1170 3412 1430 3483 proﬁcit;
1464 3429 1571 3469 nec
1609 3413 1871 3471 imitator

231 3502 307 3554 est
326 3498 753 3570 formicm,quaa
786 3500 844 3554 in
869 3516 1059 3556 messe
1079 3505 1365 3572 praeparat
1380 3501 1492 3557 sibi
1511 3502 1671 3557 cibos
1695 3506 1869 3575 atque

228 3592 558 3659 comportat,
591 3588 705 3644 iste
753 3589 907 3644 fame
936 3588 1237 3660 morietur,
1271 3596 1327 3645 et
1358 3589 1416 3645 in
1469 3589 1563 3645 his
1593 3591 1868 3648 omnibus

227 3673 559 3745 implebitur
587 3677 679 3732 ira
707 3676 964 3732 Domini.

291 3766 468 3835 (Vere.
507 3765 626 3836 13.)
651 3769 716 3821 Et
744 3766 924 3820 scietis
942 3765 1075 3838 quia
1102 3781 1196 3836 ego
1216 3767 1625 3834 Dominus,cum
1655 3771 1873 3839 fuerint

233 3854 493 3924 interfecti
508 3857 683 3909 vestri
694 3856 759 3909 in
767 3854 944 3909 medio
956 3854 1228 3910 idolorum
1240 3864 1557 3924 vestrorum,
1558 3873 1660 3927 per
1672 3858 1870 3912 circui-

230 3942 333 3994 tum
359 3959 592 3997 ararum
608 3946 919 3998 vestrarum
946 3944 1005 3997 in
1026 3943 1163 3999 colle
1192 3945 1402 3999 excelso
1422 3943 1611 4016 [Vulg.
1635 3945 1697 4000 in
1716 3948 1869 4001 omni

134 4096 141 4099 _
228 4029 374 4101 colle]
405 4047 423 4083 ε
454 4032 521 4083 in
565 4032 773 4086 cunctis
818 4033 1232 4087 summitatibus
1276 4035 1570 4100 montium,
1600 4043 1651 4090 et
1682 4036 1869 4091 subter

228 4131 383 4173 omne
408 4119 620 4187 lignum
645 4135 1013 4188 nemorosum,
1044 4125 1094 4176 et
1121 4123 1307 4177 subter
1356 4124 1674 4179 universam
1703 4140 1863 4195 quer-

227 4221 341 4260 cum
366 4207 685 4277 frondosam
719 4225 732 4263 :
766 4210 946 4264 locum
976 4210 1076 4264 ubi
1118 4210 1486 4266 accenderunt
1520 4213 1685 4267 thura
1712 4214 1868 4269 redo-

228 4294 383 4351 lentia
399 4299 676 4353 universis
698 4297 863 4353 idolis
878 4299 1011 4353 suis.
1032 4298 1414 4370 Perspicuum
1433 4304 1521 4355 est
1530 4301 1699 4370 juxta
1715 4301 1751 4355 li
1762 4306 1868 4358 tte-
1895 4373 1898 4376 ,

231 4398 363 4451 ram,
392 4390 451 4440 et
482 4386 964 4458 interpretatione
996 4403 1110 4441 non
1143 4387 1384 4460 indiget,
1401 4389 1553 4459 quod
1576 4388 1634 4445 in
1654 4391 1867 4445 monti—

232 4470 329 4526 bus
356 4473 557 4544 Israel,
593 4474 740 4529 etin
771 4473 1012 4531 excelsis
1044 4474 1313 4543 collibus,
1348 4476 1499 4532 inter
1528 4477 1658 4549 ipsa
1682 4477 1867 4534 idolo-

1976 3333 2066 3382 est
2099 3343 2111 3382 :
2143 3326 2208 3381 Et
2247 3324 2722 3397 apprehenderunt
2748 3324 3027 3382 Sedeciam
3056 3327 3118 3380 in
3152 3325 3356 3381 deserto
3385 3325 3526 3397 quod
3554 3340 3631 3380 est

1967 3416 2131 3486 juxta
2159 3415 2394 3483 Iericho,
2428 3430 2483 3469 es
2525 3415 2703 3469 omnis
2733 3416 3022 3470 comitatus
3057 3415 3178 3481 eius
3201 3414 3420 3485 diﬂugit
3447 3413 3515 3469 ab
3544 3429 3623 3469 eo.

1978 3503 2220 3574 Cumque
2242 3502 2777 3575 comprehendissent
2802 3519 3004 3571 regem,
3032 3503 3385 3558 adduxerunt
3414 3519 3540 3557 eum
3559 3501 3629 3556 ad
3655 3567 3664 3576 κ

1976 3609 2158 3663 regem
2185 3592 2484 3663 Babylonis
2514 3594 2570 3647 in
2600 3592 2885 3659 Deblatha,
2906 3608 3030 3664 quae
3053 3595 3130 3648 est
3158 3593 3216 3647 in
3248 3600 3399 3648 terra
3427 3591 3630 3647 Emath

1976 3681 2104 3754 (Jer.
2137 3698 2328 3751 xxxxx,
2358 3681 2436 3749 5).
2472 3680 2667 3736 Potest
2694 3684 2750 3736 et
2778 3681 2850 3736 ob
2890 3680 3143 3734 vicinam
3175 3678 3626 3735 similitudinem

1975 3785 2188 3825 unum
2221 3774 2279 3824 et
2317 3786 2442 3833 ass,
2475 3780 2528 3835 Ἷ,
2561 3781 2612 3836 Ἶ,
2649 3768 3064 3824 Hebraicarum
3114 3767 3468 3833 litterarum,
3501 3783 3627 3837 quae

1976 3874 2150 3931 parvo
2163 3856 2325 3928 apice
2341 3856 2806 3928 distinguuntur,
2820 3855 2909 3911 vel
2923 3855 3210 3911 Deblatha
3238 3854 3326 3910 vel
3346 3855 3630 3910 Reblatha

1977 3964 2048 4017 ap
2059 3944 2283 4019 pellari.
2302 3945 2479 4000 Juxta
2493 3944 2772 4016 mysticos
2790 3947 2986 4000 autem
3001 3943 3334 4000 intellectus
3345 3989 3357 4011 ,
3368 3943 3630 3999 extendit

1978 4033 2255 4092 Dominus
2268 4049 2510 4089 manum
2524 4048 2691 4089 suam
2706 4048 2883 4106 super
2896 4048 3100 4089 omnes
3112 4032 3210 4106 qui
3226 4032 3495 4088 haeretica
3511 4033 3629 4088 fue-

1982 4129 2329 4180 ranterrore
2351 4123 2572 4195 decepti
2585 4127 2670 4191 ,ut
2681 4127 2897 4179 terram
2910 4139 3267 4195 eorum,quae
3288 4121 3631 4194 interpreta-

1973 4217 2073 4269 tur
2101 4212 2378 4278 Ecclesia,
2411 4212 2585 4268 faciat
2631 4212 2954 4269 desolatam
2986 4230 3019 4267 a
3052 4213 3279 4268 deserto
3324 4210 3629 4276 Deblatha,

1977 4303 2131 4375 quod
2147 4301 2205 4356 in
2222 4301 2422 4374 lingua
2434 4305 2635 4357 nostra
2646 4297 3036 4369 italum,th
3055 4298 3630 4370 est,massamﬁcorum

1978 4394 2170 4459 sonat,
2189 4389 2800 4461 caricarumqueinter
2827 4405 2889 4445 se
2918 4393 3451 4461 compactarum,ut
3471 4393 3631 4460 post-

1978 4495 2157 4550 quam
2192 4479 2251 4532 in
2293 4478 2572 4534 simulata
2601 4477 2928 4542 dulcedine,
2963 4496 3091 4551 quas
3143 4495 3260 4533 non
3310 4481 3435 4533 erat
3465 4480 3630 4533 terrae

230 4574 347 4615 rum
377 4560 590 4617 altaria
618 4562 904 4634 lucosque
929 4562 1072 4637 quia
1092 4562 1465 4635 appellantur
1493 4565 1652 4637 ligna
1676 4583 1874 4623 nemo-
1906 4577 1953 4641 ι)
1985 4567 2173 4634 cultae,
2220 4566 2322 4622 sed
2371 4566 2728 4634 solitudinis,
2764 4567 3244 4636 amaritudinem,
3289 4566 3631 4639 repererint,

232 4662 370 4713 rosa,
404 4649 764 4706 Israeliticae
797 4652 875 4706 sit
909 4667 1094 4708 caesus
1124 4652 1433 4719 exercitus,
1455 4657 1521 4709 ut
1548 4655 1647 4709 ubi
1679 4672 1877 4726 pecca-

230 4742 437 4806 verant,
468 4739 555 4793 ibi
600 4740 970 4811 punirentur.
1002 4742 1173 4796 Juxta
1223 4758 1519 4815 anagogeu
1556 4759 1876 4815 sequamur

231 4825 483 4883 ordinem
510 4828 898 4900 propositum.
922 4830 1165 4893 Quando
1189 4830 1453 4903 magistri
1470 4831 1874 4889 haereticorum

229 4913 295 4969 ab
339 4914 765 4972 Ecclesiasticie
812 4917 976 4987 viris,
1007 4918 1107 4989 qui
1142 4919 1413 4974 instructi
1460 4924 1598 4976 sunt
1629 4922 1874 4978 scientia

225 5002 675 5075 Scripturarum,
697 5006 929 5061 contriti
962 5004 1182 5062 fuerint
1210 5011 1384 5079 atque
1416 5009 1695 5080 superati,
1723 5010 1878 5065 vide-

227 5105 352 5147 mus
370 5092 717 5150 intertectos
733 5110 1137 5167 perversorum
1156 5096 1500 5168 dogmatum
1514 5098 1710 5169 jacere
1729 5099 1879 5155 inter

226 5177 540 5238 simulacra
580 5198 710 5254 quae
760 5183 1067 5251 tinxerant,
1101 5187 1157 5240 et
1203 5201 1302 5240 eos
1334 5186 1430 5257 qui
1466 5186 1528 5241 se
1577 5185 1879 5243 elevabant

229 5273 430 5325 contra
459 5270 771 5328 scientiam
796 5272 915 5339 Dei,
940 5277 1155 5329 stratos
1179 5273 1237 5328 in
1270 5274 1570 5330 montibus
1602 5274 1876 5331 collibus-

222 5371 329 5426 que
357 5360 575 5416 subtus
596 5377 770 5417 omne
795 5360 1021 5434 lignum
1041 5378 1313 5418 nemoros
1331 5380 1428 5418 um
1448 5381 1461 5432 ;
1478 5364 1883 5435 quihabebant

221 5448 391 5502 verba
436 5449 795 5521 pompatica,
840 5452 1229 5523 umbramque
1261 5451 1557 5520 foliorum,
1601 5458 1656 5509 et
1708 5469 1882 5525 poma

1984 4662 2127 4713 tunc
2157 4660 2531 4728 cognoscant,
2566 4655 2709 4727 quia
2738 4656 2863 4728 ipse
2913 4656 2991 4711 sit
3017 4655 3322 4711 Dominus.
3356 4655 3457 4710 Mel
3484 4656 3634 4708 enim

1983 4745 2216 4801 distillat
2244 4745 2310 4799 de
2340 4745 2507 4799 labiis
2535 4745 2787 4800 mulieris
2817 4747 3140 4813 meretricis,
3174 4758 3299 4815 quae
3325 4742 3399 4797 ad
3428 4748 3634 4812 tempus

1985 4836 2293 4905 impinguat
2324 4834 2658 4889 vescentium
2685 4837 2890 4906 fauces,
2922 4841 2975 4889 et
3003 4841 3189 4904 postea
3230 4832 3475 4885 amarius
3502 4831 3635 4901 felle

1984 4923 2259 4993 reperitur
2284 4922 2466 4991 (Prov.
2504 4938 2555 4991 ν,
2578 4923 2631 4989 3,
2667 4922 2741 4993 4).
2766 4922 2884 4977 Hoc
2913 4920 3246 4992 significant
3265 4922 3323 4973 et
3341 4917 3456 4973 duo
3481 4917 3634 4974 cala-

1986 5010 2070 5067 thi
2091 5010 2356 5074 ficorum,
2377 5011 2476 5081 qui
2497 5010 2669 5082 positi
2702 5015 2840 5065 sunt
2862 5010 2920 5064 in
2936 5006 3190 5065 Jeremia
3209 5012 3411 5064 contra
3426 5007 3634 5063 faciem

1984 5098 2189 5171 templi
2207 5098 2343 5169 (Jer.
2361 5099 2516 5171 xxxv)
2539 5117 2552 5155 :
2576 5116 2727 5155 unus
2743 5100 2985 5152 ﬁcorum
3004 5094 3382 5168 optimarum,
3403 5101 3460 5153 et
3479 5114 3635 5153 unus

1987 5187 2377 5260 pessimarum
2415 5203 2428 5242 :
2462 5203 2715 5258 quorum
2765 5184 2911 5240 alter
2940 5185 3013 5241 ad
3056 5185 3372 5241 Ecclesium
3419 5185 3634 5242 Christi

1988 5275 2256 5345 refertur,
2300 5274 2443 5331 alter
2493 5276 2564 5330 ad
2612 5274 3123 5345 congregationem
3157 5273 3629 5345 malignantium.

2060 5364 2220 5435 (Cap.
2242 5363 2438 5419 VIl.—-
2466 5364 2631 5419 Vere.
2658 5362 2793 5433 1,2.)
2823 5363 2887 5417 Et
2915 5366 3091 5434 factus
3112 5372 3189 5419 est
3211 5380 3385 5419 sermo
3415 5363 3635 5418 Domini

1989 5452 2058 5508 ad
2076 5468 2182 5521 me,
2216 5453 2399 5509 dicens
2423 5471 2440 5507 :
2472 5452 2535 5507 Et
2562 5454 2643 5522 tu,
2668 5452 2754 5522 ﬁli
2777 5451 3160 5521 hominis,hsec
3179 5452 3318 5509 dicit
3334 5452 3435 5507 63
3454 5451 3633 5507 Domi-

289 5587 366 5659 (α)
396 5589 605 5659 Antea,
634 5594 922 5647 morietur.
958 5593 1024 5648 Et
1052 5592 1184 5661 loci,
1216 5592 1411 5666 inquit
1440 5593 1653 5651 Victor.
1676 5594 2033 5653 continentia
2061 5610 2257 5652 vocem
2290 5593 2437 5651 bene
2469 5593 2837 5652 emendatam
2872 5594 3145 5663 ostendit,
3179 5593 3261 5649 sic
3290 5592 3446 5649 enim
3475 5591 3631 5653 idem

221 5672 461 5733 semper
493 5666 758 5720 servatur
780 5666 1041 5738 tempus.
