4052 6180
341 304 416 363 71
1575 302 1640 362 S.
1686 299 1970 362 EUSEBI

2084 292 2519 369 llERONYMI.
3663 310 3745 369 ’12

341 452 455 507 que
481 436 708 508 capitis,
732 435 927 492 luctus
951 439 1040 492 est
1060 434 1560 507 signum,quando
1592 433 1783 505 perdit
1812 433 1979 489 deeo-
2010 436 2063 500 Α
2096 435 2413 492 sidentium
2445 436 2505 492 in
2537 438 2627 493 die
2661 439 2869 495 furoris
2896 440 3129 497 Domini
3163 458 3178 498 :
3213 441 3314 497 sed
3345 448 3617 497 mternam
3640 456 3742 497 eos

339 542 461 582 rem
497 526 781 590 caesaries,
819 529 876 582 et
897 523 1393 596 pulchritudinem
1424 538 1727 579 comarum
1760 522 1984 578 amitti-

341 631 495 670 mus.
522 614 784 685 Denique
809 619 867 667 et
897 613 968 667 ad
998 611 1324 667 Jerusalem
1373 611 1588 666 dicitur
1620 627 1632 665 :
1668 616 1774 667 Pro
1817 627 1981 666 orna-

336 712 517 759 mento
543 704 739 774 capitis
769 702 854 756 tui
879 701 1103 757 habebis
1132 702 1437 765 calvitium,
1455 711 1680 770 propter
1702 716 1864 770 opera
1887 704 1983 755 tua

335 792 486 862 (lsai.
519 808 605 855 III,
639 790 747 861 17).
783 790 848 845 Et
879 790 1031 845 alius
1060 789 1345 861 propheta
1371 805 1392 851 ,°
1424 788 1499 859 (τι)
1534 788 1755 853 Omnia,
1789 787 1983 859 inquit

332 883 521 951 capita
549 881 611 935 in
642 880 794 935 omni
822 880 933 934 loco
987 879 1344 935 attondentur
1403 883 1453 934 et
1494 878 1747 933 omnibus
1805 877 1978 931 barba

331 968 553 1022 radetur
582 968 709 1039 (Jer.
742 984 937 1033 XLVIII,
969 969 1079 1033 37).
1117 967 1381 1023 Michaaas
1440 982 1673 1039 quoque
1716 965 1786 1019 ad
1821 981 1980 1019 eam-

330 1055 462 1111 dem
483 1054 811 1111 Jerusalem
845 1072 857 1109 :
893 1056 1207 1120 Decalvare,
1240 1056 1342 1125 ait,
1377 1058 1427 1110 et
1463 1053 1688 1109 tondere
1714 1069 1883 1124 super
1913 1051 1977 1121 ﬁ-

331 1144 431 1200 lios
461 1144 795 1200 deliciarum
820 1146 1067 1210 tuarum,
1098 1144 1279 1198 dilata
1305 1144 1590 1198 calvitium
1643 1150 1799 1196 tuum
1837 1143 1982 1196 sicut

327 1234 519 1305 aquila
549 1234 744 1302 (Mich.
804 1250 842 1295 ι,
905 1234 1006 1300 16).
1067 1233 1134 1286 Et
1190 1249 1369 1303 super
1424 1229 1676 1286 mortuis
1732 1230 1978 1299 jubetur

277 1340 291 1350 '
330 1323 451 1377 fieri
480 1321 801 1378 calvitium.
836 1320 951 1376 Soli
983 1326 1180 1375 autem
1211 1319 1421 1388 sancti,
1455 1319 1563 1374 hoc
1593 1317 1976 1385 est,Nazaraai

328 1416 386 1467 et
408 1411 508 1483 qui
529 1411 600 1466 ad
630 1410 1033 1481 pontificatum
1063 1408 1289 1462 Domini
1321 1412 1658 1463 meruerunt
1680 1406 1978 1477 pervenire

329 1516 442 1554 non
477 1499 694 1553 radunt
723 1497 915 1567 capita
947 1513 1056 1550 sua
1085 1498 1265 1567 (Num.
1298 1497 1398 1565 VI).
1433 1497 1631 1567 Neque
1681 1494 1837 1549 enim
1871 1494 1975 1548 ba-

327 1589 467 1643 bent
500 1586 706 1641 mortis
737 1601 931 1655 opera,
967 1601 1071 1640 nec
1102 1585 1393 1640 immundi
1424 1589 1581 1649 sunt,
1614 1583 1752 1654 quia
1782 1583 1971 1637 Naza-

327 1676 445 1744 ταδί,
479 1674 538 1729 id
570 1678 682 1736 est,
715 1673 901 1728 sancti
923 1672 1156 1728 Domini
1187 1678 1345 1729 sunt.
1379 1673 1541 1736 Quod
1583 1673 1632 1727 si
1655 1673 1830 1742 juxta
1877 1688 1975 1727 eos

326 1762 623 1836 quispiam
655 1768 925 1817 mortuus
956 1761 1150 1827 fuerit,
1192 1778 1397 1817 omnes
1429 1760 1553 1816 dies
1588 1760 1822 1832 pristini
1854 1775 1968 1815 non
2006 1802 2052 1865 Β

327 1852 760 1922 reputabuntur
791 1850 1238 1905 sanctiﬁcationi
1296 1866 1519 1905 eorum.
1576 1847 1809 1904 Samuel
1870 1846 1968 1903 Dei

306 1939 565 1997 'sanctus
589 1944 796 2006 erat,et
827 1942 1130 2011 prepterea
1147 1944 1360 1994 aeterna
1390 1937 1598 2009 capitis
1629 1942 1972 1992 ornamenta

325 2030 589 2102 possedit
623 2046 636 2083 :
673 2028 1009 2099 audivitque
1040 2026 1182 2081 illud
1212 2027 1283 2082 de
1313 2027 1547 2083 Cantico
1578 2025 1964 2081 Canticorum:

327 2118 586 2173 Cincinni
612 2119 699 2172 tui
725 2118 878 2188 nigri
904 2118 1048 2172 sicut
1095 2132 1287 2172 corvus
1334 2115 1514 2188 (Cant.
1547 2133 1601 2180 v,
1636 2114 1744 2184 11).
1798 2119 1970 2169 Porro

326 2208 573 2263 Samson
598 2205 736 2278 quia
756 2206 1008 2278 perdidit
1037 2205 1547 2277 comam,perdidit
1568 2204 1969 2258 turtitudinem

325 2296 524 2367 (ludio.
558 2294 671 2367 xvx)
707 2312 720 2349 :
756 2293 1159 2367 paulatimque
1217 2292 1660 2348 renascentibus
1718 2290 1967 2363 capillis,

325 2386 477 2440 vires
514 2384 735 2439 rediere
766 2382 1044 2455 pristinae,
1105 2387 1172 2436 ut
1220 2381 1404 2435 multo
1462 2381 1659 2452 plures
1714 2380 1970 2435 moriens

326 2489 502 2545 quam
535 2473 731 2527 vivens
763 2471 1075 2527 occideret.
1110 2470 1354 2525 Elisaaus
1386 2486 1517 2524 vero
1548 2468 1681 2524 licet
1710 2469 1970 2539 corporis

323 2562 563 2618 haberet
590 2560 909 2627 calvitium,
944 2567 1139 2615 tamen
1188 2560 1326 2630 quia
1381 2558 1688 2613 Nazarzeus
1736 2557 1967 2613 Domini

323 2655 466 2717 erat,
499 2648 786 2705 cincinnis
816 2648 1026 2719 capitis
1056 2649 1375 2703 fruebatur.
1404 2646 1566 2702 Unde
1599 2646 1825 2717 parvuli
1846 2647 1966 2716 (Αἰ.

325 2739 533 2811 pueri),
562 2737 699 2809 quia
728 2736 952 2808 parvuli
985 2741 1170 2802 erant,
1202 2739 1259 2788 et
1297 2751 1403 2789 nec
1433 2735 1570 2787 dum
1633 2734 1705 2787 ad
1738 2739 1965 2790 aetatem

320 2827 429 2882 viri
459 2830 856 2898 pervenerant,
888 2824 1200 2878 illudentes
1239 2822 1470 2877 calvitio
1501 2823 1629 2890 ejus
1662 2826 1836 2893 atque
1879 2822 1965 2876 di-

324 2920 523 2970 centes
575 2930 589 2968 :
623 2900 1030 2981 Ascende,calve
1053 2929 1071 2965 :
1103 2910 1509 2977 ascende,calve
1526 2912 1622 2978 (IV
1650 2913 1964 2981 lirg.u,'23).

329 3006 427 3059 74
450 3005 703 3058 ferarum
724 3001 926 3056 laniati
941 3004 1080 3055 sunt
1096 3000 1412 3065 morsibus;
1428 3015 1612 3070 quaru
1625 3017 1678 3053 m
1703 2999 1888 3055 saltus
1902 3017 1966 3056 ac

324 3094 482 3148 silvae
522 3094 662 3147 sunt
689 3087 1110 3145 habitaculum.
1358 3088 1373 3095 ”

395 3182 577 3252 (Vers.
611 3180 724 3249 49.)
754 3181 1051 3248 Argentum
1078 3193 1270 3232 eorum
1324 3178 1458 3247 foris
1511 3178 1857 3249 projicietur,
1916 3186 1967 3231 et
1999 3164 2040 3228 Ο

324 3287 524 3327 aurum
550 3284 739 3323 eorum
768 3269 829 3322 in
853 3267 1263 3338 sterquilinium
1287 3268 1411 3322 erit.
1446 3266 1584 3321 LXX
1616 3284 1628 3321 :
1666 3270 1963 3335 Argentum

250 3384 257 3389 ο
324 3375 513 3416 eorum
541 3360 600 3413 in
618 3356 823 3428 plateis
849 3355 1190 3427 proiicietur,
1221 3359 1275 3409 et
1303 3372 1504 3409 aur-um
1532 3371 1721 3409 eorum
1749 3357 1967 3409 eritccn

326 3448 569 3520 temptui.
608 3448 762 3518 Fuga
791 3450 847 3500 et
874 3434 1204 3515 captivitate
1227 3449 1468 3515 cogente
1491 3443 1723 3498 divitias
1754 3449 1809 3497 et
1838 3444 1963 3497 auri

326 3537 668 3609 argentique
688 3535 945 3606 pondera
967 3532 1274 3603 projicient
1300 3531 1361 3586 in
1392 3532 1599 3604 plateis
1626 3550 1638 3586 :
1664 3549 1802 3587 suas
1831 3537 1965 3586 tan-

324 3633 453 3682 tum
481 3626 708 3681 animas
730 3640 958 3678 servare
989 3621 1388 3693 cupientes,ne
1419 3621 1538 3676 sint
1568 3621 1807 3692 ponderi
1839 3637 1965 3691 qua:

323 3715 489 3787 prius
520 3714 680 3769 fuere
714 3711 974 3766 luxuriae.
1006 3709 1281 3781 Alioquin
1314 3715 1369 3765 et
1419 3711 1586 3780 juxta
1642 3725 1964 3781 anagogen,

322 3804 683 3876 captivorum
706 3806 882 3872 atque
904 3799 1254 3871 fugientium
1268 3798 1338 3853 de
1355 3796 1677 3853 Jerusalem
1699 3813 1869 3851 omne
1883 3814 1969 3851 ar-

324 3898 566 3967 gentum
595 3889 932 3962 projicietur
962 3888 1020 3942 in
1055 3886 1350 3958 plateis,in
1374 3884 1490 3941 lata
1520 3891 1577 3941 et
1598 3888 1856 3957 spatiosa
1877 3886 1970 3942 via

325 3998 453 4053 quae
481 3979 643 4034 ducit
674 3978 745 4032 ad
775 3975 1189 4045 mortem,quia
1211 3982 1522 4047 angustam
1556 3975 1764 4029 salutis
1796 3976 1967 4031 semi-

323 4075 444 4125 tam
475 4064 975 4138 reliquerunt.Sed
1007 4068 1062 4118 et
1083 4078 1254 4118 omne
1284 4079 1494 4116 aurum
1525 4064 1636 4117 erit
1666 4069 1965 4136 contemp-

322 4156 430 4223 tui,
463 4155 552 4211 vel
572 4154 635 4208 in
667 4150 1102 4222 sterquilinium
1135 4150 1764 4221 atqueimmunditiam
1797 4168 1965 4223 repu-

325 4246 568 4302 tabitur.
600 4242 726 4297 Non
759 4241 913 4296 enim
949 4244 1140 4311 potest
1168 4239 1383 4294 habere
1440 4239 1812 4309 munditiam,
1866 4239 1967 4310 qui

324 4340 484 4393 extra
511 4332 741 4389 Domini
771 4330 1090 4386 Ecclesiam
1113 4335 1218 4385 est.

393 4425 690 4494 Argentum
718 4436 925 4481 eorum,
953 4424 1002 4473 et
1030 4434 1233 4474 aurum
1262 4434 1448 4473 eorum
1469 4434 1579 4471 non
1607 4417 1807 4471 valebit
1836 4417 1969 4472 libe-

2096 525 2312 579 habere
2344 526 2580 593 famem,
2612 533 2669 582 et
2725 528 2883 583 inani
2929 535 3128 586 ventre
3185 529 3451 601 cruciari,
3486 530 3743 585 ostendit

2094 614 2236 669 illud
2268 615 2671 671 testimonium
2698 617 2756 671 in
2781 635 2895 689 quo
2919 619 3134 674 dicitur
3166 620 3508 690 :Redemptio
3539 622 3741 674 anima:

2093 704 2218 769 viri,
2248 707 2494 774 propriae
2521 704 2730 759 divitiae
2763 707 2942 777 (Prov.
2976 725 3099 777 xm,
3133 708 3208 776 8).
3241 707 3490 779 Propriis
3528 707 3740 762 divitias

2091 795 2249 857 sunt,
2282 808 2429 861 quas
2462 809 2567 847 nos
2607 793 2820 848 Christi
2882 796 3099 850 veritas
3155 796 3354 850 docuit
3411 796 3564 866 (Luc.
3596 795 3737 866 XVI),

2090 880 2192 949 qui
2224 881 2516 951 praecepit,
2550 887 2615 936 ut
2645 883 2930 938 faciamus
2962 885 3129 939 nobis
3160 885 3379 940 amicos
3424 885 3495 939 de
3534 884 3737 955 iniquo

2090 968 2589 1040 mammona,quis
2612 987 2716 1025 nos
2740 972 3020 1042 recipiant
3036 973 3095 1026 in
3122 978 3336 1028 aeterna
3358 971 3738 1028 tabernacula

2162 1056 2303 1123 Quia
2330 1057 2653 1113 scandalum
2681 1061 2998 1130 iniquitatis
3026 1077 3215 1116 eorum
3232 1068 3441 1132 factum
3471 1062 3731 1127 estldeo,

2088 1144 2731 1216 inquit,possidentium
2753 1165 2959 1202 aurum
2987 1155 3044 1203 et
3066 1156 3374 1221 argentum
3407 1166 3512 1205 nec
3535 1151 3733 1205 anima

2088 1233 2468 1297 saturabitur,
2502 1251 2605 1289 nec
2636 1240 2833 1291 venter
2866 1237 3372 1310 implebitur,quia
3402 1239 3509 1294 hoc
3534 1240 3726 1311 ipsum

2086 1337 2297 1375 aurum
2329 1325 2385 1376 et
2414 1330 2744 1394 argentum,
2799 1325 3144 1380 scandalum
3206 1326 3493 1382 scelerum
3524 1343 3726 1382 eorum

2086 1408 2306 1463 factum
2339 1411 2759 1479 est.Signilicat
2789 1418 2981 1467 autem
3016 1413 3324 1486 idola,qum
3353 1432 3494 1469 auro
3525 1431 3730 1485 argen-

2086 1500 2261 1567 toque
2291 1498 2590 1566 fabricata,
2626 1517 2765 1555 suos
2787 1502 3183 1557 condemnant
3208 1504 3729 1574 (ALcontemnunt)

2087 1584 2179 1640 15
2218 1585 2493 1640 artifices.
2528 1592 2637 1642 Pro
2669 1604 2782 1657 quo
2813 1589 3201 1661 Septuaginta
3242 1591 3673 1647 transtulerunt
3709 1610 3723 1648 :

2082 1674 2217 1743 quia
2244 1676 2520 1729 cruciatus
2550 1677 2911 1747 iniquitatum
2940 1695 3127 1733 eorum
3154 1679 3362 1754 fuit,ut
3391 1680 3450 1734 in
3491 1697 3596 1735 suo
3616 1681 3728 1735 ini-

2084 1761 2183 1831 qui
2216 1778 2409 1818 errore
2440 1763 2791 1831 crucientur,
2828 1774 2884 1821 et
2914 1784 2975 1822 se
3024 1767 3359 1840 intelligant
3416 1767 3568 1824 male
3623 1769 3724 1825 Dei

2085 1865 2329 1904 munera
2359 1851 2416 1904 in
2452 1850 2877 1923 blasphemiam
2909 1857 3282 1911 convertisse.

2154 1939 2338 2009 (Vers.
2372 1940 2487 2011 20.)
2519 1942 2584 1996 Et
2610 1947 2993 2000 ornamentum
3031 1948 3328 2001 monilium
3384 1963 3610 2002 suorum
3664 1949 3725 2002 in

2079 2028 2391 2099 superbiam
2415 2036 2795 2099 posuerunt,ct
2819 2034 3085 2103 imagines
3105 2034 3578 2090 abominationum
3596 2052 3721 2091 sua-

2080 2133 2206 2171 rum
2237 2120 2291 2171 et
2318 2118 2739 2173 simulacrorum
2768 2122 3017 2189 fecerunt
3048 2138 3117 2176 ea:
3160 2138 3243 2177 eo.
3308 2122 3453 2177 LXX
3480 2141 3502 2184 ;
3534 2125 3716 2179 Electa

2079 2204 2274 2259 mundi
2304 2207 2363 2259 in
2392 2207 2713 2276 superbiam
2742 2213 3115 2278 posuerunt,et
3146 2211 3417 2278 imagines
3448 2213 3727 2267 abomina-

2080 2294 2289 2349 tionum
2313 2309 2563 2362 suarum,
2595 2298 2647 2349 et
2676 2296 3005 2365 offendicula
3034 2313 3131 2351 sua
3186 2308 3484 2368 posuerunt
3530 2316 3599 2354 ea:
3622 2302 3724 2355 eis.

2078 2382 2211 2444 Quae
2241 2396 2368 2452 ego,
2397 2380 2613 2451 inquit,
2665 2383 2935 2437 dederam
2984 2383 3041 2437 in
3091 2389 3502 2439 ornamentum
3537 2387 3726 2456 possi-

2078 2469 2345 2524 dentium
2377 2474 2551 2539 atque
2571 2468 2823 2540 divitias,
2857 2469 2940 2523 illi
2964 2476 3261 2527 verterunt
3292 2471 3352 2525 in
3385 2472 3722 2543 superbiam

2080 2562 2145 2613 ut
2160 2559 2228 2613 de
2242 2558 2459 2628 quibus
2482 2562 2746 2629 poterant
2766 2576 2867 2629 per
2883 2559 3282 2631 eleemosynas
3303 2564 3358 2615 et
3382 2562 3531 2616 bona
3547 2577 3725 2631 opera

2079 2663 2247 2701 suam
2280 2647 2539 2701 animam
2571 2645 2839 2711 liberare,
2873 2665 2940 2701 ex
2973 2647 3086 2703 illis
3110 2648 3388 2704 haberent
3414 2650 3720 2705 materiam

2078 2735 2440 2806 arrogantiae.
2476 2734 2737 2805 Denique
2767 2752 2833 2789 ex
2878 2753 3021 2791 auro
3078 2741 3135 2791 et
3191 2742 3428 2809 argento
3460 2737 3723 2794 fecerunt

2076 2823 2253 2890 idola,
2284 2828 2340 2877 et
2369 2839 2500 2877 mea
2531 2840 2775 2877 munera
2808 2824 2865 2877 in
2900 2825 3232 2879 daemonum
3267 2824 3581 2882 simulacra
3601 2843 3723 2881 ver-

2074 2917 2291 2967 terunt.
2325 2911 2499 2965 Porro
2531 2912 2684 2981 quod
2720 2898 3117 2978 dixere'LXX,
3178 2915 3355 2969 Electa
3405 2915 3599 2970 mundi
3657 2917 3718 2970 in

2076 3001 2391 3072 superbiam
2417 3004 2737 3070 posuerunt,
2770 3002 2839 3055 ad
2873 3018 3082 3056 aurum
3108 3008 3533 3074 argentumque
3563 3003 3708 3058 refe-

2077 3090 2321 3144 rendum
2354 3093 2442 3143 est
2473 3105 2485 3143 :
2520 3088 2736 3159 quibus
2767 3088 2825 3143 in
2862 3090 3080 3143 mundo
3114 3090 3258 3144 nihil
3305 3096 3544 3162 putatur
3589 3107 3719 3146 esse

2081 3177 2411 3250 pretiosius.
2453 3175 2716 3246 llludque
2764 3178 2916 3247 quod
2984 3179 3253 3249 sequitur
3309 3196 3321 3233 :
3386 3180 3721 3251 Oﬂendicula

2076 3283 2261 3321 eorum
2293 3265 2552 3319 sciamus
2589 3265 2660 3318 de
2718 3265 3110 3320 Theodotione
3166 3267 3452 3321 additum.
3515 3268 3721 3324 Facilis

2077 3360 2270 3409 autem
2298 3370 2506 3409 sensus
2538 3358 2627 3408 est
2659 3354 2830 3423 juxta
2871 3353 3279 3425 tropologiam,
3323 3356 3474 3426 quod
3509 3373 3721 3411 aurum

2077 3447 2131 3497 et
2159 3448 2485 3511 argentum,
2518 3458 2727 3497 sensus
2758 3448 2813 3496 et
2843 3442 3077 3512 eloquia
3107 3444 3540 3515 Scripturarum
3590 3461 3720 3516 quae

2076 3531 2258 3585 electa
2287 3536 2424 3585 sunt
2454 3529 2680 3595 mundi,
2723 3536 2779 3584 et
2807 3548 2938 3601 quae
2999 3530 3165 3586 nobis
3218 3532 3273 3586 in
3306 3538 3719 3587 ornamentum

2077 3621 2215 3674 data
2239 3623 2395 3685 sunt,
2430 3618 2680 3673 haeretici
2714 3624 3036 3689 posuerunt
3066 3620 3125 3674 in
3148 3621 3471 3675 fomentum
3503 3626 3559 3675 et
3590 3637 3718 3676 ma-

2076 3709 2282 3763 teriam
2308 3705 2979 3778 superbiae,etimagines
2994 3707 3352 3764 diversorum
3377 3710 3718 3780 dogmatum

2076 3801 2133 3851 et
2164 3796 2664 3851 abominationum
2697 3800 2871 3867 atque
2902 3796 3317 3853 offendiculum
3367 3815 3608 3854 suorum
3637 3798 3721 3852 fe-

2076 3890 2281 3941 cerunt
2310 3902 2377 3939 ex
2407 3884 2490 3939 eis
2523 3901 2536 3938 :
2575 3888 2637 3938 ut
2658 3901 2758 3954 per
2788 3900 2913 3954 quae
2946 3890 3212 3955 poterant
3239 3885 3444 3957 colere,
3498 3892 3553 3942 et
3583 3888 3719 3942 ado-

2076 3990 2204 4029 rare
2237 3981 2439 4038 Ueum,
2471 3989 2539 4027 ex
2570 3972 2663 4027 his
2693 3972 2878 4026 Deum
2911 3973 3274 4028 otlenderint.

2148 4063 2331 4129 (Vers.
2358 4062 2473 4131 2t.)
2504 4063 2733 4129 Propter
2763 4061 2864 4116 hoc
2899 4061 3025 4116 dedi
3063 4064 3142 4117 eis
3173 4063 3312 4117 illud
3368 4065 3427 4118 in
3479 4066 3724 4119 immun-

2075 4152 2270 4206 ditiam
2295 4153 2369 4216 ;el
2377 4150 2522 4204 dabo
2554 4149 2695 4204 illud
2716 4151 2773 4202 in
2800 4166 2999 4204 manus
3020 4152 3335 4206 alienorum
3362 4152 3433 4207 ad
3452 4152 3724 4223 diripien-

2074 4240 2205 4295 dum
2238 4257 2255 4292 :
2287 4244 2336 4293 et
2368 4240 2553 4309 impiis
2584 4247 2748 4294 terrae
2780 4240 2839 4292 in
2867 4239 3131 4309 praedam,
3161 4245 3211 4295 ct
3251 4242 3723 4296 comtamiuabunt

2075 4328 2236 4384 illud:
2269 4326 2403 4382 LXX
2435 4328 2686 4398 ;Propter
2715 4327 2812 4382 hoc
2840 4327 2967 4381 dedi
2994 4344 3059 4382 ea
3088 4329 3202 4382 illis
3226 4330 3281 4383 in
3308 4330 3719 4385 immunditiam

2078 4420 2127 4473 et
2157 4417 2369 4473 tradam
2397 4433 2461 4471 ea
2491 4418 2547 4470 in
2580 4426 2783 4471 manus
2808 4417 3139 4488 alienorum,
3172 4424 3232 4472 ut
3262 4418 3532 4489 diripiant
3562 4435 3645 4482 ea,
3669 4427 3724 4474 et

318 4508 449 4569 rare
478 4528 564 4567 eos
594 4513 653 4566 in
681 4511 770 4565 die
797 4510 1009 4581 [ureris
1037 4508 1353 4574 Domini,Et
1375 4505 1483 4561 hoc
1508 4505 1565 4559 in
1585 4505 1967 4576 Septuaginta
2002 4528 2045 4592 υ
2075 4506 2459 4577 pestilentibus
2480 4514 2640 4560 terrae
2672 4506 2730 4560 in
2761 4505 3023 4577 praedam,
3056 4510 3105 4561 et
3144 4506 3398 4577 pollueut
3446 4524 3547 4563 ea:
3580 4507 3731 4572 Quia

323 4619 439 4658 non
467 4597 892 4657 habetur.Nulli
918 4603 1115 4652 autem
1135 4596 1379 4651 dubium
1404 4593 1545 4665 quin
1572 4592 1895 4648 obsidionis
1913 4598 1970 4649 et

322 4692 498 4748 famis
528 4695 1027 4761 tempore,aurum
1054 4690 1480 4756 argentumque
1506 4682 1828 4738 esurientes
1852 4698 1968 4737 non

320 4781 564 4838 liberet:
594 4784 651 4835 ct
672 4776 807 4833 illisi
842 4773 1263 4847 pretiosissimo
1291 4770 1522 4828 metallo
1553 4771 1970 4841 dentes,instar

326 4868 633 4924 durissimi
678 4865 892 4938 lapidis
932 4863 1340 4918 retundantur.
1375 4860 1632 4931 Denique
1666 4861 1964 4931 sequitur:

394 4957 650 5010 Animam
678 4971 838 5010 suam
864 4968 975 5007 non
1021 4949 1379 5017 saturabunt,
1438 4959 1489 5003 et
1545 4958 1751 5003 ventres
1781 4965 1969 5003 eorum

322 5059 433 5100 non
463 5039 1242 5115 inplebantur.Przesentibus
1273 5037 1444 5093 malis
1476 5038 1789 5093 didicimus
1817 5036 1968 5092 mul-

324 5140 416 5190 tos
446 5131 654 5187 divites
684 5132 835 5185 inter
863 5130 1138 5195 sericum,
1172 5143 1459 5199 gemmas,
1482 5120 1538 5181 et
1563 5127 1690 5182 auri
1723 5127 1970 5198 argenti-

326 5236 439 5296 que
468 5220 726 5293 pondera
756 5223 1010 5290 egestate
1041 5218 1353 5280 confectos,
1414 5215 1692 5271 habuisse
1748 5215 1967 5270 exitum

244 5324 249 5329 ‘
325 5307 811 5368 mendicantium.
846 5308 1164 5378 Argentum
1197 5312 1391 5362 autem
1423 5309 1481 5360 et
1500 5322 1709 5360 aurum
1741 5320 1964 5375 eorum,

326 5402 426 5475 qui
457 5403 618 5457 extra
645 5393 963 5452 Ecclesium
994 5398 1277 5463 sunt,non
1307 5395 1554 5452 liberare
1586 5393 1814 5450 animas
1835 5410 1965 5467 pos-

397 5613 475 5699 (α)
497 5614 562 5673 In
578 5610 735 5689 vulg.
743 5613 895 5669 recte
916 5609 1151 5667 additur
1167 5612 1524 5686 eorun,juxta
1538 5608 1711 5672 Hebr.
1729 5618 1990 5678 mem.

2081 4613 2148 4650 ex
2179 4612 2319 4651 auro
2350 4598 2406 4649 et
2435 4600 2693 4664 argento,
2729 4598 2784 4650 et
2814 4595 3173 4650 ornamentis
3231 4595 3542 4651 monilium
3593 4612 3723 4667 quae

2078 4685 2351 4740 dederam
2377 4682 2777 4755 eis,imagines
2801 4683 2913 4738 sibi
2946 4683 3443 4740 abominationum
3479 4701 3725 4740 suarum

2078 4772 2650 4842 simulacrorumque
2680 4771 2962 4841 fecerunt,
2996 4778 3301 4843 propterea
3338 4773 3471 4828 dedi
3506 4776 3590 4828 eis
3622 4772 3726 4829 illa

2077 4864 2139 4917 in
2162 4861 2601 4917 immunditiam
2629 4860 2759 4915 etin
2784 4866 3063 4917 stercora.
3080 4865 3189 4917 Pro
3213 4861 3431 4933 quibus
3452 4862 3723 4934 Symma-

2077 4950 2224 5005 chus
2256 4951 2670 5019 interpretatus
2702 4954 2808 5012 est,
2841 4965 3130 5016 nauseam,
3162 4950 3362 5005 volens
3419 4949 3712 5005 idolorum

2056 5039 2279 5109 sordes
2309 5037 2650 5109 exprimere.
2684 5037 2754 5092 Et
2784 5038 3033 5101 tradam,
3068 5039 3279 5109 inquit,
3312 5038 3457 5094 eain
3508 5055 3727 5094 manus

2077 5127 2357 5195 hostium,
2394 5130 2455 5180 ut
2485 5125 2764 5197 diripiant
2795 5126 3017 5192 omnia,
3049 5131 3106 5181 et
3136 5143 3251 5182 non
3283 5132 3402 5182 tam
3435 5128 3731 5183 contami-

2076 5232 2209 5272 neIn
2267 5232 2445 5287 quam
2475 5215 2874 5269 contaminata
2927 5231 3055 5269 esse
3115 5215 3535 5283 demonstrem,
3588 5232 3720 5287 qum

2075 5304 2240 5377 prius
2260 5303 2745 5377 videbanturesse
2762 5303 3280 5361 sanetissima.Nos
3294 5320 3524 5377 quoque
3542 5304 3723 5360 tradi-

2075 5410 2210 5450 mur
2238 5393 2296 5448 in
2336 5393 2432 5449 76
2468 5408 2679 5448 manus
2726 5389 3100 5449 inimicorum
3119 5397 3175 5450 et
3192 5392 3519 5451 alienorum
3543 5410 3577 5449 a
3597 5392 3719 5450 Deo
