4052 6180
364 312 448 376 ‘23
868 360 873 364 ι
1002 316 1761 381 COMMENTARIOBUM
1802 319 1882 380 IN
1927 316 2435 383 EZECHIELEM
2478 318 2629 383 LIB.
2677 321 2753 382 II.
2799 321 2974 384 CAP.
3018 320 3152 388 VII.
3369 345 3375 351 “
3701 314 3782 384 τι

365 447 878 520 quandofacimus
896 456 1243 507 ornamenta
1260 454 1462 508 nostra
1478 450 1796 507 simulacra
1812 451 2023 508 damo—
2050 452 2104 518 Α
2135 468 2343 508 sumus
2392 452 2514 518 Dei,
2557 456 2614 508 et
2659 453 2909 526 Spiritus
2955 458 3196 512 sanctus
3241 454 3468 511 habitat
3495 454 3557 510 in
3610 452 3781 510 nobis

372 552 540 606 num,
573 539 633 592 et
660 537 855 593 omnis
884 537 1072 609 gloria
1100 544 1303 595 nostra
1330 541 1668 611 possidetur
1696 540 1769 594 ab
1802 539 2024 612 impiis,

368 624 492 683 sive
520 624 930 699 pestilentibus
961 630 1151 696 terrea,
1185 632 1253 684 ut
1282 645 1388 684 nos
1418 646 1539 685 sua:
1569 628 1890 701 subjiciunt
1918 645 2026 701 po-

365 714 597 772 testati.

439 804 612 876 (Vera
639 803 752 875 22.)
774 804 840 858 Et
866 807 1114 861 avertam
1141 807 1340 876 faciem
1366 822 1548 861 meam
1575 807 1643 861 ab
1680 808 1761 861 eis
1785 825 1803 860 :
1828 815 1881 862 et
1908 808 2023 863 vio-

366 893 566 949 labant
577 909 843 948 arcanum
862 910 1048 949 meum
1063 911 1077 948 ε
1091 904 1141 950 et
1165 897 1477 950 introibant
1495 897 1558 949 in
1571 895 1716 950 illud
1747 897 2025 951 emissarii

366 982 519 1051 (sive
544 986 609 1037 ut
657 982 1045 1054 Septuaginta
1092 982 1526 1039 transtulerunt
1570 991 1765 1039 temere
1788 1001 1810 1046 ,°
1839 984 1927 1039 vel
1959 987 2024 1039 ut

367 1070 755 1145 Symmachus
784 1075 845 1127 et
873 1071 1218 1139 Theodotio,
1250 1073 1630 1144 irrumpentes,
1662 1077 1717 1128 et
1742 1072 2019 1145 pestilens)

363 1162 416 1216 et
439 1160 893 1216 contaminabunt
934 1160 1104 1217 illud.
1136 1161 1305 1229 Cum,
1339 1160 1551 1233 inquit,
1584 1165 1819 1234 propter
1848 1178 2021 1232 supe-

360 1248 544 1305 riores
596 1265 811 1306 causas
851 1249 1353 1306 abominationem
1394 1250 1594 1322 populi
1645 1255 1904 1307 avertero
1938 1251 2019 1307 fa-

360 1338 508 1393 ciem
539 1353 737 1394 meam
767 1338 843 1393 ab
874 1339 980 1406 eis,
1014 1342 1071 1395 et
1099 1355 1474 1411 nequaquam
1506 1355 1607 1395 eos
1632 1340 1841 1411 dignos
1874 1339 2018 1395 meis

361 1426 547 1483 oculis
571 1426 917 1496 judicavero
951 1443 965 1481 :
1002 1430 1139 1482 tunc
1159 1426 1463 1483 violabunt
1493 1444 1772 1483 arcanum
1799 1444 2016 1496 meum,

360 1516 516 1587 quod
565 1516 867 1587 signiﬁcat
916 1517 1131 1571 Sancta
1178 1521 1541 1583 sanctorum,
1590 1533 1697 1588 pro
1746 1533 1860 1589 quo
1919 1518 2017 1573 Se-

361 1603 689 1676 ptuaginta,
718 1605 1090 1659 visitationem
1116 1604 1544 1661 transtulerunt
1582 1608 1672 1677 (ut
1702 1606 1760 1659 in
1798 1605 2019 1662 sanctis

360 1691 463 1748 Dei
492 1692 678 1748 fuisse
701 1691 1068 1764 praesentiam
1095 1693 1587 1764 demonstrarent)
1610 1699 1668 1749 et
1691 1695 2021 1766 irrumpent

357 1781 421 1837 in
450 1798 519 1837 ea
538 1781 711 1854 impii
739 1786 799 1837 et
817 1781 1153 1854 pestilentes
1174 1792 1341 1838 terrai
1366 1800 1379 1838 :
1405 1799 1536 1855 qua
1556 1783 1810 1855 exceptis
1832 1799 2018 1839 sacer-

356 1870 600 1927 dotibus
629 1870 874 1942 soloque
904 1870 1180 1942 pontifice
1224 1871 1424 1927 nullus
1453 1871 1607 1927 alius
1638 1872 1892 1927 audebat
1920 1871 2013 1927 in-

354 1961 533 2015 trare.
566 1959 732 2025 Quod
777 1959 1000 2015 scimus
1028 1963 1086 2013 et
1114 1977 1148 2014 a
1175 1959 1533 2033 Babyloniis,
1565 1964 1624 2015 et
1672 1977 1706 2015 a
1734 1976 1868 2033 rege
1899 1964 2014 2014 An-

356 2047 555 2105 tiocho
582 2049 857 2119 Cneoque
900 2047 1197 2120 Pompeio,
1230 2051 1287 2104 et
1316 2049 1391 2104 ad
1439 2053 1763 2104 extremum
1797 2049 2014 2104 factum

353 2152 487 2193 esse
516 2136 631 2192 sub
663 2134 1020 2208 Vespasiano
1050 2140 1108 2191 et
1149 2136 1299 2205 Tito,
1334 2137 1566 2208 quando
1597 2136 1886 2209 templum
1921 2153 2014 2215 ca-

352 2228 526 2298 ptum
543 2228 723 2296 atque
740 2224 1090 2281 subversum
1109 2230 1218 2293 est,
1235 2229 1292 2281 et
1311 2225 1513 2281 omnia
1542 2229 1873 2299 perpetrata
1888 2242 2015 2299 quax

355 2329 616 2385 sequens
627 2312 926 2386 propheta:
947 2329 1140 2370 sermo
1156 2313 1585 2386 complectitur.
1600 2317 1686 2386 (a)
1708 2315 1793 2370 Ad
1816 2318 2017 2372 nostra

358 2418 600 2473 quoque
623 2402 779 2459 mala
824 2418 1000 2474 opera
1026 2403 1234 2458 avertit
1262 2403 1417 2458 Deus
1465 2403 1669 2460 faciem
1706 2420 1876 2460 suam
1912 2420 1924 2458 :
1959 2408 2016 2460 et

360 2489 511 2562 quia
542 2506 739 2547 aversa
770 2494 861 2547 est
888 2489 1086 2559 facies,
1119 2490 1249 2547 ideo
1296 2491 1400 2546 Dei
1427 2491 1680 2548 violatur
1707 2507 2012 2560 arcanum,

356 2583 429 2635 ut
459 2595 564 2652 pro
585 2580 983 2637 sacerdotibus
1010 2584 1070 2637 et
1097 2579 1318 2636 sanctis
1339 2580 1437 2636 Dei
1466 2581 1806 2653 pestilentes
1825 2580 2016 2653 ingre-

356 2668 617 2737 diantur,
641 2675 698 2724 et
719 2670 993 2725 universa
1011 2669 1412 2725 contaminent
1437 2687 1448 2725 :
1479 2674 1547 2726 ut
1568 2669 1669 2742 qui
1691 2669 1857 2726 locus
1884 2685 2014 2726 esse

354 2756 563 2814 debuit
589 2758 1049 2824 sanctitatisﬁat
1068 2757 1234 2815 locus
1255 2758 1845 2831 immunditize,juxta
1866 2757 2011 2814 illud

347 2846 804 2918 Evangelicum:
829 2852 1035 2903 Domus
1066 2849 1251 2904 Patris
1271 2849 1387 2905 mei
1408 2848 1598 2903 domus
1626 2849 1902 2904 orationis
1919 2864 2011 2903 vo-

346 2936 571 2991 cabitur
602 2953 617 2990 :
649 2952 742 2992 vos
761 2945 947 2992 autem
974 2938 1182 3008 fecistis
1214 2939 1373 2992 illam
1396 2939 1711 3009 speluncam
1733 2937 2013 2993 latronum

351 3024 578 3093 (Matth.
610 3042 728 3090 xxx,
765 3024 878 3094 13).

2136 540 2290 612 (Ιϐον
2314 543 2392 610 vx)
2411 541 2798 613 possidebunt
2809 543 3051 614 pessimi
3064 543 3434 613 demones,si
3446 542 3783 600 ﬁxeritterra

2134 633 2334 686 nostra
2375 630 2549 703 plena
2593 631 3001 706 sanguinibus,
3033 637 3091 689 et
3118 632 3404 690 habitatio
3461 630 3634 706 plena
3663 631 3780 688 ini-

2133 718 2400 789 quitatis.

2200 808 2268 862 Et
2297 809 2574 879 quiescere
2589 810 2797 881 faciam
2814 810 3131 881 superbiam
3143 811 3450 882 potentium
3476 827 3498 865 ,ο
3526 818 3580 867 et
3602 811 3782 882 possi-

2130 894 2333 950 debunt
2375 899 2700 953 sanctuaria
2745 914 2953 954 eorum.
2989 898 3137 953 LXX
3171 916 3184 954 :
3216 900 3281 954 Et
3307 902 3551 955 avertam
3586 900 3780 971 fremi-

2131 991 2249 1039 tum
2273 985 2615 1056 fortitudinis
2643 1003 2833 1042 eorum
2863 1005 2882 1042 :
2910 991 2963 1043 et
2986 988 3310 1059 polluentur
3336 990 3534 1044 sancta
3564 1003 3777 1045 eorum.

2132 1072 2335 1128 Omnis
2365 1073 2641 1146 superbia
2688 1075 2930 1131 offendit
2956 1080 3163 1132 Deum.
3196 1076 3505 1148 Propterea
3534 1075 3777 1149 pessimi

2129 1162 2388 1235 gentium
2420 1163 2808 1235 possidebunt
2836 1165 3042 1222 domos
3064 1164 3389 1237 potentium
3411 1168 3471 1221 et
3498 1165 3776 1239 superbo-

2128 1268 2280 1320 rum,
2314 1256 2371 1307 et
2398 1252 2745 1308 obtinebunt
2772 1253 3106 1311 sanctuaria
3151 1269 3377 1326 eorum,
3411 1253 3551 1326 quia
3577 1252 3777 1309 locum

2128 1340 2528 1396 sanctimoniae
2550 1358 2799 1414 spurcus
2830 1342 3179 1415 ingreditur,
3204 1346 3261 1399 et
3290 1359 3398 1399 sua
3426 1359 3561 1399 eum
3585 1345 3779 1398 conta-

2129 1428 2317 1484 minat
2332 1429 2729 1485 immunditia.
2755 1429 3168 1502 Signiﬁcanter
3181 1434 3380 1487 autem
3394 1431 3535 1504 quia
3554 1429 3778 1502 polluta

2128 1517 2360 1573 fuerant
2407 1518 2743 1574 sanctuaria
2773 1518 2894 1586 Dei,
2925 1523 2982 1574 et
3003 1517 3285 1574 violatum
3314 1535 3595 1575 arcanum
3625 1519 3776 1592 ejus,

2128 1623 2243 1660 non
2296 1606 2461 1673 dixit,
2493 1607 2880 1679 possidebunt
2925 1606 3265 1663 sanctuaria
3319 1622 3470 1675 mea,
3502 1607 3601 1663 sed
3645 1623 3778 1663 san-

2126 1696 2339 1751 ctuaria
2368 1712 2557 1752 eorum
2573 1712 2585 1751 :
2605 1696 2744 1768 quia
2775 1700 2907 1768 post
2925 1694 3480 1752 contaminationem
3498 1711 3629 1752 mea
3648 1710 3779 1752 esse

2126 1788 2453 1841 cessarunt.

2195 1874 2469 1946 Angustia
2497 1872 2663 1928 adest.
2700 1873 2837 1928 LXX
2864 1890 2877 1928 :
2910 1874 3238 1945 Propitiatio
3265 1874 3462 1929 veniet.
3480 1872 3657 1929 Juxta
3677 1888 3777 1928 su-

2124 1960 2407 2034 periorem
2440 1962 2727 2030 ordinem,
2759 1965 2912 2019 recte
2940 1960 3154 2035 Aquila
3172 1965 3230 2017 et
3254 1961 3572 2017 Tbeodotio
3604 1960 3778 2017 inter-

2123 2051 2333 2123 pretati
2381 2054 2542 2119 sunt,
2574 2050 2779 2107 adesse
2824 2051 3185 2122 angustiam:
3232 2048 3767 2122 Symmachusque,
3814 2048 3819 2053 ’

2122 2154 2433 2196 mrorem.
2459 2138 2838 2212 Septuaginta
2851 2143 3047 2195 autem
3078 2139 3139 2195 in
3152 2138 3347 2194 medio
3363 2137 3775 2194 universorum

2121 2227 2404 2298 tristium,
2425 2229 2669 2284 verbum
2700 2243 2948 2300 posuere
2968 2226 3179 2283 laetitias
3213 2243 3226 2282 :
3263 2230 3323 2282 ut
3355 2225 3612 2299 lugentis
3644 2226 3777 2282 ani-

2125 2332 2259 2372 mus
2290 2319 2676 2382 sustentetur,
2708 2319 2766 2371 et
2794 2319 2988 2389 speret
3025 2314 3179 2371 inter
3207 2315 3472 2385 adversa,
3507 2313 3772 2384 meliora,

2123 2404 2557 2475 Dominamque
2576 2404 2894 2477 propitium
2924 2422 2937 2472 ;
2964 2405 3036 2461 de
3065 2421 3181 2477 quo
3212 2403 3498 2476 scriptum
3520 2407 3610 2460 est
3633 2421 3648 2460 :
3669 2404 3776 2461 Do-

2120 2496 2307 2549 minus
2337 2494 2504 2562 erigit
2549 2494 2741 2549 allisos
2770 2495 2881 2562 (Ps.
2910 2510 3071 2564 cxcv,
3103 2492 3182 2562 8).
3215 2492 3334 2550 Nos
3383 2495 3577 2548 autem
3600 2492 3777 2564 juxta

2122 2580 2541 2653 Symmachum
2585 2581 2839 2652 priorem
2887 2580 3240 2636 sententiam
3272 2595 3409 2636 cum
3454 2579 3776 2652 posteriore

2122 2669 2563 2742 conjunximus,
2595 2674 2662 2725 ut
2686 2669 3013 2725 diceremus
3044 2686 3057 2724 :

2191 2759 2381 2830 (Vers.
2410 2758 2525 2831 25.)
2575 2760 2842 2828 Angustia
2886 2758 3317 2830 superveniente,
3348 2758 3634 2829 requirent
3680 2772 3776 2829 pa-

2119 2864 2254 2919 cem,
2280 2858 2330 2904 et
2374 2864 2486 2905 non
2531 2850 2655 2904 erit.
2687 2847 2850 2914 Quod
2891 2847 3064 2919 juxta
3104 2846 3486 2919 Septuaginta
3535 2845 3776 2903 omnino

2120 2940 2276 2993 stare
2307 2953 2421 2993 non
2472 2940 2682 3009 potest.
2715 2935 2775 2993 Si
2805 2934 2964 2992 enim
3011 2934 3350 3008 propitiatio
3381 2933 3593 3003 veniet,
3624 2950 3775 3006 quo-

2120 3026 2293 3082 modo
2314 3032 2577 3097 quaerent
2597 3042 2852 3098 parcam,
2864 3029 2921 3081 et
2942 3041 3058 3081 non
3076 3023 3415 3080 invenient?
3429 3027 3657 3088 Quaeret
3669 3040 3775 3080 au-

420 3112 613 3184 (Vers.
639 3114 758 3183 23.)
793 3114 895 3169 Fac
921 3115 1344 3183 conclusionem,
1380 3115 1643 3185 quoniam
1675 3122 1820 3169 terra
1843 3116 2012 3187 plena
2119 3118 2238 3170 tem
2269 3113 2366 3170 ille
2393 3130 2619 3187 pacem,
2644 3119 2701 3171 et
2730 3130 2845 3169 non
2875 3112 3151 3182 inveniet,
3168 3113 3269 3185 qui
3295 3112 3519 3168 audivit
3537 3112 3612 3167 ah
3633 3128 3773 3187 apo-

347 3207 431 3259 est
468 3201 683 3274 judicio
739 3204 1093 3274 sanguinum,
1149 3206 1203 3259 et
1247 3204 1440 3258 civitas
1485 3202 1651 3273 plena
1696 3204 2007 3275 iniquitate.
2041 3187 2085 3255 C
2122 3202 2291 3259 stolis
2325 3220 2337 3258 :
2371 3204 2494 3258 Pax
2522 3202 2652 3258 huic
2679 3202 2868 3258 domui
2896 3203 3101 3274 (Matth.
3125 3218 3184 3271 x,
3207 3201 3320 3270 12),
3348 3203 3407 3257 et
3436 3217 3553 3257 non
3577 3217 3773 3257 serva-

351 3290 502 3346 LXX
538 3309 552 3347 :
584 3292 651 3346 Et
681 3290 949 3346 adducam
997 3291 1451 3363 pertubationcm,
1482 3292 1612 3364 quia
1641 3293 1791 3346 terra
1839 3293 2007 3364 plena
2112 3290 2195 3347 vit
2225 3306 2376 3356 eam,
2408 3306 2515 3346 nec
2546 3291 2682 3347 fecit
2729 3290 2791 3346 in
2840 3306 2949 3347 sua
2996 3294 3189 3346 mente
3238 3289 3623 3362 requiescere,
3667 3288 3772 3346 sed

341 3379 563 3451 judicio
591 3381 949 3451 sanguinem,
979 3387 1031 3436 et
1055 3381 1247 3436 civitas
1260 3381 1437 3452 plena
1465 3381 1842 3452 iniquitatum.
1865 3380 2004 3437 Ver-

347 3468 493 3524 bum
528 3469 608 3541 (b)
655 3467 1006 3525 Hebraicum
1048 3486 1289 3525 nmmo
1338 3469 1588 3556 (pimn),
1622 3468 1835 3556 Aquila
1877 3485 2008 3525 con-

350 3559 674 3628 clusionem,
706 3558 1096 3629 Symmachus
1142 3563 1201 3613 et
1245 3554 1566 3613 Theodotio
1603 3554 1914 3627 καθήλωσιν
1949 3559 2007 3614 id

351 3650 460 3712 est,
491 3646 867 3715 confusionem
894 3646 1258 3718 interpretati
1294 3650 1452 3700 sunt.
1482 3645 1592 3701 Pro
1623 3662 1738 3717 quo
1770 3646 2011 3717 Septua-

349 3735 518 3808 ginta
547 3748 803 3807 posuere
851 3733 1086 3810 φυρμὸν,
1118 3734 1275 3805 quod
1326 3750 1433 3789 nos
1463 3734 1522 3788 in
1570 3732 2013 3805 pertubationem

348 3824 658 3879 vertimus.
695 3821 951 3895 Igitur,o
981 3821 1284 3894 propheta,
1299 3821 1449 3877 iram
1482 3837 1673 3877 meam
1705 3826 2009 3893 superter-

349 3929 484 3968 ram
514 3912 807 3977 Judaeum,
832 3914 892 3967 et
920 3926 1099 3983 super
1120 3910 1323 3966 urbem
1348 3909 1675 3966 Jerusalem
1701 3910 1859 3965 brevi
1893 3926 2012 3966 ser-

349 4016 533 4057 mone
564 3999 865 4067 conclude,
890 4005 956 4054 ut
985 3999 1279 4071 qucmodo
1309 4003 1464 4054 terra
1484 3997 1656 4070 plena
1684 4002 1775 4054 est
1785 3999 2011 4070 judicio

354 4088 736 4161 sanguinum,
770 4102 976 4144 omnes
1030 4087 1190 4143 enim
1221 4086 1280 4141 in
1335 4085 1621 4161 sanguine
1642 4085 2011 4157 judicantur,

353 4175 671 4233 fundentes
686 4175 989 4232 innoxium
1004 4175 1353 4248 sanguinem
1374 4192 1386 4231 :
1412 4175 1566 4247 quod
1590 4178 1648 4230 et
1664 4173 1725 4230 in
1746 4175 2015 4232 Nabuthe

351 4282 606 4340 persona
635 4267 675 4321 7
691 4267 729 4320 7
762 4265 969 4321 fecisse
992 4264 1229 4321 Judaeos
1247 4264 1552 4337 Scriptura
1569 4269 2010 4321 commemorat:

350 4357 435 4412 sic
464 4357 736 4429 ipsorum
774 4370 1006 4426 quoque
1049 4353 1332 4410 fundatur
1378 4370 1570 4425 cruor,
1601 4357 1659 4409 et
1697 4352 1869 4426 plena
1899 4353 2015 4409 ini-

350 4446 600 4520 quitatis
621 4443 825 4500 civitas
854 4444 1309 4500 demonstretur.
1348 4442 1489 4499 Nam
1521 4447 1578 4499 et
1609 4443 1718 4499 sub
1750 4446 2016 4499 Manasse

349 4534 576 4608 repleta
598 4537 689 4589 cst
721 4533 864 4588 urbs
883 4530 1211 4589 Jerusalem
1234 4549 1269 4587 a
1292 4536 1460 4604 porta
1481 4548 1668 4603 usque
1688 4531 1760 4587 ad
1785 4536 2014 4603 portam

352 4621 649 4697 sanguine
726 4620 1144 4694 prophetarum
1200 4622 1247 4693 (Ι
1310 4621 1433 4689 Reg.
1495 4621 1630 4692 xxx).
1689 4621 2012 4693 Venietque

351 4713 436 4768 eis
456 4710 786 4777 conclusio,
823 4714 879 4765 et
908 4709 1272 4782 perturbatio
1295 4713 1469 4780 atque
1494 4708 1760 4776 confixio,
1783 4713 1847 4765 ut
1888 4709 2015 4766 nul-

352 4802 448 4857 lus
477 4802 554 4856 de
584 4798 1037 4856 imminentibus
1068 4797 1326 4854 miseriis
1355 4797 1547 4869 possit
1573 4797 1833 4854 evadere.

425 4889 622 4959 (Vers.
656 4888 774 4959 24.)
816 4889 880 4943 Et
925 4887 1193 4943 adducam
1237 4888 1500 4959 pessimos
1545 4886 1610 4942 de
1659 4887 1931 4956 gentibus,
1965 4895 2016 4944 et

348 4979 709 5052 possidebunt
727 4976 911 5033 domos
927 4993 1140 5033 eorum.
1167 4977 1235 5031 Et
1266 4976 1389 5031 haec
1408 4975 1467 5030 in
1494 4976 1877 5049 Septuaginta
1897 4992 2015 5032 non

354 5069 675 5124 habentur.
711 5066 818 5121 Pro
851 5064 1249 5121 sacerdotibus
1282 5070 1339 5121 et
1375 5064 1695 5137 prephetis,
1728 5065 2017 5137 pessimos

354 5161 707 5215 cunctarum
733 5155 998 5227 gentium
1031 5154 1318 5210 adducam
1338 5152 1706 5226 Babylonios,
1730 5158 1793 5209 ut
1811 5154 2018 5211 domos

354 5252 587 5304 vestras
617 5243 982 5317 possideant,
1007 5260 1228 5316 vosque
1257 5242 1576 5314 subjiciant
1604 5242 1886 5300 servituti.
1909 5243 2019 5299 Sed

355 5341 415 5392 et
445 5337 687 5391 nostras
738 5331 966 5399 domos,
1000 5331 1058 5387 id
1091 5336 1201 5401 est,
1235 5332 1462 5388 animas
1506 5330 1815 5404 (templum
1861 5332 2019 5389 enim

428 5496 507 5569 (a)
534 5492 729 5550 Facile
750 5492 1007 5569 Victorio
1022 5493 1305 5569 assentiat
1324 5491 1637 5565 exingenio
1651 5492 2019 5569 rescribenti,

356 5563 789 5641 Obsessa-mpm
818 5564 900 5620 Ad
926 5570 1139 5641 nostra.
1157 5564 1270 5621 Sed
1295 5580 1439 5641 mss.
1461 5563 1576 5641 non
1599 5563 2018 5641 suﬂragantur}

429 5639 510 5719 (b)
542 5634 915 5712 Mssilegunt
939 5637 1161 5694 Arethic
1179 5652 1315 5695 cum
1344 5635 1436 5696 iod
1456 5634 1518 5695 in
1535 5635 1671 5709 ﬁne,
1691 5634 1815 5696 neti
1829 5636 2021 5701 barat-

692 5765 963 5837 Ριηοι..
1008 5763 1202 5833 XXV.

2116 3378 2289 3435 malis
2320 3380 2583 3453 fugatam
2631 3379 2907 3452 operibus
2938 3396 3054 3436 non
3106 3383 3299 3451 potest
3339 3378 3618 3435 invenire.
3649 3380 3773 3450 Ipsa

2114 3473 2191 3525 est
2226 3469 2321 3524 78
2342 3471 2526 3525 autem
2545 3486 2663 3541 pax
2681 3484 2807 3540 qua:
2825 3478 3117 3540 exsuperat
3140 3485 3359 3526 omnem
3377 3468 3618 3537 sensum)
3632 3466 3769 3524 Phi-

2117 3557 2250 3630 lipp.
2293 3575 2370 3627 xv,
2399 3558 2481 3629 7),
2517 3562 2573 3613 et
2621 3574 2797 3630 quam
2830 3558 2901 3613 ad
2952 3561 3184 3614 Patrem
3215 3557 3401 3613 victor
3447 3556 3771 3613 ascendens

2100 3645 2403 3712 Salvator,
2438 3645 2721 3718 apostolis
2751 3645 3064 3718 dereliquit
3092 3649 3277 3714 (Joan.
3309 3645 3450 3717 xxv).

2187 3735 2377 3807 (Vers.
2408 3736 2525 3807 26.)
2555 3734 2909 3792 Conturbatio
2951 3750 3117 3805 super
3161 3734 3641 3790 conturbationem
3681 3747 3769 3789 ve-

2116 3826 2251 3892 niet,
2282 3827 2335 3880 et
2380 3824 2606 3879 auditus
2629 3840 2795 3895 super
2839 3823 3112 3878 auditum.
3145 3821 3327 3877 LXX:
3367 3826 3457 3878 Vae
3493 3835 3661 3893 super
3686 3834 3775 3878 va?

2117 3915 2242 3978 erit,
2272 3920 2325 3967 et
2351 3913 2582 3968 nuntius
2604 3928 2769 3983 super
2795 3913 3075 3968 nuntium.
3099 3908 3401 3975 Quomodo
3432 3907 3653 3965 sanctis
3683 3907 3775 3963 di-

2121 4001 2274 4057 citur
2308 4016 2320 4056 :
2355 3999 2606 4072 Gaudete,
2637 4001 2840 4056 iterum
2866 4000 2985 4056 dico
3012 3999 3245 4071 gaudete
3272 3998 3541 4072 (Philipp.
3573 4013 3652 4065 1v,
3674 3997 3732 4070 2)
3759 4014 3773 4066 ;

2120 4094 2179 4146 et
2199 4090 2270 4145 de
2298 4089 2444 4162 ipsis
2466 4089 2754 4161 scriptum
2782 4091 2872 4146 est
2893 4105 2907 4143 :
2934 4088 3094 4145 Ibunt
3115 4088 3180 4145 de
3199 4091 3406 4145 virtute
3437 4088 3498 4143 in
3516 4088 3781 4144 virtutem

2122 4180 2235 4252 (Ps.
2271 4195 2502 4245 Lxxxux,
2529 4176 2605 4249 8),
2629 4180 2695 4232 ut
2723 4176 3037 4250 praesentia
3065 4177 3220 4233 bona
3241 4175 3457 4232 futuris
3484 4174 3656 4232 honis
3681 4190 3778 4230 cu-

2123 4267 2352 4324 mulent
2374 4284 2386 4321 :
2411 4267 2494 4322 sic
2525 4272 2582 4322 et
2610 4266 2703 4321 his
2726 4282 2902 4339 super
2922 4282 3070 4338 quos
3090 4265 3251 4322 venit
3274 4263 3571 4338 angustia,
3592 4267 3651 4319 et
3670 4263 3781 4336 qui

2122 4355 2482 4428 quasierunt
2510 4370 2712 4428 pacem
2764 4359 2821 4411 et
2851 4371 2967 4410 non
3014 4354 3364 4411 invenerunt
3407 4368 3560 4422 eam,
3591 4351 3785 4419 veniet

2124 4444 2490 4501 conturbatio
2522 4460 2700 4516 super
2745 4443 3277 4514 conturbationem,
3308 4442 3429 4499 sive
3472 4459 3553 4497 vas
3598 4456 3778 4514 super

2048 4555 2095 4620 Β
2124 4550 2228 4599 vae,
2252 4534 2423 4604 juxta
2453 4531 2611 4604 quod
2641 4537 2698 4588 et
2726 4531 2787 4587 in
2816 4530 3162 4606 Apocalypsi
3191 4531 3477 4604 scriptum
3525 4534 3618 4586 est
3645 4541 3780 4620 {v.2

2126 4639 2301 4678 unum
2328 4623 2487 4690 abiit,
2519 4629 2570 4678 et
2598 4637 2676 4677 vae
2711 4621 2947 4677 alterum
2974 4623 3157 4678 veniet
3201 4623 3305 4677 cito
3336 4620 3518 4692 (Apoc.
3554 4636 3632 4687 xx,
3664 4617 3778 4689 12).

2121 4712 2190 4767 Et
2220 4712 2459 4768 auditus
2481 4709 2672 4767 veniet
2698 4726 2877 4783 super
2905 4710 3197 4779 auditum,
3216 4708 3580 4780 nuntiusque
3600 4720 3781 4779 super

2122 4799 2440 4867 nuntium;
2465 4799 2636 4870 juxta
2677 4797 2823 4854 illud
2871 4798 3026 4854 beati
3053 4799 3162 4854 Job
3197 4815 3211 4853 :
3247 4796 3384 4852 Cum
3429 4794 3607 4851 adhuc
3632 4810 3779 4852 unus

2125 4890 2458 4960 loqueretur,
2490 4889 2641 4944 venit
2668 4888 2817 4943 alius
2845 4889 3077 4943 nuntius
3107 4886 3243 4957 (Job.
3277 4902 3316 4953 ι,
3351 4885 3463 4957 16),
3495 4883 3653 4941 mala
3680 4901 3780 4942 au-

2124 4995 2268 5052 gens
2300 4976 2495 5045 malis,
2520 4981 2577 5033 et
2607 4974 3137 5050 appropinquantis
3157 4972 3458 5048 Babylonii
3481 4974 3779 5032 fremitum

2124 5066 2477 5138 turbamque
2507 5066 2865 5123 describens.

2195 5156 2259 5211 Et
2285 5163 2536 5228 quaerent
2563 5155 2831 5211 visionem
2859 5153 2927 5209 de
2950 5151 3225 5225 Propheta
3254 5170 3273 5209 :
3305 5157 3363 5210 et
3392 5154 3486 5210 lex
3506 5154 3717 5227 peribit
3746 5168 3783 5210 a

2131 5244 2438 5313 Sacerdote,
2470 5253 2521 5300 et
2546 5243 2843 5302 consilium
2864 5258 2897 5298 a
2925 5242 3254 5300 senioribus.
3282 5242 3519 5317 Proprie
3547 5239 3784 5315 singula

2131 5337 2476 5407 quaeruntur
2502 5351 2537 5389 a
2565 5329 2837 5404 singulis.
2868 5330 3229 5389 Vaticinium
3260 5328 3593 5389 futurorum
3624 5346 3782 5404 que-

2131 5503 2380 5582 tqc.cum
2402 5491 2645 5582 nollem,
2672 5500 2860 5582 pix-nn
2878 5492 3049 5567 juxta
3068 5496 3405 5582 contextplm
3424 5491 3783 5582 hodiernum

2133 5565 2503 5629 Hebraicum.
2678 5565 2686 5582 '
2882 5565 2896 5567 θ
3291 5565 3575 5628 Meam.
