4052 6180
279 310 355 375 75
1513 310 1578 371 S.
1623 310 1932 374 EUSEBII
1975 311 2443 375 HIERONYMI.
3591 308 3670 371 76

278 442 428 499 ritur
455 459 491 499 a
518 443 822 517 propheta.
846 445 1014 518 Legis
1042 442 1464 514 interpretatio,
1487 444 1805 525 sacerdotis
1836 444 1919 499 of-
1949 447 2004 512 Α
2102 447 2167 500 Et
2196 462 2394 500 manus
2419 445 2614 517 populi
2644 453 2807 502 terra’
2824 442 3316 512 conturbabuntur,
3347 442 3676 514 sive,juxta

277 532 477 589 licium
506 537 616 590 est.
648 535 913 590 Prudens
934 530 1246 589 consilium
1270 534 1411 588 aetas
1432 535 1662 587 matura
1681 532 1921 604 perqui-

275 620 354 676 rit
375 638 388 689 ;
404 622 578 694 juxta
607 622 758 678 illud
799 622 953 693 quod
988 620 1271 693 scriptum
1294 624 1418 677 est:
1444 622 1505 676 In
1533 622 1766 678 consilio
1790 638 1922 677 san-

274 718 486 766 ctorum
514 710 623 782 [A1,
656 711 951 782 iustorum]
981 713 1033 767 et
1061 711 1502 780 congregatione,
1523 727 1731 779 magna
1758 726 1922 781 opera

275 800 503 855 Domini
521 798 629 871 (Ps.
661 815 750 867 ex,
777 800 826 869 1,
849 799 926 871 2).
965 801 1091 855 Haec
1123 804 1321 855 autem
1342 814 1460 853 non
1478 798 1669 854 solum
1697 815 1762 855 eo
1779 803 1921 854 tem-

274 904 436 959 pore,
468 887 704 958 quando
752 888 1104 961 Babylonius
1135 892 1336 943 contra
1380 885 1703 942 Jerusalem
1730 888 1922 942 venie-

276 976 376 1030 bat
403 975 710 1042 exercitus,
743 993 778 1031 a
807 976 1129 1049 prophetis,
1163 976 1567 1031 sacerdotibus
1596 980 1652 1031 et
1680 976 1919 1031 seniori-

274 1064 385 1118 bus
415 1064 862 1134 querebantur;
893 1064 995 1119 sed
1029 1063 1289 1136 quotidie
1319 1063 1377 1118 in
1420 1062 1696 1120 Ecclesiis
1728 1064 1922 1135 requi-

274 1155 504 1208 runtur.
537 1153 672 1218 Quae
702 1153 752 1209 si
781 1152 1087 1221 visionem,
1109 1152 1317 1225 legem,
1341 1150 1770 1225 consiliumque
1801 1169 1923 1224 per-

275 1240 550 1308 diderint,
572 1242 787 1298 frustra
803 1241 1116 1314 pr0phetas
1135 1245 1192 1296 et
1221 1241 1571 1307 sacerdotes,
1587 1246 1642 1296 et
1663 1240 1921 1296 seniores

201 1327 205 1331 ’
280 1328 496 1384 habere
527 1347 588 1386 se
611 1330 857 1401 jactant.

346 1416 532 1487 (Vers.
560 1419 678 1487 27.)
709 1419 823 1474 Rea:
860 1419 1079 1490 lugebit,
1112 1422 1161 1473 et
1192 1418 1446 1489 princeps
1500 1417 1760 1472 induatur
1787 1434 1923 1472 mte-

273 1519 419 1576 rore,
451 1505 590 1571 sive,
615 1508 786 1577 juxta
834 1506 1236 1579 Septuaginta,
1270 1507 1503 1561 interitu
1534 1524 1551 1559 :
1586 1506 1684 1577 qui
1726 1506 1921 1562 nescio

274 1593 415 1664 quid
447 1593 728 1662 volentes,
761 1596 869 1651 hoc
921 1596 1076 1668 quod
1111 1596 1183 1650 de
1211 1594 1495 1650 Hebraico
1526 1611 1794 1650 sermone
1824 1611 1919 1649 ex-

272 1683 621 1753 pressimus,
652 1700 752 1740 rea:
780 1685 1008 1755 lugebit,
1042 1683 1280 1739 omnino
1319 1687 1647 1739 tacuerunt.
1686 1682 1921 1738 Luxisse

273 1776 466 1829 autem
489 1771 810 1840 Sedeciam,
836 1777 893 1828 et
921 1789 1125 1828 omnes
1151 1771 1443 1844 principes
1468 1770 1667 1844 pepuli
1692 1771 1921 1827 Judan-

270 1878 402 1917 rum
421 1862 603 1917 tuisse
622 1877 862 1917 maerore
892 1862 1204 1928 confectos,
1224 1864 1427 1916 sancta
1444 1860 1745 1932 Scriptura
1764 1876 1919 1916 com-

271 1952 576 2005 memorat.
608 1949 932 2006 Possumus
963 1954 1179 2015 antem,
1213 1965 1573 2021 quamquam
1601 1949 1706 2004 hoc
1729 1950 1918 2020 prima

270 2037 461 2094 fronte
490 2038 755 2093 videatur
779 2055 907 2095 esse
944 2038 1590 2111 blasphemum,regem
1619 2037 1916 2110 lugentem

270 2131 473 2183 nostra
499 2126 641 2182 vitia
667 2131 843 2199 atque
873 2132 1130 2200 peccata,
1154 2125 1451 2182 Christum
1474 2127 1686 2191 dicere,
1719 2126 1816 2198 qui
1840 2126 1917 2181 lo-

270 2215 474 2287 quitur
516 2217 576 2272 in
629 2216 883 2271 Psalmis
918 2233 931 2271 :
967 2217 1096 2285 Quae
1125 2216 1346 2271 utilitas
1374 2217 1435 2271 in
1475 2218 1747 2287 sanguine
1772 2232 1911 2283 meo,

268 2302 403 2360 dum
428 2304 687 2361 descendo
716 2306 779 2360 in
804 2307 1207 2377 corruptionem
1235 2303 1351 2373 (Ps.
1374 2321 1528 2370 xxxx,
1554 2305 1640 2372 10)
1660 2304 1687 2359 ‘t
1718 2304 1787 2358 Et
1813 2322 1912 2376 ap-

269 2393 674 2466 propinquans
701 2393 1030 2450 Jerusalem
1062 2392 1217 2449 ﬂevit
1246 2409 1419 2464 super
1449 2408 1606 2459 eam,
1637 2396 1694 2446 et
1719 2391 1864 2447 dixit
1897 2410 1911 2448 :

266 2482 589 2551 Jerusalem,
614 2483 940 2553 Jerusalem,
972 2498 1093 2554 quae
1146 2481 1351 2538 occidis
1380 2482 1696 2552 Prophetas,
1729 2485 1781 2536 et
1829 2482 1912 2537 la-

263 2570 425 2643 pidas
468 2572 660 2627 missos
710 2571 780 2627 ad
809 2576 862 2626 te
881 2588 900 2632 ;
950 2573 1157 2643 quoties
1198 2571 1349 2626 volui
1393 2585 1723 2639 congregare
1769 2570 1914 2639 ﬁlios

263 2668 402 2731 tuos,
434 2662 575 2716 sicut
616 2661 827 2732 gallina
858 2664 1149 2732 congregat
1175 2661 1277 2716 sub
1325 2661 1450 2715 alas
1474 2660 1661 2731 pullos
1689 2676 1832 2731 suos,
1864 2671 1915 2716 et

189 2776 199 2785 -
264 2750 496 2805 noluisti
525 2749 728 2821 (Matth.
763 2766 924 2815 xxm,
950 2750 1040 2820 37)
1066 2749 1078 2803 l
1118 2749 1212 2803 79
1244 2747 1543 2820 Principes
1572 2764 1802 2819 quoque
1823 2748 1910 2804 vel

262 2838 324 2895 in
355 2837 568 2892 bonam
601 2842 828 2909 partem
848 2836 1097 2908 apostoli
1128 2840 1318 2901 erunt,
1348 2835 1448 2907 qui
1482 2834 1688 2907 lugent
1717 2852 1913 2908 pecca-

263 2930 419 2982 tores
445 2942 458 2980 :
488 2925 576 2980 vel
608 2924 669 2981 in
701 2923 1184 2992 contrariam,illi
1214 2924 1428 2995 quibus
1449 2924 1665 2979 dicitur
1686 2942 1698 2979 :
1720 2924 1915 2981 Audite

265 3015 492 3072 verbum
536 3015 775 3081 Domini,
817 3015 1090 3086 principes
1137 3014 1501 3069 Sodomorum
1537 3013 1688 3084 (1δαί.
1723 3031 1762 3079 ι,
1798 3015 1909 3084 11).

265 3104 685 3176 Indueturque,
712 3103 882 3174 juxta
928 3102 1330 3174 Septuaginta,
1364 3103 1611 3172 interitu,
1648 3102 1745 3173 qui
1794 3118 1909 3157 non

2032 534 2436 607 Septuaginta,
2468 534 2852 590 dissolvenlur.
2884 534 3126 598 Quando
3177 532 3320 588 visio
3351 548 3467 587 non
3500 531 3679 587 fuerit

2032 623 2091 676 in
2126 623 2432 695 propheta,
2462 628 2519 677 et
2551 624 2719 695 Legis
2748 623 2993 678 scientia
3022 622 3081 676 in
3114 621 3438 687 sacerdote,
3461 624 3518 676 et
3549 637 3681 677 con-

2031 710 2231 766 silium
2263 711 2323 765 in
2355 713 2597 768 senibus
2617 728 2630 769 :
2650 710 3113 783 rexqueluxerit,
3130 716 3186 766 et
3214 709 3484 782 princeps
3507 709 3683 766 fuerit

2030 798 2089 854 in
2122 814 2388 865 maerore,
2413 800 2531 856 sive
2560 800 2619 855 in
2652 800 2911 867 interitu,
2935 801 3360 870 consequenter
3388 802 3446 854 et
3474 797 3674 871 populi

2031 904 2243 943 manus
2273 889 2799 957 conturbabuntur,
2833 905 3008 944 suum
3050 888 3356 959 perdentes
3388 887 3673 959 ordinem,

2031 975 2147 1031 sive
2168 976 2883 1049 dissolventur,antiquam
2900 975 3297 1033 fortitudinem
3315 992 3430 1033 non
3452 975 3673 1032 haben-

2031 1068 2138 1119 tes.
2169 1064 2529 1137 Pulchreque
2551 1082 2663 1121 non
2696 1065 2950 1138 populus
2972 1064 3074 1120 Dei
3105 1065 3442 1136 dicitur,ch
3454 1081 3523 1121 us
3544 1068 3673 1121 tur-

2033 1153 2327 1208 babuntur
2357 1170 2586 1223 manus,
2617 1159 2676 1210 et
2705 1156 2874 1225 cujus
2905 1171 3020 1210 non
3067 1158 3156 1209 est
3187 1153 3582 1226 municipatus
3612 1153 3672 1207 in

2032 1240 2172 1295 ccelo
2197 1260 2208 1307 ;
2243 1242 2340 1297 sed
2363 1242 2615 1314 populus
2637 1247 2822 1306 terrae,
2847 1244 2917 1298 de
2947 1259 3063 1315 quo
3095 1241 3376 1314 scriptum
3401 1246 3492 1298 est
3523 1258 3536 1296 :
3571 1243 3674 1298 Re-

2030 1330 2273 1387 cedentes
2304 1348 2335 1385 a
2382 1340 2432 1386 te
2463 1347 2628 1403 super
2680 1339 2887 1387 terram
2917 1331 3226 1388 scribentur
3271 1332 3498 1402 (Jerem.
3532 1348 3673 1400 xvn,

2032 1419 2142 1488 13).

2100 1508 2405 1564 Secundum
2431 1511 2577 1564 riam
2605 1524 2796 1565 eorum
2823 1510 3032 1581 faciam
3054 1511 3152 1579 eis,
3173 1518 3223 1566 et
3252 1510 3355 1565 80
3383 1510 3679 1566 secundum

2019 1597 2231 1667 judicia
2252 1613 2439 1653 eorum
2460 1598 2712 1664 iudicabo
2731 1614 2839 1668 eos,
2863 1598 2983 1653 sive
3007 1604 3071 1653 ut
3085 1598 3468 1671 Septuaginta
3485 1602 3676 1654 trans-

2028 1684 2306 1756 tulerunt,
2359 1688 2593 1742 ulciscar
2653 1703 2760 1742 eos.
2816 1686 3220 1742 Peccatoribus
3286 1687 3476 1743 reddit
3522 1687 3677 1743 Deus

2019 1775 2192 1845 juxta
2219 1775 2342 1830 vias
2385 1792 2545 1841 suas,
2578 1780 2642 1829 ut
2670 1780 2863 1831 teneat
2886 1774 3095 1846 judicii
3141 1775 3464 1831 veritatem.
3498 1774 3675 1831 Caste-

2030 1878 2163 1917 rum
2213 1863 2271 1916 in
2304 1863 2523 1918 sanctis
2573 1863 2796 1919 excedit
2826 1864 3068 1918 modum
3116 1863 3456 1920 clementiae.
3491 1866 3678 1935 Neque

2027 1952 2175 2006 enim
2204 1951 2490 2022 condignae
2518 1960 2647 2006 sunt
2681 1956 2957 2023 passiones
2990 1953 3249 2023 temporis
3297 1952 3458 2023 hujus
3488 1952 3558 2008 ad
3583 1954 3673 2023 fu-

2026 2047 2206 2094 turam
2235 2041 2467 2109 gloriam
2513 2055 2639 2111 quae
2686 2041 3017 2096 revelabitur
3047 2043 3106 2096 in
3153 2042 3312 2095 nobis
3341 2042 3516 2111 (Rom.
3549 2058 3673 2111 vm,

2031 2130 2138 2199 18).
2172 2128 2454 2200 Stipendia
2471 2130 2620 2184 enim
2645 2130 2851 2200 peccati
2880 2143 3045 2184 mors.
3064 2129 3222 2197 (Ibid.
3255 2147 3332 2196 v1,
3355 2129 3469 2201 23),
3497 2145 3675 2201 quam

2028 2216 2233 2288 recipit
2253 2218 2542 2289 peccatorj
2553 2218 2822 2272 uxtavias
2847 2234 2985 2274 suas
3004 2222 3245 2288 etopera
3258 2218 3677 2273 sua.Czeterum

2019 2305 2317 2375 justorum
2331 2304 2742 2361 virtusfruitur
2756 2306 2982 2360 Domini
2996 2305 3285 2378 largitate,
3301 2307 3370 2361 de
3394 2322 3512 2377 qua
3526 2305 3677 2361 Pau-

2026 2392 2118 2448 lus
2150 2392 2443 2465 loquitur:
2477 2399 2691 2449 Donum
2723 2396 2830 2450 Dei
2852 2396 2966 2449 vita
2995 2403 3220 2449 aeterna.
3254 2394 3537 2465 Quodque
3568 2394 3679 2449 ad-

2026 2476 2175 2537 didit
2205 2499 2217 2538 :
2249 2490 2298 2537 et
2324 2483 2619 2538 secundum
2638 2483 2852 2554 judicia
2883 2499 3072 2539 eorum
3094 2482 3353 2553 judicabo
3390 2498 3497 2554 eos,
3528 2481 3673 2538 illud

2023 2570 2630 2648 Evangelicumsonat
2663 2587 2675 2624 :
2712 2572 2767 2626 in
2801 2587 2904 2643 quo
2924 2571 3139 2643 judicio
3159 2571 3564 2642 judicaveritis,
3577 2587 3672 2643 Ju-

2023 2659 2302 2715 dicabitur
2322 2661 2394 2716 de
2414 2661 2569 2716 vobis
2599 2658 2807 2731 (Matth.
2835 2676 2935 2729 vn,
2972 2660 3044 2731 1).
3068 2660 3135 2715 Et
3155 2659 3549 2732 Apostolicum
3576 2677 3589 2714 :
3613 2661 3673 2715 ln

2024 2765 2126 2818 quo
2140 2750 2287 2804 enim
2307 2749 2521 2819 judicio
2536 2749 2757 2820 judicas
2785 2749 3038 2814 alterum,
3055 2751 3294 2820 teipsum
3322 2749 3669 2805 condemnas.

2022 2837 2226 2891 Eadem
2256 2839 2405 2892 enim
2433 2839 2680 2909 aperaris
2711 2851 2836 2907 quae
2852 2837 3078 2906 judicas
3100 2839 3273 2906 (llam.
3306 2838 3476 2909 11,1).

2092 2927 2154 2979 Et
2195 2926 2365 2980 scient
2418 2927 2549 2996 quia
2579 2941 2674 2995 ego
2723 2925 3005 2981 Dominus.
3038 2927 3149 2982 Iste
3198 2925 3521 2982 versiculus
3552 2925 3669 2981 tre-

2023 3017 2272 3086 quenter
2324 3014 2384 3067 in
2416 3013 2525 3069 hoc
2574 3012 2856 3086 propheta
2885 3014 3141 3085 ponitur,
3174 3015 3328 3085 quod
3380 3012 3669 3086 supplicia

2021 3105 2195 3173 atque
2226 3102 2519 3159 cruciatus
2543 3106 2823 3174 sequatur
2848 3104 3093 3159 scientia
3118 3103 3240 3168 Dei,
3268 3107 3335 3158 ut
3352 3119 3528 3175 quem
3555 3119 3669 3158 non

264 3192 443 3249 habet
465 3195 825 3248 armaturam
848 3190 1092 3262 Dei,nec
1113 3191 1357 3246 indutus
1383 3195 1471 3246 est
1489 3190 1911 3259 Christo.Quot-
1940 3184 1982 3250 C
2021 3190 2421 3264 intelligebant
2447 3197 2565 3263 ‘per
2614 3191 2913 3260 beneﬁcia,
2969 3209 3072 3265 per
3115 3195 3408 3249 tormenta
3457 3207 3672 3265 cogno-

265 3284 395 3353 quot
409 3282 558 3336 enim
578 3281 639 3335 in
662 3279 875 3336 Christo
898 3279 1164 3351 baptizati
1177 3278 1611 3348 sunt,0hristum
1623 3279 1922 3335 induerunt
2031 3285 2215 3337 scant.

265 3368 471 3442 (Galat.
504 3386 590 3438 III,
626 3369 742 3440 27).

1410 3683 1829 3776 LIBER
1918 3682 2516 3797 TERTIUS.

334 4029 567 4086 19-80
596 4028 752 4085 Nihil
798 4027 1041 4100 longum
1073 4029 1162 4083 est
1192 4026 1346 4100 quod
1404 4025 1576 4083 fidem
1631 4024 1823 4092 habet,
1855 4028 1912 4081 et

258 4119 451 4174 omnis
468 4122 622 4174 retro
638 4121 969 4188 temporum
988 4115 1167 4172 series
1185 4120 1482 4171 transacta
1499 4133 1615 4170 non
1636 4114 1872 4186 prodest
1892 4130 1904 4167 :

258 4207 375 4264 nisi
406 4207 552 4263 forte
579 4207 868 4262 bonorum
901 4221 1143 4277 operum
1174 4204 1285 4261 sibi
1316 4204 1596 4259 viaticum
1620 4220 1906 4276 praepara-

257 4296 424 4362 verit,
448 4312 577 4368 quas
607 4310 838 4366 semper
855 4293 925 4348 ad
955 4294 1171 4363 futura,
1195 4293 1373 4348 immo
1398 4292 1469 4347 ad
1491 4296 1702 4347 aeterna
1725 4292 1907 4363 respi-

258 4385 508 4454 ciunt,et
534 4383 713 4439 nullis
732 4381 1001 4438 terminis
1030 4386 1417 4438 coarctantur.
1441 4380 1591 4436 Vera
1620 4380 1908 4436 sententia

259 4477 349 4530 est
379 4490 393 4529 :
425 4472 636 4529 Omnia
666 4477 793 4528 orta
839 4470 1130 4539 occidunt,
1167 4473 1224 4526 et
1253 4474 1423 4526 aucta
1469 4473 1802 4525 senescunt.
1836 4469 1906 4525 Et

260 4561 436 4619 alibi:
469 4561 625 4618 Nihil
657 4567 747 4618 est
778 4561 934 4616 enim
974 4576 1143 4632 opere
1174 4564 1231 4616 et
1263 4578 1440 4616 manu
1476 4560 1715 4630 factum,
1748 4559 1903 4631 quod

258 4669 374 4708 non
406 4651 674 4709 conficiat
690 4657 747 4707 et
764 4654 1074 4706 consumat
1096 4653 1375 4706 vetustas.
1399 4649 1537 4713 Quis
1560 4649 1819 4703 crederet
1841 4651 1904 4702 ut

254 4742 434 4798 totius
466 4741 623 4797 orbis
653 4743 948 4796 exstructa
976 4739 1234 4794 victoriis
1277 4739 1460 4793 Roma
1489 4741 1802 4804 corrueret,
1841 4741 1903 4791 ut

253 4831 383 4901 ipsa
411 4830 536 4886 suis
565 4828 801 4901 p0pulis
831 4833 889 4884 et
919 4832 1108 4882 mater
1141 4827 1301 4883 fieret
1331 4832 1387 4882 et
1417 4824 1754 4898 sepulcrum
1791 4844 1803 4882 :
1839 4831 1901 4882 ut

252 4921 374 4973 tota
402 4917 674 4985 Orientis,
705 4916 954 4989 Egypti,
989 4915 1193 4970 Africae
1227 4914 1422 4969 littora
1464 4914 1602 4969 olim
1635 4914 1898 4971 domina-

249 5005 412 5060 tricis
444 5005 629 5073 urbis,
663 5021 962 5061 servorum
995 5008 1051 5059 et
1077 5001 1422 5057 ancillarum
1456 5020 1699 5059 numero
1738 5020 1896 5059 com-

2018 4024 2181 4099 dium
2211 4025 2542 4095 omisimus,
2558 4026 3109 4098 Scripturarumque
3126 4026 3362 4099 cupimu
3375 4042 3402 4081 s
3418 4025 3664 4082 verbain

2018 4132 2193 4186 opera
2239 4119 2479 4182 vertere,
2525 4119 2582 4170 et
2632 4132 2746 4171 non
2794 4115 2985 4170 dicere
3038 4119 3259 4181 sancta,
3303 4114 3404 4170 sed
3453 4114 3661 4171 facere.

2019 4203 2179 4259 Unde
2201 4220 2407 4259 rursus
2440 4221 2473 4258 a
2495 4207 2551 4258 te
2582 4202 2941 4273 commoniti,
2971 4220 3005 4258 ο
3033 4203 3194 4275 virgo
3217 4202 3430 4259 Christi
3454 4204 3664 4260 Eusto-

2017 4291 2657 4360 chium,intermissum
2680 4291 2939 4347 laborem
2973 4292 3314 4364 repetimus,
3339 4296 3394 4347 et
3423 4293 3663 4349 tertium

2021 4380 2294 4435 volumen
2322 4379 2605 4452 aggressi,
2629 4384 2726 4435 tuo
2757 4380 3045 4436 desiderio
3068 4381 3403 4437 satisfacere
3434 4381 3665 4438 deside-

2013 4486 2216 4525 ramus
2252 4487 2263 4524 :
2299 4469 2443 4524 illud
2493 4474 2548 4525 et
2586 4472 2642 4524 te
2690 4475 2925 4527 czeteros
2976 4471 3075 4542 qui
3126 4470 3330 4525 lecturi
3379 4475 3521 4527 sunt
3563 4470 3662 4526 de-

2013 4563 2334 4631 precantes,
2371 4552 2432 4614 ut
2462 4576 2576 4614 non
2628 4558 2776 4615 vires
2818 4564 3071 4626 nostras,
3106 4561 3205 4616 sed
3239 4565 3437 4617 votum
3469 4561 3665 4617 consi-

2011 4649 2232 4718 derent,
2268 4666 2518 4721 quorum
2553 4647 2800 4704 alterum
2836 4648 3169 4721 fragilitatis
3200 4649 3491 4718 humanae,
3526 4650 3663 4706 alte-

2012 4754 2141 4792 rum
2178 4741 2392 4792 sanctae
2424 4741 2513 4793 est
2539 4736 2600 4792 in
2632 4737 2878 4792 Domino
2911 4737 3246 4793 voluntatis.

2081 4826 2174 4881 8|
2213 4825 2373 4898 (Cap.
2409 4825 2553 4881 VIII.
2585 4857 2653 4865 —
2682 4826 2848 4881 Vers.
2884 4826 2959 4897 1.)
2980 4828 3045 4881 Et
3070 4828 3280 4897 factum
3308 4836 3384 4883 est
3415 4829 3476 4883 in
3506 4844 3659 4885 anno

2006 4923 2176 4981 sexto,
2211 4915 2270 4969 in
2300 4917 2448 4969 sexto
2479 4931 2677 4981 mense,
2712 4916 2771 4969 in
2801 4917 2995 4985 quinta
3024 4917 3247 4983 mensis,
3279 4932 3371 4988 ego
3400 4917 3659 4973 sedebam

2007 5005 2066 5057 in
2091 5003 2245 5058 domo
2269 5019 2410 5069 mea,
2430 5008 2482 5057 et
2512 5020 2668 5060 senes
2694 5005 2829 5061 Iuda
2847 5006 3100 5060 sedebant
3120 5021 3307 5060 coram
3324 5023 3424 5063 me.
3444 5006 3656 5072 Quinto

249 5093 596 5166 plerentur:
640 5098 707 5149 ut
758 5092 1021 5165 quotidie
1072 5096 1277 5147 sancta
1323 5090 1640 5162 Bethleem,
1675 5092 1898 5148 nobiles
1927 5101 1975 5164 1)
2007 5109 2157 5147 anno
2210 5092 2747 5165 transmigrationis
2795 5094 3111 5163 Jechoniaz,
3164 5100 3373 5167 quarto
3431 5113 3655 5162 mense,

250 5182 546 5255 quondam
585 5182 894 5254 utriusque
925 5197 1120 5250 sexus,
1153 5184 1328 5252 atque
1360 5180 1634 5236 omnibus
1681 5181 1896 5237 divitiis

250 5271 906 5344 afﬂuentes,susciperet
922 5271 1324 5327 mendicantes
1340 5272 1362 5324 Ρ
1377 5268 1600 5333 Quibus
1622 5269 1898 5343 quoniam

251 5376 417 5433 opem
442 5362 589 5418 ferre
611 5378 727 5417 non
751 5377 1089 5431 possumus,
1111 5359 1512 5426 condolemus,
1533 5363 1592 5415 et
1612 5358 1899 5431 lacrymas

248 5447 523 5522 lacrymis
558 5450 869 5522 jungimus
899 5448 1282 5520 occupatique
1332 5450 1515 5504 sancti
1551 5448 1741 5519 operis
1772 5465 1896 5504 sar-

247 5537 401 5603 cina,
434 5539 574 5594 dum
609 5539 735 5595 sine
757 5537 980 5611 gemitu
1010 5536 1369 5594 conﬂuentes
1389 5537 1581 5593 videre
1612 5554 1727 5593 non
1750 5536 1895 5609 pati-

247 5642 400 5698 mur,
433 5627 866 5701 explanationes
898 5625 957 5683 in
991 5624 1271 5698 Ezechiel,
1303 5630 1360 5684 et
1390 5642 1537 5703 pene
1563 5641 1736 5685 omne
1767 5629 1892 5684 stu-

2006 5180 2212 5253 quinta
2232 5180 2472 5247 mensis,
2496 5182 2856 5253 superiorem
2881 5183 3162 5239 visionem
3184 5184 3395 5240 factam
3418 5185 3491 5240 ad
3516 5201 3654 5257 pro-

2010 5269 2244 5341 phetam
2274 5268 2494 5342 legimu
2514 5288 2562 5326 s.
2591 5272 2717 5327 ΙΙωο
2747 5276 2942 5327 autem
2974 5288 3151 5344 quam
3183 5290 3340 5329 nunc
3369 5290 3657 5346 exponere

2006 5357 2300 5428 volumus,
2333 5363 2494 5414 sexto
2535 5376 2689 5415 anno
2738 5361 3000 5431 ejusdem
3034 5361 3206 5434 regis,
3240 5366 3398 5418 sexto
3432 5378 3653 5431 mense,

2007 5446 2212 5519 quinta
2237 5448 2457 5503 mensis
2482 5447 2632 5503 facta
2656 5454 3029 5505 memoratur.
3046 5451 3127 5506 Ex
3146 5467 3261 5521 quo
3276 5450 3654 5523 perspicuum

2003 5542 2091 5592 est
2105 5541 2236 5608 post
2253 5554 2473 5592 annum
2493 5541 2547 5591 et
2567 5537 2598 5592 d
2611 5555 2713 5592 uos
2736 5554 2967 5595 menses
2980 5539 3101 5596 haec
3119 5540 3272 5596 facta
3292 5556 3422 5611 quae
3434 5542 3656 5614 scripta

2001 5629 2160 5700 sunt,
2178 5629 2235 5684 et
2258 5625 2347 5686 vel
2370 5625 2768 5685 intermissam
2793 5644 2894 5704 per
2921 5645 3141 5689 annum
3167 5632 3224 5687 et
3246 5628 3396 5690 duos
3416 5646 3652 5699 menses
