4020 6186
328 288 412 348 ’Π
947 285 1694 352 COMMENTARIORUM
1738 287 1818 349 ΙΝ
1859 285 2359 350 EZECHIELEM
2403 289 2553 352 LIB.
2600 291 2701 352 ΠΙ.
2750 293 2921 354 CAP.
2969 293 3131 357 VIII.
3653 291 3733 355 78

333 419 728 492 prophetiam,
773 417 860 475 vel
908 395 1012 492 per
1056 423 1208 477 totos
1263 423 1702 494 quatuordecim
1746 436 1976 476 menses
2005 420 2062 488 Α
2091 421 2381 492 profundo
2405 427 2560 493 sunt,
2585 422 3143 498 plantasigneorum
3161 425 3378 498 pedum
3403 428 3596 482 tenere
3617 439 3734 482 cre-

331 514 516 581 gesta,
551 525 678 580 qua:
710 509 979 580 superior
1008 527 1200 566 sermo
1230 512 1501 567 contexit.
1557 512 1727 566 Sexto
1777 513 1973 566 autem

329 614 483 653 anno
517 602 577 652 et
608 603 769 652 sexto
799 614 1023 664 mense,
1057 603 1113 654 et
1139 599 1340 670 quinta
1370 599 1462 655 die
1484 599 1724 670 mensis,
1745 599 1843 671 qui
1876 615 1977 653 nu-

327 685 477 741 meri
511 687 583 741 ad
619 686 899 741 fabricam
929 687 1136 742 mundi
1160 687 1511 755 referuntur,
1535 692 1592 743 et
1612 689 1717 758 [Αι.
1741 687 1835 758 ad]
1860 704 1981 742 car-

329 790 471 829 neos
508 791 736 840 sensus,
767 775 869 845 qui
919 779 1151 830 terrena
1202 775 1586 847 conspiciunt,
1627 780 1685 830 et
1726 775 1976 830 necdum

327 862 588 918 coelestia
604 867 832 918 contem
842 863 1102 935 plantur,
1123 864 1333 919 factam
1357 864 1721 936 prophetiam
1738 881 1854 919 non
1876 863 1980 918 mi-

327 952 574 1019 rabitur,
605 952 708 1022 qui
740 952 811 1006 ad
847 952 1218 1024 presbyteros
1244 953 1397 1008 .luda
1427 969 1756 1008 sermonem
1804 952 1976 1024 dirigi

327 1039 697 1096 intellexerit.
734 1041 776 1094 E
835 1041 1051 1111 quibus
1082 1040 1451 1113 septuaginta
1482 1043 1758 1097 tenebant
1788 1041 1975 1097 thuri-

323 1129 482 1198 bula,
509 1135 567 1184 et
588 1129 793 1201 viginti
819 1128 1077 1200 quinque
1100 1129 1159 1184 in
1183 1130 1400 1202 templo
1424 1131 1744 1186 adorabunt
1767 1130 1970 1195 solem,

325 1218 684 1289 sedebatque
714 1217 1002 1290 propheta
1029 1217 1087 1272 in
1118 1219 1291 1273 domo
1323 1235 1430 1274 sua
1462 1218 1692 1291 fugiens
1715 1220 1980 1290 frequen-

325 1307 465 1362 tiam
500 1305 943 1374 multitudinis;
974 1310 1034 1361 et
1063 1322 1233 1362 senes
1274 1307 1427 1361 Juda
1473 1308 1753 1362 sedebant
1782 1324 1977 1362 coram

324 1411 412 1466 eo,
445 1394 536 1450 vel
568 1394 870 1466 prOphetss
901 1395 1075 1451 verba
1103 1395 1306 1450 audire
1334 1395 1653 1467 cupientes,
1705 1395 1792 1450 vel
1832 1395 1976 1450 insi-

325 1485 555 1540 diantes
588 1483 966 1539 sermonibus
989 1483 1135 1553 eius.
1160 1484 1682 1556 Signiﬁcanterque
1703 1484 1978 1539 dicuntur

321 1589 498 1630 senes
527 1572 700 1640 Juda,
731 1577 796 1626 ut
825 1571 973 1627 nihil
1008 1573 1077 1627 ad
1111 1572 1305 1637 Israel,
1331 1572 1440 1628 hoc
1461 1577 1549 1628 est
1570 1573 1641 1628 ad
1663 1573 1860 1628 decem
1882 1574 1980 1628 tri-

319 1663 463 1729 bus,
498 1678 623 1732 quae
653 1661 822 1732 prius
853 1665 1033 1732 captaa
1065 1662 1319 1725 fuerant,
1369 1662 1471 1717 sed
1517 1661 1597 1732 ad.
1621 1678 1720 1716 eos
1769 1662 1868 1732 qui
1901 1663 1972 1716 de

325 1750 486 1805 tribu
519 1751 676 1804 Juda
705 1766 841 1805 cum
872 1749 1153 1805 Jechonia
1183 1750 1342 1806 ducti
1374 1754 1540 1805 erant
1575 1751 1633 1810 in
1669 1749 1977 1822 captivita-

315 1845 465 1904 tem,
503 1838 620 1893 dici
653 1837 1078 1908 intelligamus.

387 1926 582 1998 (νει-ε.
614 1928 694 1996 2.)
724 1928 788 1980 Et
836 1927 1029 1982 cecidit
1073 1943 1233 1997 super
1279 1944 1368 1982 me
1418 1927 1497 1982 ibi
1525 1944 1724 1983 manus
1762 1930 1980 1983 Domini

316 2018 432 2070 Dei.
473 2017 536 2068 Et
568 2014 705 2079 vidi,
737 2021 789 2070 et
818 2031 937 2069 ecce
962 2015 1267 2071 similitudo
1287 2018 1446 2087 quasi
1466 2020 1711 2086 aspectus
1731 2019 1880 2085 ignis
1911 2018 1978 2072 ab

316 2117 544 2175 aspectu
575 2103 892 2158 lumborum
916 2104 1053 2173 ejus,
1076 2107 1129 2158 et
1158 2104 1412 2159 deorsum
1435 2105 1617 2174 ignis:
1647 2109 1700 2159 et
1723 2122 1756 2159 a
1780 2105 1979 2162 lumbis

319 2197 437 2264 ejus
467 2200 526 2248 et
551 2208 797 2261 sursum,
821 2193 986 2262 quasi
1011 2195 1260 2262 aspectus
1281 2191 1609 2263 splendoris,
1635 2196 1696 2247 ut
1719 2194 1858 2247 visio
1877 2196 1980 2250 ele—

323 2285 427 2336 ctri
461 2280 607 2336 LXX
632 2298 650 2333 :
680 2281 745 2334 Et
771 2281 922 2350 facta
950 2283 1026 2334 est
1053 2296 1214 2352 super
1262 2297 1347 2335 me
1391 2297 1592 2335 manus
1639 2281 1850 2337 Adonai
1878 2284 1982 2338 Do-

330 2373 514 2425 mini:
545 2377 600 2423 et
629 2368 742 2422 vidi
771 2372 827 2422 et
845 2384 964 2424 ecce
1007 2368 1310 2423 similitudo
1357 2371 1514 2439 quasi
1557 2371 1760 2440 species
1806 2372 1920 2426 viri
1948 2388 1981 2426 a

331 2459 534 2512 lumbis
551 2459 690 2528 ejus,
715 2464 765 2510 et
789 2456 1041 2510 deorsum
1061 2458 1230 2526 ignis,
1264 2459 1313 2511 et
1333 2474 1367 2510 (ι
1398 2457 1598 2512 lumbis
1619 2459 1757 2528 ejus,
1785 2467 1838 2514 et
1855 2477 1980 2515 sur-

329 2563 450 2601 sum
479 2547 645 2617 quasi
770 2547 907 2600 visio
927 2561 1076 2599 aurae
1094 2549 1134 2612 ',
1167 2547 1324 2616 quasi
1353 2547 1487 2600 visio
1515 2547 1721 2601 electri.
1754 2546 1980 2620 Virum,

331 2636 612 2690 Hebreus
644 2649 836 2688 sermo
867 2649 982 2688 non
1015 2633 1290 2688 continet.
1332 2635 1604 2689 l’isionem
1653 2639 1848 2691 autem
1878 2653 1983 2691 au-

328 2739 429 2787 νκ,
456 2739 585 2794 qua
606 2723 666 2776 in
687 2721 1071 2793 Septuaginta
1082 2738 1198 2777 non
1213 2721 1482 2792 habetur,
1502 2723 1573 2778 de
1585 2723 1981 2782 Theodotione

327 2811 692 2866 addidimus.
727 2810 795 2864 Et
811 2825 914 2880 pro
931 2826 996 2864 eo
1009 2810 1163 2881 quod
1184 2827 1290 2866 nos
1308 2809 1580 2867 diximus.
1607 2812 1800 2868 cecidit
1821 2829 1985 2884 super

2087 510 2260 564 dendi
2292 516 2452 566 sunt.

2159 626 2343 697 (Vers.
2375 627 2454 698 3.)
2489 629 2552 683 Et
2582 631 2780 684 emissa
2800 630 3109 686 similitudo
3136 647 3337 686 manus
3366 629 3730 703 apprehendit

2085 731 2172 769 me
2205 718 2260 769 in
2293 718 2546 773 cincinno
2576 720 2770 789 capitis
2785 720 2899 774 mei
2917 719 3054 774 LXX
3074 737 3093 775 :
3115 720 3177 774 Et
3197 719 3440 775 extendit
3463 719 3733 776 similitu-

2087 803 2270 859 dinem
2301 821 2517 873 manus,
2545 815 2596 861 et
2615 809 2908 879 assumpsit
2925 823 3013 863 me
3036 809 3096 863 in
3112 806 3338 878 ﬁmbria
3357 809 3575 864 verticis
3599 809 3730 864 mei.

2087 892 2158 946 Et
2190 892 2280 947 hic
2308 893 2632 950 similitudo
2667 912 2904 963 manus,
2937 913 3050 951 non
3083 896 3210 967 ipsa
3231 913 3443 952 manus
3473 896 3728 952 extendi-

2089 985 2206 1051 tur,
2241 998 2429 1054 neque
2459 983 2614 1038 enim
2647 985 2705 1038 in
2739 989 2852 1039 Deo
2873 984 3094 1056 aliquid
3123 985 3416 1056 corporale
3437 985 3732 1042 est.Vide-

2088 1073 2300 1140 turque
2331 1087 2544 1126 manus
2573 1075 2629 1126 et
2655 1073 2987 1128 membrum
3017 1073 3261 1128 humani
3284 1073 3542 1145 corporis
3558 1076 3734 1145 atque

2091 1159 2377 1225 consueti,
2403 1176 2776 1231 nequaquam
2797 1166 3010 1218 terreat
3025 1179 3159 1217 eum
3185 1161 3284 1234 qui
3312 1162 3636 1218 assumitur
3655 1165 3734 1218 at-

2089 1263 2202 1317 que
2223 1245 2758 1319 comprehenditur.
2784 1249 2844 1305 Si
2867 1250 3023 1305 enim
3046 1250 3105 1305 in
3126 1249 3372 1321 colubri,
3397 1249 3483 1307 vel
3502 1250 3560 1305 in
3582 1267 3734 1323 qua-

2089 1334 2230 1391 libet
2254 1335 2368 1391 alia
2396 1335 2717 1392 bestiarum
2751 1337 3139 1394 similitudine
3169 1338 3460 1412 tetigisset
3487 1338 3733 1410 prophe-

2089 1428 2230 1489 tam,
2263 1424 2390 1495 ipsa
2423 1425 2841 1481 dissimilitudo
2873 1427 3272 1482 membrorum
3303 1427 3610 1483 terruisset
3640 1443 3734 1483 as-

2088 1513 2679 1585 sumptum.Parsque
2693 1514 3206 1586 comprehenditur
3218 1514 3737 1587 capillorum,quia

2087 1599 2268 1654 totius
2299 1601 2827 1672 apprehensionem
2857 1601 3084 1674 capitis,
3104 1601 3364 1658 humana
3383 1607 3594 1658 natura
3614 1619 3732 1659 non

2091 1688 2362 1745 sustinet.
2395 1689 2501 1744 Pro
2532 1692 2812 1757 cincinno,
2850 1691 3230 1762 Septuaginta
3285 1691 3385 1746 88
3418 1691 3731 1748 transtule-

2007 1784 2054 1849 Β
2086 1781 2224 1832 runt
2238 1774 2562 1851 κράσπεδον,
2587 1778 2643 1833 id
2668 1784 2757 1835 est
2778 1779 3051 1849 ﬁmbriam
3073 1798 3094 1834 :
3115 1795 3369 1850 quorum
3391 1778 3640 1836 alterum
3664 1779 3725 1835 in

2089 1865 2316 1938 capitis,
2352 1865 2602 1922 alterum
2635 1868 2693 1922 in
2723 1867 2986 1924 vestibus
3017 1867 3200 1939 accipi
3231 1867 3396 1924 solet.

2159 1992 2225 2045 Et
2255 1991 2490 2047 elevavit
2519 2009 2608 2047 mc
2635 1994 2860 2064 spiritus
2890 1995 3036 2048 inter
3063 2001 3269 2048 terram
3298 1997 3350 2048 et
3379 1992 3736 2048 cwlum.Pri-

2092 2095 2253 2134 mum
2287 2079 2674 2136 similitudine
2687 2097 2899 2136 manus
2926 2079 3385 2153 apprehenditur
3407 2084 3608 2153 postea
3627 2080 3740 2137 ele-

2091 2171 2258 2223 vatur
2287 2186 2321 2224 a
2351 2168 2584 2240 spiritu,
2619 2170 2721 2242 qui
2780 2169 3022 2241 spiritus
3080 2187 3195 2226 non
3255 2185 3390 2225 eum
3421 2169 3622 2226 statim
3662 2170 3735 2225 ad

2091 2255 2302 2312 cmlum
2336 2256 2505 2320 levat.
2540 2259 2639 2313 sed
2675 2258 2828 2314 inter
2847 2263 3060 2313 terram
3088 2262 3144 2313 et
3165 2257 3397 2326 coelum,
3423 2262 3489 2312 ut
3509 2261 3741 2314 terrena

2091 2345 2323 2400 interim
2348 2345 2783 2418 derelinquens,
2809 2346 3042 2402 festinet
3059 2346 3130 2402 ad
3153 2345 3385 2402 coelum.
3415 2347 3738 2402 Possumus

2092 2437 2288 2488 autem
2317 2438 2375 2489 et
2404 2433 2514 2489 hoc
2541 2434 2749 2502 dicere,
2776 2436 2929 2506 quod
2954 2438 3190 2507 propter
3209 2435 3362 2490 bona
3383 2451 3577 2506 opera,
3612 2451 3739 2507 pro-

2092 2521 2266 2594 pheta
2297 2521 2681 2578 similitudine
2711 2538 2924 2578 manus
2955 2522 3053 2576 Dei
3098 2521 3502 2594 apprehensus
3549 2521 3650 2588 sit,
3681 2524 3738 2577 et

2094 2613 2329 2681 propter
2385 2607 2688 2664 scientiam
2747 2624 2942 2664 rerum
2976 2607 3372 2680 spiritualium
3403 2607 3661 2664 elevetur
3699 2623 3734 2662 a

2094 2698 2327 2769 spiritu.

2164 2812 2350 2883 (Vers.
2378 2811 2452 2883 4).
2479 2814 2544 2867 Et
2563 2812 2800 2867 adduxit
2812 2828 2899 2867 me
2918 2813 2978 2866 in
2999 2812 3302 2868 Jerusalem
3320 2813 3382 2867 in
3391 2813 3600 2868 visione
3614 2812 3734 2881 Dei,

334 2917 421 2956 me
448 2917 651 2974 manus
689 2899 932 2962 Domini,
992 2898 1377 2970 Symmachus
1433 2901 1750 2967 transtulit,
1785 2904 1986 2958 incidit
2084 2901 2250 2970 juxta
2278 2902 2478 2954 ostium
2505 2902 2741 2955 interius
2771 2900 2913 2970 quod
2931 2900 3252 2971 respiciebat
3268 2899 3611 2970 Aquilonem,
3639 2899 3738 2954 ubi

329 2990 477 3044 mihi
508 2990 607 3044 διε
640 3005 836 3063 manus
865 2988 1253 3058 Dominiquod
1285 2987 1344 3042 in
1372 2988 1650 3044 Hebraico
1674 2990 1983 3063 dicitur(a)

2092 2993 2209 3044 erat
2237 2991 2503 3043 statutum
2531 2989 2743 3044 idolum
2770 2989 2885 3043 Zeli
2913 2988 2982 3043 ad
3010 2988 3410 3057 provocandam
3425 2987 3737 3044 aemulatio-

329 3061 835 3146 rurupaonﬁsn).
858 3076 1064 3130 Manus
1079 3081 1275 3131 autem
1295 3074 1584 3148 ἐνέργειαν,
1605 3077 1662 3132 id
1681 3083 1788 3147 est,
1809 3061 1984 3151 opera
2024 3146 2053 3151 ᾧ
2091 3093 2240 3133 nem.
2280 3077 2346 3130 Et
2373 3093 2491 3132 ecce
2519 3078 2600 3132 ibi
2626 3078 2804 3147 gloria
2823 3078 2920 3132 Dei
2938 3078 3127 3144 Israel,
3152 3076 3452 3132 secundum
3473 3077 3736 3131 visionem

337 3165 656 3237 signiﬁcat,
681 3163 1004 3218 utvisionis
1026 3163 1213 3234 possit
1229 3146 1594 3221 sacramenta
1611 3146 1979 3238 cognoscere.
2012 3146 2054 3214 Π
2093 3183 2258 3237 quam
2285 3165 2540 3220 videram
2569 3146 2638 3220 in,
2661 3181 2868 3235 campo.
2905 3165 3083 3219 LXX:
3117 3167 3181 3220 Et
3211 3165 3443 3220 adduxit
3464 3180 3549 3220 me
3569 3165 3631 3219 in
3659 3166 3740 3220 Je-

335 3255 406 3309 Et
437 3253 546 3308 hoc
577 3252 1093 3319 considerandum,
1118 3253 1272 3322 quod
1300 3270 1413 3308 non
1447 3254 1605 3324 ipsas
1625 3255 1820 3311 videat
1838 3257 1987 3311 veri-

335 3346 535 3405 tates;
557 3341 656 3396 sed
681 3339 1130 3396 similitudinem
1152 3340 1329 3412 ignis,
1353 3342 1492 3412 quia
1509 3359 1542 3396 a
1558 3341 1776 3399 lumbis
1800 3361 1986 3416 usque

335 3431 619 3486 deorsum
653 3429 804 3502 ignis
834 3428 1105 3500 apparuit
1131 3447 1144 3497 ;
1169 3434 1226 3484 et
1254 3446 1287 3483 a
1317 3431 1535 3485 lumbis
1559 3447 1798 3487 sursum
1818 3434 1986 3504 quasi

339 3523 619 3591 aspectus
647 3516 1000 3588 splendoris,
1027 3521 1089 3571 ut
1111 3516 1258 3572 visio
1281 3516 1497 3573 electri.
1523 3519 1631 3574 Pro
1655 3519 1985 3591 splendore,

336 3608 435 3679 qui
470 3607 530 3662 in
567 3606 846 3662 Hebraico
876 3605 1094 3660 dicitur
1121 3621 1224 3661 zoa
1247 3606 1419 3677 (1m),
1442 3623 1641 3662 auram
1665 3608 1986 3666 Theodotio

337 3694 666 3760 transtulit,
698 3698 764 3749 ut
788 3695 846 3748 in
865 3695 1138 3766 supernis
1160 3694 1260 3750 Dei
1283 3695 1583 3767 refrigeria
1604 3697 1984 3754 demonstret.

337 3785 605 3856 Denique
635 3787 692 3838 et
720 3782 781 3836 in
812 3782 1034 3854 Regum
1059 3782 1356 3838 volumine
1378 3783 1583 3839 beatus
1606 3784 1758 3840 Elias
1782 3787 1990 3842 adven-

336 3879 464 3928 tum
491 3871 724 3927 Domini
748 3887 864 3925 non
897 3870 956 3924 in
982 3874 1325 3942 tempestate
1347 3871 1776 3943 contemplatur
1797 3878 1854 3928 et
1874 3879 1989 3929 tur-

339 3962 497 4030 bine,
533 3977 652 4015 non
685 3961 744 4013 in
775 3957 930 4030 ignis
962 3958 1270 4014 ardoribus
1298 3977 1312 4026 ;
1347 3961 1446 4014 sed
1481 3959 1537 4014 in
1570 3965 1805 4032 aspectu
1837 3979 1988 4018 aura:

342 4049 536 4104 tenuis
562 4053 741 4120 atque
773 4047 1106 4116 lenissimis,
1136 4052 1202 4103 ut
1232 4047 1331 4102 Dei
1357 4047 1784 4121 Omnipotentis
1824 4068 1989 4106 man-

344 4137 722 4193 suetudinem
754 4135 1175 4206 comprobaret.
1206 4134 1391 4206 Opera
1413 4139 1606 4190 antem
1631 4137 1839 4205 coitus,
1865 4155 1990 4209 quae

342 4226 756 4298 significantur
784 4223 844 4277 in
874 4223 1114 4293 lumbis,
1149 4239 1336 4294 usque
1367 4223 1666 4293 deorsum,
1700 4226 1833 4298 igne
1854 4243 1990 4298 pur-

341 4321 577 4386 gantur.
605 4314 675 4367 Et
705 4328 881 4384 operp.
909 4311 1216 4382 virtutum,
1251 4329 1376 4383 quae
1408 4329 1441 4367 a
1471 4312 1689 4369 lumbis
1721 4315 1791 4368 ad
1820 4331 1992 4386 supe-

341 4405 499 4459 riora
525 4405 912 4474 consurgunt,
941 4399 1313 4470 splendorem
1346 4400 1564 4457 habent
1593 4407 1767 4473 atque
1805 4403 1993 4476 fulgo-

2092 3255 2331 3310 rusalem
2364 3256 2423 3308 in
2450 3256 2658 3309 visione
2677 3255 2773 3308 Dei
2791 3254 2862 3308 ad
2885 3254 3207 3310 vestibulum
3233 3262 3408 3324 portw
3429 3270 3546 3324 quae
3569 3254 3740 3325 respi-

2095 3346 2170 3400 cit
2195 3343 2519 3415 Aquilonem
2542 3359 2554 3396 :
2586 3343 2684 3397 ubi
2699 3351 2818 3398 erat
2837 3346 3015 3398 statua
3031 3341 3371 3414 possidentis.
3394 3343 3460 3397 Et
3481 3357 3604 3398 erce
3623 3345 3741 3397 erat

2096 3433 2176 3487 ibi
2203 3432 2390 3500 gloria
2408 3432 2628 3486 Domini
2655 3431 2748 3486 Dei
2774 3431 2942 3486 Israel
2965 3431 3267 3487 secundum
3293 3432 3559 3487 visionem
3573 3445 3740 3502 quam

2094 3521 2210 3576 vidi
2239 3522 2297 3575 in
2319 3535 2527 3590 campo.
2562 3519 2681 3574 Hoc
2703 3525 2900 3574 autem
2931 3519 3086 3590 quod
3117 3518 3176 3574 in
3199 3519 3554 3591 quibusdam
3586 3517 3739 3574 codi-

2096 3609 2262 3665 cibus
2319 3608 2605 3679 reperitur
2731 3611 2806 3664 Et
2861 3610 2920 3663 in
2951 3611 3135 3664 statua
3187 3611 3486 3677 imaginem
3515 3609 3590 3680 (b)
3637 3609 3736 3663 Ze-

2098 3699 2141 3753 li
2166 3700 2212 3766 “,
2244 3698 2315 3753 de
2343 3695 2734 3752 Theodotione
2765 3696 3031 3750 additum
3052 3701 3158 3751 est.
3180 3694 3426 3766 Reliqua
3445 3694 3735 3750 similiter.

2097 3786 2338 3852 Quando
2360 3785 2528 3838 dicit:
2553 3785 2788 3840 adduxit
2802 3799 2889 3852 me
2908 3785 2968 3837 in
2985 3784 3286 3839 Jerusalem
3311 3785 3371 3838 in
3390 3784 3601 3838 visione
3623 3783 3742 3852 Dei,

2099 3873 2355 3930 ostendit
2386 3888 2447 3927 se
2461 3889 2576 3927 non
2599 3873 2659 3928 in
2681 3888 2939 3942 corpore,
2964 3872 3065 3927 sed
3089 3872 3147 3927 in
3170 3871 3382 3944 spiritu
3403 3888 3533 3928 esse
3554 3875 3743 3928 trans-

2098 3963 2306 4020 latum.
2337 3961 2511 4016 Juxta
2542 3977 2716 4032 quam
2749 3960 3034 4016 visionem
3056 3977 3374 4032 possumus
3396 3964 3454 4016 et
3473 3959 3666 4028 oculos,
3689 3964 3748 4016 et

2100 4051 2390 4124 profunda
2413 4049 2613 4120 maris,
2639 4049 2936 4104 etinferna
2948 4048 3302 4120 conspicere,
3327 4050 3470 4104 dum
3494 4050 3750 4106 rationes

2100 4139 2471 4212 singulorum
2496 4138 2844 4211 cogitatione
2866 4137 3332 4210 complectimur.
3359 4138 3620 4195 Primum
3643 4156 3747 4196 au-

2101 4234 2216 4284 tem
2234 4228 2475 4284 venitad
2487 4226 3028 4298 vestibulum,quod
3043 4226 3280 4298 respicit
3297 4227 3747 4298 aquuilonem,

2101 4322 2167 4372 ut
2189 4317 2268 4372 ibi
2285 4317 2479 4372 videat
2493 4319 2748 4370 statuam
2762 4314 2902 4371 idoli
2917 4314 3030 4370 Zeli
3046 4316 3118 4370 ad
3133 4315 3560 4387 provocandam
3573 4331 3750 4370 temu-

2102 4406 2379 4462 lationem
2410 4423 2422 4473 ;
2457 4409 2520 4458 ut
2554 4405 2625 4458 de
2652 4403 2752 4458 illo
2782 4403 2906 4458 loco
2951 4402 3134 4474 possit
3162 4403 3234 4458 ad
3271 4402 3548 4459 interiora
3577 4419 3724 4474 pene

342 4497 570 4555 rem,et
601 4494 821 4553 tamen,
847 4503 952 4543 nec
970 4487 1125 4560 ignis
1149 4504 1334 4560 usque
1357 4489 1427 4542 ad
1441 4490 1994 4560 pedesdicitur;nec
2027 4506 2072 4570 Β
2103 4498 2279 4560 trare,
2309 4496 2366 4548 et
2395 4507 2629 4548 cernere
2659 4490 2904 4563 reliqua,
2940 4508 3066 4562 quae
3099 4495 3302 4562 postea
3333 4491 3751 4547 describuntur

344 4579 629 4652 splendor
653 4577 849 4634 electri
875 4593 1064 4648 usque
1083 4577 1153 4632 ad
1167 4582 1363 4648 caput,
1383 4577 1483 4632 sed
1504 4578 1776 4634 deorsum
1799 4585 1998 4636 etsur-
2109 4583 2376 4638 Statuam
2407 4583 2601 4635 autem
2633 4577 2771 4634 idoli
2803 4579 2940 4634 Baal
2972 4578 3031 4633 in
3077 4578 3296 4651 templo
3342 4579 3446 4635 Dei
3477 4579 3747 4651 positam,

348 4686 504 4736 sum,
539 4672 609 4722 ut
642 4671 759 4723 tam
794 4667 852 4722 in
884 4667 1290 4739 peccatoribus
1323 4683 1498 4738 quam
1531 4667 1590 4722 in
1622 4668 1858 4736 sanctis,
1894 4686 1997 4740 pro
2105 4675 2304 4725 narrat
2351 4668 2613 4724 historia.
2639 4666 3000 4737 Pulchreque
3029 4666 3356 4739 appellatur
3377 4667 3586 4723 idolum
3607 4667 3742 4722 Zeli.

349 4758 687 4811 diversitate
721 4756 1085 4825 meritorum,
1114 4755 1266 4810 alius
1298 4772 1485 4827 usque
1515 4756 1587 4811 ad
1610 4755 1752 4812 illud
1779 4762 1834 4812 et
1856 4757 1997 4813 illud
2109 4758 2245 4830 quia
2264 4758 2335 4813 ad
2353 4754 2781 4811 wmulationem
2803 4760 2859 4810 et
2873 4754 3065 4810 zelum
3088 4754 3403 4809 Dominum
3434 4759 3746 4825 provocat;

348 4846 724 4911 membrum;
757 4843 908 4900 alius
938 4860 1125 4916 usque
1161 4845 1233 4900 ad
1266 4843 1366 4899 illa
1394 4849 1451 4900 et
1475 4844 1575 4900 illa
1592 4846 1904 4917 perveniat.
1932 4848 2001 4901 Et
2103 4848 2272 4918 juxta
2304 4845 2449 4900 illud
2482 4845 2637 4915 quod
2671 4844 2728 4898 in
2758 4841 3208 4899 Deuteronomio
3237 4841 3491 4898 dicitur:
3522 4844 3634 4914 Ipsi
3661 4859 3750 4900 me

348 4933 647 5005 quomodo
687 4933 786 5004 qui
818 4933 1234 4988 sanctitudinis
1259 4933 1671 5004 perfectionem
1691 4938 1908 5005 tenent,
1925 4935 1997 4990 ad
2107 4940 2538 5004 provocaverunt
2559 4933 2631 4988 ad
2650 4933 2827 4988 zelum
2848 4934 2907 4986 in
2921 4947 2981 4986 eo
3001 4931 3100 5001 qui
3117 4945 3227 4985 non
3247 4933 3365 4986 erat
3386 4932 3524 5009 Deus
3544 4948 3556 4988 :
3580 4940 3630 4988 et
3647 4949 3753 5005 ego

344 5023 628 5078 verticem
662 5037 850 5094 usque
882 5020 1248 5093 perveniunt,
1283 5021 1366 5076 sic
1397 5021 1497 5092 qui
1529 5021 1587 5076 in
1628 5027 1997 5093 peccatorum
2101 5023 2402 5095 provocabo
2427 5037 2516 5076 eos
2547 5021 2616 5076 ad
2641 5021 2821 5076 zelum
2850 5021 2910 5074 in
2937 5021 3095 5090 gente
3123 5034 3247 5090 quae
3299 5035 3412 5076 non
3439 5026 3520 5076 est
3559 5020 3740 5093 (Deut.

423 5238 496 5308 (τι)
513 5241 555 5289 Α
567 5239 722 5304 utea,
734 5250 1046 5308 ruriipson,
1061 5232 1229 5308 initio
1240 5233 1463 5308 absque
1480 5232 1602 5304 aspi
1613 5232 1996 5289 ratione.Cod.

346 5303 660 5379 Sangerm.
703 5303 1044 5379 antiquiss_.,
1079 5304 1232 5375 apud
1268 5303 1690 5379 Montt'auCOn._.
1719 5320 1994 5379 macron.

421 5374 503 5450 (b’j
532 5378 826 5433 Hactenus
847 5374 1155 5450 manifesto
1176 5390 1369 5430 errore
1393 5374 1648 5450 obtinuit
1667 5375 1999 5450 invulgatis

344 5445 520 5506 libris
548 5451 674 5504 cali
704 5466 808 5521 pro
835 5449 966 5521 zeli,
1000 5447 1154 5518 quod
1203 5446 1514 5521 emendare
1561 5463 1676 5500 non
1709 5445 1998 5501 dubitavi-

344 5539 510 5588 mus,
547 5516 784 5592 cogente
813 5516 1085 5592 subneiae
1108 5516 1487 5592 expositionis
1508 5521 1802 5592 contextu,
1827 5521 2001 5592 atque

342 5596 482 5672 ipsa
494 5585 778 5651 Theodot.
801 5589 1070 5653 versione
1088 5585 1197 5662 τῆξ
1216 5585 1423 5654 εἰκόνος
1441 5589 1536 5646 τοῦ
1551 5585 1740 5664 ζήλου.
1765 5588 1828 5649 In
1840 5585 2003 5651 Com.

2113 5237 2298 5305 ment,
2333 5249 2565 5304 quoque
2590 5234 2651 5288 in
2699 5232 3005 5304 Sophonize
3053 5249 3179 5305 cap.
3214 5250 3268 5290 ιε
3303 5235 3364 5290 1η
3393 5238 3626 5301 tantam,
3661 5233 3750 5290 in-

2153 5304 2265 5374 uit,
2297 5305 2486 5368 ludas,
2519 5312 2569 5358 et
2597 5305 2894 5376 Benjamin
2925 5304 3183 5376 venerant
3212 5307 3568 5376 impietatem,
3601 5313 3662 5360 ut
3689 5307 3752 5360 in

2146 5377 2319 5447 'emplo
2349 5376 2587 5441 Domini,
2606 5375 2775 5447 juxta
2832 5374 2981 5447 quod,
2998 5377 3190 5431 scribit
3244 5374 3510 5440 Ezechiel,
3543 5383 3594 5430 et
3641 5381 3750 5434 Re-

2111 5444 2345 5517 gnorum
2373 5451 2608 5519 qugrtus
2629 5445 2768 5519 liber
2794 5444 3048 5514 ostendit,
3097 5455 3333 5502 statuam
3388 5448 3543 5517 Baal,
3585 5464 3751 5519 quam

2114 5516 2414 5589 imaginem
2437 5516 2552 5589 Zeli
2575 5516 2842 5589 Dominus
2862 5520 3032 5585 vocat,
3063 5519 3351 5574 statuerint
3375 5522 3424 5573 et
3479 5516 3542 5574 in
3567 5516 3747 5578 eodem

2113 5586 2428 5652 sanctuario
2444 5586 2590 5646 idola
2614 5595 2668 5648 et
2687 5587 2980 5650 Dominum
2988 5591 3203 5668 pariter
3224 5589 3467 5656 venerati
3481 5591 3615 5666 sint,
3637 5594 3747 5659 etc.
