4052 6180
271 344 373 409 ·Ἱ9
1118 355 1123 360 ’
1531 347 1597 408 S.
1641 344 1939 411 EUSEBl]

2054 347 2462 411 IERONYMI.
3610 338 3692 408 80

295 477 494 550 xxxn).
526 477 699 536 Porro
730 478 869 551 quia
895 480 1054 536 zelus
1084 483 1141 535 et
1170 480 1460 553 possessio
1491 482 1646 553 quod
1681 482 1784 536 34
1821 485 1935 537 He-
1966 484 2020 549 Α
2048 499 2136 536 me
2159 500 2170 537 :
2195 483 2303 538 Fili
2330 483 2591 550 hominis,
2623 480 2745 552 fode
2778 481 3078 552 parietem.
3109 478 3175 534 Et
3188 494 3313 534 cum
3337 477 3691 550 perfodissem

296 565 490 622 braics
520 565 736 623 dicitur
763 585 906 623 CENA
933 568 1152 653 (amp),
1186 569 1389 625 eodem
1447 571 1527 641 (a)
1569 570 1940 642 appellantur

298 654 537 711 nomine
567 672 669 727 pro
698 664 877 712 statua
903 657 1039 725 Zeli,
1072 657 1473 730 Septuaginta,
1494 666 1734 714 statuam
1760 659 1939 728 possi-

295 742 474 799 dentis
502 743 863 815 interpretati
895 749 1053 800 sunt.
1090 746 1353 817 Denique
1375 747 1609 818 quando
1648 751 1822 801 natus
1851 748 1940 801 est

295 828 458 899 Cain,
494 831 733 903 Possedi,
792 831 983 904 inquit
1038 850 1270 906 parens,
1330 835 1605 890 hominem
1642 851 1742 905 per
1770 836 1941 889 Deum

297 917 506 991 (Genes.
541 937 615 989 Iv,
652 922 726 992 1),
756 921 1131 993 possessione
1157 923 1435 991 hominis,
1469 924 1539 978 ad
1560 923 1699 979 Cain
1724 939 1938 978 nomen

296 1006 584 1063 alludens.
618 1008 822 1082 Ibique
852 1015 976 1066 erat
1022 1010 1207 1084 gloria
1251 1012 1352 1067 Dei
1404 1011 1600 1078 Israel,
1635 1028 1750 1066 non
1781 1011 1937 1082 quod

295 1094 683 1153 delectaretur
710 1096 811 1152 tali
841 1098 1091 1167 vicinia;
1124 1100 1224 1156 sed
1257 1103 1321 1154 ut
1349 1100 1438 1155 sui
1470 1099 1781 1172 prmsentia
1811 1100 1936 1154 ido-

294 1182 419 1240 lum
478 1183 612 1252 Zeli,
641 1183 1048 1259 templumque
1079 1187 1311 1244 deleret.
1349 1188 1513 1244 Unde
1548 1191 1604 1243 et
1635 1189 1935 1245 subversio

296 1272 460 1337 urbis
489 1273 812 1347 templique
843 1280 975 1349 post
1002 1276 1173 1332 breve
1202 1281 1434 1349 tempus
1465 1277 1752 1349 sequitur.
1777 1279 1846 1333 Et
1877 1279 1935 1333 in

296 1361 447 1418 Isaia
467 1363 754 1436 scriptum
771 1368 879 1434 est,
899 1366 1051 1437 quod
1064 1364 1251 1421 lectus
1263 1369 1552 1438 angustus
1566 1382 1934 1437 nequaquam

296 1449 445 1506 duos
473 1450 683 1523 capiat,
706 1456 762 1506 et
783 1451 1025 1523 pallium
1047 1452 1219 1508 breve
1243 1457 1558 1526 utrumque
1583 1453 1807 1525 operire
1821 1471 1934 1511 non

296 1538 483 1612 possit
511 1540 618 1611 (Isa
635 1542 835 1608 xxvm)
861 1558 873 1609 ;
899 1541 1270 1613 significante
1295 1542 1596 1615 Scriptura
1616 1542 1759 1598 illud
1782 1549 1936 1615 Apo-

297 1627 431 1685 stoli
458 1644 470 1682 :
506 1627 611 1695 Qui
638 1643 928 1685 consensus
954 1628 1165 1686 Christo
1195 1634 1245 1685 et
1275 1631 1453 1686 Belial
1476 1635 1501 1684 .9
1524 1632 1734 1702 Temple
1763 1633 1860 1686 Dei
1887 1637 1938 1687 et

298 1716 444 1775 idolo
473 1714 547 1786 (II
574 1714 695 1772 Cor.
727 1734 831 1782 v11,
860 1718 954 1789 25)
982 1716 1008 1770 ?

366 1803 533 1875 (Vers
562 1803 639 1875 5).
671 1804 735 1859 Et
758 1804 904 1860 dixit
933 1805 1004 1861 ad
1030 1823 1117 1862 me
1141 1823 1154 1862 :
1188 1808 1298 1862 Fili
1317 1808 1577 1879 hominis,
1611 1809 1731 1864 leva
1760 1809 1938 1864 oculos

300 1901 430 1949 tuos
456 1890 527 1947 ad
552 1893 703 1949 viam
724 1894 1031 1964 Aquilonis.
1056 1897 1120 1950 Et
1142 1896 1319 1951 levavi
1336 1897 1516 1952 oculos
1541 1914 1685 1953 meos
1704 1899 1777 1953 ad
1792 1900 1939 1952 viam

296 1982 611 2053 Aquilonis:
647 1990 698 2037 et
719 1998 835 2039 ecce
862 1983 931 2038 ab
959 1985 1225 2054 Aquilone
1252 1993 1425 2056 portae
1478 1986 1696 2053 altaris,
1730 1986 1937 2042 idolum

297 2062 419 2126 Zeli
447 2072 509 2125 in
534 2072 647 2142 ipso
676 2071 932 2127 introitu.
994 2072 1100 2128 Pro
1131 2089 1197 2128 eo
1230 2075 1382 2145 quod
1447 2091 1553 2130 nos
1585 2075 1892 2147 posuimus
1922 2091 1934 2129 :

297 2159 374 2215 Ab
386 2158 653 2231 Aquilone
665 2163 845 2232 porta
863 2161 1080 2227 altaris,
1104 2159 1321 2217 idolum
1331 2163 1446 2217 Zeli
1466 2163 1525 2216 in
1546 2164 1661 2235 ipso
1682 2166 1933 2234 introztu,

294 2245 675 2321 Septuaginta
700 2248 1167 2305 transtulerunt:
1202 2250 1276 2304 Ab
1315 2250 1579 2322 Aquilone
1626 2252 1696 2306 ad
1721 2255 1941 2323 portam

299 2335 662 2405 Orientalem,
697 2336 850 2407 quod
882 2337 943 2392 in
974 2337 1253 2394 Hebraico
1276 2355 1391 2394 non
1422 2339 1671 2395 habetur
1697 2358 1709 2409 ;
1735 2345 1940 2395 caetera

299 2440 427 2497 quis
454 2423 538 2480 ibi
563 2423 781 2497 scripta
808 2430 947 2482 sunt
976 2426 1390 2500 relinquentes.
1425 2427 1595 2498 Dixit,
1629 2428 1841 2499 inquit,
1866 2429 1935 2483 ad

300 2529 414 2582 me,
444 2512 532 2569 vel
561 2512 745 2587 gloria
774 2514 1077 2587 Dei,quam
1108 2515 1168 2572 in
1199 2533 1405 2588 campo
1426 2517 1796 2585 videram,vel
1828 2518 1941 2590 spi-

301 2602 449 2657 ritus
481 2601 583 2674 qui
613 2618 706 2658 me
747 2602 900 2659 inter
931 2603 1141 2659 ccelum
1199 2604 1405 2661 levavit
1436 2622 1500 2660 ac
1558 2610 1796 2661 terram.
1834 2611 1939 2662 Lo-

301 2695 591 2763 cutusque
607 2690 874 2760 estmihi,
892 2697 1203 2764 postquam
1219 2693 1844 2749 metranstulitinJeru
1854 2713 1942 2751 sa-

300 2779 440 2846 lem,
459 2783 517 2835 et
544 2779 681 2834 fecit
698 2779 788 2835 vel
819 2781 1045 2849 urbem,
1068 2781 1155 2837 vel
1186 2781 1473 2853 templum
1502 2782 1714 2852 videre,
1742 2786 1798 2839 et
1828 2783 1938 2839 im-

294 2865 862 2940 .peravitutlevarem
875 2868 1075 2925 oculos
1085 2871 1156 2925 ad
1171 2870 1322 2925 viam
1334 2869 1662 2941 Aquilonis.
1680 2871 1763 2926 Ibi
1785 2874 1939 2927 enim
1987 2895 1991 2898 ~

304 2959 503 3012 statua
530 2955 668 3011 Baal
694 2956 888 3028 posita
917 2962 1059 3024 erat,
1092 2974 1271 3029 quam
1292 2958 1698 3014 vocatidolum
1721 2960 1857 3031 Zeli,
1880 2962 1941 3017 in

302 3045 432 3118 ipso
464 3049 642 3118 portis
673 3045 936 3100 introitu.
970 3045 1078 3109 Qui
1135 3050 1329 3102 autem
1377 3046 1601 3102 idolum
1654 3048 1788 3117 Zeli,
1823 3051 1943 3107 sive

302 3134 683 3209 possidentis,
697 3133 767 3189 ad
779 3133 1024 3207 gloriam
1038 3134 1160 3205 Dei,
1176 3135 1265 3191 vel
1284 3136 1355 3191 ad
1374 3136 1646 3209 spiritum
1660 3139 1941 3207 referunt,

2044 573 2331 641 parietem,
2363 571 2615 642 apparuit
2647 571 2846 625 ostium
2872 586 3067 640 unum.
3101 569 3166 623 Et
3191 568 3336 623 dixit
3355 565 3426 621 ad
3441 582 3565 622 me:
3596 571 3694 623 ln-

2045 659 2292 729 gredere,
2323 663 2376 714 et
2394 659 2517 714 vide
2544 659 2983 714 abominationes
3007 656 3289 727 pessimos,
3330 671 3468 726 quas
3486 656 3582 710 isti
3605 654 3693 729 fa-

2047 751 2201 803 ciunt
2230 749 2342 803 hic.
2378 752 2495 802 Hoc
2526 748 2679 820 quod
2710 744 2989 801 transtuli
3015 762 3028 800 :
3063 745 3284 812 Etvidi,
3319 748 3372 800 et
3398 759 3518 800 ecce
3537 746 3689 815 fora-

2045 853 2169 892 men
2199 853 2375 891 unum
2405 838 2465 891 in
2494 838 2723 907 pariete,
2756 835 2817 889 in
2850 835 3232 906 Septuaginta
3260 850 3375 889 non
3420 832 3687 889 habetur.

2048 927 2118 980 Et
2148 925 2285 996 quia
2305 925 2503 980 omnia
2532 923 2701 995 quasi
2724 923 2978 995 imagine
2999 922 3340 994 picturaque
3361 925 3695 977 monstran-

2048 1018 2162 1080 tur,
2197 1030 2377 1068 unum
2409 1013 2470 1066 in
2494 1012 2710 1084 pariete
2730 1014 2994 1067 foramen
3016 1011 3233 1066 vidisse
3263 1026 3324 1066 se
3345 1009 3693 1080 dicit,jube-

2047 1102 2214 1175 rique
2237 1102 2347 1157 sibi
2373 1108 2434 1157 ut
2458 1102 2599 1157 illud
2626 1101 2934 1173 perfodiat,
2965 1103 3022 1156 et
3050 1099 3305 1172 amplius
3338 1098 3530 1167 faciat,
3566 1114 3684 1170 quo

2045 1192 2311 1247 videlicet
2339 1194 2538 1262 aperto
2572 1190 2877 1257 foramine,
2909 1189 3086 1245 latius
3145 1188 3330 1261 possit
3384 1189 3605 1243 intrare
3633 1192 3690 1243 et

2045 1282 2257 1349 videre,
2292 1297 2418 1351 quae
2451 1280 2589 1335 foris
2621 1279 2847 1353 positus
2894 1279 3089 1334 videre
3138 1295 3255 1334 non
3301 1280 3549 1349 poterat.
3581 1276 3690 1332 Per

2046 1368 2200 1439 quod
2231 1366 2577 1436 ostenditur,
2609 1369 2729 1421 tam
2758 1365 2815 1419 in
2840 1364 3132 1431 Ecclesiis,
3153 1380 3332 1436 quam
3356 1363 3418 1419 in
3442 1362 3690 1436 singulis

2046 1455 2235 1519 nobis,
2268 1470 2372 1526 per
2403 1471 2576 1524 parva
2603 1455 2744 1509 vitia
2775 1454 2997 1525 majora
3046 1452 3381 1519 monstrari,
3434 1455 3491 1507 et
3519 1452 3688 1524 quasi

2047 1560 2146 1615 per
2176 1543 2442 1614 quaedam
2473 1542 2780 1609 foramina,
2815 1542 2884 1597 ad
2910 1541 3377 1597 abominationes
3400 1540 3686 1596 maximas

2046 1631 2351 1705 perveniri.
2412 1632 2490 1685 Ex
2549 1631 2835 1686 fructibus
2892 1629 3047 1686 enim
3107 1631 3282 1686 arbor
3315 1628 3690 1703 cognoscitur

2045 1720 2267 1791 (Matth.
2296 1738 2395 1786 xu,
2430 1720 2518 1785 33,
2552 1720 2677 1789 311);
2716 1724 2773 1775 et
2799 1736 2869 1774 ex
2901 1718 3264 1774 abundantia
3279 1717 3491 1786 cordis,
3516 1733 3583 1774 os
3603 1716 3689 1772 lo-

2045 1810 2264 1881 quitur.
2298 1810 2405 1864 Pro
2460 1808 2626 1880 signo
2657 1812 2797 1863 sunt
2852 1808 3147 1863 interioris
3177 1807 3456 1875 hominis,
3515 1806 3690 1862 verba

2047 1897 2416 1970 erumpentia
2431 1915 2443 1951 :
2461 1897 2754 1968 quomodo
2769 1896 3174 1966 libidinosum,
3194 1894 3333 1967 quia
3354 1912 3463 1950 sua
3484 1892 3690 1949 callide

2047 1986 2196 2043 celat
2219 1986 2382 2052 vitia,
2413 1985 2706 2041 interdum
2737 1985 2930 2058 turpis
2961 2001 3152 2040 sermo
3196 1985 3597 2049 demonstrat;
3633 1985 3693 2037 et

2047 2076 2349 2132 avaritiam
2380 2074 2659 2130 latentem
2690 2074 3044 2129 intrinsecus
3068 2072 3317 2145 parvulae
3348 2072 3428 2128 rei
3479 2069 3689 2143 cupido

2048 2164 2356 2237 signiﬁcat.
2372 2162 2690 2218 Minoribus
2711 2162 2865 2217 enim
2886 2162 3109 2232 majora
3123 2163 3545 2229 monstrantur,
3561 2157 3689 2213 vul-

2048 2258 2228 2324 tuque
2258 2260 2310 2307 el
2341 2252 2527 2307 oculis
2556 2250 2914 2307 dissimulari
2947 2266 3063 2305 non
3093 2252 3282 2321 potest
3303 2247 3684 2315 conscientia,

2048 2343 2189 2397 dum
2220 2341 2520 2397 luxuriosa
2547 2344 2602 2395 et
2629 2338 2844 2395 lasciva
2901 2355 3065 2394 mens
3111 2337 3266 2393 lucet
3295 2337 3355 2392 in
3413 2335 3600 2404 facie;
3635 2338 3692 2391 et

2048 2434 2269 2487 secreta
2298 2430 2509 2497 cordis,
2545 2432 2707 2485 motu
2737 2428 2994 2500 corporis
3025 2431 3081 2483 et
3121 2426 3384 2499 gestibus
3420 2424 3688 2480 indican-

2047 2525 2160 2575 tur.

2120 2608 2305 2679 (Vcrs.
2340 2608 2452 2675 10.)
2485 2610 2550 2663 Et
2578 2608 2854 2677 ingressus
2884 2605 3005 2661 vidi
3026 2621 3038 2658 :
3074 2608 3124 2659 et
3153 2619 3269 2659 ecce
3297 2604 3471 2658 omnis
3488 2600 3690 2656 simili-

2046 2697 2177 2752 tudo
2204 2698 2509 2767 reptilium,
2542 2704 2595 2751 et
2615 2696 2947 2750 animalium
2967 2695 3297 2749 abominatio
3321 2709 3334 2746 :
3364 2696 3416 2747 et
3433 2692 3690 2746 universa

2048 2786 2200 2840 idola
2228 2785 2419 2839 domus
2450 2785 2616 2839 Israel
2636 2784 2849 2854 depicta
2873 2786 3031 2837 erant
3051 2783 3112 2836 in
3134 2782 3344 2853 pariete
3367 2781 3427 2835 in
3453 2780 3692 2834 circuitu

2046 2892 2146 2946 per
2174 2878 2361 2929 totum.
2393 2872 2517 2928 Non
2551 2872 2740 2927 solum
2771 2869 2995 2926 idolum
3016 2870 3130 2925 Zeli
3153 2869 3423 2926 stabatin
3448 2867 3688 2923 introitu

2050 2966 2227 3034 porta:
2260 2960 2588 3032 Aquilonis,
2624 2960 2723 3015 sed
2756 2963 2813 3014 et
2843 2974 3045 3014 omnes
3064 2957 3289 3029 Templi
3321 2956 3571 3028 parietes
3603 2955 3692 3010 di-

2049 3051 2233 3106 versis
2245 3049 2536 3105 idolorum
2551 3048 2909 3121 imaginibus
2925 3047 3018 3119 pin
3026 3048 3313 3119 gebantur
3328 3064 3340 3101 :
3357 3043 3594 3101 utnulla
3605 3059 3692 3099 es—

2054 3144 2144 3196 set
2160 3141 2259 3196 80
2282 3139 2488 3205 bestia,
2512 3154 2688 3209 quam
2712 3153 2826 3193 non
2850 3135 3088 3208 parietis
3141 3134 3373 3208 pictura
3398 3136 3689 3189 monstra-

304 3208 484 3297 impie
511 3223 750 3291 faciunt,
782 3239 1093 3296 personam
1122 3223 1282 3293 idoli,
1316 3225 1417 3280 Dei
1477 3228 1779 3297 majestate
1811 3245 1940 3284 mu-
1971 3208 2014 3276 (ἶ
2055 3234 2158 3284 ret.
2194 3229 2311 3283 Hoc
2339 3227 2399 3282 in
2430 3208 2690 3283 delubris
2715 3225 3028 3291 idolorum,
3090 3224 3357 3296 fanisque
3385 3221 3692 3295 gentilium

305 3317 516 3370 tantes.

376 3401 562 3472 (Vera.
593 3401 674 3474 6.)
702 3403 769 3457 Et
795 3401 946 3457 dixit
971 3403 1044 3457 ad
1097 3418 1220 3458 me:
1254 3398 1387 3458 Fili'
1419 3403 1678 3471 hominis,
1708 3409 1944 3474 putasne

302 3491 451 3548 vides
468 3495 530 3547 tu
555 3490 689 3563 quid
707 3492 806 3547 isti
821 3492 1033 3562 faciant
1056 3508 1069 3546 :
1094 3492 1522 3549 abominationes
1549 3510 1779 3563 magnas
1809 3511 1946 3566 quas

302 3579 495 3636 domus
521 3579 692 3636 Israel
718 3581 853 3651 facit
871 3580 960 3635 hic
978 3598 997 3634 :
1015 3584 1075 3635 ut
1094 3582 1286 3653 procul
1306 3582 1560 3636 recedam
1574 3600 1607 3636 a
1627 3585 1946 3640 sanctuario

301 3683 424 3726 meo
443 3669 472 3725 ?
491 3668 559 3724 Et
577 3668 757 3724 adhuc
772 3684 1081 3740 conversus,
1100 3669 1305 3726 videbis
1319 3672 1752 3728 abominationes
1770 3675 1944 3745 majo-

300 3773 407 3814 res.
440 3757 525 3814 Ne
553 3774 666 3824 me,
690 3756 901 3830 inquit,
927 3759 1325 3831 putesinjuste
1348 3760 1631 3832 templum
1654 3762 1942 3835 deserere,

302 3851 361 3903 et
388 3847 844 3903 subvertendam
876 3847 1203 3921 relinquere
1232 3848 1547 3913 civitatem,
1591 3850 1786 3923 aspice
1817 3870 1943 3925 qua:

301 3935 363 3991 in
392 3934 611 4007 templo
641 3936 876 3991 faciant.
924 3936 1187 4009 Cumque
1248 3937 1349 3993 illa
1403 3942 1796 4012 conspexeris,
1829 3960 1944 4000 non

302 4026 472 4094 putes
502 4024 679 4078 ﬁnem
711 4039 839 4079 esse
870 4024 1179 4093 scelerum,
1209 4026 1306 4083 85
1341 4027 1532 4083 adhuc
1552 4032 1772 4101 majora
1802 4048 1944 4087 con-

294 4111 532 4183 spicies.
556 4111 719 4176 Quod
742 4112 979 4182 quidem
999 4118 1192 4185 potest
1211 4118 1267 4169 et
1287 4115 1358 4170 de
1377 4120 1574 4171 nostra
1594 4117 1942 4189 Jerusalem,

300 4203 619 4272 nostroque
659 4200 878 4273 templo
926 4201 1193 4273 intelligi,
1240 4205 1474 4274 quando
1522 4204 1580 4258 in
1612 4206 1942 4278 exemplum

299 4288 491 4362 Ophni
517 4293 574 4344 et
598 4288 845 4345 Phinees
868 4290 943 4362 (Il
968 4291 1092 4359 Reg.
1128 4293 1190 4362 11)
1213 4290 1507 4347 idolorum
1557 4293 1776 4349 scelera
1806 4312 1939 4368 Ope-

302 4394 504 4434 ramur
525 4377 584 4433 in
614 4377 993 4434 tabernaculo
1018 4379 1119 4435 Dei
1144 4405 1158 4447 ;
1191 4384 1250 4435 et
1282 4380 1641 4438 fornicamur
1660 4400 1793 4439 cum
1826 4386 1939 4455 his,

302 4484 428 4539 quas
460 4468 567 4539 [Al.
601 4468 723 4540 qui]
757 4484 820 4524 se
863 4466 1082 4523 militiae
1105 4473 1161 4524 et
1186 4469 1512 4527 ministerio
1534 4473 1630 4528 Dei
1653 4473 1942 4534 voverint:

2054 3318 2358 3388 hucusque
2388 3314 2796 3388 perspicimus,
2831 3314 2986 3385 quod
3017 3312 3215 3368 omnia
3245 3327 3459 3384 genera
3482 3308 3695 3366 bestia-

2054 3423 2183 3462 rum
2216 3407 2413 3462 adoret
2445 3403 2625 3460 stulta
2654 3402 2876 3473 religio.
2910 3401 3072 3457 Unde
3102 3404 3160 3455 et
3186 3399 3469 3479 Virgilius
3497 3398 3578 3454 ait
3604 3416 3618 3455 :

2116 3524 2571 3586 Omnigenumque
2603 3519 2676 3582 (b)
2696 3518 2854 3567 deum
2885 3522 3140 3577 monstra,
3159 3520 3212 3566 et
3229 3516 3447 3566 latrator
3465 3513 3687 3565 Anubis.

2055 3630 2235 3696 Quasi
2265 3646 2379 3684 non
2411 3631 2469 3683 et
2496 3626 2597 3681 illa
2629 3626 2747 3681 sint
2775 3628 3040 3681 monstra
3071 3641 3197 3696 qua:
3228 3622 3451 3679 laudat.

2115 3749 2308 3797 Contra
2331 3746 2631 3805 Neptunum
2664 3744 2715 3791 et
2743 3741 3022 3799 Venerem,
3045 3742 3335 3802 contraque
3382 3737 3695 3787 Minervam.

2057 3858 2376 3912 Possumus
2407 3853 2464 3906 et
2494 3850 2552 3903 in
2585 3848 2765 3903 nostri
2802 3845 3001 3918 templi
3036 3846 3141 3918 [AL
3176 3844 3393 3901 nostris
3437 3842 3695 3916 templis]

2057 3938 2546 4017 parietibusidula
2558 3940 2884 3992 monstrare
2896 3934 3144 4007 depicta,
3161 3934 3394 4005 quando
3416 3932 3694 3988 omnibus

2053 4032 2213 4089 vitiis
2245 4028 2638 4099 subjacemus,
2664 4029 2720 4080 et
2740 4022 3038 4095 pingimus
3056 4023 3113 4076 in
3138 4022 3307 4077 corde
3337 4026 3536 4077 nostro
3557 4036 3693 4092 pec-

2055 4125 2317 4178 catorum
2331 4112 3181 4184 conscientiam,imaginesque
3195 4110 3559 4165 diversas.De
3571 4109 3698 4181 qui-

2054 4212 2165 4266 bus
2196 4211 2253 4263 et
2282 4207 2340 4260 in
2371 4204 2600 4260 Psalmo
2632 4202 2737 4274 [AL
2773 4199 3042 4270 Psalmis]
3083 4198 3328 4254 dicitur:
3382 4199 3606 4255 Domine
3631 4214 3695 4253 in

2054 4301 2273 4354 civitate
2285 4299 2373 4350 tua
2388 4294 2689 4361 imaginem
2709 4292 2953 4361 ipsorum
2968 4288 3501 4359 dissipabis(Psalm.
3519 4302 3690 4355 Lxxn,

2053 4389 2166 4455 20).
2201 4387 2270 4440 Et
2300 4383 2355 4437 in
2390 4381 2501 4436 alio
2530 4380 2655 4435 loco
2685 4396 2698 4433 :
2737 4378 3111 4433 Verumtamen
3135 4378 3197 4431 in
3226 4377 3469 4445 imagine
3484 4390 3700 4447 peram-

2056 4477 2208 4531 bulat
2239 4473 2393 4527 homo
2427 4470 2652 4538 (Psalm.
2674 4484 2906 4533 xxxvm,
2939 4468 3016 4533 ’7).
3054 4465 3215 4530 Quod
3249 4462 3468 4519 scilicet
3496 4461 3697 4518 nullus

300 4561 359 4612 et
386 4556 810 4625 sacrificiorum
842 4557 970 4628 ejus
992 4558 1286 4630 primitiva
1314 4559 1705 4633 decerpimus,
1738 4563 1944 4619 dantes
1977 4574 2021 4638 D
2053 4564 2361 4620 hominum
2381 4560 2457 4614 sit
2474 4556 2573 4628 qui
2594 4553 3182 4628 aliquamimaginem
3208 4569 3323 4608 non
3341 4551 3552 4607 habeat
3571 4550 3696 4607 sive

298 4645 360 4702 in
388 4663 560 4703 usum
591 4645 872 4703 clientum
904 4651 1079 4718 atque
1112 4645 1553 4713 famulorum,et
1574 4651 1770 4705 omnia
1792 4650 1941 4707 lucri

300 4752 479 4792 causa
500 4736 768 4792 facimus.
796 4735 897 4793 Sin
918 4740 1111 4792 autem
1132 4736 1249 4792 haec
1271 4741 1391 4793 tam
1418 4755 1633 4810 magna
1656 4743 1795 4795 sunt
1814 4757 1942 4811 quae

298 4827 565 4883 videmus
590 4829 811 4898 quanto
836 4826 1061 4897 majora
1089 4827 1478 4884 existimanda
1507 4833 1646 4883 sunt
1674 4845 1800 4899 qum
1830 4829 1940 4886 hu-

301 4928 537 4970 manam
568 4915 857 4988 effugiunt
882 4915 1300 4972 conscientiam
1329 4920 1355 4970 γ

372 5000 560 5071 (Vers.
588 5006 623 5056 7
656 5005 847 5077 seqq.)
875 5006 941 5061 Et
971 5006 1291 5062 introduxit
1318 5023 1404 5061 me
1433 5007 1508 5061 ad
1540 5009 1737 5063 ostium
1766 5010 1936 5064 atrii:

301 5093 353 5147 et
378 5089 515 5157 vidi,
545 5097 598 5147 et
622 5107 744 5148 ecce
770 5096 1018 5164 foramen
1047 5112 1221 5151 unum
1250 5097 1310 5151 in
1336 5098 1571 5167 pariete.
1605 5098 1670 5152 Et
1699 5098 1843 5153 dixit
1871 5097 1943 5152 ad

374 5266 452 5340 (a)
483 5266 764 5351 bimatum
777 5274 839 5351 et
858 5270 1530 5351 Montfa_uconio,_v_ocem
1553 5289 1937 5351 cena,_.se-cu_n-

302 5336 444 5396 dum
478 5336 928 5396 similitudinem
961 5344 1111 5410 soni,
1142 5361 1258 5401 non
1299 5336 1642 5401 litterarum
1690 5336 1802 5399 dici
1834 5345 1939 5401 abs

302 5410 651 5493 Hieronymo
674 5410 930 5493 inclamet
943 5418 1328 5483 possessionem
1343 5433 1570 5493 sonare,
1596 5414 1763 5493 aliter
1782 5416 1936 5493 enim

296 5482 564 5575 possessio
587 5491 707 5572 mp
738 5482 969 5552 dicitur,
1001 5500 1118 5541 non
1146 5496 1336 5573 amp:
1370 5492 1426 5543 et
1453 5505 1488 5543 a
1534 5482 1647 5575 sup
1703 5486 1938 5542 deduci-

302 5573 423 5666 ξεν,
454 5586 569 5629 non
600 5588 636 5628 a
661 5583 796 5666 mp.
830 5572 1205 5666 Nec_dtisu_nt
1237 5572 1586 5666 hujusmodi
1614 5572 1751 5666 lalia
1782 5575 1936 5666 apud

300 5658 720 5738 Hieronymum
738 5658 1016 5739 exempla
1046 5662 1456 5723 Hebraioorum
1513 5665 1844 5737 verborum,
1877 5663 1936 5735 in

2053 4648 2401 4715 sanctitatis,
2437 4647 2556 4702 sive
2589 4643 2830 4717 peccati.
2861 4641 3249 4707 Quamobrem
3294 4640 3532 4696 furiosis
3553 4639 3698 4695 dici-

2051 4748 2147 4798 tur
2175 4745 2230 4797 et
2259 4735 2558 4793 iracundis
2583 4750 2593 4788 :
2619 4739 2799 4789 Furor
2815 4732 2931 4785 illis
2955 4730 3250 4785 securdum
3271 4728 3700 4784 similitudinem

2049 4830 2316 4902 serpentis
2341 4827 2509 4881 :sicut
2523 4822 2731 4894 aspidis
2752 4820 2937 4877 surda?
2958 4823 3011 4874 et
3031 4819 3343 4875 obturantis
3366 4833 3527 4873 aures
3544 4831 3698 4885 suas,

2049 4934 2173 4993 qua?
2203 4933 2313 4972 non
2336 4912 2591 4970 exaudiet
2619 4926 2797 4966 vocem
2828 4910 3232 4964 incantantium
3262 4907 3432 4979 (Psal.
3468 4922 3577 4972 LVI,
3602 4905 3683 4976 5).

2050 5010 2117 5063 Et
2149 5007 2217 5062 de
2272 5002 2613 5059 hominibus
2672 5015 2963 5079 nequam:
3022 4998 3311 5053 Generatio
3352 4997 3692 5067 viperarum,

2051 5099 2171 5169 quis
2200 5092 2429 5151 ostendit
2456 5090 2602 5146 vobis
2631 5091 2822 5160 fugere
2843 5104 2875 5141 a
2898 5090 3129 5142 ventura
3150 5086 3249 5141 ira
3270 5085 3478 5157 (Matth.
3507 5100 3573 5138 III
3590 5083 3648 5154 7)
3668 5079 3700 5138 ν

2051 5273 2266 5346 quibus
2297 5265 2929 5346 sonumtantummodo
2953 5278 3018 5318 ac
3040 5260 3575 5334 pronuntiationem
3601 5260 3703 5316 at-

2050 5340 2256 5411 tendit,
2290 5358 2405 5397 non
2437 5340 2686 5394 litteras.

2120 5417 2197 5495 (φ)
2211 5402 2453 5495 Eiram
2474 5426 2676 5495 verus
2700 5402 3697 5495 “@939.?§'€§F{12_ﬁ9.°}£‘£¥’§.99‘

2049 5472 2460 5543 tavi'Eneidos
2487 5498 2499 5538 :
2523 5479 2785 5548 satisque
2808 5472 2987 5548 miror
3006 5476 3150 5548 quid
3169 5475 3231 5530 in
3254 5478 3513 5548 mentem
3537 5472 3699 5548 Mar-

2048 5558 2254 5614 tianaao
2279 5553 2520 5619 venerit,
2555 5550 2654 5619 qui
2686 5543 2756 5605 ex
2784 5543 3141 5619 Ovidioﬂib.
3174 5564 3215 5604 II
3244 5547 3558 5617 Amorum,
3578 5543 3698 5605 aleo

2048 5630 2146 5706 sia
2178 5630 2264 5702 13,
2296 5618 2526 5687 laudari
2552 5618 2684 5681 illos
2712 5618 3031 5681 annotavit.
