4020 6186
176 373 263 442 89
832 366 1579 439 COMMENTARIORUM
1621 364 1701 430 IN
1743 352 2261 429 EBEGHIELEM'
2288 352 2443 429 LIB.
2486 362 2591 429 Ill.
2639 364 2812 430 CAP.
2856 362 2962 429 IX.
3498 361 3599 427 ~90

176 526 298 568 nus
328 508 725 582 inscriptione
754 508 1038 582 signatur.
1073 511 1223 564 Sunt
1251 506 1351 579 qui
1380 508 1605 578 putent,
1657 520 1726 560 ex
1772 520 1839 560 eo
1868 496 1923 562 Α
1949 502 2153 569 tatem;
2188 518 2290 575 pro
2320 501 2414 558 his
2444 501 2547 574 qui
2577 505 2743 558 erant
2770 502 2829 557 in
2844 500 3009 573 urbe,
3039 500 3229 574 ipsam
3256 498 3464 557 urbem
3495 515 3601 574 ap-

182 600 345 672 quod
358 599 697 655 secundum
708 597 1054 654 Hebraicum
1068 596 1202 669 alph
1211 596 1445 654 abetum
1459 596 1574 652 ista
1587 598 1847 651 extrema

182 689 259 746 sit
288 688 517 754 littera,
548 687 944 743 demonstrari
964 687 1025 742 in
1049 685 1427 742 multitudine
1451 683 1844 758 peccantium,

179 777 469 850 reliquias
494 793 804 849 superesse
825 780 1186 833 sanctorum.
1208 779 1519 831 Gementes
1543 774 1724 846 igitur
1743 774 1849 829 do-

181 866 497 938 lontesque
524 864 864 933 salvantur;
889 865 989 937 qui
1023 881 1137 920 non
1162 863 1353 920 solum
1376 862 1550 919 malis
1570 880 1682 919 non
1709 879 1847 918 con-

180 960 506 1011 senserunt
528 953 836 1026 operibus,
869 952 975 1009 sed
999 958 1057 1009 et
1085 952 1276 1010 aliena
1296 952 1569 1025 planxere
1591 955 1847 1025 peccata,

181 1046 519 1100 secundum
550 1044 706 1116 quod
739 1048 798 1099 et
825 1042 1064 1099 Samuel
1095 1041 1318 1115 planxit
1347 1057 1525 1114 super
1553 1040 1690 1096 Saul
1746 1040 1847 1109 (HI

181 1135 307 1205 Reg.
340 1134 483 1203 m),
516 1137 577 1188 et
604 1131 912 1205 apostolus
940 1131 1155 1188 Paulus
1184 1144 1362 1203 super
1389 1130 1483 1186 his
1538 1129 1639 1202 qui
1696 1132 1848 1201 post,

182 1226 501 1295 peceatum
530 1237 653 1276 non
682 1225 932 1293 egerunt
960 1219 1382 1293 paenitentiam.
1418 1219 1579 1275 Unde
1621 1222 1678 1273 et
1724 1218 1851 1290 ipse

182 1311 457 1367 dicebat:
495 1311 609 1379 Qui
634 1325 827 1366 sumus
855 1310 917 1364 in
963 1309 1060 1366 hoc
1105 1309 1477 1379 tabernaculo,
1534 1308 1851 1378 ingemisci-

182 1416 303 1456 ωδ
330 1400 408 1472 (ll
438 1398 575 1455 Cor.
610 1415 668 1468 v,
694 1401 774 1466 2).
806 1398 877 1454 Et
897 1397 1034 1453 alibi
1060 1415 1074 1453 :
1105 1397 1503 1453 Tristitiamihi
1528 1405 1607 1453 est
1622 1412 1848 1467 magna,

188 1499 235 1545 et
259 1488 622 1545 incessabili:
650 1487 807 1543 dolor
826 1486 1008 1543 cordis
1052 1489 1164 1541 mei
1193 1486 1302 1553 [AL
1335 1485 1487 1542 cordi
1504 1486 1665 1556 meo].
1700 1486 1849 1541 Prte-

183 1577 528 1649 cipiturque
572 1593 681 1632 sex
728 1575 868 1632 viris
923 1578 991 1631 ut
1036 1579 1244 1647 prater
1297 1589 1395 1631 eos
1453 1575 1552 1647 qui
1604 1577 1855 1647 possunt

184 1666 381 1722 dicere
403 1683 424 1722 :
460 1664 755 1737 Signatum
785 1669 868 1720 est
893 1680 1060 1736 super
1087 1680 1184 1720 nos
1215 1665 1396 1720 lumen
1411 1664 1596 1720 vultus
1615 1665 1717 1731 tui,
1749 1664 1851 1718 Do—

182 1757 336 1810 mine
361 1754 543 1826 (Psal.
581 1771 661 1823 ιν,
674 1754 756 1824 7),
774 1756 1019 1809 cunctos
1036 1752 1409 1817 interﬁciant,
1432 1770 1551 1808 non
1566 1751 1690 1808 seni
1714 1768 1853 1824 par—

1953 592 2258 666 pellente.

2026 683 2215 753 (Vere.
2247 683 2326 755 8.)
2351 682 2579 741 Etcsede
2613 682 2897 754 completa,
2952 682 3204 737 remansi
3229 696 3360 752 ego:
3403 680 3601 752 ruique

1954 789 2120 846 super
2175 775 2378 845 faciem
2426 788 2626 840 meam,
2675 775 2727 828 et
2775 772 3021 827 clamans
3077 773 3199 827 aio:
3261 771 3377 826 Heu
3407 768 3599 842 [Vu1g.

1956 864 2088 932 Heu,
2123 863 2247 935 heu,
2280 863 2428 932 heu[,
2444 863 2671 917 Domine
2692 866 2859 931 Deus,
2881 877 3006 933 ergo
3026 877 3095 917 ne
3114 860 3397 933 disperdas
3417 875 3601 917 omnes

1955 954 2222 1025 reliquias
2242 953 2434 1018 Israel,
2449 952 2733 1025 effundens
2751 952 2999 1020 furorem
3011 955 3168 1006 tuum
3191 966 3353 1023 super
3378 952 3603 1008 Jerusa-

1959 1043 2102 1098 lem?
2129 1041 2386 1108 Cunctis,
2419 1041 2517 1113 qui
2551 1040 2923 1113 signaculum
2954 1057 3070 1096 non
3102 1039 3415 1105 habebant,
3448 1039 3603 1095 caede
3628 1062 3643 1076 ο

1959 1130 2294 1203 prostratis,
2327 1129 2547 1186 corruit
2604 1130 2890 1203 propheta
2916 1129 2977 1185 in
3035 1128 3240 1184 faciem
3272 1143 3463 1195 suam,
3499 1144 3603 1199 pro

1958 1218 2395 1276 interfectorum
2414 1218 2813 1286 multitudine,
2849 1217 3081 1274 nullum
3132 1222 3341 1290 praeter
3369 1234 3429 1273 se
3450 1216 3606 1273 arbi-

1958 1311 2123 1365 trans
2144 1308 2518 1364 remansisse.
2544 1307 2707 1374 Quod
2730 1307 2868 1379 quia
2888 1307 3198 1364 videbatur
3216 1322 3346 1363 esse
3376 1310 3607 1363 contra-

1960 1399 2114 1454 rium
2136 1397 2185 1453 ei
2201 1397 2523 1468 sententiae,
2541 1413 2657 1468 qua
2663 1398 2927 1468 jusserat
2940 1395 3218 1452 Dominus
3240 1396 3607 1468 signatarum

1961 1486 2245 1544 frontium
2275 1486 2430 1543 viros
2486 1503 2602 1542 non
2660 1502 2789 1542 esse
2844 1485 3170 1555 caedendos,
3204 1488 3510 1557 propterea
3550 1485 3607 1542 in

1959 1576 2211 1649 Vulgata
2234 1576 2488 1632 editione
2513 1575 2878 1631 subtractum
2901 1574 3002 1631 98
3026 1574 3258 1630 est.Nos
3289 1577 3484 1630 autem
3515 1590 3612 1631 se-

1961 1669 2207 1738 quentes
2236 1664 2577 1721 Hebraicam
2626 1664 2956 1731 veritatem,
3008 1662 3340 1736 posuimus,
3372 1665 3615 1719 remansi

1960 1771 2077 1825 ego.
2110 1753 2563 1826 Notandumquc
2592 1753 2747 1825 quod
2780 1770 2898 1809 non
2919 1752 3149 1822 dixerit,
3173 1752 3351 1809 solus:
3385 1753 3540 1824 quod
3562 1751 3615 1807 si

185 1848 333 1909 cant,
365 1859 497 1898 non
521 1841 756 1914 juveni,
786 1858 907 1898 non
952 1841 1187 1915 virgini,
1240 1858 1359 1898 non
1418 1841 1681 1914 parvulo,
1735 1858 1852 1898 non
1886 1865 1935 1930 B
1963 1844 2229 1913 dixisset,
2259 1843 2566 1899 videbatur
2591 1858 2720 1899 esse
2763 1842 3167 1908 contrarium;
3226 1841 3328 1898 sed
3370 1843 3616 1897 remansi

186 1931 443 1988 mulieri.
479 1931 821 1986 Secundum
839 1931 1121 2003 mysticos
1139 1929 1493 2000 intellectus,
1523 1946 1693 1987 senes
1719 1935 1858 1987 sunt

184 2019 537 2076 inﬁclesia
569 2020 646 2075 de
678 2018 897 2091 quibus
919 2018 1173 2075 dicitur:
1220 2019 1360 2075 Cani
1423 2019 1665 2077 hami-nis
1716 2037 1857 2092 pru-

186 2108 366 2163 lentia
397 2109 533 2181 ejus
566 2107 726 2180 (Sep.
758 2125 838 2174 1v,
868 2108 921 2179 8)
947 2125 963 2176 ;
987 2108 1233 2179 juvenes
1264 2108 1364 2182 qui
1413 2113 1553 2165 sunt
1603 2110 1673 2164 ad
1726 2110 1856 2166 fidei

191 2197 337 2253 bella
369 2197 866 2270 promptissimi;
897 2196 1173 2269 virgines,
1209 2198 1309 2270 qui
1343 2198 1693 2271 pudicitiam
1738 2202 1861 2253 tota

196 2290 383 2342 mente
400 2290 805 2352 conservant;
828 2284 1183 2358 parvuli,qui
1206 2285 1356 2342 lacte
1378 2286 1859 2358 potanturinl‘an-

202 2374 370 2438 timet
388 2375 660 2431 necdum
684 2374 1017 2447 percipiunt
1032 2373 1291 2431 solidum
1304 2374 1500 2431 cibum
1528 2401 1542 2443 ;
1560 2374 1860 2448 mulieres,

201 2464 290 2536 qui
312 2463 424 2537 [AL
450 2463 605 2536 qua]
632 2461 947 2534 fragilitate
968 2463 1377 2528 sexus,animze
1400 2463 1862 2520 imbecillitatem

200 2552 766 2618 testanturﬂuibus
783 2549 1071 2608 universis
1089 2553 1188 2607 97
1220 2569 1337 2607 non
1360 2554 1641 2625 parcitur,
1665 2555 1714 2609 si
1737 2555 1865 2611 abs-

199 2657 306 2713 que
361 2640 597 2697 Christi
659 2640 969 2714 signaculo
1024 2639 1246 2714 aliquid
1289 2657 1417 2698 esse
1483 2659 1545 2698 se
1598 2644 1861 2699 credunt.

194 2729 479 2800 Quodque
503 2728 815 2800 sequitur:
837 2729 900 2783 Et
920 2744 955 2783 a
976 2732 1289 2786 sanctuario
1307 2746 1426 2785 meo
1449 2731 1695 2802 incipite,
1719 2731 1862 2801 sive,

192 2815 1131 2890 utSeptnagintatranstulerunt,
1153 2826 1204 2874 et
1219 2836 1251 2874 a
1263 2820 1464 2874 sanctis
1476 2821 1590 2876 mei
1616 2822 1865 2892 incipite,

187 2907 275 2963 vel
306 2906 665 2962 sacerdotes
695 2905 1010 2977 signiﬁcat,
1034 2907 1134 2978 qui
1152 2908 1535 2964 versabantur
1562 2910 1620 2963 in
1650 2909 1865 2983 templo

195 3001 252 3053 et
272 2994 793 3052 sderabantidola
814 3013 827 3062 ;
850 2994 937 3051 vel
961 3012 1060 3052 eos
1080 2996 1182 3068 qui
1203 3014 1307 3069 pro
1335 2998 1642 3054 sacerdotii
1659 2999 1865 3055 merito

193 3085 387 3141 sancti
415 3085 791 3140 vocabantur
820 3083 880 3139 in
913 3084 1148 3157 populo,
1182 3090 1238 3141 et
1269 3087 1367 3157 qui
1400 3087 1632 3142 fuerant
1660 3086 1721 3142 in
1770 3105 1867 3160 po-

188 3175 349 3247 pulis
363 3172 989 3245 causapeccati,primi
1004 3189 1268 3231 meruere
1286 3174 1858 3250 supplicia.Tempus

184 3229 349 3321 enim
382 3267 481 3318 est
500 3264 553 3333 (1
564 3229 1201 3334 .Cor.vn):utjudicium
1224 3229 1467 3336 incipiat
1491 3282 1524 3319 a
1540 3229 1855 3321 Dei:
1887 3229 1934 3301 α

256 3353 456 3425 (Vere.
488 3352 579 3420 7.)
614 3350 904 3423 Coeperunt
958 3368 1090 3421 ergo
1147 3369 1181 3407 a
1210 3355 1346 3408 viris
1381 3352 1718 3421 senioribus,
1765 3356 1860 3425 qui

186 3446 345 3499 erant
376 3446 523 3497 ante
550 3440 759 3510 faciem
777 3440 988 3496 domus.
1014 3442 1082 3495 Et
1094 3439 1241 3497 dixit
1259 3441 1331 3496 ad
1346 3457 1437 3497 eos
1458 3443 1862 3499 :Contaminate

193 3531 414 3587 dmum
438 3547 454 3584 :
488 3534 548 3585 et
574 3529 801 3600 implete
828 3530 979 3585 atria
992 3530 1582 3602 interfectis.lmplere
1612 3532 1761 3589 atria
1780 3532 1865 3588 in-

193 3619 477 3675 terfectis.
513 3621 633 3671 Pro
664 3618 843 3687 atriis,
879 3633 1005 3689 qum
1048 3614 1332 3674 Hebraice
1389 3619 1673 3675 dicuntur
1726 3623 1863 3676 Asn-

194 3726 331 3765 am!
360 3714 575 3769 man
605 3705 740 3761 LXX
771 3721 1019 3778 posuere
1062 3708 1201 3762 vias.
1245 3707 1605 3764 Occiduntur
1665 3714 1861 3765 autem

196 3797 295 3852 viri
323 3797 630 3858 seniores,
662 3794 735 3850 de
765 3794 985 3866 quibus
1015 3811 1195 3868 supra
1214 3794 1467 3871 legimus
1499 3799 1655 3870 quod
1683 3798 1864 3856 habe-

196 3892 319 3943 rent
344 3883 674 3941 thuribula
704 3886 761 3937 et
774 3882 1075 3939 adolerent
1094 3884 1267 3940 idolis
1287 3885 1615 3943 incensum.
1642 3887 1757 3944 Nec
1779 3893 1868 3944 est

198 3976 313 4032 ulla
340 3973 565 4046 templi
585 3971 795 4045 religio
816 3988 832 4027 :
856 3972 997 4044 quia
1025 3973 1245 4029 offenso
1275 3974 1353 4045 (a)
1383 3974 1684 4049 religionis
1733 3978 1866 4047 Deo,

200 4064 611 4120 contaminata
639 4065 785 4117 sunt
820 4061 1040 4129 omnia,
1065 4066 1130 4117 ut
1159 4063 1316 4118 unde
1346 4069 1673 4136 peccatum,
1732 4065 1868 4122 inde

198 4153 502 4226 judicium
532 4150 634 4207 sit.
667 4149 948 4222 Atriaque
975 4151 1357 4209 cadaveribus
1387 4153 1757 4225 complentur
1806 4155 1866 4209 in

202 4242 450 4316 bmplo,
480 4245 544 4297 et
575 4254 692 4296 non
743 4239 869 4308 vim,
903 4255 1031 4311 quae
1080 4240 1286 4312 utique
1336 4241 1477 4298 foris
1530 4246 1714 4308 erant,
1754 4242 1870 4299 nisi

200 4333 455 4388 iss-sitan
483 4328 617 4384 vias
648 4326 975 4401 intelligere
1022 4328 1323 4401 possimus
1368 4331 1474 4396 [Αι.
1530 4338 1862 4403 possumus]

202 4420 432 4491 plateas
459 4416 743 4474 civitatis.
774 4416 893 4473 Nec
921 4416 1134 4473 audere
1167 4423 1435 4490 poterant
1464 4419 1668 4494 Angeli
1726 4438 1868 4476 con-

202 4510 500 4564 hminare
525 4507 816 4580 templum
848 4507 1136 4580 sanguine
1195 4511 1583 4577 mortuorum,
1636 4509 1695 4565 in
1753 4527 1869 4583 quo

1965 1950 2078 2005 ego,
2094 1937 2160 1989 ut
2171 1931 2560 1989 subaudiatur
2583 1948 2714 1988 cum
2741 1929 3092 2003 ceteris,qui
3115 1930 3338 1986 frontes
3359 1929 3618 1986 habuere

1967 2022 2249 2095 signatas.
2284 2022 2357 2078 Ut
2388 2024 2584 2077 autem
2607 2020 2865 2077 sciamus
2896 2020 3202 2093 signauter
3231 2018 3345 2076 hoc
3366 2018 3613 2091 dictum,

1968 2113 2212 2168 remansi
2239 2127 2353 2183 ego,
2381 2109 2443 2165 in
2475 2110 2697 2182 Regum
2731 2109 3051 2177 volumine,
3085 2108 3321 2181 quando
3349 2107 3509 2165 Elias
3540 2107 3622 2165 lo-

1970 2201 2173 2274 quitur
2201 2201 2272 2257 ad
2302 2201 2487 2256 Deum
2518 2219 2534 2255 :
2566 2200 2779 2256 Altaria
2810 2206 2905 2255 tua
2934 2198 3184 2255 demoliti
3237 2198 3386 2268 sunt,
3418 2202 3472 2252 et
3520 2213 3620 2266 ego

1970 2290 2201 2347 relictus
2228 2306 2352 2346 sum
2377 2291 2544 2357 solus,
2572 2293 2624 2346 et
2651 2291 2903 2360 quaerunt
2924 2290 3173 2344 animam
3196 2303 3378 2343 meam
3397 2287 3624 2356 auferre

1975 2377 2094 2451 (II!
2120 2381 2243 2451 Reg.
2275 2397 2392 2451 xm,
2433 2379 2514 2451 14)
2541 2397 2554 2447 ;
2587 2378 2777 2435 solum
2810 2377 3028 2451 posuit,
3088 2376 3231 2448 quia
3259 2374 3623 2432 remansisse

1977 2467 2126 2524 alios
2156 2467 2740 2532 uesciebat.Quidam
2758 2470 2968 2538 putant
2997 2481 3329 2536 expersona
3359 2462 3622 2529 Domini,

1972 2556 2033 2612 in
2066 2559 2237 2628 cujus
2267 2562 2471 2628 typum
2497 2555 2795 2629 praecessit
2816 2554 3103 2622 Ezechiel,
3129 2568 3301 2626 posse
3322 2552 3432 2608 hoc
3453 2550 3623 2607 intel-

1971 2644 2156 2719 ligide
2168 2644 2383 2718 populo
2402 2644 2741 2701 Judaaorum
2768 2660 2781 2699 :
2807 2643 3042 2714 quando
3064 2656 3269 2697 omnes
3293 2639 3623 2696 declinave-

1974 2739 2131 2804 runt,
2165 2733 2342 2789 simul
2373 2731 2612 2789 inutiles
2642 2730 2779 2788 facti
2807 2733 2946 2787 sunt
2966 2731 3137 2802 (Psal.
3171 2729 3319 2801 xm).
3378 2731 3448 2782 Et
3481 2731 3622 2785 Pro-

1974 2823 2149 2896 pheta
2178 2826 2457 2878 testatur:
2488 2823 2720 2878 Salvum
2775 2837 2862 2876 me
2890 2821 2997 2891 fac,
3058 2818 3329 2875 Domine:
3360 2818 3624 2888 quoniam

1973 2913 2170 2983 defecit
2200 2912 2429 2969 Sanctus
2458 2912 2631 2980 (Psal.
2664 2928 2729 2975 ιι,
2762 2909 2836 2979 l).
2872 2908 3043 2965 Solus
3066 2906 3223 2964 enim
3244 2907 3520 2964 inventus
3541 2908 3629 2962 est

1974 3000 2280 3072 Dominus,
2316 3000 2414 3073 qui
2447 3004 2754 3074 peccatum
2786 3016 2901 3054 non
2933 2997 3090 3069 fecit,
3125 3013 3313 3069 neque
3353 2995 3627 3077 inventus

1974 3094 2062 3147 est
2092 3089 2266 3148 dolus
2291 3089 2351 3145 in
2380 3106 2478 3146 ore
2508 3089 2634 3159 ejus
2665 3088 2713 3161 (1
2743 3089 2887 3143 Petr.
2925 3085 3011 3159 II).
3044 3086 3207 3153 Quod
3243 3088 3438 3141 autem
3469 3082 3627 3140 intu-

1976 3179 2047 3235 lit
2068 3197 2081 3235 :
2107 3179 2387 3251 effundens
2405 3181 2655 3251 furorem
2676 3184 2830 3234 tuum
2847 3191 3012 3247 super
3030 3174 3359 3245 Jerusalem,
3382 3173 3627 3230 verbum

1976 3268 2302 3337 eii‘usionis,
2362 3283 2667 3341 poenarum
2725 3265 2981 3323 ostendit
3036 3263 3528 3337 magnitudinem,
3563 3268 3630 3321 ut

1969 3358 2108 3415 alibi
2137 3357 2427 3430 legimus:
2487 3356 2680 3431 Eﬁ'usa
2728 3363 2806 3412 est
2858 3355 3123 3427 despectio
3151 3368 3320 3426 super
3345 3353 3625 3425 principes

1971 3447 2143 3519 (Psal.
2177 3464 2290 3519 (ενι,
2321 3447 2433 3519 40).
2465 3447 2536 3502 Et
2564 3445 2776 3502 iterum
2803 3462 2816 3501 :
2848 3446 2994 3500 Pene
3048 3444 3209 3515 effusi
3230 3446 3362 3499 sunt
3404 3458 3625 3513 gressus

1969 3540 2082 3594 mei
2109 3537 2279 3609 (Psal.
2312 3553 2482 3606 Lxxu,
2510 3534 2586 3605 2).
2619 3534 2689 3590 Et
2716 3533 2776 3590 in
2809 3534 3020 3589 bonam
3055 3535 3302 3602 partem.
3366 3531 3620 3587 Charites

1970 3628 2070 3683 Dei
2125 3626 2300 3698 effusa
2329 3626 2490 3681 estin
2517 3623 2771 3680 cordibus
2825 3623 3028 3679 nostris
3054 3623 3228 3690 (Rom.
3282 3638 3337 3688 v,
3369 3619 3449 3691 5).
3503 3619 3576 3676 Et
3621 3635 3635 3674 :

1972 3716 2166 3788 Effusa
2194 3720 2273 3771 est
2300 3716 2484 3784 gratia
2512 3714 2575 3768 in
2605 3712 2770 3768 labiis
2802 3712 2911 3766 tuis
2947 3710 3121 3781 (Psal.
3155 3725 3305 3774 XLIV,
3337 3708 3414 3780 3).
3475 3711 3544 3763 Et
3574 3706 3635 3762 in

1975 3804 2371 3862 contrarium:
2412 3801 2646 3874 Effunde
2698 3802 2944 3872 furorem
2995 3806 3153 3853 tuum
3207 3812 3371 3868 super
3427 3803 3632 3867 gentes,

1974 3908 2101 3967 qum
2128 3895 2181 3947 te
2199 3909 2309 3948 non
2334 3891 2752 3956 intellexerunt,
2782 3891 2833 3943 et
2860 3902 3022 3958 super
3070 3902 3244 3957 regna
3281 3899 3406 3957 quae
3434 3900 3631 3942 nomen

1976 3992 2133 4040 tuum
2156 3998 2268 4038 non
2295 3983 2689 4035 invocaverunt
2741 3976 2958 4048 (Jerem.
2991 3992 3069 4038 x;
3127 3977 3217 4030 Ps.
3264 3990 3530 4039 LXXXVIII,
3551 3973 3629 4045 6).

1974 4072 2046 4128 Et
2070 4088 2083 4128 :
2116 4067 2352 4145 Eﬂ'unde
2377 4071 2671 4140 frameam,
2703 4075 2755 4123 et
2781 4064 3039 4122 conclude
3066 4081 3136 4121 ex
3163 4063 3389 4120 adverso
3421 4078 3632 4128 eorum,

1974 4163 2072 4232 qui
2100 4160 2509 4230 persequuntur
2533 4172 2620 4212 me
2649 4156 2822 4227 (Psal.
2856 4171 3050 4221 xxxxv,
3082 4151 3160 4223 3).

2047 4249 2233 4322 (Vers.
2261 4247 2315 4318 9,
2353 4247 2466 4314 10.)
2499 4250 2564 4302 Et
2596 4244 2744 4301 dixit
2771 4243 2841 4300 ad
2866 4260 2952 4300 me
2976 4259 2989 4298 :
3013 4243 3287 4313 lniquitas
3333 4240 3524 4297 domus
3554 4239 3631 4295 ls-

1986 4338 2105 4396 rael
2135 4341 2186 4394 et
2237 4336 2375 4393 Iuda
2403 4352 2603 4407 magna
2662 4338 2740 4390 est
2767 4334 2939 4389 nimis
2994 4330 3170 4388 valde.
3205 4334 3274 4387 Et
3327 4330 3538 4401 repleta
3566 4334 3643 4385 est

1976 4437 2128 4486 terra
2155 4426 2543 4497 sanguinibus,
2570 4431 2621 4480 et
2649 4424 2843 4480 civitas
2873 4421 3085 4494 repleta
3114 4423 3193 4476 est
3212 4420 3518 4475 aversione.
3545 4419 3642 4473 Di-

1974 4520 2183 4574 xerunt
2211 4516 2359 4572 enim
2385 4530 2399 4569 :
2433 4513 2733 4584 Dereliquit
2752 4511 3017 4567 Dominus
3041 4517 3269 4577 terram,
3291 4511 3343 4564 et
3364 4508 3640 4564 Dominus

202 4597 371 4670 Ρτίῑιε
400 4595 720 4652 habitabat
750 4595 939 4670 gloria
967 4594 1089 4664 θεῖ»
1122 4596 1235 4651 Dial
1268 4597 1378 4653 1100
1400 4598 1724 4655 recedentis
1755 4600 1860 4672 [AL
1894 4598 1944 4666 D
1973 4624 2085 4665 non
2112 4606 2278 4662 videt.
2342 4604 2517 4675 Igitur
2544 4605 2596 4657 et
2624 4616 2776 4656 meus
2817 4616 2928 4655 non
2976 4600 3165 4671 parcet
3219 4598 3428 4666 oculus,
3460 4611 3635 4667 neque

204 4686 532 4756 medentis]
564 4684 761 4757 gloria
793 4685 1077 4742 Dominus
1110 4687 1504 4759 praecepisset.
1541 4687 1748 4756 Omnis
1770 4689 1872 4761 qui

206 4781 448 4848 peccato
480 4778 758 4831 mortuus
786 4779 898 4845 est,
928 4774 1293 4831 contaminat
1357 4776 1507 4832 atria
1547 4775 1776 4849 templi,
1820 4782 1877 4833 ct

208 4866 337 4921 vias
362 4864 540 4920 urbis
554 4863 808 4930 Domini,
825 4864 886 4919 in
911 4863 1130 4936 quibus
1146 4865 1288 4920 vivit
1314 4880 1327 4919 :
1355 4864 1455 4936 qui
1485 4881 1621 4921 cum
1640 4866 1874 4923 Christo

208 4967 558 5025 resurgens,
588 4956 856 5009 mortuus
877 4968 1007 5009 esse
1020 4951 1273 5008 desistit.

277 5043 361 5114 (ὁ)
380 5043 452 5097 Et
468 5042 675 5110 egressi
699 5049 847 5106 sunt,
879 5049 931 5097 et
955 5041 1334 5113 percutiebant
1361 5057 1471 5107 eos,
1504 5046 1603 5113 qui
1627 5053 1786 5100 erant
1813 5046 1873 5100 in

208 5132 459 5186 εἰσιῖαιε.
480 5128 635 5198 Sive,
658 5134 725 5186 ut
745 5127 843 5186 alii
861 5128 1293 5186 transtulerunt
1315 5132 1723 5202 :percutiebant
1740 5135 1871 5189 civi-

212 5344 386 5403 Thau
417 5345 683 5403 iitteram
709 5342 889 5401 tradit
936 5342 1228 5401 exstitisse
1287 5344 1428 5401 olim
1458 5345 1518 5402 in
1549 5346 1867 5404 Samarita-

212 5415 796 5489 norumgalphabeto,
846 5418 905 5472 et
969 5415 1070 5489 qui
1118 5415 1345 5489 illamia
1374 5416 1703 5476 Christiano
1755 5418 1866 5475 ali-

210 5502 333 5562 quo
365 5487 625 5543 efﬁctam
655 5487 1003 5562 suspicatus
1020 5490 1128 5556 est,
1163 5487 1716 5562 ut‘Hieronymianaa
1763 5491 1864 5545 do-

212 5559 421 5616 ctrina
479 5559 857 5627 consentiret,
932 5575 1067 5615 eum
1128 5559 1382 5616 arbitror
1421 5559 1698 5621 insanire.
1758 5567 1867 5616 Cie-

211 5636 410 5689 terum
469 5629 606 5686 iride
653 5628 859 5687 Morini
918 5628 1162 5685 Exercit.
1209 5634 1247 5685 2
1278 5632 1339 5687 in
1404 5629 1864 5689 Peutateuchum

213 5702 684 5771 Samaritanum,
737 5706 794 5760 et
864 5699 1286 5759 Montfauconii
1367 5701 1864 5778 Palaaographiam

1980 4695 2279 4752 miserebor
2298 4712 2317 4749 :
2345 4690 2462 4748 vias
2481 4707 2674 4749 eorum
2693 4705 2856 4761 super
2872 4694 3040 4761 caput
3060 4704 3250 4744 eorum
3277 4685 3522 4741 reddam.
3548 4683 3636 4737 Vi-

1982 4786 2128 4841 dens
2157 4781 2443 4839 Dominus
2465 4778 2809 4853 prophetam
2828 4794 3003 4833 suum
3022 4776 3159 4832 ﬂere
3178 4789 3285 4846 pro
3307 4769 3548 4844 populo,
3575 4773 3632 4825 et

1982 4870 2261 4929 admirari
2292 4867 2717 4941 indignationis
2746 4864 3240 4939 magnitudinem,
3273 4858 3466 4916 reddit
3496 4874 3632 4915 cau-

1982 4980 2079 5020 sas
2098 4981 2111 5019 :
2129 4965 2321 5016 utnon
2340 4956 2511 5014 utille
2526 4951 3114 5031 putabatinjusti,vel
3147 4945 3476 5007 excedentis
3507 4963 3634 5004 mo-

1981 5054 2122 5109 dum
2142 5046 2543 5122 supplicii,sed
2559 5045 2808 5117 meritzej
2819 5048 3078 5114 ustaeque
3091 5037 3645 5110 sententiaeJniqui-

1977 5144 2094 5212 tas,
2113 5137 2329 5213 inquit,
2353 5135 2551 5192 decem
2564 5133 2826 5190 tribuum
2846 5128 3356 5187 lsraeletduarum
3369 5126 3635 5184 tribuum

1976 5351 2341 5496 matrissuae
2379 5418 2715 5487 Rabanum,
2738 5416 2935 5488 oﬂenso
2958 5416 3083 5484 Deo,
3108 5414 3333 5485 absque
3352 5412 3643 5484 religionis

1977 5494 2446 5638 veflgoi’rzeponit
2457 5557 3135 5638 Yictoriusmuppletque
3147 5572 3216 5613 ex
3241 5553 3436 5638 Yu_ig_.,
3470 5554 3638 5638 Egre-

1976 5630 2199 5703 dimini,
2232 5630 2340 5691 etc.
2375 5633 2437 5687 In
2467 5630 2752 5687 Hebraico
2784 5630 3015 5703 quoque
3045 5633 3151 5686 est.
3185 5633 3346 5691 mysi
3384 5634 3494 5688 my
