4052 6180
441 320 516 391 91
1666 326 1732 393 S.
1778 323 2090 393 EUSEBII
2132 323 2602 397 HIRONYMI.
3761 332 3841 403 92

438 462 472 521 J
478 463 596 521 uda
624 478 837 537 magna
865 465 974 533 est,
1004 463 1061 518 et
1090 478 1206 519 non
1239 457 1431 519 solum
1464 478 1697 536 magna,
1729 463 1833 520 sed
1866 479 2076 537 magna
2108 464 2165 530 Α
2188 482 2288 538 per
2314 468 2608 525 civitatem.
2642 471 2719 524 De
2739 468 3128 543 ﬁrmamento,
3153 469 3309 543 quod
3326 472 3452 528 erat
3480 484 3656 545 super
3683 470 3828 531 Che-

439 553 637 610 nimis.
661 554 776 610 Nec
790 553 899 609 hoc
924 550 1137 607 dixisse
1157 551 1394 618 sutficit,
1428 552 1528 607 sed
1551 552 1778 624 repetit,
1810 552 1989 617 valde,
2024 556 2088 608 ut
2196 554 2412 623 rubim,
2445 561 2503 611 et
2532 556 2602 611 de
2633 555 2826 628 lapide
2857 558 3154 631 sapphiro,
3175 558 3273 630 qui
3300 558 3553 616 habebat
3573 559 3844 618 similitu-

400 694 421 705 ,
438 660 543 716 pro
556 642 957 715 magnitudine
974 641 1328 714 iniquitatis,
1344 640 1684 713 magnitudo
1698 640 1967 713 supplicii
1986 641 2082 697 sit.

436 732 518 788 Ex
546 748 662 804 quo
688 724 991 801 discimus,
1023 747 1139 786 non
1163 736 1227 786 ut
1246 729 1511 802 plerique
1561 729 1872 800 aestimant,
1897 734 1954 786 et
1981 731 2082 785 99

437 819 688 876 maxime
716 818 917 888 Stoici,
952 820 1114 891 paria
1142 835 1271 875 esse
1303 823 1538 890 peccata
1568 837 1582 886 ;
1615 819 1715 874 sed
1749 817 1837 873 vel
1872 835 2082 891 magna

432 907 522 964 vel
552 925 745 980 parva,
773 912 831 964 et
851 925 954 980 pro
976 908 1254 981 qualitate
1276 923 1667 979 mensuraque
1693 907 2081 979 peccantium,

334 983 343 990 ’
433 997 829 1053 diversitatem
866 1013 990 1053 esse
1014 995 1220 1067 judicii
1254 996 1573 1069 punientis.
1606 996 1826 1067 Repleta
1872 1003 1968 1066 est,
1994 996 2081 1050 in-

433 1087 580 1159 quit,
614 1088 768 1143 terra
784 1086 1167 1156 sanguinibus,
1189 1085 1329 1151 sive,
1353 1084 1809 1156 utSeptuaginta
1823 1088 2080 1139 transtu-

433 1172 648 1239 lerunt,
679 1174 935 1245 populis:
957 1177 1013 1228 et
1036 1175 1277 1228 civitatis
1297 1178 1373 1229 est
1392 1174 1598 1244 repleta
1614 1174 1901 1228 aversione
1920 1189 1941 1233 ,'
1959 1176 2081 1238 aut,

432 1261 757 1336 utVulgata
771 1263 943 1317 habet
959 1262 1157 1332 editio,
1178 1264 1470 1333 iniquitate
1480 1270 1531 1317 et
1550 1262 1908 1316 immunditia
1934 1279 1946 1316 :
1963 1278 2079 1316 non

434 1351 701 1407 modicus
722 1351 966 1423 sanguis
981 1350 1204 1407 effusus
1226 1355 1333 1418 est,
1355 1351 1456 1406 sed
1479 1352 1550 1406 de
1590 1354 1756 1422 porta
1788 1367 1975 1422 usque
2006 1351 2077 1405 ad

431 1445 660 1513 portam
684 1457 698 1495 :
721 1445 777 1496 et
808 1438 998 1496 omnis
1027 1439 1231 1495 civitas
1274 1439 1587 1496 declinavit
1615 1456 1649 1494 a
1677 1437 1837 1493 cultu
1869 1438 1991 1506 Dei,
2023 1442 2080 1493 et

430 1545 535 1602 pro
565 1545 631 1585 eo
662 1527 836 1601 plena
866 1532 956 1583 est
986 1527 1384 1597 immunditia,
1427 1527 1765 1583 idololatria
1812 1525 2079 1582 videlicet

428 1618 719 1674 sordibus.
738 1620 925 1673 Causa
961 1621 1155 1672 autem
1182 1622 1480 1673 tantorum
1527 1616 1813 1673 scelerum
1840 1614 1941 1671 illa
1963 1621 2073 1684 est,

427 1706 583 1777 quod
606 1709 955 1778 putaverunt
976 1705 1400 1778 providentiam
1442 1722 1556 1761 non
1588 1720 1716 1760 esse
1748 1720 1926 1775 super
1952 1707 2071 1759 ter-

2195 642 2388 699 dincm
2425 644 2640 711 throni,
2656 650 2713 701 et
2726 646 2795 702 de
2819 647 2959 702 rotis
2982 663 3108 718 qua
3132 647 3414 703 animalia
3427 649 3842 719 sequebantur,

2195 750 2375 805 supra
2403 733 2619 789 dixisse
2644 734 2920 802 sufﬁciat,
2954 740 3011 790 et
3063 734 3299 791 illorum
3355 735 3538 792 lector
3565 737 3846 810 explana-

2192 822 2350 878 tione
2379 826 2688 880 contentus
2720 824 2815 879 sit.
2850 824 3015 879 Nunc
3047 828 3243 880 autem
3277 826 3696 897 quodjubetur
3724 826 3844 895 ille,

2194 911 2294 981 qui
2325 911 2569 967 indutus
2600 916 2724 967 erat
2744 910 2938 979 lineis,
2964 928 3069 984 pro
3094 928 3208 983 quo
3230 912 3616 986 Septuaginta
3645 913 3705 969 in
3738 914 3848 970 hoc

2192 998 2318 1054 loco
2349 1000 2544 1055 stolam
2575 999 2938 1072 interpretati
2969 1003 3127 1067 sunt,
3152 1004 3219 1056 ut
3247 1000 3412 1056 tollat
3441 1018 3662 1072 prunas
3690 1002 3845 1074 ignis

2193 1088 2265 1143 de
2296 1088 2487 1143 medio
2513 1087 2850 1156 Cherubim,
2882 1093 2939 1145 et
2959 1089 3221 1144 effundat
3242 1090 3363 1145 sive
3394 1095 3637 1162 spargat
3664 1107 3845 1163 super

2190 1176 2507 1246 civitatem,
2539 1177 2681 1232 illud
2708 1177 2853 1232 mihi
2883 1177 3111 1233 videtur
3133 1178 3460 1249 ostendere,
3521 1179 3677 1251 quod
3709 1183 3842 1250 post

2188 1264 2650 1321 interfectionem
2674 1266 3008 1338 eademque
3021 1266 3363 1337 multorum,
3379 1272 3436 1323 et
3454 1267 3512 1321 in
3533 1266 3642 1323 viis
3663 1269 3838 1323 cada-

2187 1370 2322 1410 vera
2343 1359 2727 1424 mortuorum,
2753 1371 3079 1427 prunarum
3101 1354 3256 1428 ignis
3279 1355 3623 1422 assumitur,
3650 1361 3715 1411 ut
3731 1374 3837 1429 pu-

2188 1443 2331 1509 niat,
2363 1443 2484 1499 sive
2514 1444 2757 1499 mundet
2783 1442 3111 1499 Jerusalem
3138 1460 3150 1499 :
3175 1444 3348 1515 juxta
3402 1443 3549 1500 illud
3590 1445 3747 1516 quod
3778 1445 3836 1500 in

2190 1532 2341 1587 Isaia
2370 1533 2657 1604 scriptum
2690 1538 2812 1587 est:
2847 1533 2923 1603 (b)
2954 1532 3330 1603 Sanctiﬁcavit
3355 1548 3482 1587 eum
3511 1535 3573 1588 in
3593 1534 3721 1603 igne
3749 1550 3839 1588 ar-

2183 1620 2362 1688 dente,
2392 1625 2441 1677 et
2472 1621 2749 1677 devorabit
2775 1623 2922 1676 sicut
2946 1622 3137 1692 fenum
3162 1623 3460 1676 materiam
3480 1621 3609 1693 (Isa.
3638 1638 3695 1691 x,
3732 1621 3839 1692 I7).

2184 1709 2286 1764 Isti
2318 1714 2455 1765 sunt
2485 1710 2786 1779 carbones,
2811 1724 2962 1780 quos
2985 1708 3044 1763 in
3072 1709 3398 1765 remedium
3422 1708 3635 1782 linguae
3656 1714 3842 1781 atque

425 1811 574 1897 ram,
595 1796 710 1897 ’τιὀο
739 1795 924 1850 Deum
955 1811 1160 1851 curare
1205 1793 1493 1862 mortalia,
1538 1796 1709 1865 juxta
1737 1792 1882 1849 illud
1914 1793 2070 1865 quod
2109 1832 2157 1897 B
2188 1798 2473 1853 mendacii
2506 1796 2840 1853 desolantes
2869 1796 3011 1852 vitia
3040 1800 3218 1869 atque
3249 1801 3503 1868 peccata,
3547 1796 3842 1868 Propheta

426 1882 566 1940 alibi
595 1882 847 1958 legimus
879 1884 1111 1956 (Virgil.
1144 1884 1184 1938 ι.
1210 1901 1284 1954 1v,
1318 1884 1603 1954 /Eneid.):

579 1990 863 2103 gciltice'tais
892 1991 1100 2054 superis
1127 1990 1281 2040 labor
1302 1994 1401 2051 est,
1431 2004 1493 2040 ea
1521 2002 1651 2039 cura
1681 1989 1893 2052 quietos

616 2068 647 2103 ο
688 2068 754 2103 ιοι
840 2089 852 2101 .

616 2068 852 2103 οιιιοιιδι.

421 2149 570 2219 Quia
600 2151 779 2223 igitur
810 2150 891 2206 illi
923 2149 1011 2206 vel
1044 2154 1393 2223 putaverunt
1425 2166 1538 2205 non
1594 2165 1723 2206 esse
1756 2146 2069 2220 providen-

422 2239 606 2296 tiam:
635 2239 725 2295 vel
756 2256 882 2312 qua
914 2243 1049 2295 ante
1074 2241 1260 2295 fuerat
1290 2239 1348 2295 in
1382 2237 1637 2311 populis,
1670 2237 1778 2293 hoc
1808 2241 2071 2307 tempore

421 2345 596 2385 suum
628 2327 910 2401 populum
961 2327 1307 2401 reliquisse:
1361 2331 1667 2400 propterea
1718 2330 1775 2382 et
1820 2325 1921 2381 Dei
1954 2341 2067 2380 non

421 2421 620 2490 parcet
648 2417 875 2485 oculus,
910 2434 1015 2473 nec
1047 2416 1451 2473 miserebitur:
1478 2421 1543 2472 ut
1572 2420 1773 2473 contra
1795 2414 1933 2470 vitia
1962 2430 2069 2469 sa-

419 2505 605 2573 viens,
627 2504 933 2578 placabilis
954 2505 1031 2561 sit
1050 2505 1367 2562 virtutibus
1383 2524 1396 2561 :
1415 2504 1656 2577 viasque
1669 2519 1871 2560 eorum
1894 2506 2069 2574 atque

420 2598 657 2668 peccata
677 2594 884 2651 reddat
906 2611 1083 2668 super
1113 2594 1303 2667 capita
1333 2611 1557 2663 eorum,
1593 2593 1679 2649 vel
1710 2609 1888 2664 super
1916 2590 2069 2664 prin-

419 2683 605 2757 cipale
632 2683 1017 2759 (ἡγεμονικὸν)
1046 2684 1263 2751 cordis,
1292 2683 1380 2740 vel
1439 2700 1616 2755 super
1645 2681 1936 2754 principes
1966 2696 2067 2751 po-

420 2773 564 2845 puli,
589 2774 760 2845 juxta
779 2773 1169 2830 Numerorum
1187 2772 1426 2841 librum,
1454 2772 1513 2827 in
1539 2787 1653 2843 quo
1670 2770 1863 2843 capita
1881 2786 2065 2841 popu-

417 2860 612 2917 lorum
642 2860 867 2935 princip
880 2878 940 2917 es
970 2878 1100 2917 esse
1130 2861 1424 2917 dicuntur.

491 2948 677 3021 (Vers.
713 2949 825 3022 11.)
855 2952 919 3005 Et
947 2966 1064 3006 ecce
1089 2952 1196 3017 vir,
1230 2952 1328 3021 qui
1354 2950 1578 3005 indutus
1608 2956 1727 3004 erat
1757 2948 1939 3014 lineis,
1972 2948 2070 3018 qui

419 3038 649 3097 habebat
661 3040 1127 3096 atramentarium
1140 3042 1203 3095 in
1213 3040 1298 3110 (α)
1327 3038 1527 3094 lumbis
1545 3040 1681 3107 suis,
1693 3037 2066 3109 responditdi-

417 3144 543 3185 cens
569 3145 582 3185 :
614 3131 742 3187 Feci
768 3129 908 3185 sicut
937 3131 1243 3201 praecepisti
1299 3128 1454 3183 mihi.
1490 3127 1626 3182 LXX
1652 3145 1665 3182 :
1698 3130 1763 3183 Et
1790 3142 1913 3183 ecce
1959 3127 2063 3194 vir,

420 3220 516 3290 qui
529 3218 757 3274 indutus
771 3227 889 3275 erat
923 3219 1125 3290 podere
1146 3219 1225 3290 (id
1241 3222 1348 3287 est,
1372 3224 1514 3273 veste
1524 3217 1715 3285 talari)
1726 3217 2069 3272 etaecinetus
2098 3205 2142 3273 C

418 3323 559 3363 zona
587 3306 797 3363 lumbos
824 3323 965 3377 suos,
998 3311 1049 3363 et
1098 3306 1373 3378 respondit
1417 3307 1645 3361 verbum
1679 3304 1903 3360 dicens:
1946 3304 2068 3359 Feci

418 3396 557 3452 sicut
586 3396 858 3452 mandasti
869 3397 1034 3452 milii.
1050 3396 1179 3468 Ipse
1191 3401 1280 3453 est
1291 3396 1401 3461 vir,
1420 3395 1510 3451 cui
1523 3397 1546 3466 j
1558 3411 1762 3450 ussum
1776 3396 2067 3449 esttrans-

418 3485 504 3541 ire
533 3502 639 3559 per
668 3484 923 3541 mediam
953 3485 1299 3550 Jerusalem,
1360 3489 1418 3541 et
1477 3500 1690 3556 ponere
1745 3482 1981 3555 signum
2007 3480 2067 3535 in

420 3574 715 3630 frontibus
743 3574 998 3630 virorum
1030 3572 1391 3647 gementium
1424 3575 1479 3628 et
1534 3571 1857 3628 dolentium
1891 3586 2070 3642 super

420 3662 652 3721 cunctis
690 3661 1102 3734 iniquitatibus
1131 3678 1354 3718 eorum.
1388 3661 1541 3717 Dicit
1567 3676 1704 3733 ergo
1747 3676 1808 3716 se
1841 3658 2067 3715 Domini

420 3754 704 3825 pracepta
735 3751 1081 3826 complesse,
1113 3756 1170 3807 et
1200 3750 1501 3825 signaculo
1522 3767 1675 3805 raw
1695 3749 1900 3805 litterae
1917 3748 2070 3803 fron-

420 3844 509 3896 tes
548 3840 814 3913 signasse
844 3840 951 3911 [Al.
988 3845 1265 3908 armasse]
1318 3838 1671 3912 lugentium.
1732 3838 1841 3893 Sex
1871 3841 2066 3892 autem

420 3928 527 3984 viri
561 3928 779 4002 quibus
810 3932 1160 4001 praceperat
1191 3926 1496 3999 Dominus,
1552 3927 1787 3983 dicens:
1825 3926 2072 3981 Transito

419 4034 519 4091 per
545 4019 820 4075 civitatem
847 4026 1129 4089 sequentes
1159 4034 1304 4088 eum,
1335 4022 1385 4073 et
1414 4020 1682 4089 percutite
1709 4035 1721 4072 :
1752 4016 2072 4085 nulliusque

423 4107 809 4163 misereamini
836 4123 1005 4178 usque
1016 4106 1085 4161 ad
1097 4108 1543 4173 internecionem,
1565 4103 1710 4159 nihil
1728 4104 1841 4160 tale
1856 4120 1954 4159 ren
1963 4120 1996 4159 u
2007 4121 2068 4158 n-

424 4194 593 4251 tiant.
626 4196 826 4268 Neque
855 4195 1012 4251 enim
1043 4194 1277 4261 latitia,
1312 4194 1413 4250 sed
1447 4193 1713 4249 mceroris
1758 4192 2071 4265 implevere

430 4284 806 4352 sententiam,
838 4300 966 4355 qua
997 4300 1113 4339 non
1146 4282 1545 4351 sermone,sed
1577 4299 1748 4354 opere
1770 4281 2065 4354 probatur.

426 4373 498 4429 Et
527 4372 586 4428 in
616 4372 727 4428 hoc
757 4371 883 4428 loco
910 4387 1012 4443 pro
1043 4366 1285 4445 ποδήρη,
1306 4370 1364 4427 id
1396 4372 1867 4439 est.vestetalari,
1892 4387 2069 4443 quam

427 4460 790 4533 interpretati
812 4465 952 4516 sunt
975 4461 1383 4533 Septuaginta,
1403 4459 1721 4516 Theodotio
1735 4460 1861 4533 ipsu
1875 4477 1929 4514 m
1950 4477 2071 4514 ver-

426 4549 567 4606 bum
585 4549 927 4604 Hebraicum
948 4549 1143 4622 posuit
1163 4565 1381 4605 escam
1403 4549 1629 4621 (ων-ππ
1662 4548 2067 4621 Symmachus,

424 4640 673 4706 lineam;
704 4636 931 4709 Aquila,
961 4640 1314 4709 praecipuam,
1347 4639 1468 4694 sive
1505 4642 1727 4694 stolam.
1776 4639 1929 4693 100
1961 4637 2065 4694 Pro

421 4745 562 4787 zona
592 4744 826 4801 quoque
838 4726 1474 4800 Symmachus,tabulas
1493 4727 1756 4800 ,‘Aquila,
1782 4732 2067 4783 atramen-

422 4820 634 4876 tarium
660 4831 672 4881 ;
701 4816 1040 4886 Theodotio,
1071 4816 1236 4869 κάστυ
1268 4821 1606 4889 posuerunt.

494 4909 652 4979 (Cap.
684 4906 752 4963 X.
783 4938 852 4948 —
879 4906 1044 4963 Vers.
1082 4906 1131 4973 1,
1163 4906 1242 4977 2.)
1273 4906 1338 4961 Et
1367 4904 1502 4969 vidi,
1534 4908 1587 4960 et
1640 4921 1757 4961 ecce
1787 4908 1847 4960 in
1875 4906 2067 4975 ﬁrma-

426 5004 606 5051 mento
634 4996 777 5066 quod
803 5003 923 5053 erat
939 5011 1103 5068 super
1120 4998 1282 5067 caput
1302 4993 1595 5049 Cherubim
1608 4996 1770 5065 quasi
1785 4995 1927 5067 lapis
1945 5012 2069 5066 sap-

426 5082 623 5155 phirus
649 5100 661 5139 :
681 5087 840 5154 quasi
856 5086 1054 5157 species
1067 5082 1456 5139 similitudinis
1477 5083 1605 5137 solii
1623 5086 1883 5156 apparuit
1904 5099 2070 5155 super

428 5187 553 5228 eam
582 5170 773 5243 [Vulg.
807 5175 914 5243 ea].
949 5177 1013 5229 Et
1043 5172 1191 5228 dixit
1219 5171 1289 5227 ad
1321 5173 1526 5238 virum,
1558 5174 1654 5243 qui
1683 5174 1910 5229 indutus
1950 5181 2070 5230 erat

430 5260 620 5328 lineis,
648 5264 700 5314 et
729 5262 808 5316 ait
839 5277 851 5314 :
887 5262 1175 5331 Ingredere
1207 5262 1266 5316 in
1296 5260 1473 5317 medio
1503 5268 1768 5333 rotarum,
1791 5277 1916 5333 quae
1940 5271 2070 5319 sunt

427 5351 614 5407 subtus
630 5348 848 5406 Gherub
870 5348 1065 5422 [Vulg.
1095 5350 1406 5421 Cherubim]
1429 5368 1441 5405 :
1466 5354 1514 5405 et
1535 5351 1700 5421 imple
1727 5368 1926 5407 manus
1946 5361 2070 5408 tuas

421 5439 623 5511 prunis
653 5439 820 5509 ignis,
854 5454 973 5508 qua
1001 5447 1130 5494 sunt
1150 5441 1294 5494 inter
1322 5436 1612 5495 Cherubim
1637 5456 1649 5494 :
1671 5444 1723 5495 et
1744 5440 1968 5513 effunde
1984 5459 2071 5497 su-

425 5581 575 5711 d.(a)
607 5581 837 5639 Hieron.
871 5580 1078 5646 versio,
1112 5582 1171 5635 in
1200 5580 1352 5637 dorso
1382 5596 1501 5652 suo,
1526 5581 1801 5653 respondit
1825 5584 2065 5654 verbum,

468 5667 634 5710 wens.

468 5667 634 5710 wens.

2186 1885 2584 1959 interrogatus
2615 1890 2851 1958 exoptat
2876 1902 2889 1940 :
2927 1886 3070 1954 Quid
3095 1885 3258 1941 detur
3285 1885 3408 1955 tibi,
3433 1893 3492 1940 et
3528 1885 3671 1956 quid
3704 1901 3847 1957 appo

2176 1983 2344 2030 natur
2370 1977 2476 2031 tibi
2502 1975 2571 2031 ad
2592 1976 2847 2047 linguam
2877 1975 3121 2030 dolosam
3141 1978 3167 2029 .9
3195 1975 3425 2045 Sagitta
3438 1976 3675 2046 potentis
3703 1990 3839 2029 acu-

2176 2068 2249 2120 ta
2278 2080 2405 2119 cum
2457 2064 2785 2120 carbonibus
2841 2063 3181 2119 desolatoriis
3238 2062 3410 2134 (Psal.
3471 2079 3619 2131 cxxx,
3652 2064 3711 2129 3,
3758 2062 3834 2133 4).

2182 2152 2478 2225 Multaque
2501 2152 2840 2209 istiusmodi
2872 2152 2931 2207 in
2965 2151 3283 2223 Scripturis
3315 2151 3534 2208 sanctis
3566 2151 3834 2207 invenire

2181 2241 2502 2313 poterimus
2528 2260 2542 2308 ;
2574 2242 2645 2298 de
2675 2240 2895 2313 quibus
2926 2241 3127 2296 crebro
3149 2239 3426 2295 diximus.
3450 2240 3568 2295 Hoc
3595 2244 3831 2295 tantum

2181 2331 2503 2387 notandum
2520 2335 2629 2401 est,
2652 2330 2808 2402 quod
2831 2330 2890 2384 in
2910 2328 3081 2397 Isaia,
3100 2329 3200 2400 qui
3218 2332 3448 2383 tantum
3472 2328 3530 2383 in
3555 2344 3831 2384 sermone

2181 2423 2532 2493 peccaverat,
2565 2424 2623 2476 et
2643 2418 2952 2475 immunda
2970 2417 3127 2474 labia
3154 2416 3369 2474 habere
3391 2433 3455 2473 se
3479 2417 3726 2481 dixerat,
3751 2416 3827 2472 ad

2178 2509 2547 2581 purgandum
2597 2525 2749 2563 unus
2809 2507 3026 2578 forcipe
3080 2506 3253 2563 carbo
3284 2505 3825 2578 comprehenditur.

2178 2596 2279 2652 Hic
2311 2612 2441 2652 vero
2471 2597 2613 2669 quia
2639 2600 2763 2652 erat
2792 2595 2992 2651 civitas
3032 2593 3205 2667 plena
3233 2595 3560 2666 iniquitate,
3592 2598 3648 2649 et
3691 2597 3831 2666 post

2177 2684 2465 2758 supplicia
2486 2685 2867 2741 cadaveribus
2889 2688 3274 2754 mortuorum,
3292 2682 3489 2755 plures
3510 2698 3712 2739 assum
3723 2699 3830 2737 un-

2178 2778 2276 2828 tur
2304 2775 2586 2829 carbones
2616 2773 2792 2845 ignis,
2817 2777 2875 2828 et
2891 2789 3005 2828 non
3024 2788 3142 2826 una
3159 2787 3361 2841 manu,
3383 2771 3483 2827 sed
3511 2771 3829 2839 ambabus,

2176 2868 2241 2916 ut
2271 2861 2463 2917 omnis
2476 2867 2759 2935 purgetur
2777 2859 3126 2918 Jerusalem.
3153 2861 3523 2931 Quamquam
3541 2858 3722 2916 ethoc
3741 2859 3833 2914 in-

2175 2949 2556 3021 telligendum
2587 2950 2683 3020 sit,
2716 2951 2871 3022 quod
2906 2966 3021 3004 non
3052 2949 3125 3004 ad
3156 2948 3589 3021 purgationem,
3613 2949 3720 3004 sed
3751 2949 3827 3005 ad

2176 3055 2378 3111 panes
2400 3044 2573 3111 atque
2584 3039 2898 3105 cruciatus,
2914 3054 3114 3111 pruna
3133 3037 3288 3110 ignis
3300 3037 3665 3095 assumenda
3679 3037 3828 3104 sint,

2178 3143 2303 3199 qua
2337 3129 2715 3184 effundantur
2744 3144 2923 3200 super
2950 3125 3297 3183 Jerusalem.

2253 3216 2436 3288 (Vers.
2471 3219 2505 3271 3
2536 3218 2725 3289 seqq.)
2754 3219 3142 3289 Ingressusque
3167 3220 3247 3272 est
3275 3217 3338 3271 in
3364 3221 3651 3288 conspectu
3677 3232 3827 3272 meo.

2179 3305 2469 3362 Cherubim
2525 3310 2710 3362 autem
2790 3306 3011 3362 stabant
3068 3323 3103 3360 a
3178 3304 3389 3361 dextris
3457 3306 3647 3362 domus
3697 3322 3830 3361 cum

2175 3395 2551 3465 ingrederetur
2578 3397 2683 3463 vir,
2716 3400 2767 3451 et
2797 3394 2965 3450 nubes
2994 3394 3245 3465 implevit
3298 3396 3514 3450 atrium
3564 3396 3826 3449 interius.

2178 3484 2241 3538 Et
2268 3483 2481 3539 elevata
2508 3491 2587 3540 est
2641 3484 2822 3555 gloria
2865 3484 3087 3539 Domini
3141 3481 3373 3556 desuper
3418 3484 3565 3537 101
3604 3482 3829 3539 Cherub

2176 3572 2251 3628 ad
2311 3573 2483 3627 limen
2538 3572 2747 3638 domus,
2817 3574 2867 3627 et
2924 3572 3127 3643 repleta
3177 3574 3257 3626 est
3309 3570 3499 3631 damus
3553 3572 3720 3639 nube,
3780 3580 3834 3628 et

2176 3663 2391 3716 atrium
2422 3663 2690 3734 repletum
2735 3664 2816 3716 est
2869 3660 3156 3732 splendore
3208 3660 3410 3729 gloriae
3464 3661 3708 3716 Domini.
3764 3662 3833 3715 Et

2175 3753 2382 3806 sonitus
2446 3751 2667 3806 alarum
2734 3749 3029 3808 Cherubim
3101 3748 3429 3804 audiebatur
3524 3765 3694 3822 usque
3758 3750 3833 3805 ad

2176 3840 2385 3895 atrium
2416 3841 2678 3907 exterius,
2717 3839 2878 3911 quasi
2905 3854 3011 3894 vos:
3037 3838 3138 3893 Dei
3178 3839 3569 3906 omnipotentis
3600 3840 3830 3909 loquen-

2177 3929 2267 3985 tis.
2302 3927 2540 3999 Cumque
2561 3930 2911 4000 prseeepisset
2940 3929 3081 3997 viro,
3116 3929 3213 3999 qui
3242 3926 3469 3983 indutus
3488 3935 3606 3983 erat
3636 3928 3829 3995 lineis,

2176 4019 2361 4074 dicens
2386 4035 2399 4072 :
2433 4020 2599 4073 Sume
2630 4020 2813 4088 ignem
2839 4018 2905 4072 de
2932 4016 3109 4073 medio
3136 4025 3404 4082 rotarum,
3439 4031 3565 4087 qua
3591 4024 3723 4072 sunt
3742 4018 3831 4071 in-

2178 4116 2259 4162 ter
2290 4106 2582 4161 Cherubim
2602 4125 2621 4161 :
2647 4108 2926 4176 ingressus
2946 4104 3050 4161 ille
3067 4106 3216 4160 stetit
3232 4105 3399 4177 juxta
3417 4113 3613 4162 rotam.
3644 4106 3710 4159 Et
3728 4121 3829 4161 ea:-

2177 4194 2352 4250 tendit
2383 4194 2598 4251 Cherub
2628 4211 2857 4250 manum
2887 4193 2952 4249 de
2970 4193 3148 4250 medio
3181 4193 3496 4261 Cherubim,
3544 4193 3613 4248 ad
3640 4194 3833 4264 ignem

2178 4285 2276 4355 qui
2304 4287 2424 4340 erat
2454 4286 2599 4339 inter
2619 4283 2935 4351 Clierubim,
2968 4286 3021 4338 et
3047 4285 3277 4355 sumpsit
3305 4290 3357 4338 et
3383 4282 3536 4339 dedit
3551 4283 3606 4337 in
3624 4298 3836 4339 manus

2177 4374 2417 4445 ejus,qui
2430 4374 2652 4429 indutus
2668 4384 2785 4429 erat
2800 4374 2981 4429 lineis.
3003 4374 3110 4442 Qui
3119 4374 3390 4444 accipiens
3410 4387 3660 4441 egressus
3670 4376 3835 4443 est,et

2179 4464 2441 4532 apparuit
2454 4463 2513 4515 in
2530 4462 2712 4517 Cheru
2720 4462 2831 4516 bim
2842 4461 3149 4517 similitudo
3165 4476 3362 4517 manus
3379 4461 3620 4517 hominis
3636 4460 3834 4517 subtus

2173 4564 2387 4620 pennas
2406 4564 2613 4605 eorum.
2650 4549 2893 4605 Vidente
2913 4549 3219 4621 propheta,
3252 4548 3575 4621 ingreditur
3599 4547 3705 4616 vir,
3728 4549 3834 4622 qui

2179 4642 2425 4698 indutus
2458 4644 2583 4694 erat
2610 4637 2779 4694 talari
2809 4642 2968 4694 veste
2997 4637 3085 4695 vel
3117 4637 3289 4709 linea,
3323 4641 3381 4693 et
3411 4642 3476 4693 ut
3506 4637 3641 4694 LXX
3671 4655 3834 4694 nunc

2176 4729 2711 4803 interpretationem
2770 4731 3154 4795 commutant,
3212 4728 3350 4783 stola
3402 4732 3615 4798 sancta,
3690 4744 3832 4784 cum

2176 4820 2331 4893 apud
2364 4818 2633 4873 Hebraos
2647 4834 2802 4873 unus
2824 4834 3017 4873 sermo
3048 4816 3333 4873 habeatur
3359 4832 3574 4872 meum
3606 4816 3829 4889 (una),

2177 4913 2233 4964 et
2244 4906 2434 4963 cateri
2449 4906 2795 4978 interpretes
2811 4906 2873 4961 in
2889 4904 3471 4978 captatranslatione
3486 4905 3831 4977 persistent.

2179 4994 2509 5069 Ingreditur
2537 5000 2757 5061 autem,
2779 4999 2843 5050 ut
2864 4994 3121 5051 secundo
3145 4993 3384 5061 dicitur,
3413 4994 3475 5049 in
3508 4993 3703 5050 medio
3737 5010 3834 5050 ro-

2174 5088 2393 5152 tarum,
2425 5100 2550 5155 qua
2580 5087 2722 5139 sunt
2752 5084 2954 5139 subter
2973 5082 3287 5139 Cherubim
3314 5102 3328 5153 ;
3356 5085 3420 5138 ut
3436 5081 3678 5154 impleat
3697 5098 3828 5139 ma-

2179 5190 2288 5229 nus
2316 5189 2453 5229 suas
2487 5171 2675 5245 igneis
2705 5172 3079 5228 carbonibus.
3113 5170 3223 5236 Qui
3252 5187 3388 5227 cum
3419 5173 3576 5228 esset
3605 5170 3839 5244 ingres-

2178 5279 2302 5329 sus,
2332 5260 2494 5317 stetit
2521 5265 2752 5316 tantum
2778 5261 2950 5333 juxta
2974 5263 3184 5326 rotam,
3207 5265 3264 5316 et
3292 5258 3384 5315 vel
3413 5259 3487 5315 ob
3517 5259 3832 5317 tristitiam

2179 5350 2487 5423 punienda
2515 5348 2862 5419 Jerusalem,
2892 5349 2980 5404 vel
3010 5348 3083 5405 ob
3114 5347 3313 5422 gloria
3357 5347 3838 5421 magnitudinem

2179 5444 2443 5512 stupens,
2475 5453 2716 5493 manum
2740 5438 2813 5493 ad
2833 5438 3028 5510 ignem
3047 5438 3172 5510 ipse
3195 5454 3312 5494 non
3336 5436 3516 5509 misit,
3544 5437 3648 5493 sed
3671 5454 3838 5495 unus

2250 5582 2324 5655 (b)
2353 5582 2593 5653 Victor.,
2624 5580 3335 5656 sanctiﬁcabitﬁexiGraco
3366 5579 3599 5655 ἁγιάσει·
