4052 6180
561 235 638 296 99
1791 229 1857 291 S.
1907 223 2218 291 EUSEBII
2263 224 2725 292 HIERONYMI.

559 369 621 424 in
647 367 916 440 gentibus,
941 373 989 421 et
1018 365 1147 435 quia
1172 362 1434 435 dissipavi
1452 378 1541 418 eos
1562 364 1623 416 in
1653 371 1800 417 terra
1829 361 1938 434 [AL
1973 362 2204 434 dispersi
2229 366 2284 430 Α
2312 362 2376 419 de
2401 365 2649 430 terris,in
2681 363 2874 434 quibus
2901 364 3127 436 dispersi
3184 366 3332 432 estis,
3378 363 3671 436 daboque
3744 365 3885 421 vob

564 473 656 513 eos
685 458 744 512 in
777 455 981 526 terris],
1007 469 1096 510 ero
1123 454 1201 508 eis
1228 454 1287 507 in
1338 452 1824 522 sanctiﬁcationem
1849 452 2117 508 modicam
2146 452 2206 505 in
2310 469 2463 506 mum
2488 453 2680 508 Israel.
2715 455 2789 508 Et
2822 454 3200 522 ingredientur
3228 453 3382 519 illuc,
3411 462 3461 509 et
3493 455 3849 524 auferent

561 548 741 602 terris.
773 545 846 600 ad
883 560 1015 615 quas
1045 543 1292 597 venerint
1321 541 1510 614 [Vu1g.
1560 542 1868 612 venerunt].
1927 541 2096 596 LXX:
2142 544 2204 596 Et

556 637 744 706 factus
761 638 838 690 est
866 647 1039 688 sermo
1068 632 1287 687 Domini
1315 631 1384 687 ad
1409 646 1515 700 me,
1533 629 1716 686 dicens
1749 647 1761 685 :
1794 631 1910 685 Fili
1939 631 2202 694 hominis,

559 723 764 796 fratres
792 724 878 776 tui
905 729 957 777 et
983 722 1099 776 viri
1127 722 1458 792 captivitatis
1489 727 1594 774 tuae
1627 762 1640 786 ,
1682 722 1731 774 et
1794 720 1970 775 omnis
2009 722 2202 774 domus

560 813 726 868 Israel
756 815 1131 866 consummata
1159 811 1234 864 est
1278 826 1297 870 ;
1349 808 1544 880 quibus
1582 807 1844 863 dixerunt
1872 808 2201 863 habitatores

556 901 869 958 Jerusalem
901 917 913 954 :
946 899 1123 969 Longe
1150 899 1444 953 recessistis
1481 914 1514 952 a
1568 897 1794 952 Domino
1823 913 1836 952 :
1867 897 2024 952 nobis
2072 896 2203 951 data

555 993 632 1044 est
653 997 804 1044 terra
833 991 895 1043 in
944 986 1329 1042 haereditatem.
1363 990 1658 1056 Propterea
1685 986 1764 1039 ait
1824 1001 1836 1040 :
1895 986 2025 1040 Ilaec
2069 985 2201 1040 dicit

555 1077 778 1134 Adonai
807 1077 1226 1147 Dominus,quia
1253 1075 1520 1146 repellam
1548 1090 1634 1130 eos
1655 1075 1716 1127 in
1743 1077 2009 1146 gentes,et
2037 1074 2202 1130 disse-

551 1167 775 1222 minabo
804 1182 892 1222 eos
920 1168 980 1219 in
1008 1181 1222 1220 omnem
1248 1167 1471 1235 terram,
1502 1171 1550 1218 et
1578 1178 1668 1218 ero
1698 1163 1776 1218 eis
1805 1165 1865 1217 in
1895 1163 2204 1234 sanctiﬁca-

551 1257 756 1310 tionem
776 1255 1069 1325 parvulam
1089 1256 1149 1307 in
1165 1252 1576 1323 regzonibus,ad
1590 1267 1724 1322 quas
1745 1253 1977 1322 ingressi
1989 1253 2202 1322 fuerint

553 1344 709 1398 illuc.
742 1343 1002 1396 Primum
1038 1341 1109 1396 de
1162 1338 1659 1411 interpretationis
1702 1337 1978 1394 varietate
2011 1339 2201 1394 dicen-

551 1433 692 1486 dum
725 1434 833 1486 est.
872 1430 978 1484 Pro
1010 1445 1076 1483 eo
1108 1428 1263 1499 quod
1297 1428 1356 1482 in
1389 1428 1624 1483 Hebraeo
1655 1427 2041 1495 babetur,viri
2062 1443 2198 1499 pro—

549 1521 748 1592 pingui
774 1521 876 1586 tui,
905 1517 1036 1589 (hoc
1067 1517 1223 1572 enim
1254 1516 1547 1588 significat
1576 1532 1941 1572 ooom'raaca
1980 1516 2196 1600 ’ῖς-ήκω)

551 1609 692 1663 LXX
718 1606 1160 1673 transiulerunt,
1193 1608 1303 1661 viri
1326 1607 1659 1676 captivitatis
1689 1614 1819 1662 tum.
1854 1606 2073 1661 Deinde
2098 1606 2196 1660 ubi

2311 542 2652 612 offensiones,
2685 551 3014 614 cunctasque
3042 543 3473 598 abominationes
3518 543 3602 598 de
3681 543 3826 598 illa
3867 542 3886 615 [

2311 631 2475 686 addit
2503 632 2660 703 ejus].
2693 633 2759 687 Et
2787 631 2924 687 dabo
2974 634 3052 686 eis
3108 648 3199 687 cor
3228 649 3402 687 unum
3433 631 3602 701 (sive
3670 634 3886 687 alter:

2311 721 2572 791 spiritum
2600 738 2803 777 novum
2829 722 3072 777 tribuam
3101 724 3159 777 in
3184 722 3477 777 visceribus
3516 738 3792 777 eorum.
3838 725 3886 776 Δ

2308 810 2488 878 feram
2514 826 2609 866 cor
2647 811 2922 882 lapideum
2967 811 3032 865 de
3059 827 3230 865 carne
3281 825 3499 876 eorum,
3540 812 3607 866 et
3643 809 3825 865 dabo
3856 826 3886 865 e

2309 914 2592 970 corneum,
2616 908 2675 954 ut
2693 901 2754 954 in
2770 901 3066 971 praeceptis
3087 901 3218 955 meis
3235 899 3518 954 ambulent
3543 900 3609 954 et
3623 899 3886 970 judicic

2308 987 2636 1055 custodiant,
2667 991 2984 1059 faciantque
3011 1005 3096 1054 ea,
3121 991 3174 1043 et
3195 989 3308 1044 sint
3346 988 3489 1043 mihi
3523 990 3596 1042 in
3629 989 3886 1060 populi

2308 1093 2402 1146 ego
2430 1093 2533 1131 sim
2565 1079 2721 1132 eisin
2750 1079 2937 1132 Deum.
2970 1081 3214 1147 Quorum
3243 1085 3423 1132 autem
3451 1093 3563 1133 cor
3590 1085 3748 1148 post
3785 1079 3886 1148 off

2307 1167 2432 1220 cuta
2461 1174 2515 1221 et
2541 1167 2973 1222 abominationes
2999 1183 3128 1221 suas
3157 1167 3408 1221 ambulat
3439 1184 3451 1222 :
3481 1165 3726 1221 horum
3781 1169 3886 1222 via

2307 1256 2492 1326 capite
2529 1271 2624 1310 suo
2661 1271 2882 1326 ponam,
2945 1256 3087 1311 dicit
3127 1257 3397 1311 Dominus
3455 1256 3644 1310 Deus.
3721 1260 3886 1326 LOQI

2310 1360 2502 1399 sermo
2531 1343 2763 1398 divinus
2809 1343 2879 1397 ad
2911 1343 3139 1414 eos,qui
3168 1343 3377 1414 captivi
3397 1347 3577 1398 erant
3602 1343 3677 1397 in
3713 1347 3886 1400 terra

2307 1431 2554 1504 bylonis,
2578 1431 2651 1487 ad
2681 1434 2827 1487 Ill
2868 1432 3072 1487 fratres
3103 1431 3416 1488 Ezechielis
3446 1431 3821 1504 prophetae,
3863 1449 3886 1488 ε

2307 1520 2668 1592 propinquos
2700 1520 2915 1592 quibus
2946 1520 3218 1575 dixerunt
3247 1520 3625 1576 habitatores
3655 1520 3886 1575 Jerusz

2306 1609 2417 1679 [Αἱ.
2451 1609 2645 1679 Israel]
2680 1626 2692 1663 :
2728 1611 2915 1680 Longe
2934 1608 3256 1664 recessistis
3286 1626 3320 1663 a
3350 1608 3852 1675 Domino,nobis

551 1697 846 1768 sequitur:
871 1697 1119 1751 universi
1137 1695 1332 1766 quibus
1355 1695 1617 1749 dixerunt
1636 1694 1960 1749 habitatores
1977 1696 2194 1750 Jerusa-
2230 1729 2277 1794 Β
2308 1702 2396 1753 est
2423 1701 2578 1753 terra
2598 1698 2655 1752 in
2689 1697 3137 1769 possessionem.
3160 1697 3444 1769 Loquitur
3463 1701 3689 1752 autem
3717 1697 3859 1752 haec

548 1788 696 1853 lem;
730 1803 835 1857 pro
865 1787 1155 1851 universis,
1191 1783 1276 1837 illi
1322 1788 1664 1855 posuerunt,
1695 1787 2070 1838 consummata
2117 1792 2199 1839 est

547 1878 783 1947 propter
801 1873 1127 1928 litterarum
1144 1876 1200 1926 et
1214 1871 1372 1926 verbi
1391 1871 1863 1943 ambiguitatem:
1884 1872 1960 1943 (a)
1975 1888 2196 1926 GHULLO

545 1948 700 2034 (n53)
732 1961 888 2017 enim
918 1961 1073 2032 quod
1105 1959 1315 2032 Aquila
1371 1965 1429 2014 et
1483 1959 1870 2031 Symmachus
1922 1965 1978 2014 et
2005 1960 2194 2016 Theo-

551 2051 707 2106 dotio
737 2051 1019 2105 universos
1050 2048 1413 2120 interpretati
1437 2053 1573 2103 sunt
1597 2065 1610 2114 ;
1637 2047 1721 2102 illi
1750 2052 2194 2114 vcrterunt,con-

543 2147 814 2195 summota
841 2147 942 2208 est,
976 2139 1130 2210 quod
1154 2138 1323 2208 juxta
1349 2153 1589 2193 sensum
1617 2153 1854 2192 omnino
1890 2154 2002 2192 non
2036 2155 2192 2194 reso-

544 2228 880 2284 nat.Factus
909 2230 999 2282 est
1025 2226 1206 2298 igitur
1226 2242 1418 2281 sermo
1450 2225 1677 2280 Domini
1704 2225 1776 2292 ad
1808 2225 2188 2291 Ezechielem,

545 2317 642 2388 qui
675 2316 898 2371 dixerat
931 2332 943 2370 :
979 2316 1113 2382 Heu,
1148 2315 1270 2380 heu,
1320 2314 1446 2382 heu,
1503 2315 1725 2369 Domine
1753 2315 1891 2369 Deus
1941 2331 2188 2370 consum-

543 2406 843 2461 mationem
872 2408 928 2459 tu
959 2405 1097 2475 facis
1128 2404 1493 2473 reliquiarum
1513 2404 1730 2458 Israel?
1760 2405 1820 2458 In
1853 2403 2091 2458 Phaltiae
2113 2405 2192 2458 vi-

543 2494 754 2550 delicet
783 2498 988 2558 morte,
1009 2496 1065 2546 et
1095 2508 1296 2547 eorum
1328 2491 1428 2562 qui
1458 2507 1592 2546 cum
1623 2508 1688 2546 eo
1712 2492 1995 2547 interfecti
2030 2497 2187 2560 sunt,

542 2583 699 2654 quod
747 2597 1121 2653 nequaquam
1150 2579 1261 2634 illa:
1297 2579 1416 2634 sint
1442 2578 1718 2651 reliquie,
1753 2597 1900 2651 quas
1932 2581 1990 2634 in
2020 2585 2187 2636 Jeru-

544 2671 728 2727 salem
759 2672 1004 2742 putabat
1031 2670 1186 2724 no
1216 2668 1518 2740 prepbeta,
1551 2669 1651 2722 sed
1682 2668 1741 2722 hi
1773 2668 1872 2739 qui
1905 2669 1962 2723 in
2005 2669 2188 2741 Baby-

547 2760 680 2816 lone
710 2759 1059 2814 videbantur
1086 2773 1214 2813 esse
1244 2757 1474 2828 captivi.
1510 2757 1577 2810 Et
1615 2762 1704 2811 est
1732 2773 1942 2812 sensus
1977 2775 1988 2812 :
2032 2757 2074 2812 Ο
2106 2757 2188 2812 ﬁli

2309 1790 2638 1858 sequuntur
2663 1803 2674 1841 :
2699 1787 3074 1859 Congregabo
3096 1803 3196 1842 vos
3246 1787 3317 1841 de
3337 1785 3612 1858 populis,
3652 1791 3719 1842 et
3754 1787 3886 1842 PBdt

2305 1875 2469 1930 vobis
2501 1879 2716 1930 terram
2739 1874 3207 1945 Israel.Cumque
3237 1874 3488 1946 ingressi
3522 1875 3810 1941 tueritis,
3842 1892 3881 1930 ει

2303 1965 2444 2020 retis
2474 1969 2683 2019 cuncta
2712 1964 2884 2032 idola,
2919 1968 3154 2036 propter
3182 1980 3308 2035 quae
3339 1963 3745 2020 oﬂ‘enderatis
3779 1963 3886 2019 Del

2302 2057 2359 2109 et
2387 2053 2536 2109 dabo
2566 2052 2729 2108 vobis
2763 2069 2859 2108 cor
2890 2069 3073 2106 unum
3105 2051 3355 2117 timoris,
3415 2055 3473 2107 et
3503 2051 3836 2107 servitutis
3877 2054 3886 2108 Ι

2301 2146 2367 2198 ut
2397 2158 2766 2213 nequaquam
2794 2141 3039 2197 diversis
3061 2141 3235 2196 idolis
3257 2141 3691 2208 serviatis,sive
3726 2141 3886 2196 alter

2301 2247 2478 2302 quam
2510 2230 2673 2302 prius
2705 2229 3095 2284 habuistis.Et
3125 2229 3400 2302 spiritum
3432 2246 3664 2284 novum
3703 2230 3885 2284 tribu.

2300 2320 2358 2373 in
2380 2317 2700 2374 visceribus
2721 2318 2950 2386 vestris,
2966 2319 3138 2388 juxta
3157 2317 3300 2373 illud
3318 2319 3470 2389 quod
3494 2317 3804 2389 scriptum
3830 2335 3886 2374 es

2301 2409 2405 2463 Cor
2427 2389 2699 2462 mundum
2742 2423 2865 2461 crea
2897 2407 2957 2460 in
2985 2409 3260 2476 me,Deus,
3317 2410 3370 2461 et
3423 2408 3695 2470 spiritum
3755 2411 3886 2460 rect;

2300 2500 2500 2552 innova
2525 2498 2580 2550 in
2612 2495 2908 2562 visceribus
2937 2497 3072 2550 meis
3103 2495 3218 2565 (Ps.
3253 2512 3302 2562 L,
3367 2495 3474 2562 12).
3524 2496 3596 2550 Et
3625 2494 3886 2550 auferau

2298 2586 2463 2641 vobis
2503 2602 2602 2640 cor
2640 2584 2958 2655 lapideum,
2992 2583 3048 2638 id
3075 2587 3183 2648 est,
3216 2600 3315 2638 cor
3345 2584 3582 2650 durum,
3623 2584 3886 2639 secundi;

2299 2673 2445 2729 illud
2477 2673 2630 2745 quod
2690 2671 2949 2744 loquitur
2980 2671 3313 2744 Stephanus
3373 2672 3604 2744 primus
3638 2677 3871 2744 martyr

2297 2763 2525 2819 Christo
2561 2779 2572 2817 :
2608 2764 2757 2816 Dura
2786 2763 3009 2828 cervice,
3041 2765 3092 2816 et
3121 2763 3490 2816 incircumcisi
3516 2761 3678 2817 corde
3707 2763 3886 2832 (Act.v

540 2846 819 2912 hominis,
848 2846 1055 2900 fratres
1097 2845 1184 2898 tui
1216 2845 1287 2899 de
1326 2845 1528 2899 eadem
1561 2849 1752 2900 tecum
1801 2846 1980 2916 stirpe
2012 2862 2202 2917 gene--
2296 2853 2405 2922 51).
2439 2852 2509 2906 Et
2539 2851 2846 2904 induratur
2875 2866 2973 2905 cor
3005 2849 3341 2916 Pharaonis,
3377 2866 3447 2904 ne
3478 2850 3744 2905 dimittat
3774 2866 3886 2920 pop

541 2935 674 3002 rati,
708 2933 1188 3005 fratres,inquam
1219 2932 1548 3003 tui,quibus
1575 2933 1864 2988 dixerumt
1897 2933 2190 2989 babitato-
2298 2939 2420 2996 lum
2453 2937 2627 2994 Israel
2658 2939 2846 3009 (Exod.
2879 2937 3003 3009 vn).
3064 2942 3131 2991 Et
3177 2939 3347 3007 dabo,
3382 2938 3595 3010 inquit,
3655 2937 3820 2994 vobis
3853 2955 3881 2992 c

541 3041 634 3080 res
663 3022 1009 3091 Jerusalem,
1043 3038 1144 3076 vos
1177 3021 1500 3076 recessistis
1531 3038 1564 3075 a
1594 3021 1859 3089 Domino,
1911 3023 2048 3093 quia
2094 3040 2187 3078 ca-
2231 3093 2263 3099 ᾧ
2301 3045 2597 3098 carneum,
2659 3026 2850 3095 molle,
2910 3031 2966 3080 et
3013 3029 3300 3094 tenerum,
3333 3031 3389 3081 et
3437 3028 3590 3098 quod
3622 3026 3808 3099 possit
3844 3026 3886 3080 D

540 3112 681 3184 ptivi
711 3111 873 3178 estis,
905 3115 961 3166 et
989 3126 1122 3165 cum
1180 3109 1461 3165 Jechonia
1490 3127 1588 3165 vos
1618 3110 1964 3179 tradidistis,
2023 3112 2191 3168 nobis
2222 3093 2264 3160 (ἶ
2305 3093 2593 3172 mandata
2612 3093 2928 3186 suscipere,
2963 3119 3028 3170 ut
3059 3115 3392 3170 scribantur
3421 3093 3479 3170 in
3513 3093 3728 3172 tabulis
3752 3115 3885 3170 cord

541 3205 736 3257 autem
768 3205 924 3256 terra
954 3196 1131 3255 Israel
1163 3199 1298 3253 data
1343 3203 1432 3253 est
1461 3199 1520 3252 in
1568 3204 1842 3254 aeternam
1874 3202 2190 3271 possessio-
2300 3205 2656 3262 cornalibus.
2694 3205 2910 3259 Idcirco
2940 3209 3135 3259 autem
3167 3204 3340 3260 datur
3369 3220 3466 3260 cor
3510 3203 3700 3271 molle,
3730 3209 3786 3259 et
3834 3221 3886 3258 at

543 3307 700 3346 nem.
725 3289 826 3344 Dic
847 3304 984 3361 ergo
1014 3287 1282 3359 eis,quod
1311 3285 1483 3358 longe
1510 3287 1745 3358 quidem
1778 3304 1876 3344 eos
1907 3289 2141 3344 fecerim
2160 3307 2194 3344 a
2299 3296 2483 3350 fertur
2513 3310 2611 3348 cor
2640 3294 2877 3355 durum,
2913 3298 2977 3347 ut
3007 3292 3062 3346 in
3101 3293 3398 3364 praiceptis
3442 3292 3587 3348 meis
3616 3292 3882 3348 ambulen

541 3382 698 3435 terra
739 3375 942 3445 Israel,
973 3381 1031 3432 et
1061 3375 1436 3447 disperserim
1470 3375 1529 3429 in
1562 3375 1850 3444 nationes,
1882 3380 1938 3432 et
1969 3377 2030 3433 in
2062 3378 2194 3432 alie-
2292 3383 2639 3455 judiciaque
2656 3381 3008 3451 custodiant,
3033 3385 3090 3436 et
3120 3381 3238 3436 sint
3260 3380 3317 3436 in
3339 3381 3547 3452 popqu
3567 3381 3658 3437 Dei
3695 3398 3706 3436 :
3736 3381 3885 3436 Dom.

543 3468 638 3524 nis
667 3466 838 3523 terris
866 3482 994 3521 esse
1024 3465 1394 3537 prameperim
1417 3481 1438 3524 ;
1487 3465 1588 3518 sed
1621 3465 1758 3534 quia
1790 3481 1929 3520 meae
1959 3466 2190 3521 obedie-

544 3556 664 3612 rint
686 3553 1085 3626 jussioni,sim
1113 3553 1172 3610 in
1202 3552 1286 3608 eis
1317 3552 1553 3607 futurus
1578 3552 1752 3608 etiam
1786 3553 1846 3607 in
1869 3555 2190 3626 peregrinis

543 3649 600 3701 et
621 3643 938 3700 hostilibus
959 3641 1102 3698 locis
1123 3641 1183 3696 in
1206 3656 1442 3714 parvam
1464 3641 1984 3697 sanctiﬁcationem
2011 3661 2023 3698 :
2049 3643 2188 3698 dum

543 3733 805 3806 plerique
836 3731 1210 3786 inveniantur
1238 3748 1306 3786 ex
1336 3730 1438 3800 eis,
1466 3729 1565 3802 qui
1602 3729 1939 3785 idololatriae
1971 3749 2190 3803 nequa-

543 3840 722 3895 quam
751 3820 900 3877 colla
931 3820 1318 3887 submittant;
1352 3821 1451 3875 sed
1481 3834 1771 3874 memores
1804 3820 1923 3874 sint
1954 3820 2192 3876 manda-

543 3916 740 3966 torum
773 3907 896 3973 Dei,
919 3909 1072 3963 sicut
1103 3909 1342 3962 fuerunt
1363 3907 1556 3963 Daniel
1588 3912 1646 3962 et
1675 3911 1792 3963 tres
1822 3909 2071 3980 pueri,et
2092 3927 2192 3966 cm-

543 4003 700 4054 teros
730 3996 914 4051 fuisse
944 3997 1301 4051 credendum
1334 3997 1506 4066 est,in
1537 3996 1982 4052 similitudinem
2007 4003 2192 4054 tanto-

549 4103 682 4141 rum
716 4084 1049 4157 principum
1097 4100 1242 4156 quos
1267 4083 1567 4154 Scriptura
1586 4101 1742 4139 nunc
1773 4093 2193 4143 commemorat

549 4175 711 4246 (Dan.
744 4173 851 4243 ιιι).
881 4174 961 4227 Ex
991 4171 1208 4244 quibus
1258 4171 1544 4227 universis
1575 4171 1878 4240 discimus,
1913 4191 2026 4229 non
2060 4191 2192 4232 esse

547 4261 955 4318 insultandum
979 4260 1201 4332 his,qui
1227 4259 1566 4329 Deijudicio
1589 4261 1775 4332 pmnis
1797 4262 1991 4316 traditi
2015 4269 2184 4333 sunt;

547 4369 653 4408 nec
683 4350 1120 4423 exprobandum
1154 4347 1374 4404 homini
1399 4365 1672 4404 converso
1692 4367 1725 4404 a
1750 4350 2002 4421 peccatis
2031 4352 2190 4421 suis;

2300 3470 2653 3544 nuSque,qui
2671 3470 2835 3541 prius
2858 3470 3044 3524 fuerat
3064 3469 3534 3537 adversarius,sit
3553 3471 3632 3526 eis
3649 3470 3703 3524 in
3727 3473 3886 3525 Deuzr

2303 3561 2408 3628 Qui
2441 3564 2636 3616 autem
2668 3575 3038 3630 nequaquam
3097 3558 3436 3629 pmnitentia
3490 3558 3672 3630 priora
3700 3563 3886 3631 peccat

2300 3647 2673 3716 correxerint,
2705 3647 2806 3701 sed
2837 3645 3266 3702 ambulaverint
3319 3650 3450 3717 post
3477 3645 3884 3702 abominatione

2301 3754 2439 3795 suas
2470 3736 2812 3800 retribuam,
2847 3734 2947 3804 ait,
2978 3735 3082 3801 eis,
3116 3736 3272 3806 quod
3304 3740 3676 3804 merentur,ut
3704 3736 3799 3790 viae
3827 3753 3886 3792 eo

2301 3843 2432 3882 rum
2467 3829 2757 3898 ponantur
2780 3824 2840 3878 in
2867 3823 3161 3895 capitibus
3191 3840 3416 3878 eorum.
3450 3824 3571 3879 Hmc
3597 3824 3697 3880 sub
3745 3829 3886 3879 Zoro'

2298 3913 2469 3971 babel
2500 3913 2618 3968 filio
2651 3911 2950 3980 Satathiel,
2982 3916 3038 3966 et
3067 3912 3177 3966 sub
3217 3912 3356 3968 Jesu
3415 3911 3528 3968 filio
3571 3912 3787 3968 Josedec
3815 3930 3886 3968 sa.

2300 4005 2531 4059 cerdote
2564 4004 2859 4073 magno,et
2889 4002 2997 4056 sub
3022 4001 3164 4055 Ezra
3184 4017 3249 4055 ac
3283 4000 3516 4056 Ncemia
3535 4001 3784 4057 accidisse
3814 4001 3885 4055 tri

2301 4093 2401 4147 bui
2422 4093 2607 4162 Judte,
2632 4096 2688 4145 et
2717 4090 2810 4145 his
2842 4089 2942 4161 qui
2974 4106 3107 4143 cum
3139 4089 3225 4144 eis
3249 4089 3464 4144 reversi
3495 4095 3634 4154 sunt,
3661 4089 3886 4162 plerique

2301 4182 2612 4236 aestimant.
2647 4179 3013 4247 Habitatores
3043 4195 3271 4249 quoque
3299 4178 3627 4246 Jerusalem,
3657 4178 3740 4249 qui
3787 4180 3886 4236 sub

2299 4271 2534 4325 Sedecia
2560 4285 2692 4340 rege
2720 4268 2881 4323 Judaa
2915 4268 3068 4339 capti
3100 4266 3357 4334 sunt,ve1
3378 4267 3480 4338 qui
3508 4267 3886 4340 fugeruntcum

2299 4357 2551 4413 Jeremia
2584 4357 2643 4411 in
2668 4357 2999 4428 JEgyptum,
3032 4356 3090 4410 in
3122 4372 3324 4411 omnes
3354 4359 3533 4410 terras
3559 4372 3667 4412 esse
3689 4356 3886 4427 disper-

548 4457 654 4496 nec
681 4438 1097 4512 pcenitentibus
1127 4443 1184 4492 et
1214 4437 1464 4509 egressis
1498 4437 1569 4492 de
1602 4438 1858 4494 Ecclesia
1885 4439 2194 4510 aliquando
2225 4458 2271 4522 D
2303 4464 2420 4513 sos,
2444 4451 2502 4501 et
2530 4462 2904 4516 nequaquam
2937 4461 3064 4500 esse
3094 4461 3354 4500 reversos
3381 4444 3440 4498 in
3478 4444 3654 4501 urbem
3675 4446 3882 4501 Jerusa-

549 4529 863 4586 dicendum
897 4545 908 4582 :
945 4529 1120 4598 Longe
1150 4528 1440 4582 recessistis
1494 4545 1528 4582 a
1581 4527 1810 4584 Domino
1838 4546 1850 4596 ;
1883 4530 2037 4584 nobis
2066 4531 2190 4586 data

548 4627 629 4675 est
685 4626 835 4673 terra
863 4618 925 4671 in
948 4617 1357 4687 possessionem.
1383 4615 1528 4680 Quia
1558 4615 1679 4670 haec
1703 4616 1844 4671 dicit
1868 4616 2150 4675 Dominus
2177 4638 2190 4675 :

551 4707 709 4762 Licet
738 4722 837 4762 eos
865 4721 1183 4777 parumper
1212 4721 1244 4759 a
1264 4721 1395 4759 mea
1425 4704 1681 4760 Ecclesia
1709 4707 2118 4776 separaverim,
2138 4713 2195 4763 et

550 4797 704 4851 inter
734 4800 936 4868 gentes
967 4793 1341 4864 disperserim
1373 4810 1384 4857 ;
1418 4797 1613 4848 tamen
1674 4809 1771 4848 ero
1821 4794 1906 4850 eis
1938 4796 2193 4851 sanctiﬁ-

551 4883 838 4938 cationem
870 4881 1184 4948 modicam,
1215 4882 1357 4936 dum
1391 4881 1765 4936 meminerint
1823 4890 2193 4953 peccatorum

552 4986 815 5038 suorum,
862 4976 926 5025 ut
983 4971 1083 5042 qui
1132 4973 1366 5042 propter
1393 4968 1531 5024 vitia
1561 4976 1926 5026 recesserunt
1973 4971 2194 5029 deloco

554 5075 660 5115 suo
694 5057 800 5128 [Αἰ.
834 5063 988 5113 terra
1014 5060 1162 5130 sua],
1197 5062 1434 5130 propter
1473 5059 1869 5130 paenitentiam
1923 5062 1992 5116 ad
2027 5063 2195 5118 sedes

553 5146 834 5221 pristinas
865 5147 1050 5202 redire
1081 5147 1376 5204 festinent.

626 5235 811 5306 (Vere.
846 5233 912 5289 l7
945 5236 1131 5305 seqq.)
1162 5239 1455 5308 Pr0pterea
1489 5238 1742 5307 loquere:
1777 5241 1910 5293 Haec
1938 5237 2071 5292 dicit
2091 5239 2196 5296 Do-

555 5327 740 5383 minus
768 5325 910 5379 Deus
943 5340 955 5378 :
987 5325 1330 5394 Congregabo
1359 5342 1447 5382 vos
1483 5325 1547 5382 de
1572 5326 1809 5398 populis,
1867 5333 1920 5381 et
1945 5325 2194 5384 adunabo

2302 4536 2436 4591 lem.
2483 4534 2657 4590 Plena
2696 4538 2890 4589 autem
2950 4533 3246 4589 conversio
3303 4549 3518 4600 eorum,
3564 4533 3648 4605 qui
3695 4535 3880 4606 captivi

2302 4629 2487 4691 erant,
2521 4627 2577 4678 et
2609 4621 2986 4693 reliquiarum
3021 4621 3196 4677 Israel
3225 4621 3561 4694 intelligitur
3587 4622 3635 4677 in
3661 4622 3871 4690 Christo,

2305 4713 2540 4785 quando
2574 4710 2831 4782 reliquiae
2863 4710 3032 4766 salva:
3067 4712 3226 4766 factae
3259 4715 3479 4778 sunt,et
3504 4728 3602 4765 una
3620 4711 3694 4767 die
3713 4712 3870 4767 credi-

2304 4802 2517 4856 derunt
2537 4800 2651 4854 tria
2680 4799 2884 4868 millia,
2918 4804 2974 4854 et
2999 4799 3217 4854 iteaum
3275 4799 3528 4871 quinque
3573 4800 3724 4855 millia
3747 4803 3865 4867 (Act.

2302 4890 2367 4959 ιι)
2394 4908 2406 4957 ;
2443 4893 2495 4944 et
2515 4888 2613 4943 alii
2635 4887 2706 4942 de
2727 4887 2943 4959 quibus
2965 4887 3226 4960 loquitur
3242 4887 3497 4943 Jacobus
3517 4889 3575 4944 ad
3593 4887 3862 4960 apostolum

2302 4977 2548 5034 Paulum
2583 4995 2594 5031 :
2634 4976 2805 5040 Vides,
2836 4977 3062 5046 fratrer,
3095 4978 3246 5032 tanta
3276 4977 3458 5031 millia
3485 4977 3756 5032 credentium
3779 4979 3861 5034 Ju-

2303 5067 2548 5124 daeorum
2577 5069 2602 5119 .9
2637 5066 2697 5119 hi
2725 5081 2908 5120 omnes
2933 5066 3281 5120 aemulatores
3310 5065 3467 5134 chis
3517 5069 3618 5120 sunt
3646 5066 3750 5137 (Act.
3777 5083 3860 5121 xx:

2303 5157 2415 5223 20).
2449 5155 2558 5209 Sed
2589 5157 2646 5210 et
2678 5153 2937 5225 quotidie
2969 5153 3130 5209 surbi
3189 5154 3341 5208 112
3392 5153 3692 5210 habitatores
3721 5156 3858 5211 urbis

2301 5241 2648 5307 Jerusalem,
2681 5258 2931 5313 quorum
2963 5258 3060 5296 cor
3099 5246 3231 5312 post
3258 5240 3582 5297 offendicula
3613 5246 3657 5297 et
3678 5241 3858 5298 abomi-

2304 5331 2570 5387 nationes
2593 5347 2732 5386 suas
2764 5329 3048 5397 ambulat,
3100 5331 3203 5387 Dei
3229 5336 3519 5387 merentur
3541 5332 3774 5401 otI‘ensam,
3804 5336 3852 5389 et

630 5541 710 5620 (a)
742 5541 906 5604 Unus
933 5539 1115 5600 Vatic.
1149 5556 1266 5602 ms.
1296 5556 1432 5599 cum
1459 5541 1761 5601 vetustiss.
1794 5541 2288 5619 Sangermanensi
2318 5561 2499 5621 penes
2531 5543 3052 5616 Montt‘auoonium,
3085 5559 3317 5608 CHOLLO.
