4052 6180
185 322 293 383 101

809 314 1558 382 COMMENTARIORUM
1600 314 1681 382 IN
1721 310 2223 384 EZEGHIELEM
2268 316 2416 383 LIB.
2461 320 2594 385 lIll.
2639 321 2807 387 CAP.
2851 320 2982 388 XI].

3477 320 3593 387 102

182 453 236 509 hi
264 453 375 525 qui
404 451 550 508 foris
578 456 772 520 erant,
802 449 996 507 ablato
1026 452 1198 507 corde
1228 451 1479 524 lapideo,
1510 458 1567 509 et
1604 458 1836 525 accepto
1865 454 1922 520 Α
1951 459 2083 524 post
2113 454 2576 511 abominationes
2622 474 2784 526 suas,
2814 458 3103 531 recipiunt
3132 474 3259 530 quae
3308 457 3593 514 fecerunt.

178 543 355 599 corde
388 540 764 609 mollissimo,
802 556 906 612 per
936 541 1339 611 pmnitentiam
1365 546 1735 597 revertuntur
1763 542 1835 597 ad

173 630 499 687 Ecclesiam
525 648 541 698 ;
569 633 629 685 et
658 628 970 685 ambulant
997 628 1058 683 in
1077 629 1381 702 prmoeptis
1412 629 1663 695 Domini,
1675 629 1835 701 judi-

173 719 383 792 ciaque
413 720 547 791 ejus
566 718 930 783 custodiunt,
950 718 1213 790 ﬁuntque
1242 718 1473 774 Domini
1494 717 1839 791 populus,et

174 808 488 876 Dominus,
523 823 697 879 quem
730 807 900 879 prius
930 807 1314 874 offenderant,
1349 807 1415 862 ﬁt
1442 807 1526 863 eis
1555 812 1727 863 Deus.

239 898 443 967 (Vers.
474 899 567 953 22.
596 896 710 968 23.)
740 898 808 951 Et
836 896 1187 951 etevaverunt
1217 894 1511 951 Cherubim
1541 897 1658 951 alas
1687 911 1835 962 suas,

173 992 222 1043 et
252 994 404 1043 rotae
446 1002 572 1041 cum
597 986 696 1052 eis,
728 993 781 1040 et
810 986 994 1054 gloria
1024 987 1127 1041 Dei
1176 985 1351 1040 Israel
1399 993 1515 1041 erat
1557 1001 1722 1057 super
1752 1002 1838 1042 eos

176 1076 285 1149 [ΑΙ.
320 1074 437 1149 ea].
468 1077 534 1130 Et
575 1075 822 1130 ascendit
851 1074 1034 1143 gloria
1062 1075 1287 1129 Domini
1330 1073 1396 1131 de
1437 1074 1614 1131 medio
1644 1077 1837 1130 civita-

183 1168 252 1222 tis
283 1184 305 1219 :
334 1166 594 1235 stetitque
617 1179 783 1235 super
810 1166 1070 1230 montem,
1097 1165 1194 1235 qui
1233 1170 1312 1219 est
1335 1163 1407 1219 ad
1439 1162 1711 1220 Orientem
1743 1181 1837 1220 ur-

179 1256 275 1311 bis.
306 1253 608 1309 Paulatim
640 1252 828 1325 gloria
859 1250 1090 1308 Domini
1123 1252 1336 1308 recedit
1367 1252 1439 1309 de
1483 1253 1833 1309 Jerusalem.

178 1344 443 1399 Primum
473 1340 777 1413 templum
808 1340 1101 1407 deserens,
1135 1343 1255 1396 stat
1284 1340 1345 1394 in
1377 1340 1525 1396 atrio
1555 1339 1643 1396 vel
1681 1341 1739 1396 in
1770 1340 1840 1395 li-

179 1434 333 1489 mine
360 1432 607 1500 domus,
627 1434 689 1485 et
718 1434 921 1501 postea
950 1428 1009 1484 in
1040 1428 1283 1484 introitu
1301 1432 1478 1501 porta;
1495 1428 1838 1497 Orientalis;

185 1518 791 1585 novissime,sublatis
804 1517 1014 1590 pennis
1033 1517 1293 1590 rotisque
1305 1519 1709 1589 sequentibus,
1725 1522 1845 1575 stat

177 1626 347 1683 super
367 1611 666 1673 montem,
686 1607 789 1678 qui
822 1610 913 1662 est
937 1606 1004 1660 ad
1039 1606 1334 1661 Orientem
1354 1606 1534 1672 urbis,
1550 1606 1709 1661 haud
1733 1606 1840 1661 du-

176 1699 336 1756 bium
370 1697 517 1770 quin
550 1699 815 1751 montem
843 1693 1134 1767 significet
1165 1693 1551 1763 Oliveti,unde
1579 1694 1846 1751 Salvator

1944 542 2135 597 Verba
2164 548 2362 599 autem
2412 543 2471 599 in
2505 545 2824 618 Scripturis
2868 546 3090 603 sanctis
3138 563 3242 619 pro
3272 548 3448 604 rebus
3477 547 3592 603 dici

1946 647 2098 702 smpe
2126 632 2565 688 admonuimus.

2017 720 2174 792 (CAP.
2207 721 2322 776 XII.
2356 754 2425 762 —
2450 722 2616 779 Vers.
2652 728 2677 778 1
2733 724 2921 797 seqq.)
2950 726 3014 780 Et
3059 726 3239 796 factus
3290 729 3369 781 est
3417 741 3593 781 sermo

1944 809 2167 864 Domini
2193 810 2263 864 ad
2290 827 2394 876 me,
2425 811 2610 866 dicens
2642 830 2661 868 :
2692 814 2801 868 Fili
2829 813 3086 881 hominis,
3114 816 3172 868 in
3201 813 3377 869 medio
3401 814 3596 870 domus

1945 901 2319 969 exasperantis
2349 903 2408 954 tu
2440 901 2652 956 habitas
2681 919 2700 955 :
2730 903 2827 972 qui
2867 903 3046 958 oculos
3077 902 3276 957 habent
3303 901 3374 957 ad
3401 902 3594 959 viden-

1947 986 2096 1057 dum,
2130 992 2184 1043 et
2211 1004 2320 1043 non
2365 988 2545 1044 vident
2572 1006 2593 1051 ;
2632 999 2685 1045 et
2714 1007 2877 1046 aures
2905 990 2975 1045 ad
3021 990 3374 1058 audiendum,
3406 998 3456 1047 et
3482 1007 3590 1047 non

1947 1076 2206 1131 audient:
2223 1078 2357 1148 quia
2384 1077 2574 1134 domus
2599 1095 2931 1151 emasperans
2956 1087 3053 1135 est.
3073 1079 3181 1134 Pro
3212 1094 3279 1135 eo
3311 1080 3465 1152 quod
3489 1095 3595 1136 nos

1947 1164 2231 1220 vertimus
2266 1183 2279 1220 :
2312 1168 2372 1221 In
2415 1167 2591 1223 medio
2621 1167 2815 1223 domus
2855 1169 3239 1240 exasperantis
3274 1177 3334 1224 tu
3362 1168 3594 1236 habitas,

1951 1252 2090 1307 LXX
2121 1259 2442 1325 posuerunt
2473 1272 2485 1310 :
2520 1257 2581 1310 In
2606 1256 2786 1311 medio
2804 1257 3165 1328 iniquitatum
3183 1272 3373 1313 eorum
3402 1265 3462 1313 tu
3492 1256 3596 1312 ha-

1952 1341 2106 1397 bitas.
2139 1341 2249 1396 Sed
2300 1359 2370 1397 ex
2420 1360 2485 1398 eo
2538 1344 2690 1415 quod
2724 1346 3011 1417 sequitur,
3044 1346 3186 1413 Quia
3230 1344 3422 1401 domus
3469 1361 3599 1401 exa-

1949 1447 2173 1501 sperans
2192 1435 2288 1498 est,
2306 1431 2693 1504 intelligimus
2709 1433 2960 1505 priorem
2988 1450 3221 1505 quoque
3245 1433 3596 1489 sententiam

1951 1519 2090 1574 huic
2113 1520 2397 1576 versiculo
2419 1522 2861 1577 convenire.Pro
2882 1538 3155 1593 exaspera
3166 1521 3320 1577 tione
3343 1535 3601 1594 quoque,

1952 1607 2066 1663 dici
2097 1608 2779 1680 amaritudinem,crebro
2811 1611 3139 1676 docuimus,
3164 1614 3231 1665 ut
3259 1610 3336 1665 sit
3354 1627 3597 1666 sensus:

1951 1697 2009 1751 in
2042 1696 2234 1753 medio
2265 1698 2476 1753 domus
2507 1699 2577 1753 ad
2613 1699 3066 1754 amaritudinem
3099 1698 3508 1766 convertentis,
3536 1702 3599 1753 tu

179 1786 443 1843 ascendit
471 1786 549 1840 ad
580 1785 838 1840 Patrem.
871 1783 1184 1882 Stabatque
1214 1784 1399 1857 gloria
1428 1783 1680 1852 Domini,
1713 1800 1842 1856 quae
1872 1820 1920 1885 B
1954 1785 2339 1857 habitasque
2357 1791 2535 1841 Deum
2560 1792 2768 1842 natura
2789 1786 3019 1842 dulcem
3034 1791 3208 1859 atque
3228 1785 3599 1851 clementem,

183 1876 245 1931 de
267 1872 615 1931 Jerusalem
649 1872 796 1928 urbe
828 1871 1182 1928 discesserat
1210 1887 1388 1944 super
1429 1875 1687 1928 montem
1727 1871 1842 1927 Oli-

180 1963 302 2030 veti,
331 1964 397 2017 in
432 1963 680 2035 signum
731 1961 1178 2017 resurrectionis
1207 1965 1265 2017 et
1311 1959 1579 2026 luminis,
1618 1966 1680 2016 ut
1709 1962 1845 2017 inde

181 2052 503 2123 perituram
521 2064 915 2121 arsuramque
928 2048 1527 2105 cerneretJernsalem
1540 2050 1847 2122 .Quodque

180 2141 352 2196 dicit:
387 2139 657 2196 Ascendit
670 2140 849 2209 gloria
878 2138 944 2194 de
968 2137 1146 2193 medio
1163 2139 1403 2193 civitatis
1421 2138 1845 2209 (Joan.xiv,3l),

180 2228 527 2285 aliisverhis
552 2226 1113 2298 loquiturDominus
1130 2227 1200 2282 ad
1224 2226 1577 2299 discipulos:
1605 2227 1845 2299 Surgite,

190 2320 456 2374 abeamus
478 2319 613 2373 hinc
640 2317 795 2387 (Luc.
814 2333 941 2379 χιιι.
959 2315 1147 2387 35).Et
1166 2316 1235 2371 ad
1259 2316 1494 2372 Judaeos
1522 2333 1535 2371 :
1560 2317 1848 2387 Relinque-

183 2412 276 2460 tur
304 2404 468 2459 vobis
483 2404 672 2459 dmnus
698 2408 880 2459 vestra
895 2402 1110 2459 deserta
1125 2404 1332 2475 (Matth.
1350 2404 1535 2476 xxm).
1558 2403 1851 2476 Josephus

178 2491 690 2565 quoque(a)refert
707 2491 969 2547 auditam
992 2507 1187 2547 vocem
1201 2490 1261 2547 in
1278 2491 1496 2564 templo
1512 2491 1850 2564 angelorum

181 2587 239 2638 et
257 2580 689 2638 fortitudinum
712 2580 1062 2648 ccelestium,
1084 2596 1211 2653 quas
1236 2580 1399 2652 prius
1420 2581 1480 2635 in
1525 2581 1687 2637 urbis
1708 2598 1851 2653 prte-

182 2671 341 2728 sidio
362 2675 569 2726 erant:
603 2670 889 2726 abeamus
918 2687 987 2725 ex
1016 2669 1109 2726 his
1132 2670 1372 2725 sedibus
1400 2670 1631 2741 (Ioseph.
1664 2669 1850 2742 Antiq.

183 2760 359 2829 Iud.).
392 2759 734 2832 Mimmque
780 2759 840 2814 in
890 2758 1129 2814 modum
1180 2775 1369 2830 usque
1398 2758 1465 2813 in'
1509 2762 1851 2830 praesentem

186 2850 340 2905 diem
370 2848 570 2922 gloria
584 2847 841 2915 Domini,
862 2864 990 2919 quae
1008 2847 1266 2903 deseruit
1284 2846 1598 2920 templum,
1623 2851 1740 2902 stat
1752 2863 1856 2902 su-

194 2956 295 3011 per
321 2941 598 2994 montem
652 2936 882 2999 Oliveti,
916 2940 974 2992 et
1018 2935 1079 2990 in
1128 2935 1319 2991 crucis
1364 2935 1531 3008 signo
1581 2935 1853 3004 rutilans,

193 3032 421 3100 spectat
432 3024 733 3097 templum
758 3023 1463 3097 quondamJudaicum,in
1480 3023 1705 3080 favillas
1717 3024 1858 3079 etci-

196 3132 366 3172 neres
394 3113 786 3171 dissolutum.

1950 1873 2226 1929 vitiorum
2249 1891 2490 1930 suorum
2524 1874 2935 1943 amaritudine,
2963 1891 3230 1930 amarum
3268 1874 3404 1930 facit
3430 1877 3604 1947 atque

1954 1960 2272 2017 crudelem.
2306 1962 2577 2035 Alioquin
2609 1963 2681 2019 de
2715 1963 2829 2019 Deo
2859 1961 3109 2035 legimus
3145 1981 3158 2019 :
3194 1962 3413 2019 Gustata
3440 1968 3493 2018 et
3520 1964 3603 2017 vi-

1954 2049 2069 2106 dete
2096 2053 2357 2120 quoniam
2400 2053 2603 2121 suavis,
2639 2052 2757 2108 sive
2786 2053 2962 2111 dulcis
3009 2061 3090 2108 est
3135 2053 3397 2108 Dominus
3424 2052 3601 2124 (Psal.

1955 2154 2155 2205 χχχιιι,
2186 2139 2263 2210 9).
2297 2140 2532 2195 Habitat
2578 2144 2773 2196 autem
2819 2140 3099 2213 propheta
3147 2140 3207 2196 in
3258 2140 3450 2197 medio
3501 2156 3604 2213 po-

1957 2226 2080 2299 puli
2112 2227 2297 2283 Deum
2322 2229 2389 2283 ad
2417 2229 2870 2285 amaritudinem
2894 2230 3281 2302 provocantis,
3307 2230 3406 2302 qui
3428 2228 3609 2285 habet

1958 2315 2177 2385 oculos,
2201 2321 2259 2372 et
2291 2333 2406 2372 non
2437 2318 2594 2373 videt
2626 2335 2638 2373 :
2676 2322 2939 2385 aures,et
2969 2335 3084 2374 non
3115 2317 3300 2388 audit,
3329 2334 3443 2374 non
3462 2316 3605 2372 vitio

1960 2406 2376 2475 sensuum,sed
2402 2406 3224 2479 pertinaciapravitatis.Unde
3247 2410 3304 2462 et
3324 2406 3608 2462 Dominus

1960 2494 2033 2548 ad
2062 2494 2295 2549 Judaeos
2319 2511 2332 2548 :
2361 2493 2421 2549 Si
2447 2496 2600 2561 caeci,
2622 2495 3057 2566 inquit,essetis,
3076 2503 3356 2567 peccatum
3375 2510 3485 2549 non
3504 2494 3609 2549 ha-

1963 2583 2155 2638 beretis
2194 2582 2369 2653 (Joan.
2418 2600 2492 2636 ιιι.
2541 2582 2627 2654 41)
2680 2600 2693 2637 :
2746 2582 3134 2638 voluntariam
3182 2573 3498 2638 caecitatem
3549 2582 3608 2637 in

1963 2670 2082 2726 illis
2114 2687 2364 2744 arguens
2394 2676 2570 2743 atque
2615 2671 3033 2727 condemnans.
3067 2671 3212 2737 Quia
3240 2687 3378 2745 ergo
3410 2669 3611 2726 oculos

1962 2760 2180 2815 habent
2210 2759 2281 2815 ad
2311 2759 2650 2827 videndum,
2679 2762 2737 2815 et
2768 2775 2882 2814 non
2911 2759 3113 2815 vident
3142 2776 3156 2815 :
3192 2775 3362 2815 aures
3404 2760 3478 2815 ad
3507 2775 3608 2815 au-

1964 2847 2265 2912 diendum,
2299 2852 2355 2903 et
2383 2849 2538 2903 114
2569 2864 2684 2902 non
2732 2847 2999 2915 audiunt,
3030 2853 3089 2903 et
3114 2853 3217 2904 tua
3247 2848 3420 2904 verba
3474 2863 3611 2903 con-

1965 2942 2259 3005 temnunt,
2294 2937 2434 2992 doce
2464 2952 2564 2992 eos
2595 2952 2697 3008 per
2720 2936 3038 3008 imaginem
3070 2939 3244 3008 atque
3274 2936 3564 3009 picturam
3595 2956 3610 3005 ;

1964 3029 2022 3079 et
2050 3023 2452 3079 schematibus
2481 3023 2719 3079 ostende
2750 3023 3062 3095 corporeis,
3086 3028 3151 3078 ut
3179 3027 3487 3078 venturam
3518 3039 3613 3078 ca-

1967 3111 2287 3184 ptivitatem
2307 3128 2423 3167 non
2452 3110 2645 3168 solum
2677 3111 2902 3182 auditu,
2918 3112 3019 3167 sed
3050 3115 3106 3167 et
3134 3110 3320 3167 oculis
3340 3125 3618 3184 recogno-

262 3203 461 3276 (Vers.
491 3204 589 3272 24,
620 3202 734 3272 25).
767 3203 837 3256 Et
880 3202 1109 3271 spiritus
1157 3202 1355 3256 levavit
1380 3217 1489 3269 me,
1521 3200 1858 3272 adducitque
1887 3186 1930 3252 C
1969 3206 2154 3257 scunt.

196 3298 253 3349 in
284 3292 616 3349 Chaldaeum
646 3290 718 3346 ad
746 3290 1297 3359 transmigrationem
1324 3291 1386 3344 in
1414 3291 1624 3347 visione
1655 3293 1715 3345 in
1743 3292 1855 3363 spi—

192 3386 305 3438 ritu
334 3383 462 3450 Dei,
492 3385 549 3437 et
576 3379 797 3435 sublata
825 3386 901 3434 est
931 3396 965 3434 a
992 3394 1079 3434 me
1106 3380 1265 3446 visio,
1299 3395 1465 3450 quam
1491 3378 1762 3435 videram.
1794 3381 1859 3435 Et

196 3473 405 3528 locutus
450 3486 587 3527 sum
631 3468 703 3524 ad
746 3469 1291 3539 transmigrationem
1338 3470 1526 3524 omnia
1557 3470 1725 3524 verba
1753 3470 1856 3524 Do-

196 3562 356 3629 mini,
388 3574 520 3632 qua
560 3556 874 3614 ostenderat
898 3557 1059 3613 mihi.
1093 3556 1201 3613 Pro
1232 3572 1299 3613 eo
1329 3557 1484 3629 quod
1517 3573 1625 3613 nos
1654 3573 1725 3613 ex
1752 3561 1860 3614 He-

194 3650 393 3705 braica
417 3647 671 3704 veritate
705 3645 1153 3702 transtulimus:
1173 3647 1238 3701 Et
1262 3645 1479 3701 sublata
1508 3649 1586 3701 est
1605 3663 1641 3701 a
1670 3662 1757 3701 me
1776 3648 1855 3701 vi-

197 3740 297 3805 sio,
325 3754 497 3809 quam
518 3738 794 3799 videram,
815 3733 958 3789 LXX
984 3733 1447 3791 transtulerunt:
1471 3738 1542 3792 Et
1571 3735 1802 3791 ascendi
1824 3752 1859 3790 a

196 3829 422 3893 visione,
438 3842 615 3898 quam
626 3823 897 3880 videram.
911 3823 1075 3889 Quod
1090 3827 1406 3896 utrumque
1428 3823 1724 3896 significat
1741 3840 1857 3880 non

200 3917 260 3971 in
295 3931 545 3989 corpore
574 3913 923 3987 prophetam
976 3912 1036 3967 in
1067 3911 1394 3969 Jerusalem
1448 3912 1521 3967 de
1567 3912 1860 3984 Babylone

197 4004 593 4067 translatum,
613 4004 707 4058 sed
739 4002 800 4056 in
835 4002 991 4057 118
1023 4000 1617 4074 spiritu,sublataque
1634 4000 1860 4056 visione

195 4111 336 4166 quae
367 4107 510 4148 eum
536 4091 592 4145 iu
620 4091 828 4163 spiritu
854 4091 1099 4146 duxerat
1127 4089 1475 4158 Jerusalem,
1498 4095 1556 4145 et
1588 4089 1861 4146 universa

196 4184 656 4247 monstraverat,
682 4196 811 4251 quae
842 4178 1111 4251 superior
1138 4194 1332 4235 sermo
1363 4177 1639 4249 narravit,
1675 4193 1862 4233 rever-

198 4288 301 4327 sus
317 4275 409 4328 est
429 4269 493 4325 in
522 4269 929 4340 semetipsum,
946 4271 1003 4323 et
1033 4267 1264 4323 locutus
1280 4270 1370 4323 est
1384 4267 1454 4322 ad
1479 4266 1859 4340 transmigra-

196 4361 415 4416 tionem
448 4358 661 4414 omnia
688 4373 819 4429 qua;
848 4356 900 4412 ei
941 4357 1173 4412 fuerant
1201 4356 1618 4423 demonstrata,
1651 4357 1722 4412 ad
1756 4372 1857 4413 eos

198 4449 490 4514 videlicet,
524 4447 597 4502 de
627 4446 845 4518 quibus
876 4462 1056 4518 supra
1085 4445 1369 4516 scriptum
1402 4452 1492 4500 est
1523 4463 1536 4500 :
1569 4446 1683 4513 Ego
1711 4445 1857 4501 sede-

2036 3290 2221 3362 (Vers.
2254 3290 2333 3361 3.)
2369 3291 2442 3345 Tu
2472 3305 2617 3362 ergo,
2634 3290 2722 3361 ﬁli
2751 3289 3009 3358 hominis,
3023 3289 3119 3362 fac
3147 3290 3248 3345 tibi
3274 3305 3405 3345 vasa
3431 3293 3615 3345 trans-

1963 3381 2312 3451 migrationis
2341 3398 2362 3434 .·
2407 3382 2460 3435 et
2504 3378 2772 3447 migrabis
2801 3377 2992 3450 [Vulg.
3025 3378 3497 3450 transmigrabis]-
3514 3395 3620 3451 per

1964 3467 2109 3524 diem
2135 3485 2319 3525 coram
2346 3470 2447 3523 eis.
2470 3468 2731 3536 Migrabis
2749 3471 2933 3523 autem
2968 3467 3036 3523 de
3064 3468 3177 3524 loco
3207 3475 3316 3538 tuo,
3347 3465 3417 3523 ad
3434 3468 3616 3523 locum

1965 3558 2201 3613 alterum
2229 3559 2289 3612 in
2317 3562 2604 3628 conspectu
2650 3571 2858 3624 eorum,
2890 3557 2940 3610 si
2965 3558 3110 3627 forte
3137 3557 3410 3629 aspiciant
3434 3573 3457 3611 .·
3485 3557 3619 3627 quia

1965 3646 2153 3702 domus
2182 3661 2511 3716 exasperans
2558 3648 2655 3701 est.
2685 3644 2818 3700 LXX
2855 3661 2868 3700 :
2900 3645 2966 3700 Et
2991 3652 3070 3715 tu,
3101 3645 3191 3715 ﬁli
3237 3645 3497 3711 hominis,
3526 3648 3619 3716 fac

1967 3736 2072 3791 tibi
2096 3751 2224 3790 vasa
2239 3735 2525 3806 captivitat
2532 3735 2580 3789 is
2598 3750 2620 3796 ;
2636 3740 2686 3789 et
2716 3734 2991 3804 captivare
3002 3749 3100 3804 per
3125 3732 3275 3787 diem
3293 3748 3477 3788 coram
3500 3734 3581 3787 eis
3596 3750 3616 3788 :

1963 3831 2018 3881 et
2042 3824 2318 3894 captivare
2345 3822 2411 3878 de
2439 3822 2551 3877 loco
2573 3829 2661 3876 tuo
2691 3822 2752 3874 in
2781 3821 2959 3876 locum
2977 3820 3216 3874 alterum
3237 3822 3300 3874 in
3326 3821 3616 3890 conspectu

1967 3928 2174 3978 eorum,
2186 3918 2248 3966 ut
2267 3910 2486 3966 videant
2507 3911 2641 3980 quia
2658 3908 2847 3965 domus
2868 3923 3200 3980 exasperans
3214 3917 3314 3965 est.
3330 3906 3488 3964 Nulli
3513 3908 3619 3964 du-

1966 3999 2128 4055 bium
2151 3999 2293 4071 quin
2324 3996 2723 4054 universaloci
2749 3997 2927 4067 hujus
2958 3997 3337 4065 continentia,
3355 3997 3616 4054 futuram

1967 4088 2359 4161 captivitatem
2388 4086 2605 4143 indicet
2625 4086 2781 4159 regis
2811 4086 3061 4142 Sedeciaa
3087 4086 3279 4143 tribus
3307 4085 3616 4159 Juda,qui

1965 4181 2173 4248 captus
2203 4180 2293 4232 est
2335 4192 2469 4231 cum
2507 4173 2854 4230 Jerusalem.
2890 4174 3002 4230 Sed
3046 4173 3324 4247 quoniam
3374 4172 3615 4246 quidam

1964 4265 2168 4321 volunt
2215 4263 2609 4336 captivitatem
2634 4262 2908 4328 Sedeciae,
2939 4262 3041 4336 qui
3088 4266 3507 4336 interpretatur
3523 4263 3617 4334 ju-

1962 4362 2076 4410 stus
2106 4355 2385 4419 Dominus,
2416 4353 2471 4407 in
2506 4357 2710 4425 typum
2733 4352 3053 4424 praecedere
3076 4350 3523 4423 Salvatoris,qui
3543 4351 3616 4407 de

1965 4442 2299 4499 caelestibus
2324 4441 2397 4497 ad
2438 4449 2665 4497 terrena
2694 4440 3073 4510 descendens,
3104 4440 3432 4495 humanum
3482 4456 3614 4495 cor-

198 4540 319 4594 bam
346 4542 412 4592 in
441 4537 611 4593 domo
648 4551 789 4605 mea,
823 4539 875 4591 et
911 4550 1063 4591 senes
1090 4534 1230 4590 Iuda
1257 4533 1513 4589 sedebant
1552 4535 1723 4605 juxta
1748 4551 1853 4605 me,
1887 4552 1934 4616 Β
1964 4549 2076 4604 pus
2102 4529 2509 4602 assumpserit,
2524 4533 2581 4584 et
2610 4529 2732 4585 haec
2762 4545 2891 4585 esse
2910 4544 3049 4584 vasa
3072 4528 3458 4600 captivitatis:
3485 4529 3616 4586 ideo

194 4632 243 4683 et
270 4627 471 4684 cecidit
500 4640 671 4698 super
702 4640 787 4680 me
814 4624 894 4680 ibi
922 4640 1120 4679 manus
1139 4624 1359 4678 Domini
1381 4623 1562 4690 Dei,et
1594 4623 1709 4677 vidi
1729 4623 1856 4694 (Su-

192 4732 436 4789 pravm,
453 4714 881 4785 1).Mirumque
912 4714 972 4768 in
1008 4712 1250 4768 modum
1273 4710 1618 4767 sedentibus
1644 4710 1741 4766 his
1755 4712 1856 4783 qui

198 4807 269 4861 ad
301 4822 368 4861 se
404 4806 688 4860 venerant
716 4802 1102 4867 visitandum,
1132 4800 1389 4856 visiones
1419 4798 1698 4871 mysticus
1728 4816 1858 4872 pro-

198 4894 372 4967 pheta
401 4892 698 4957 cernebat,
732 4894 789 4945 et
818 4890 1030 4946 absens
1059 4892 1183 4944 erat
1214 4889 1285 4943 ab
1307 4887 1400 4943 his
1431 4887 1531 4959 qui
1567 4904 1763 4943 coram
1795 4905 1858 4945 se

198 4984 499 5047 sederant,
533 4981 758 5052 absque
787 4978 1020 5051 spiritu,
1045 4993 1304 5050 presens
1329 4992 1586 5049 corpore.
1619 4976 1856 5033 Omnia-

200 5088 311 5143 que
357 5072 540 5134 ﬁunt,
571 5073 638 5124 ut
681 5066 1143 5123 consolationem
1179 5064 1465 5138 recipiant
1495 5066 1595 5137 qui
1644 5065 1857 5139 captivi

195 5165 383 5229 erant,
398 5157 559 5230 quod
576 5155 891 5212 reducendi
923 5158 1064 5210 sunt
1092 5153 1152 5210 in
1176 5158 1394 5210 terram
1426 5152 1623 5221 Israel,
1649 5158 1704 5209 et
1728 5171 1855 5210 am-

195 5247 461 5305 bulaturi
494 5247 551 5301 in
575 5244 882 5318 praeceptis
919 5243 1174 5310 Domini,
1197 5243 1496 5315 futurique
1516 5242 1567 5297 ei
1588 5242 1645 5297 in
1670 5259 1857 5314 popu-

192 5336 340 5404 lum,
368 5341 427 5391 et
450 5334 551 5390 ille
580 5335 819 5390 iuturus
841 5332 918 5389 sit
945 5334 1030 5389 eis
1059 5332 1118 5386 in
1152 5333 1354 5388 Deum.
1380 5331 1486 5395 Qui
1510 5335 1707 5387 autem
1738 5347 1854 5387 non

194 5421 713 5482 fuerinttonversi
740 5422 813 5478 ad
845 5420 1272 5496 pcenitentiam,
1300 5420 1401 5476 sed
1425 5418 1858 5476 ambulaverint

1967 4619 2443 4694 praemonendum
2472 4623 2611 4690 puto
2643 4619 2993 4690 prudentem
3033 4622 3393 4689 cautumque
3439 4616 3616 4673 lecto-

1967 4727 2110 4777 rem,
2144 4715 2200 4765 et
2227 4709 2348 4763 haec
2379 4706 2616 4779 quidem
2648 4722 2757 4761 nos
2786 4722 3022 4778 ponere,
3046 4722 3118 4761 ne
3151 4705 3293 4778 quid
3320 4704 3615 4776 praeterire

1963 4799 2284 4867 videamur,
2311 4797 2412 4852 sed
2433 4812 2548 4851 non
2582 4795 2847 4867 probare.
2864 4794 3063 4866 Neque
3094 4795 3250 4850 enim
3274 4808 3374 4847 rex
3394 4791 3613 4864 impius

1965 4888 2023 4942 in
2058 4888 2305 4960 ﬁguram
2336 4889 2526 4956 potest
2564 4885 2886 4957 praecedam
2933 4883 3114 4947 illius,
3147 4881 3248 4953 qui
3278 4880 3460 4936 totius
3491 4880 3614 4953 pie-

1964 4975 2104 5030 tatis
2133 4971 2464 5044 exemplum
2488 4975 2594 5028 est.
2619 4976 2861 5043 Captum
2886 4973 3081 5025 autem
3112 4984 3241 5024 esse
3262 4967 3563 5025 Sedeciam
3580 4985 3615 5025 a

1965 5060 2298 5136 Babyloniis
2328 5064 2503 5132 atque
2531 5058 2841 5123 Chaldaeis,
2859 5062 2916 5114 et
2944 5056 3226 5113 leremias
3247 5056 3532 5129 propheta
3558 5062 3617 5114 et

1966 5154 2186 5224 Regum
2214 5153 2415 5206 narrat
2441 5148 2709 5216 historia,
2736 5152 2790 5203 et
2821 5147 3062 5202 ductum
3084 5146 3156 5201 de
3178 5145 3302 5202 loco
3326 5144 3387 5201 in
3416 5145 3614 5204 locum

1965 5243 2191 5315 (Jerem.
2217 5254 2408 5305 χχχιιι,
2431 5241 2482 5293 et
2508 5238 2580 5293 1V
2595 5239 2718 5308 Reg.
2741 5235 2895 5307 xxv),
2916 5234 3025 5291 hoc
3048 5240 3159 5303 est,
3181 5235 3253 5291 de
3283 5234 3612 5292 Jerusalem

1965 5331 2024 5386 in
2067 5327 2439 5400 Babylonem,
2472 5330 2528 5381 et
2576 5330 2784 5381 caetera
2832 5341 2959 5396 qum
2989 5323 3251 5381 Ezechiel
3298 5324 3360 5380 in
3408 5339 3614 5380 conse-

1964 5418 2284 5493 quentibus
2300 5414 2581 5489 loquitur.
2600 5412 2707 5480 Qui
2724 5417 2917 5468 autem
2935 5413 3195 5470 referunt
3213 5413 3285 5472 ad
3298 5411 3611 5471 Dominum

264 5652 341 5727 (α)
372 5648 530 5708 Vide
550 5663 676 5725 qua
696 5652 826 5709 tum
856 5646 998 5711 alibi
1019 5663 1194 5723 saepe,
1223 5661 1360 5708 cum
1388 5641 1677 5721 praecipue
1706 5647 1849 5711 tom.
1890 5645 1936 5721 1,
1969 5647 2043 5708 ad
2072 5643 2244 5722 epist.
2278 5643 2367 5712 18,
2398 5653 2565 5700 num.
2598 5636 2655 5710 9,
2687 5636 3087 5699 observamus.
