4052 6180
670 279 795 344 103

1915 276 1981 338 S.
2028 271 2343 349 ΕΙ]ωᾶ
2382 270 2853 345 HIMDNYMI.

673 408 1763 482 JesumChristum,captivitatemejus
1780 407 2315 482 ettransmigratio-
2346 407 2402 474 Α
2428 406 2760 473 multorum,
2818 413 2872 462 et
2925 406 2988 461 in
3040 409 3263 477 signum
3314 388 3409 461 cui
3459 404 3797 461 cmutradicetur

668 516 805 557 nem
834 501 905 557 de
935 499 1061 556 loco
1092 503 1158 555 ad
1193 498 1408 569 locum,
1441 498 1847 554 decensionem
1876 514 1947 555 ex
1987 496 2319 553 cmlestibus

670 590 745 646 ad
774 593 1005 645 terrena
1033 586 1351 661 signiﬁcari
1385 591 1613 659 putant.

738 676 905 733 Vers.
940 678 974 732 4
1002 675 1191 749 seqq.)
1216 677 1283 731 Et
1312 676 1498 747 efferes
1525 677 1680 747 foras
1718 692 1849 731 vasa
1879 679 1977 731 tua
2005 676 2161 747 quasi
2187 691 2319 731 vasa

659 766 1115 837 transmigrantis
1128 780 1231 836 per
1251 764 1395 821 diem
1413 766 1474 820 in
1502 767 1786 836 conspectu
1803 780 2012 821 eorum.
2037 765 2112 819 Tu
2134 767 2318 820 autem

664 854 960 924 egredieris
990 870 1207 926 vespere
1234 869 1421 910 coram
1447 855 1548 921 eis,
1576 855 1715 910 sicut
1740 853 2020 925 egreditur
2066 854 2316 924 migrans

656 950 785 999 ante
815 943 1001 1000 oculos
1031 958 1238 999 eorum.
1272 942 1501 1014 Perfode
1528 943 1637 998 tibi
1658 944 1960 1014 parietem:
1982 946 2034 998 et
2061 941 2314 1014 egredie-

570 1106 575 1109 Α
655 1033 741 1091 ris
766 1047 868 1103 per
895 1048 1021 1087 eum
1048 1033 1112 1087 in
1140 1035 1427 1104 conspectu
1454 1047 1664 1087 eorum.
1695 1033 1759 1087 In
1798 1031 2042 1087 humeris
2068 1031 2316 1102 portabis

662 1120 855 1194 [Vulg.
887 1120 1209 1193 portaberis]
1242 1140 1261 1175 :
1290 1121 1351 1175 in
1395 1122 1638 1189 caligine
1663 1120 1888 1193 effugies
1909 1122 1927 1191 [
1931 1118 2103 1193 Vulg.
2132 1120 2315 1191 eﬂere-

659 1210 784 1280 ris].
816 1211 1030 1282 Eaciem
1058 1214 1213 1266 tuam
1239 1209 1465 1278 velabis,
1487 1213 1536 1265 et
1556 1226 1666 1266 non
1694 1209 1898 1265 videbis
1917 1217 2122 1265 terram
2140 1227 2158 1263 :
2182 1210 2313 1281 quia

656 1301 978 1370 portentum
1017 1298 1146 1354 dedi
1197 1303 1247 1355 te
1291 1298 1481 1354 domui
1516 1299 1706 1362 Israel.
1748 1298 1928 1354 LXX:
1960 1299 2026 1353 Et
2068 1302 2314 1370 proferes

658 1405 792 1444 vasa
819 1393 921 1444 tua
950 1389 1286 1460 captivitatis
1321 1403 1422 1459 per
1448 1387 1591 1444 diem
1630 1389 1691 1443 in
1719 1389 1891 1443 oculis
1919 1403 2128 1444 eorum.
2162 1389 2227 1442 Et
2255 1395 2315 1442 tu

659 1477 958 1547 egredieris
987 1492 1201 1548 vespere
1231 1477 1293 1530 in
1321 1480 1607 1548 conspectu
1636 1492 1844 1546 eorum,
1862 1479 2003 1532 sicut
2030 1477 2314 1547 egreditur

658 1566 923 1636 captivus.
956 1563 1185 1635 Perfode
1215 1565 1319 1620 tibi
1352 1566 1641 1637 parietem,
1674 1574 1726 1621 et
1755 1566 2016 1621 transibis
2058 1581 2161 1637 per
2187 1581 2313 1620 eum

656 1655 721 1708 in
744 1656 1029 1725 conspectu
1040 1669 1247 1710 eorum.
1265 1655 1327 1709 In
1355 1654 1598 1709 humeris
1622 1655 1954 1725 portaberis,
1966 1661 2015 1709 et
2033 1653 2312 1709 abscondi-

655 1745 743 1798 tus
770 1742 1095 1815 :egredieris.
1128 1744 1345 1798 Faciem
1391 1751 1545 1799 tuam
1589 1745 1820 1813 operies,
1851 1750 1903 1799 et
1948 1759 2058 1798 non
2108 1743 2314 1798 videbis
2342 1777 2390 1843 B

657 1839 860 1886 terram
880 1848 900 1884 :
922 1832 1054 1902 quia
1076 1834 1397 1901 portentum
1423 1830 1550 1886 dedi
1576 1834 1628 1886 te
1664 1833 1855 1887 domui
1880 1830 2067 1887 Israel.
2105 1832 2311 1887 Facere

657 1922 701 1974 1
712 1922 751 1976 Ι
763 1921 807 1978 5
824 1920 1071 1990 jubetur
1090 1918 1375 1991 propheta
1387 1918 1449 1975 in
1465 1919 1582 1993 ﬁgu
1592 1937 1675 1987 ra,
1693 1936 1820 1991 quae
1832 1920 2101 1977 Sedecias
2124 1920 2309 1976 factu-

657 2025 759 2064 rus
810 2012 900 2064 est
947 2007 1008 2063 in
1059 2006 1319 2063 veritate.
1351 2005 1589 2080 Collige,
1632 2007 1843 2080 inquit,
1888 2006 2149 2064 sarcinas
2176 2012 2311 2062 tuas

657 2096 803 2167 (haec
834 2095 991 2152 enim
1006 2111 1147 2153 vasa
1174 2101 1314 2151 sunt
1330 2094 1832 2168 transmigrantis)
1849 2095 2179 2151 videntibus
2202 2094 2305 2150 eis.

655 2184 729 2240 Et
758 2188 1076 2257 postquam
1124 2183 1378 2239 viderint
1409 2200 1534 2255 quae
1585 2183 1849 2240 facturus
1878 2199 1962 2251 es,
1992 2183 2310 2256 egredieris

656 2288 899 2345 vespere
928 2272 988 2328 in
1021 2271 1471 2328 similitudinem
1503 2271 2001 2345 transmigrantis.
2036 2271 2310 2345 Legimus

656 2361 956 2417 Sedeciam
1007 2364 1173 2417 nocte
1205 2376 1373 2416 muro
1427 2362 1678 2417 suffosso
1712 2361 1934 2434 fugisse
1978 2362 2049 2416 ad
2081 2361 2312 2417 deserta

656 2448 954 2517 Jordanis,
986 2449 1185 2521 ibique
1210 2465 1245 2504 a
1271 2448 1606 2521 Babyloniis
1634 2465 1763 2505 esse
1796 2448 2309 2521 comprehensum,

656 2543 714 2594 et
733 2538 843 2595 hoc
873 2539 1207 2612 signiﬁcare
1228 2539 1559 2610 perfossum
1592 2539 1892 2610 parietem.
1919 2537 2081 2602 Quod
2113 2541 2310 2595 autem

657 2627 830 2684 dicit:
853 2626 913 2682 In
944 2628 1191 2683 humeris
1210 2627 1474 2698 portabis,
1491 2626 1844 2683 subauditur
1872 2627 2132 2683 sarcinas
2152 2631 2308 2695 tuas,

656 2720 714 2773 et
743 2716 1027 2788 quidquid
1059 2716 1132 2771 ad
1159 2715 1264 2770 viae
1294 2715 1570 2771 solatium
1594 2715 1883 2788 fugientes
1915 2719 2145 2787 portare
2174 2732 2309 2772 con-

660 2807 995 2859 sueverunt.
1025 2805 1088 2859 In
1133 2804 1376 2872 caligine
1402 2805 1628 2876 effugies
1676 2802 1784 2875 [ΑΙ.
1817 2803 2072 2878 efferes];
2109 2821 2179 2860 ne
2226 2803 2309 2859 vi-

659 2890 852 2947 dearis
876 2908 910 2947 a
938 2908 1260 2963 quoquam.
1276 2893 1499 2949 Faciem
1516 2900 1669 2948 tuam
1698 2892 2029 2962 velabis,vel
2052 2893 2311 2949 caecitate

663 2997 792 3052 quae
824 2979 872 3035 ei
925 2979 1156 3049 accidit,
1189 2980 1373 3038 erulis
1421 2980 1606 3037 oculis
1653 2998 1688 3037 a
1738 2981 2307 3050 Nabuchodonosor;

658 3068 748 3125 vel
777 3084 847 3124 ne
879 3071 1266 3141 cognoscatur
1294 3070 1451 3141 quod
1483 3070 1606 3142 ipse
1646 3070 1724 3126 sit
1753 3086 1873 3138 rex,
1904 3075 1961 3126 et
1993 3072 2179 3142 major
2209 3070 2310 3126 fiat

661 3173 800 3213 cura
829 3138 1206 3213 servitutium.
1224 3138 1523 3229 Quodque
1536 3158 1802 3231 sequitur
1828 3175 1840 3212 :
1872 3159 1938 3214 Et
1964 3138 2308 3214 non'videbis
2338 3138 2381 3206 (ἶ

658 3243 1046 3313 terram,illud
1078 3246 1395 3319 signiﬁcat,
1414 3247 1569 3319 quod
1597 3263 1783 3303 caecus
1799 3248 2011 3303 ductus
2028 3247 2180 3303 sitin
2210 3253 2309 3303 Ba-

659 3333 954 3408 bylonem,
981 3351 1229 3407 eamque
1272 3352 1387 3392 non
1416 3335 1644 3392 viderit.
1681 3337 1823 3404 Quia
1845 3340 2160 3407 portentum
2187 3336 2312 3393 dedi

661 3432 733 3491 te,
750 3421 962 3496 inquit,
985 3423 1175 3480 domui
1188 3425 1369 3480 Israel
1391 3442 1410 3478 :
1433 3424 1493 3480 in
1515 3424 1754 3497 signum
1780 3425 1939 3481 enim
1961 3429 2017 3481 et
2038 3426 2308 3498 ﬁguram,

660 3512 1081 3587 prophetarum
1120 3517 1247 3570 tam
1272 3514 1429 3571 dicta
1476 3530 1652 3585 quam
1687 3514 1841 3571 facta
1870 3518 2029 3571 sunt.
2062 3513 2226 3571 Unde
2255 3519 2315 3571 et

660 3601 722 3661 in
748 3601 1045 3669 Zacharia,
1075 3602 1183 3658 viri
1226 3601 1547 3675 portentosi
1592 3606 1895 3668 vocantur,
1927 3603 2082 3675 quod
2115 3602 2313 3658 futura

662 3692 1014 3763 portendant
1061 3692 1244 3763 (Zach.
1279 3691 1385 3764 ιιι).
1420 3692 1488 3746 Et
1515 3691 1574 3751 in
1606 3692 1751 3747 Osee
1798 3690 2060 3764 loquitur
2105 3691 2261 3747 Deus
2294 3708 2307 3747 :

660 3780 726 3836 In
752 3779 1009 3836 manibus
1058 3780 1445 3853 prophetarum
1472 3780 1813 3837 assimilatas
1859 3796 1981 3836 sum
2022 3779 2176 3851 (Osee
2205 3796 2307 3847 x11,

663 3870 775 3937 10).
807 3870 915 3934 Qui
947 3873 1146 3931 autem
1184 3869 1388 3925 volunt
1417 3869 1479 3926 in
1510 3868 1826 3926 Ezechielis
1875 3886 2122 3942 persona
2150 3868 2311 3924 Chri-

665 3959 824 4012 stum
853 3957 1122 4030 intelligi,
1154 3975 1296 4015 vasa
1325 3958 1701 4030 captivitatis,
1737 3958 2067 4014 humanum
2097 3974 2314 4030 corpus

667 4042 984 4117 accipiunt,
1012 4049 1071 4100 et
1099 4046 1430 4118 perfossum
1461 4046 1765 4119 parietem,
1800 4063 1915 4118 quo
1946 4046 2312 4102 infernorum

667 4132 925 4188 claustra
954 4133 1252 4205 perfregit,
1274 4138 1334 4190 et
1358 4149 1672 4206 resurgens
1710 4151 1746 4189 a
1770 4134 1911 4190 solis
1941 4134 2315 4190 credentibus

664 4219 829 4277 visus
857 4224 947 4278 est
968 4238 981 4276 :
1006 4224 1388 4294 portatusque
1413 4222 1472 4276 in
1491 4221 1776 4290 humeris,
1796 4223 2030 4293 quando
2053 4239 2185 4278 cum
2210 4240 2314 4279 an-

666 4308 868 4384 gelicis
916 4310 1304 4382 potestatibus
1352 4310 1425 4366 ad
1455 4310 1664 4366 coelum
1712 4312 1896 4367 victor
1924 4312 2225 4380 ascendit;
2258 4316 2316 4368 et

668 4399 823 4470 quod
857 4398 1237 4455 absconditus
1267 4399 1583 4472 egreditur,
1615 4403 1674 4455 et
1696 4398 1849 4455 velat
1882 4400 2089 4457 faciem
2121 4417 2312 4468 suam,

2430 513 2494 561 II,
2525 497 2637 568 24).

2498 584 2688 656 (Vers.
2717 587 2773 655 7,
2804 583 2861 655 8)
2890 585 3014 639 Feci
3030 598 3166 671 grgo
3191 584 3334 638 sicut
3358 585 3653 671 praeceperat
3677 582 3797 638 mihi

2425 689 2550 729 mea
2572 674 2787 746 protuli
2812 674 2973 745 quasi
3000 669 3132 728 vasa
3160 673 3451 742 migrantis
3483 669 3651 744 [Vulg.
3671 675 3812 727 transi

2423 762 2718 834 tionis]per
2739 762 2963 829 diem,et
2976 775 3192 831 vespere
3208 759 3422 831 perfodi
3438 760 3566 815 mihi
3577 759 3805 831 parietem

2424 850 2489 905 In
2526 852 2763 922 caligine
2808 865 3052 921 egressus
3096 866 3238 916 sum,
3268 859 3321 904 et
3364 848 3587 905 humeris
3627 850 3757 907 “6
3802 866 3812 920 λ

2427 939 2624 1012 [Vulg.
2675 941 2734 995 in
2784 924 3031 995 humeris
3076 938 3353 1010 portatus]
3400 939 3460 992 in
3510 940 3755 1010 conspectu
3800 957 3812 994 ι

2423 1028 2559 1083 LXX
2592 1045 2605 1083 :
2637 1030 2709 1083 Et
2728 1029 2838 1099 feci
2865 1030 2944 1084 sic
2959 1028 3128 1099 juxta
3159 1028 3491 1099 omniaquae
3515 1028 3812 1084 mandaverat

2421 1132 2659 1189 vasaque
2683 1118 2895 1188 protuli
2922 1124 3061 1172 sicut
3108 1132 3242 1172 vasa
3284 1117 3599 1187 captivitatis
3640 1133 3727 1188 per
3750 1117 3812 1171 dit

2421 1205 2493 1261 ad
2522 1221 2807 1275 vesperum
2836 1205 3052 1277 perfodi
3078 1206 3224 1261 mihi
3243 1206 3511 1276 parietem
3534 1221 3701 1272 manu,
3728 1213 3771 1261 et
3795 1222 3812 1261 ι

2424 1295 2570 1351 ditus
2615 1311 2861 1365 egressus
2907 1310 3078 1350 sum:
3107 1309 3270 1366 super
3315 1293 3555 1350 humeros
3598 1302 3811 1366 assumpt

2422 1385 2484 1438 in
2512 1387 2797 1455 conspectu
2838 1399 3049 1439 eorum.
3083 1382 3217 1446 Qua:
3265 1398 3444 1455 supra
3465 1383 3654 1453 jussus
3694 1386 3773 1439 est

2422 1488 2595 1545 opere
2617 1488 2682 1528 se
2713 1470 3039 1544 complesse
3060 1474 3329 1539 testatur,
3358 1487 3463 1526 nec
3484 1470 3812 1543 interpretati.

2422 1561 2580 1634 diget
2602 1563 2773 1632 juxta
2796 1564 3106 1632 utramque
3128 1559 3499 1626 sententiam,
3523 1560 3664 1632 quod
3676 1578 3812 1634 supra

2421 1649 2603 1706 situm
2631 1654 2740 1708 est.
2776 1649 2922 1706 Illud
2953 1653 3153 1706 autem
3183 1648 3522 1717 notandum,
3552 1649 3691 1721 quod
3716 1667 3812 1705 unc

2419 1739 2622 1795 eodem
2638 1743 2899 1811 tempore
2924 1736 3212 1794 Jeremias
3229 1736 3603 1809 prophetabat
3620 1737 3671 1792 in
3695 1737 3812 1793 Jeru

2422 1832 2477 1885 et
2512 1827 2776 1885 Ezechiel
2815 1828 2874 1883 in
2920 1826 3231 1898 Babylone,
3253 1830 3312 1882 et
3340 1825 3498 1882 illius
3526 1826 3806 1899 prophetia

2419 1919 2592 1974 batur
2624 1918 2695 1974 ad
2727 1917 2985 1990 captivos
3013 1934 3026 1984 ;
3058 1919 3116 1971 et
3135 1915 3315 1986 huius
3346 1915 3417 1970 ad
3449 1930 3562 1981 eos,
3580 1914 3671 1986 qui
3700 1914 3812 1970 hab

2420 2007 2479 2063 in
2510 2005 2834 2063 Jerusalem
2862 2025 2875 2074 ;
2912 2009 2975 2060 ut
3004 2004 3179 2061 unius
3224 2004 3283 2059 in
3315 2002 3554 2060 diversis
3581 2004 3812 2075 regionit

2421 2096 2783 2171 providentia
2839 2094 3203 2167 probaretur,
3258 2096 3315 2148 et
3368 2091 3741 2166 intelligerent
3797 2108 3812 2148 ε

2418 2192 2528 2253 tes,
2570 2198 2953 2257 quaecumque
3009 2182 3353 2238 accidebant
3408 2179 3635 2252 populo,
3676 2188 3812 2252 nequ

2419 2274 2711 2332 idolorum
2768 2275 3076 2344 potestate,
3126 2271 3227 2328 sed
3282 2269 3511 2327 Domini
3540 2269 3794 2341 jussiOne

2422 2369 2594 2421 stere.

2490 2453 2676 2523 (Vers.
2706 2452 2786 2517 9.)
2818 2451 2884 2505 Et
2913 2452 3090 2521 factus
3118 2452 3199 2504 est
3221 2464 3399 2505 sermo
3429 2449 3642 2504 Domini
3668 2462 3812 2503 mane

2418 2540 2603 2597 dicens
2633 2557 2651 2594 :
2685 2540 2795 2594 Fili
2824 2539 3080 2607 hominis,
3099 2536 3370 2608 numquid
3396 2552 3505 2592 non
3535 2535 3812 2591 dimeruntc

2417 2646 2539 2687 mus
2567 2629 2755 2692 Israel,
2793 2632 2984 2684 domus
3026 2641 3385 2693 exasperans,
3415 2624 3549 2697 quid
3568 2629 3625 2680 tu
3650 2626 3812 2695 facis!

2419 2735 2505 2776 eos
2537 2737 2549 2774 :
2584 2722 2719 2774 Haec
2741 2715 2877 2771 dicit
2903 2717 3166 2771 Dominus
3194 2716 3352 2770 Deus.
3387 2714 3447 2769 Si
3472 2717 3549 2779 te,
3578 2713 3786 2786 inquit,

2419 2807 2640 2880 gaverit
2678 2806 2890 2861 domus
2936 2819 3290 2875 exasperans
3321 2820 3335 2859 :
3368 2804 3556 2867 Quare
3600 2802 3712 2858 ista
3740 2802 3812 2858 fat

2420 2894 2748 2950 secundum
2761 2891 3148 2964 Septuaginta
3160 2891 3338 2947 etiam
3359 2891 3409 2947 si
3432 2908 3546 2947 non
3559 2891 3812 2963 interrog

2419 2987 2482 3037 tu
2515 2982 2839 3054 ingredere,
2874 2984 2938 3035 ut
2966 2980 3155 3037 sciant
3182 2996 3287 3036 cur
3316 2980 3431 3036 ista
3461 2980 3684 3037 feceris.
3718 2981 3812 3035 Dic

2418 3073 2546 3129 Haec
2573 3072 2711 3127 dicit
2740 3071 3006 3125 Dominus
3037 3071 3196 3124 Deus.
3308 3126 3317 3131 ,

2493 3159 2676 3231 (Vere.
2698 3159 2764 3214 10
2790 3158 3166 3230 seqq.)Super
3195 3158 3272 3230 (a)
3300 3158 3609 3230 principem
3626 3174 3765 3215 onus
3795 3160 3812 3213 i

2416 3258 2493 3306 est
2525 3251 2582 3304 in
2609 3248 2950 3313 Jerusalem;
2980 3255 3032 3303 et
3058 3263 3221 3318 super
3246 3262 3464 3303 omnem
3500 3246 3727 3303 domum
3754 3249 3812 3302 Is:

2417 3341 2493 3394 est
2524 3340 2585 3392 in
2612 3337 2789 3393 medio
2840 3351 3048 3395 eorum.
3086 3337 3180 3392 Dic
3207 3353 3226 3391 :
3257 3337 3363 3407 Ego
3407 3342 3730 3407 portentum
3777 3353 3807 3391 v

2418 3424 2678 3496 quomodo
2706 3425 2833 3495 feci,
2862 3425 2940 3479 sic
2969 3424 3058 3494 ﬁet
3088 3423 3225 3480 illis.
3257 3424 3321 3478 In
3360 3423 3812 3492 transmigration

2416 3514 2785 3585 captivitatem
2821 3512 2997 3568 ibunt.
3030 3513 3292 3584 Princeps
3316 3514 3522 3583 autem,
3556 3514 3657 3582 qui
3684 3515 3765 3567 est
3797 3514 3812 3567 i

2418 3618 2626 3668 eorum,
2660 3604 2719 3656 in
2758 3602 3002 3657 humeris
3024 3601 3352 3672 portabitur,
3384 3603 3445 3656 in
3473 3601 3724 3670 caligine
3743 3617 3811 3670 eg

2414 3692 2681 3763 parietem
2710 3690 3048 3762 per/edient,
3074 3696 3136 3746 ut
3162 3689 3395 3745 educant
3412 3705 3545 3745 eum
3563 3706 3585 3751 ,°
3615 3691 3793 3761 facies

2420 3782 2617 3850 rietur,
2647 3787 2709 3835 ut
2754 3794 2867 3834 non
2894 3777 3078 3834 videat
3122 3780 3297 3835 oculis
3328 3777 3520 3850 [Vulg.
3549 3779 3735 3847 oculo]
3767 3784 3812 3835 te

2420 3869 2713 3926 extendam
2740 3871 2854 3924 rete
2880 3883 3065 3923 meum
3082 3882 3245 3941 super
3272 3884 3417 3939 eum,
3442 3872 3495 3924 et
3524 3870 3789 3940 capietur

2418 3975 2563 4024 mea,
2593 3966 2646 4014 et
2671 3956 2943 4013 adducam
2968 3972 3093 4012 eum
3122 3958 3180 4012 in
3214 3958 3553 4032 Babylonem
3594 3959 3659 4012 in
3690 3966 3811 4015 terr

2421 4046 2693 4113 decorum,
2711 4049 2762 4101 et
2790 4047 2970 4117 ipsam
2991 4060 3102 4101 non
3128 4046 3359 4108 videbit;
3381 4046 3460 4101 ibi
3489 4049 3801 4103 morietur.

2421 4136 2519 4207 qui
2538 4136 2690 4190 circa
2704 4149 2829 4189 eum
2846 4137 2995 4201 sunt,
3012 4133 3342 4205 praesidium
3360 4136 3478 4203 eius
3497 4137 3551 4190 et
3569 4137 3812 4205 agmina

2420 4238 2673 4294 spergam
2690 4224 2751 4277 in
2767 4238 2981 4279 omnem
2995 4230 3249 4284 ventum;
3277 4228 3334 4278 et
3357 4223 3621 4294 gladium
3648 4225 3812 4293 evagi

2421 4327 2535 4379 eos,
2556 4320 2607 4367 et
2627 4312 2800 4368 scient
2822 4313 2953 4383 quia
2972 4327 3069 4381 ego
3082 4313 3369 4380 Dominus,
3386 4313 3617 4384 quando
3635 4314 3812 4385 dispe:

2423 4402 2483 4455 in
2502 4400 2754 4471 gentibus
2772 4408 2822 4456 et
2839 4400 3262 4459 disseminavero
3272 4416 3360 4457 eos
3376 4403 3437 4457 in
3452 4405 3649 4458 terras
3669 4402 3812 4474 [νυ]

668 4502 740 4542 ne
766 4486 825 4543 in
857 4503 1030 4543 carne
1056 4487 1287 4544 mortali
1316 4488 1584 4545 videatur
1602 4488 1799 4545 divina
1819 4489 2181 4560 majestas,et
2196 4507 2314 4547 non
2346 4508 2396 4574 Β
2426 4490 2491 4545 Et
2519 4490 2838 4560 relinquam
2863 4504 2933 4544 ex
2960 4490 3038 4545 eis
3070 4491 3215 4546 viros
3245 4505 3447 4559 paucos
3469 4507 3506 4545 a
3536 4490 3778 4559 gladio,
3804 4518 3812 4546 ς

667 4575 824 4633 videt
850 4580 1091 4643 terram,
1126 4593 1197 4633 ne
1236 4577 1423 4634 oculis
1454 4577 1617 4634 illius
1646 4577 1994 4646 illustratur,
2031 4596 2158 4652 quae
2188 4579 2317 4650 ejus

669 4681 789 4723 non
817 4669 1075 4722 meretur
1094 4670 1418 4737 aspectum.
1441 4667 1598 4723 Oculi
1614 4668 1765 4723 enim
1799 4669 2026 4723 Domini
2050 4684 2217 4740 super
2226 4669 2318 4739 ju-

667 4763 778 4812 stos
804 4755 914 4827 (Ps.
936 4772 1136 4825 XXXIII,
1160 4754 1268 4826 16),
1284 4759 1344 4810 et
1358 4756 1564 4812 avertit
1581 4755 1788 4811 faciem
1808 4772 1977 4811 suam
1999 4756 2071 4812 ab
2094 4757 2315 4829 impiis.

671 4845 799 4899 Bac
828 4849 1047 4914 autem,
1063 4844 1358 4916 inquiunt,
1373 4844 1573 4900 omnia
1594 4844 1797 4900 fecisse
1815 4849 2106 4913 narratur,
2134 4850 2198 4900 ut
2217 4862 2321 4918 per

672 4931 1121 4989 similitudinem
1169 4932 1448 4996 hominis.
1482 4933 1629 4989 dura
1667 4933 1739 4989 ad
1788 4933 1965 4990 ﬁdem
2017 4933 2318 4991 Israelitici

674 5017 876 5090 populi
931 5022 1107 5077 corda
1156 5025 1535 5079 converteret.
1594 5021 1665 5076 Et
1711 5020 1769 5075 in
1817 5025 2153 5093 portentum
2213 5023 2320 5078 da-

675 5106 772 5161 tur
799 5104 999 5162 domui
1030 5107 1205 5166 Israel
1231 5128 1246 5179 ;
1267 5111 1440 5183 juxta
1485 5109 1631 5166 illud
1663 5110 1817 5181 quod
1847 5110 2131 5182 scriptum
2182 5115 2272 5167 est
2302 5128 2316 5167 :

676 5194 806 5252 Ecce
858 5192 947 5250 hic
987 5199 1197 5268 positus
1240 5204 1318 5256 est
1370 5201 1433 5256 in
1485 5200 1714 5256 ruinam
1768 5202 1819 5255 et
1868 5200 2320 5256 resurrectionem

750 5443 827 5518 (a)
859 5445 947 5502 Ad
978 5442 1240 5530 Vulgata;
1261 5447 1583 5533 edit.ﬁden_1
1606 5446 2068 5533 mavul‘t‘Yigtor.
2091 5446 2321 5533 hiclegi

677 5516 1410 5599 Duc_em;_n_an_1_princ_ipem
1438 5536 1507 5599 ex
1526 5522 1721 5599 Grapco
1754 5520 1909 5599 LXX_
1920 5516 2147 5599 ἄρχοντι
2167 5516 2320 5599 deri:

676 5588 801 5653 vari
820 5590 1019 5652 sentit.
1037 5588 1246 5669 Sicque
1263 5588 1404 5669 legit
1423 5596 1482 5653 et
1500 5592 1679 5670 paulo
1703 5596 1855 5670 post,
1870 5588 2206 5654 Dub'autem
2223 5593 2323 5670 qui

2422 4578 2770 4651 pestilentia;
2804 4585 2862 4633 at
2890 4585 3119 4634 narrent
3142 4580 3329 4634 omnia
3357 4579 3575 4635 scelera
3605 4595 3812 4635 eorum

2428 4668 2543 4734 bus,
2591 4666 2662 4722 ad
2708 4683 2842 4737 quas
2886 4667 3290 4737 ingredientur,
3344 4676 3395 4723 et
3440 4668 3631 4723 scient
3678 4671 3812 4741 quia

2425 4757 2631 4813 minus.
2692 4755 2953 4812 Primum
3012 4772 3373 4827 exponamus
3418 4755 3793 4813 historiam.

2428 4844 2574 4917 quit,
2638 4845 2711 4900 ad
2767 4860 2886 4907 eos,
2946 4861 2979 4900 ο
3037 4844 3121 4899 fili
3180 4843 3459 4916 hominis,
3530 4845 3650 4918 qui
3710 4845 3812 4902 vel

2428 4936 2589 5006 gant,
2650 4934 2798 4988 117
2860 4932 2946 4988 vel
3006 4949 3123 4988 non
3178 4934 3580 5006 interrogant.
3653 4934 3812 5003 Quid

2428 5020 2580 5077 haec?
2630 5022 2784 5093 quod
2836 5038 3012 5094 super
3041 5022 3247 5079 ducem
3302 5040 3454 5079 onus
3506 5021 3681 5078 illud
3739 5028 3809 5078 et

2427 5110 2528 5181 qui
2588 5114 2677 5166 est
2730 5109 2790 5165 in
2844 5110 3189 5180 Jerusalem,
3246 5112 3456 5168 ducem
3509 5111 3812 5185 signiﬁca

2428 5198 2599 5256 ciam.
2632 5198 2702 5255 Et
2751 5197 2845 5254 dic
2876 5217 2891 5255 :
2923 5200 3034 5267 Ego
3071 5203 3383 5271 portentum
3422 5209 3731 5272 vestrum,
3769 5218 3811 5257 s:

2427 5458 2505 5525 est
2531 5452 2592 5525 in
2620 5449 2829 5525 medio,
2848 5451 2981 5519 etc.,
3013 5450 3268 5525 quodex
3297 5450 3429 5525 ipsa
3458 5451 3812 5525 Hieronyn

2427 5495 2765 5582 lectionevin
2790 5495 3221 5582 Commehtario
3252 5495 3489 5586 uitii-ii;
