4020 6186
339 234 455 298 ιας

959 230 1706 297 COMMENTARIORUM
1751 227 1830 291 IN
1877 228 2382 292 EZECHIELEM
2424 232 2572 293 LIB.
2619 230 2724 292 Ill.
2771 230 2944 294 CAP.
2986 230 3118 292 XII.

3610 228 3738 296 ἰω

335 365 1130 439 ρωιεὶιιιαιι-αηεζυίθιιυηι,
1160 370 1275 435 Ego
1305 366 1400 437 qui
1425 367 1680 437 portenta
1705 363 1849 433 facio
1869 377 1890 424 ,ο
1921 363 1974 417 ut

2098 376 2202 433 per
2229 379 2328 418 eos
2353 361 2742 430 crediderant,
2775 363 2930 435 quod
2961 361 3088 435 ipse
3115 361 3196 420 sit
3222 360 3526 431 Dominus,
3556 363 3616 418 et
3641 361 3734 418 id-

333 472 410 512 ex
435 455 822 528 praesentibus
852 455 1048 511 futura
1080 457 1526 528 cognoscantur.
1551 452 1820 521 Quomodo
1849 453 1976 521 feci,

325 547 410 600 sic
431 547 530 614 ﬁet
561 545 701 612 illis,
734 545 864 600 duci
896 548 954 600 et
981 548 1230 600 cunctus
1261 543 1360 616 qui
1391 543 1451 597 in
1501 541 1780 598 comitatu
1811 541 1979 597 ducis

321 639 489 689 sunt.
523 634 592 688 In
624 633 1194 706 transmigrationem
1222 630 1598 704 Babyloniam
1629 629 1836 702 captivi
1871 631 1978 684 du-

323 727 564 790 centur,
595 728 653 778 et
679 723 797 777 dux
827 722 929 795 qui
959 726 1050 778 est
1079 722 1138 776 in
1170 721 1360 778 medio
1391 737 1594 776 eorum
1625 720 1685 774 in
1715 717 1980 774 humeris

319 812 680 884 portabitur,
708 810 798 867 vel
823 810 1352 882 jumentorum,vel
1385 825 1589 865 eorum
1612 809 1714 880 qui
1745 823 1880 864 cum
1911 823 1978 864 eo

321 897 622 970 fugerant.
652 899 721 953 In
747 897 1018 970 caligine,
1053 902 1108 954 et
1134 897 1194 952 in
1224 897 1410 954 noctis
1437 897 1696 952 tenebris
1725 896 1979 968 egredie-

321 990 426 1040 tur
457 1003 475 1040 :
507 1001 863 1057 murumque
909 984 1222 1042 suﬁodient
1265 985 1406 1042 socii
1445 986 1572 1056 ejus
1619 988 1685 1040 ut
1729 985 1980 1040 educant

322 1088 486 1130 eum.
515 1075 723 1130 Facies
761 1073 924 1130 illius
972 1074 1280 1152 velabitur,
1313 1073 1400 1130 vel
1433 1074 1641 1130 timore
1674 1073 1972 1146 fugientis,

321 1162 409 1219 vel
443 1163 730 1218 cecitati-s
781 1163 1020 1235 injuria,
1051 1167 1116 1218 ut
1144 1179 1330 1219 caecus
1377 1166 1594 1218 terram
1624 1179 1739 1218 non
1787 1162 1980 1219 videat

317 1251 660 1324 Babylonis.
685 1253 755 1307 Et
775 1268 880 1325 ego
901 1253 1208 1308 extendam
1231 1257 1352 1308 rete
1369 1268 1568 1308 meum
1589 1268 1767 1323 super
1783 1250 1974 1320 illum,

315 1345 370 1396 et
400 1342 672 1412 capietur
699 1341 763 1396 in
793 1357 1010 1414 sagena
1036 1357 1186 1397 mea.
1220 1341 1580 1397 Concedente
1613 1341 1832 1413 quippe
1861 1345 1976 1397 Do-

315 1430 483 1485 mino
513 1446 548 1486 a
577 1429 920 1502 Babyloniis
949 1435 1154 1502 captus
1184 1436 1274 1486 est
1304 1447 1317 1485 :
1351 1433 1408 1485 et
1438 1429 1561 1485 haec
1607 1446 1735 1501 quas
1765 1431 1836 1485 ab
1871 1429 1976 1486 ho-

312 1519 512 1574 stibus
537 1535 758 1591 passus
777 1523 868 1575 est
883 1519 1034 1587 ﬁeri,
1049 1535 1112 1575 se
1128 1519 1334 1576 fecisse
1355 1523 1623 1575 testatur.
1639 1519 1977 1590 Ductusque

308 1607 377 1663 in
427 1606 810 1680 Babylonem,
852 1613 1070 1664 terram
1116 1607 1521 1665 Chaldaeorum
1575 1624 1690 1664 non
1737 1606 1973 1676 videbit,

309 1696 805 1769 ibiquecaptivus
826 1697 1126 1752 morietur.
1149 1696 1365 1753 Omnes
1389 1699 1584 1752 autem
1617 1696 1804 1753 socios
1824 1697 1973 1767 ejus,
2005 1728 2053 1794 Β
2085 1729 2233 1782 tione
2263 1696 2600 1784 et‘mw‘;ore
2647 1728 2781 1784 bibe.
2902 1696 2990 1783 hic

304 1791 360 1840 et
393 1787 710 1857 adjutores
741 1791 796 1842 et
827 1786 1070 1842 comites
1101 1785 1271 1859 fugae,
1307 1802 1438 1842 cum
1475 1784 1573 1841 ille
1602 1785 1776 1841 fuerit
1815 1801 1973 1841 com-

304 1875 671 1947 prehensus,
717 1875 832 1931 huc
877 1875 1134 1948 illucque
1182 1875 1536 1947 dispergam,
1585 1891 1690 1930 nec
1738 1890 1974 1930 securos

303 1965 473 2020 abire
511 1964 883 2036 permittam:
905 1965 1006 2020 sed
1040 1964 1101 2019 in
1123 1964 1400 2020 manibus
1423 1963 1682 2019 hostium
1708 1963 1975 2036 evagina—

305 2055 376 2109 bo
407 2053 688 2126 gladium
739 2069 972 2122 meum;
1006 2058 1073 2110 ut
1101 2053 1337 2126 quando
1383 2052 1631 2124 dispersi
1665 2053 1884 2108 fuerint
1912 2051 1972 2108 in

303 2151 615 2224 gentibus,
659 2150 988 2223 intelligant
1035 2152 1190 2223 quod
1242 2167 1349 2223 ego
1396 2150 1510 2206 sim
1567 2149 1875 2217 Dominus,
1917 2154 1974 2205 et

302 2255 436 2296 mea
487 2244 713 2296 cuncta
755 2239 1054 2297 voluntate
1103 2240 1222 2296 sint
1270 2240 1442 2296 facta.
1498 2239 1568 2294 Et
1615 2238 1968 2310 relinquam,

307 2329 521 2400 inquit,
584 2345 661 2384 ex
735 2328 909 2384 sociis
978 2329 1109 2400 ejus
1175 2328 1276 2400 qui
1348 2344 1484 2384 cum
1558 2344 1624 2384 eo
1693 2327 1969 2400 fugerint,

305 2422 364 2473 et
414 2419 517 2490 qui
568 2418 818 2474 evadere
868 2417 1187 2490 potuerint,
1238 2433 1477 2489 paucos,
1528 2417 1626 2488 qui
1684 2415 1968 2488 gladium,

302 2511 357 2562 et
421 2507 672 2573 famem,
737 2511 794 2562 et
871 2505 1266 2578 pestilentiam
1324 2505 1633 2575 evaserint,
1693 2510 1759 2560 ut
1833 2522 1968 2561 cum

298 2595 390 2650 vel
441 2596 610 2668 fuga,
651 2594 745 2650 vel
795 2595 1128 2668 captivitate
1176 2595 1248 2650 ad
1296 2595 1556 2651 diversas
1605 2593 1972 2667 pervenerint

295 2684 604 2756 regiones,
629 2691 869 2739 narrent
910 2683 1111 2739 omnia
1137 2683 1357 2740 scelera
1398 2700 1507 2738 sua
1536 2683 1625 2738 vel
1678 2699 1966 2750 sermone,

293 2773 382 2828 vel
421 2771 704 2844 exemplo
735 2790 748 2839 ;
794 2777 1030 2844 propter
1073 2789 1201 2844 qua
1232 2776 1398 2827 tanta
1436 2771 1759 2827 meruerint
1789 2771 1964 2839 mala,

293 2867 354 2917 et
393 2861 746 2933 intelligant
773 2861 930 2932 quod
959 2861 1086 2933 ipse
1116 2861 1230 2917 sim
1274 2861 1576 2918 Dominus.
1609 2861 1717 2926 Qui
1767 2865 1966 2916 autem

293 2948 708 3021 tropologiam
736 2954 794 3005 et
818 2953 1060 3021 ereptam
1081 2949 1548 3023 explanationem
1571 2966 1748 3022 super
1765 2949 1966 3006 Salva-

290 3043 437 3094 tore
490 3043 736 3093 conatur
781 3053 1088 3109 exponere,
1134 3039 1342 3094 ducem
1386 3039 1485 3111 qui
1534 3042 1624 3094 est
1666 3037 1727 3093 in
1771 3037 1964 3093 medio

290 3126 664 3194 Jerusalem,
698 3127 894 3198 ipsum
925 3127 1360 3200 interpretatur,
1393 3128 1494 3200 qui
1524 3127 1583 3182 in
1627 3131 1965 3200 portentum

290 3215 672 3290 signumque
715 3216 1098 3288 przecesserit,
1131 3217 1286 3290 quod
1328 3221 1384 3273 et
1411 3217 1538 3289 ipse
1568 3222 1624 3272 et
1667 3217 1808 3273 socii
1839 3217 1968 3286 ejus

293 3304 520 3376 captivi
556 3304 734 3359 istius
754 3305 959 3360 mundi
983 3304 1122 3372 sint,
1145 3306 1296 3361 etab
1326 3304 1531 3361 inferis
1552 3305 1736 3361 victor
1765 3321 1965 3360 ascen-

293 3394 473 3460 dens,
509 3393 575 3447 in
610 3392 874 3448 humeris
903 3397 1172 3465 portatus
1198 3394 1275 3450 sit
1306 3393 1648 3467 angelorum
1687 3411 1700 3449 :
1734 3395 1792 3450 in
1827 3393 1966 3449 cali-

297 3483 437 3555 gine
471 3497 776 3555 egressus,
810 3483 1048 3554 ignotus
1078 3483 1417 3550 incredulis,
1451 3485 1744 3539 destructo
1776 3482 1976 3538 medio‘

298 3570 771 3644 pariete,fecerit
791 3576 1108 3643 utrumque
1121 3589 1307 3627 unum
1329 3590 1342 3628 :
1367 3572 1546 3628 facies
1568 3571 1728 3626 illius
1745 3574 1967 3644 operta,

299 3664 364 3714 ut
387 3665 628 3715 terram
663 3676 780 3715 non
815 3660 1088 3731 respiciat
1114 3661 1454 3717 Judteor'im
1497 3661 1707 3733 (Ephes,
1742 3665 1825 3730 ιι).
1856 3659 1971 3715 Nec

300 3750 529 3803 mirum
565 3749 621 3804 si
672 3748 963 3804 Dominus
1012 3747 1283 3805 celaverit
1330 3750 1557 3806 ﬁaciem
1591 3767 1799 3817 suam;
1835 3765 1971 3805 cum

305 3853 502 3910 usque
531 3837 717 3892 hodie
758 3841 892 3893 ante
922 3837 1151 3893 vultum
1185 3837 1369 3912 Mojsi
1418 3837 1682 3894 velamen
1714 3837 1972 3910 positum

309 3929 387 3982 sit
415 3924 644 4000 populo
677 3942 794 3981 non
844 3926 1122 3982 credenti.
1159 3928 1312 3983 118
1360 3927 1744 3998 Extenditque
1774 3926 1974 3982 Domi-

312 4032 440 4070 nus
468 4019 592 4070 rete
638 4031 820 4070 suum
869 4031 1046 4087 super
1087 4013 1470 4086 illum,juxta
1515 4014 1574 4070 id
1605 4015 1760 4087 quod
1808 4015 1879 4070 de
1910 4030 1975 4071 eo

2091 451 2242 506 circo
2273 451 2617 523 disperserit
2659 468 2760 510 eos
2811 452 2869 506 in
2896 451 3193 525 gentibus,
3223 455 3282 508 et
3318 451 3734 510 disseminave-

2088 539 2163 594 rit
2192 540 2252 595 in
2285 546 2488 609 terras,
2519 545 2584 596 ut
2614 540 2867 597 multum
2917 542 3174 598 fructum
3205 541 3479 598 facerent.
3509 541 3578 598 Et
3605 540 3736 598 reli-

2088 628 2217 699 quit
2245 644 2313 683 ex
2334 628 2418 685 eis
2437 645 2654 701 paucos
2680 629 2857 698 viros,
2873 627 3028 686 sicut
3050 630 3340 686 Joannem
3363 629 3730 701 Apostolum,

2087 720 2146 772 et
2175 720 2430 784 caeteros,
2465 736 2500 774 a
2527 717 2742 790 gladio,
2775 722 2833 775 et
2862 719 3040 786 fame,
3069 722 3127 774 et
3162 716 3494 789 pestilentia
3519 718 3734 776 libera-

2088 808 2198 874 tos,
2217 810 2275 862 et
2295 808 2765 878 persecutionum
2797 808 3086 880 impetum
3113 806 3496 877 declinantes,
3514 810 3580 863 ut
3607 825 3739 865 nar-

2087 897 2219 950 rent
2268 895 2484 952 scelera
2528 895 2869 952 Judzeorum
2900 900 2958 952 et
3004 895 3344 968 iniquitates
3392 900 3738 953 cunctarum

2085 983 2351 1054 gentium
2382 985 2453 1040 ad
2485 1001 2633 1056 quas
2665 985 2916 1058 ingressi
2945 989 3107 1054 sunt,
3125 988 3190 1041 ut
3219 989 3350 1041 acta
3377 984 3739 1056 poenitentia,

2087 1071 2304 1128 scirent
2330 1073 2487 1144 quod
2512 1073 2638 1146 ipse
2667 1078 2821 1131 esset
2855 1074 3161 1130 Dominus.
3186 1077 3318 1130 Haec
3352 1074 3629 1145 diximus,
3656 1073 3740 1130 le-

2087 1160 2265 1216 ctoris
2288 1161 2528 1218 arbitrio
2534 1162 2827 1233 judicium
2845 1161 3559 1235 relinquentes.Caaterum
3580 1161 3743 1220 nulla

2085 1247 2375 1304 dubitatio
2406 1252 2518 1316 est,
2550 1249 2947 1321 periculosum
2970 1265 3098 1307 esse
3129 1250 3470 1323 regisimpii
3501 1249 3742 1323 captivi-

2085 1339 2264 1392 tatem
2300 1341 2357 1392 et
2389 1353 2610 1407 necem,
2643 1343 3012 1396 sacramento
3039 1338 3273 1395 Domini
3302 1353 3664 1411 comparare.

2156 1461 2342 1533 (Vere.
2379 1462 2445 1515 17
2476 1464 2665 1534 seqq.)
2682 1464 2749 1518 Et
2775 1463 2956 1533 factus
2985 1471 3064 1518 est
3081 1477 3256 1519 sermo
3281 1459 3504 1519 Doniini
3521 1464 3602 1520 ad
3629 1458 3738 1534 me,

2084 1549 2271 1606 dicens
2305 1567 2317 1605 :
2350 1551 2464 1606 Fili
2510 1551 2768 1620 hominis,
2796 1566 2999 1622 panem
3029 1557 3190 1607 tuum
3218 1552 3281 1606 in
3329 1552 3742 1608 conturbatione

2085 1638 2300 1694 comede
2330 1637 2522 1711 [Vulg.
2548 1639 2732 1695 addit.
2759 1640 2872 1711 sed]
2900 1683 2912 1707 ,
2945 1643 2996 1695 et
3024 1656 3225 1710 aquam
3247 1645 3404 1695 tuam
3430 1641 3492 1694 in
3514 1642 3742 1710 festina-

3036 1727 3225 1799 [Vulg.
3260 1727 3424 1794 dices]
3453 1727 3523 1783 ad
3568 1727 3740 1800 popu-

2084 1817 2203 1871 lum
2233 1821 2398 1873 terrae
2422 1834 2440 1870 :
2475 1818 2598 1874 Haec
2626 1817 2760 1872 dicit
2787 1817 3049 1873 Dominus
3079 1818 3220 1872 Deus
3235 1816 3305 1872 ad
3335 1831 3424 1872 eos
3453 1818 3549 1888 qui
3578 1815 3736 1872 habi-

2083 1910 2203 1961 tant
2231 1907 2552 1976 Jerusalem,
2580 1907 2639 1961 in
2666 1909 2816 1961 terra
2835 1906 3003 1962 Israel
3028 1922 3040 1960 :
3064 1906 3273 1961 Panem
3300 1921 3464 1960 suum
3489 1906 3550 1960 in
3577 1894 3741 1962 solli-

2081 1993 2323 2049 citudine
2351 1993 2648 2060 comedent,
2681 2002 2732 2049 et
2757 2009 2963 2066 aquam
2991 2009 3154 2049 suam
3183 1993 3244 2048 in
3273 1990 3623 2050 desolatione
3649 1981 3738 2048 bi-

2085 2083 2228 2154 bent,
2253 2090 2315 2138 ut
2341 2083 2609 2139 desoletur
2639 2090 2784 2138 terra
2807 2099 2841 2138 a
2868 2079 3231 2138 multitudine
3244 2098 3348 2137 sua
3376 2090 3602 2154 propter
3621 2081 3737 2136 ini-
3765 2080 3776 2089 ”

2082 2173 2345 2243 quitatem
2373 2174 2620 2228 omnium
2650 2175 2745 2244 qui
2772 2172 3024 2228 habitant
3052 2173 3114 2226 in
3143 2187 3227 2227 ea.
3252 2170 3319 2226 Et
3343 2171 3586 2227 civitates
3615 2165 3740 2242 qua

2079 2277 2228 2315 nunc
2257 2259 2600 2329 habitantur,
2619 2260 2879 2318 desolata?
2905 2264 3088 2330 erunt,
3113 2267 3368 2332 terraque
3387 2255 3607 2316 deserta
3637 2275 3651 2315 :
3685 2249 3738 2314 et

2080 2351 2264 2405 scietis
2297 2352 2430 2419 quia
2474 2365 2571 2418 ego
2600 2350 2884 2406 Dominus.
2922 2349 3063 2404 LXX
3097 2366 3111 2403 :
3146 2350 3212 2404 Et
3241 2351 3418 2420 factus
3464 2352 3541 2404 est
3563 2349 3739 2405 sermo

2079 2439 2303 2494 Domini
2349 2438 2418 2492 ad
2468 2454 2570 2506 me,
2610 2438 2842 2500 dicens;
2892 2439 3003 2493 Fili
3050 2438 3306 2509 hominis,
3332 2453 3534 2510 panem
3575 2441 3740 2493 tuum

2081 2543 2206 2582 cum
2236 2527 2418 2583 dolore
2447 2525 2710 2592 comedes,
2741 2528 2792 2581 et
2821 2542 3024 2596 aquam
3053 2529 3206 2580 tuam
3238 2540 3361 2580 cum
3390 2533 3655 2581 tormento
3684 2522 3738 2580 et

2077 2617 2332 2687 angustia
2364 2615 2526 2670 bibes.
2557 2617 2632 2670 Et
2656 2615 2800 2670 dices
2820 2615 2894 2669 ad
2917 2613 3182 2686 populum
3205 2621 3370 2671 terra
3398 2630 3417 2668 :
3447 2613 3570 2668 Παῖς
3597 2611 3742 2668 dicit

2075 2705 2290 2760 Adonai
2307 2705 2570 2760 Dominus
2590 2704 2986 2759 habitatoribus
3003 2703 3309 2758 Jerusalem
3330 2711 3494 2773 super
3523 2697 3733 2757 terram

2077 2794 2293 2849 Israel:
2325 2794 2502 2850 Panes
2549 2807 2673 2848 suos
2700 2808 2826 2846 cum
2870 2794 3103 2862 egestate
3143 2791 3440 2856 comedent,
3472 2791 3624 2845 1⁸19
3675 2791 3727 2846 et

2076 2899 2278 2953 aquam
2328 2897 2486 2936 suam
2535 2897 2660 2936 cum
2689 2880 3046 2952 dissipatione
3095 2880 3294 2946 bibent,
3325 2882 3385 2934 ut
3431 2879 3730 2948 dissipetur

2076 2979 2220 3027 terra
2250 2980 2300 3026 et
2324 2970 2611 3042 plenitudo
2651 2971 2788 3040 ejus.
2821 2970 2885 3024 In
2914 2971 3197 3040 impietate
3225 2969 3374 3024 enim
3419 2984 3604 3023 omnes
3635 2961 3734 3040 qui

2077 3060 2327 3115 habitant
2355 3062 2414 3115 in
2445 3076 2531 3129 ea,
2565 3067 2616 3114 et
2643 3060 2887 3114 civitates
2917 3074 3104 3114 eorum
3134 3071 3257 3129 quae
3293 3057 3638 3126 habitantur,
3661 3058 3730 3112 in

2076 3149 2466 3205 desolationem
2495 3151 2742 3212 erunt,et
2771 3154 2916 3202 terra
2935 3147 3313 3218 dissipabitur,
3325 3149 3376 3201 et
3403 3135 3730 3216 cognoscetis

2080 3240 2211 3308 quia
2247 3236 2493 3308 egolsum
2510 3238 2794 3292 Dominus.
2827 3236 2966 3291 Post
3014 3234 3294 3308 principis
3325 3239 3383 3290 et
3434 3236 3728 3291 sociorum

2075 3327 2203 3397 ejus
2235 3325 2623 3397 prophetiam,
2661 3341 2790 3396 quas
2829 3324 2939 3380 sub
2972 3322 3257 3396 corporali
3293 3322 3551 3396 imagine
3571 3339 3733 3379 mon-

2075 3415 2400 3485 strabatur,
2420 3414 2579 3470 venit
2599 3414 2670 3470 ad
2702 3412 2988 3486 populum
3009 3429 3022 3467 :
3043 3417 3102 3468 et
3127 3411 3412 3484 quidquid
3437 3411 3732 3483 prophetae

2078 3503 2432 3575 dicitur,per
2451 3501 2796 3576 prophetam
2819 3502 3065 3558 refertur
3093 3501 3165 3556 ad
3189 3500 3547 3556 habitatores
3569 3500 3736 3556 Jeru-

2081 3593 2286 3664 salem,
2311 3592 2468 3664 quod
2486 3591 2544 3646 in
2570 3591 2896 3646 obsidionis
2918 3589 3094 3656 malo,
3117 3606 3323 3662 panem
3347 3605 3526 3644 suum
3543 3604 3736 3645 come-

2079 3684 2224 3739 dant
2249 3683 2308 3737 in
2339 3679 2615 3752 angustia
2629 3683 2686 3735 et
2705 3682 2984 3750 egestate,
3004 3682 3060 3733 et
3080 3693 3294 3748 aquam
3317 3692 3486 3732 suam
3511 3692 3735 3748 nequa-

2081 3786 2257 3842 quam
2291 3769 2350 3824 in
2382 3767 2762 3837 abundantia,
2805 3766 2907 3821 sed
2940 3781 3076 3820 cum
3108 3767 3399 3820 tormento
3431 3763 3654 3831 bibant,
3677 3766 3738 3842 et

2083 3857 2477 3915 tribulatione.
2531 3856 2663 3910 Hec
2711 3859 2929 3925 autem,
2967 3853 3182 3925 inquit,
3214 3870 3246 3908 ο
3295 3851 3598 3925 propheta,
3630 3851 3738 3930 tibi

2086 3948 2388 4013 dicuntur,
2419 3949 2485 4000 ut
2512 3948 2577 4000 tu
2607 3942 2868 4015 loquaris
2899 3944 2969 3999 ad
3002 3942 3286 4016 populum
3316 3945 3483 3997 terra
3515 3945 3649 4013 tuae,
3684 3945 3741 3998 et

2085 4036 2247 4092 dicas
2273 4051 2285 4089 :
2314 4034 2443 4090 Haec
2468 4031 2610 4088 dicit
2626 4031 2910 4087 Dominus
2930 4030 3361 4088 habitatoribus
3384 4027 3738 4098 Jerusalem,

315 4120 546 4176 31301153
579 4102 844 4197 19‘1th
870 4103 931 4197 ign
985 4103 1216 4159 cantico
1238 4193 1246 4197 Α
1266 4103 1639 4197 Canticorum
1673 4121 1686 4160 ⁵
1721 4105 1851 4160 Ecce
1880 4105 1980 4159 ίδίθ
2087 4141 2216 4197 quae
2248 4127 2337 4179 est
2365 4123 2423 4177 in
2446 4127 2603 4178 terra
2635 4119 2810 4176 Israel
2837 4137 2849 4175 :
2877 4120 3113 4176 Obsessi
3144 4137 3178 4176 a
3202 4117 3744 4175 Nabuchodonosor

311 4198 436 4266 post
459 4195 743 4265 parietem
772 4196 1020 4248 nostrum
1063 4193 1395 4264 prospiciens
1420 4209 1519 4264 per
1561 4195 1846 4264 fenestras,
1878 4210 1974 4265 ap-

2089 4193 2265 4286 atque
2287 4229 2320 4268 a
2341 4209 2827 4280 Chaldmis,famis
2845 4214 2902 4266 et
2921 4209 3050 4266 sitis
3072 4207 3442 4265 sustinebitis
3493 4206 3740 4275 malum;

309 4299 520 4354 parens
545 4297 652 4354 per
679 4284 822 4337 retia
851 4281 1035 4353 (Cant.
1070 4299 1132 4352 ιι,
1161 4281 1237 4353 9).
1271 4281 1352 4336 De
1401 4297 1515 4352 quo
1565 4287 1622 4337 et
1649 4281 1930 4338 Jeremias
1965 4300 1974 4338 :

2090 4281 2372 4355 ut-omnis
2402 4301 2559 4353 terra
2588 4313 2723 4352 cum
2747 4313 2854 4352 sua
2884 4295 3247 4368 plenitudine
3277 4295 3383 4367 (Al.
3410 4293 3745 4372 multidine)

311 4381 566 4453 Spiritus
597 4381 779 4435 vultus
807 4382 985 4436 nostri
1012 4381 1266 4437 Christus
1293 4381 1575 4447 Dominus,
1600 4383 1789 4451 captus
1819 4382 1898 4436 est
1922 4381 1983 4434 in
2094 4387 2373 4452 deleatur,
2398 4385 2754 4442 habitatores
2778 4385 3119 4458 signiﬁcans
3141 4401 3244 4456 per
3267 4401 3397 4441 eam
3417 4399 3544 4456 quae
3576 4381 3746 4438 inha-

305 4471 557 4541 ρειταιῑίδ
587 4470 792 4524 nostris
837 4468 1076 4540 (Thren-
1103 4485 1177 4538 IV,
1205 4467 1319 4539 20)-
1349 4468 1418 4524 El
1447 4485 1460 4522 ι
1495 4468 1632 4524 Cum
1681 4485 1793 4524 ηοη
1821 4470 1977 4539 fecis-
2007 4461 2052 4526 D
2084 4477 2322 4533 bitatur.
2358 4476 2428 4530 Et
2479 4491 2550 4530 ne
2582 4478 2790 4547 putent
2819 4474 2931 4529 sibi
2964 4474 3072 4530 hoc
3101 4473 3330 4529 evenire
3361 4472 3490 4528 sine
3520 4488 3701 4528 causa
3731 4485 3746 4526 :

315 4564 394 4614 set
422 4565 731 4630 peccatum,
760 4573 863 4629 pro
893 4557 1049 4613 nobis
1068 4561 1350 4629 peccatum
1377 4561 1557 4628 [actus
1585 4566 1666 4613 est
1685 4559 1757 4627 (II
1783 4557 1904 4612 Cor.
1926 4575 1974 4624 v,

2092 4565 2215 4635 Dic,
2249 4565 2462 4637 inquit,
2497 4564 2602 4631 eis,
2627 4563 2785 4636 quod
2817 4566 3057 4634 propter
3080 4561 3301 4618 scelera
3325 4577 3528 4617 eorum
3561 4564 3618 4616 et
3638 4560 3750 4613 im-

320 4651 438 4713 ἳὶὶο
495 4647 569 4702 Et
619 4647 960 4717 adducetur,
1007 4647 1106 4715 ait.
1153 4646 1213 4701 in
1261 4645 1637 4718 Babylonem,
1691 4645 1984 4702 οοηΓυδίο-
2095 4656 2362 4726 pietates,
2386 4669 2592 4708 omnes
2617 4652 2793 4707 urbes
2832 4651 3044 4706 Judaaaa
3078 4651 3149 4706 ad
3184 4647 3564 4706 solitudinem
3597 4643 3750 4701 redi-

329 4751 472 4790 ηοω
501 4735 675 4792 istius
710 4736 933 4805 mundi,
969 4735 1028 4790 in
1059 4739 1276 4792 terram
1306 4735 1711 4793 Chaldaeorum
1767 4736 1864 4808 qui
1897 4735 1986 4790 in-
2097 4745 2297 4817 gendze
2338 4742 2476 4810 sint,
2511 4745 2568 4796 et
2600 4740 2873 4796 universa
2901 4744 3065 4796 terra:
3097 4737 3326 4794 cultura
3345 4735 3656 4806 dispereat,
3688 4737 3756 4789 ut

328 4829 751 4896 terpretantur.
782 4825 940 4898 quasi
968 4823 1345 4892 άκῖηοηίανυΐ
1374 4840 1473 4879 803
1494 4825 1592 4896 qni
1623 4824 1989 4880 ἀεέῐῐιοηίδυε
2100 4837 2456 4905 cognoscant
2504 4830 2688 4885 Deum
2736 4829 3089 4895 saevientem,
3140 4841 3316 4898 quem
3371 4823 3752 4879 miserantem

325 4914 576 4970 fuerant
603 4913 945 4986 mancipati,
969 4913 1288 4970 retraheret
1308 4915 1379 4970 ad
1411 4913 1660 4969 salutem
1692 4932 1703 4979 ;
1738 4918 1794 4969 et
1815 4913 1991 4985 capti-
2107 4935 2456 4994 cognoscere
2503 4918 2840 4974 noluerunt.
2873 4917 3197 4972 Possumus
3234 4915 3404 4985 juxta
3452 4927 3754 4985 anagogen

331 5021 467 5061 V8111
528 5003 764 5059 duceret
810 5003 1120 5076 pristinam
1178 5002 1596 5076 captivitatem.
1655 5004 1988 5076 Ipsamque.
2099 5009 2456 5066 habitatores
2473 5007 2798 5062 Jerusalem
2831 5005 3131 5059 credentes
3154 5001 3382 5057 Christo
3415 4999 3754 5071 dicere,qui

329 5093 555 5165 inquit.
603 5098 843 5162 terram,
893 5092 1295 5149 Chaldaeorum
1340 5109 1456 5149 non
1511 5093 1750 5161 Videbit,
1801 5097 1858 5150 et
1911 5093 1993 5150 ibi
2102 5098 2370 5156 habitant
2400 5096 2459 5150 in
2489 5093 2766 5151 Ecclesia.
2798 5094 2868 5148 Et
2899 5092 2949 5147 si
2979 5108 3082 5164 per
3111 5095 3346 5163 peccata
3383 5088 3543 5145 illius
3574 5088 3755 5145 oll'en-

334 5183 628 5238 morietur
656 5204 671 5250 λ
705 5187 771 5238 ut
800 5198 1002 5238 omnes
1034 5199 1141 5239 nos
1171 5199 1282 5238 sua
1311 5186 1496 5239 morte
1534 5181 1802 5238 vivificet.
1839 5184 1993 5240 Cun-
2105 5204 2232 5244 sam
2264 5185 2604 5250 meruerint,
2638 5182 2950 5239 comedant
2980 5196 3191 5252 panem
3223 5196 3359 5238 eum
3389 5181 3668 5254 egestate,
3699 5181 3757 5233 et

333 5281 461 5328 ctus
495 5277 700 5328 autem
741 5273 1040 5343 adjutores
1087 5274 1216 5345 ejus
1245 5276 1303 5327 et
1351 5271 1561 5340 socios,
1596 5272 1892 5344 apostolos
1940 5279 1998 5332 et
2105 5278 2313 5333 bibant
2342 5289 2555 5346 aquam
2577 5288 2712 5327 cum
2737 5285 2983 5326 moerere
3005 5273 3061 5325 et
3081 5269 3390 5343 angustia:
3418 5284 3534 5330 non
3557 5263 3755 5322 cibum

337 5359 702 5434 apostolicos
726 5359 883 5416 viros
906 5360 1186 5434 dispersit
1215 5361 1275 5416 in
1307 5361 1645 5417 universum
1675 5362 1897 5418 orbem.
1931 5367 2000 5418 Et
2108 5366 2297 5439 panis,
2332 5379 2436 5420 nec
2494 5364 2701 5433 potum
2751 5376 2936 5432 aquae,
2969 5357 3068 5415 sed
3119 5359 3334 5419 famem
3376 5353 3665 5414 sermonis
3702 5354 3762 5410 et
3815 5367 3819 5371 '

340 5449 679 5523 evaginavit
697 5450 961 5523 gladium
993 5455 1122 5522 post
1152 5467 1274 5516 eos,
1295 5454 1357 5505 ut
1386 5449 1563 5505 variis
1581 5457 2000 5508 coronarentur
2109 5455 2383 5512 doctrinae
2411 5452 2512 5507 Dei
2547 5450 2908 5505 sustinentes
2934 5449 3112 5520 (Amos
3143 5449 3289 5518 VIII).
3325 5443 3568 5512 Quando
3602 5441 3762 5499 enim

340 5538 673 5611 martyriis,
705 5543 761 5595 et
787 5542 930 5594 tunc
961 5538 1353 5613 intelligerent
1400 5538 1488 5596 vel
1518 5538 1653 5614 ipsi,
1684 5540 1774 5598 vel
1803 5541 1864 5599 hi
1897 5543 2001 5619 qni
2107 5543 2199 5605 vel
2227 5542 2365 5601 vitio
2395 5537 2754 5617 principum,
2787 5538 2889 5619 qui
2920 5538 3187 5618 capiendi
3220 5538 3361 5595 sunt
3387 5537 3446 5593 et
3490 5531 3762 5596 tradendi

671 5664 939 5734 Parant.
985 5665 1183 5734 XXV.
3399 5661 3444 5746 ι
