4020 6186
348 309 469 373 109

957 313 1705 380 GOMMENTARIORUM
1751 316 1830 378 IN
1876 318 2372 381 EZECHIELEM
2416 317 2570 380 LIB.
2614 319 2723 382 IV.
2769 319 2942 381 CAP.
2985 318 3148 382 XIII.

3632 319 3752 384 110

340 444 643 518 prophetas
670 445 857 503 sancti
876 448 996 504 sint
1021 448 1325 522 apostolici
1353 456 1410 507 et
1429 450 1677 523 apostoli
1704 451 1832 507 viri.
1865 452 1996 508 Pro-
2023 454 2081 520 Α
2108 452 2294 524 pheta:
2326 452 2501 508 Israel
2532 452 2792 524 vulpium
2821 452 3043 509 similes
3074 456 3235 523 sunt,
3264 452 3519 525 quotidie
3549 454 3752 512 dome-

342 534 529 605 phetaa
555 539 751 591 autem
782 537 1095 594 mendaces
1126 543 1299 612 atque
1321 540 1544 610 furiosi,
1577 556 1780 597 omnes
1818 540 1992 597 haere-

335 623 435 678 tici
461 640 477 691 ;
513 640 762 695 quorum
792 625 1087 699 principes
1108 644 1177 684 ex
1194 645 1300 685 suo
1316 630 1488 685 corde
1502 630 1837 703 conﬁngant
1857 655 1871 699 ;
1890 629 1991 702 qui

330 716 537 768 autem
582 714 652 769 ab
682 714 767 770 eis
796 716 1023 771 seducti
1054 720 1213 786 sunt,
1246 716 1496 774 aliorum
1530 718 1853 775 mendaciis
1889 734 1988 775 ac-

330 800 663 872 quiescant.

404 909 592 977 (V'ers.
622 909 700 981 3).
741 911 831 967 Vae
858 911 1138 984 prophetis
1184 915 1591 985 insipientibus,
1622 917 1719 988 qui
1748 931 1986 987 sequun-

330 999 431 1051 tur
457 998 717 1068 spiritum
746 1015 929 1066 suum,
960 1008 1013 1055 et
1038 1001 1191 1057 nihil
1217 1002 1418 1058 vident.
1452 1003 1624 1059 LXX:
1666 1006 1747 1060 Vw
1777 1005 1861 1060 his
1891 1006 1989 1076 qui

326 1085 658 1156 praphetant
686 1087 755 1143 de
780 1087 939 1144 corde
965 1098 1143 1160 suo,et
1185 1093 1408 1147 omnino
1435 1107 1550 1148 non
1576 1092 1777 1163 vident,
1811 1092 1986 1149 relin-

332 1179 583 1246 quentes
610 1174 761 1231 illud
792 1177 949 1249 quod
984 1194 1018 1233 a
1046 1179 1213 1235 nobis
1241 1180 1608 1252 propositum
1639 1185 1747 1253 est,
1795 1184 1891 1255 qui
1908 1199 1988 1239 se-

328 1273 579 1333 quuntur
596 1266 859 1336 spiritum
879 1267 1211 1324 suum.Cum
1234 1269 1647 1342 prophetarum
1671 1287 1883 1327 nomen
1901 1288 1986 1329 se-

324 1352 592 1408 cundum
616 1353 885 1427 regulam
899 1354 1334 1427 Scripturarum
1349 1357 1518 1414 bonis
1530 1358 1819 1431 malisque
1831 1375 1985 1416 com-

324 1457 505 1498 mune
534 1442 635 1512 sit,
664 1442 727 1497 in
757 1459 824 1499 eo
856 1443 1155 1513 diﬁ‘erunt,
1180 1446 1335 1517 quod
1366 1446 1501 1502 boni
1531 1447 1825 1520 prophetae
1856 1464 1985 1505 esse

323 1531 483 1587 128
509 1530 795 1587 dicuntur
825 1533 1143 1604 sapientes,
1165 1533 1304 1590 mali
1337 1538 1530 1591 autem
1557 1534 1723 1592 stulti
1753 1540 1810 1592 et
1838 1535 1981 1592 insi-

320 1619 559 1690 pientes
585 1636 600 1674 :
633 1636 890 1692 quorum
912 1621 1162 1677 alterum
1194 1621 1440 1679 refertur
1455 1624 1526 1680 ad
1558 1624 1982 1682 ecclesiasticos

321 1707 504 1775 viros,
536 1706 788 1764 alterum
839 1709 913 1765 ad
943 1716 1148 1767 omnes
1198 1711 1520 1779 haereticos,
1553 1713 1652 1784 qui
1682 1714 1783 1769 Dei
1814 1714 1985 1785 spiri-

316 1800 450 1852 tum
480 1798 889 1870 relinquentes
919 1806 1249 1871 sequuntur
1290 1800 1565 1873 spiritum
1597 1818 1809 1859 suum:
1843 1801 1983 1874 quia
2009 1821 2058 1886 B

314 1901 704 1958 nequaquam
725 1886 923 1943 divino
953 1887 1256 1957 instinctu,
1275 1890 1377 1945 sed
1408 1890 1641 1962 proprio
1672 1891 1844 1946 corde
1879 1907 1978 1946 va-

312 1974 655 2031 ticinantur
677 1993 692 2031 :
713 1976 867 2032 unde
887 1981 945 2032 et
960 1976 1108 2033 nihil
1128 1977 1347 2033 vident.
1382 1978 1491 2044 Qui
1521 1984 1717 2035 autem
1744 1980 1979 2052 sapiens

313 2068 425 2129 est,
460 2080 586 2119 non
618 2064 815 2119 cordis
865 2064 957 2120 sui
1006 2065 1408 2138 cogitationes,
1441 2067 1541 2122 sed
1576 2067 1671 2123 Dei
1704 2068 1977 2140 spiritum

313 2154 621 2226 sequitur,
662 2153 834 2223 juxta
882 2152 1028 2210 illud
1059 2155 1214 2227 quod
1248 2154 1393 2211 etin
1421 2156 1821 2228 superioribus
1854 2157 1977 2230 (Su-

311 2260 435 2314 pra,
470 2245 515 2312 1)
549 2241 838 2298 animalia
866 2246 924 2298 et
951 2246 1089 2298 rotae
1119 2244 1393 2316 spiritum
1423 2245 1527 2300 Dei
1558 2247 1974 2318 sequebantur.

316 2332 384 2387 Et
412 2331 716 2405 propheta
746 2330 926 2387 dicit:
959 2335 1088 2386 Post
1137 2334 1433 2389 Dominum
1465 2335 1638 2391 Deum
1667 2342 1823 2391 tuum
1851 2352 1976 2393 am-

315 2422 536 2477 bulabis
566 2420 745 2492 (Psal.
780 2437 933 2487 XXVI,
967 2423 1075 2491 11).
1121 2422 1191 2503 Et
1245 2421 1305 2478 in
1348 2422 1462 2479 alio
1490 2421 1653 2481 loco:
1686 2426 1865 2481 Deduc
1892 2443 1979 2483 me

310 2513 371 2565 in
400 2512 675 2565 semitam
703 2513 907 2565 rectam
936 2508 1048 2581 (Ps.
1082 2525 1252 2577 chn,
1306 2511 1415 2583 10).
1460 2512 1531 2567 Et
1558 2512 1811 2569 iterum:
1844 2514 1977 2586 Spi-

310 2601 463 2655 ritus
490 2602 627 2654 tuus
649 2598 819 2653 bonus
840 2598 955 2669 ipse
974 2598 1204 2655 deducet
1222 2614 1309 2654 me
1334 2602 1394 2655 in
1414 2608 1614 2656 terram
1642 2602 1813 2674 (Psal.
1840 2604 1973 2675 LIX).

308 2689 378 2744 Et
410 2686 642 2760 populo
673 2686 800 2753 Dei,
833 2685 1108 2743 columna
1136 2687 1292 2761 ignis
1322 2692 1380 2744 et
1407 2690 1595 2746 nubes
1627 2694 1752 2746 erat
1778 2692 1896 2747 dux
1915 2692 1974 2747 in

306 2775 645 2832 solitudine
694 2774 886 2845 (Exod.
930 2776 1082 2847 xm).
1122 2776 1193 2831 Et
1218 2776 1505 2833 Jeremias
1530 2777 1824 2850 loquitur:
1858 2780 1977 2837 Non

308 2864 574 2920 laboravi
626 2878 853 2935 sequens
900 2867 952 2918 te
999 2864 1224 2934 (Jerem.
1276 2881 1408 2933 xm,
1460 2866 1572 2937 16).
1614 2867 1753 2933 Quis
1779 2873 1975 2925 autem

302 2952 734 3009 hereticorum
765 2953 864 3024 qui
896 2952 1165 3024 sequitur
1183 2952 1458 3025 spiritum
1482 2971 1680 3024 suum,
1714 2973 1830 3013 non
1862 2958 1973 3013 im-

308 3043 491 3115 piget
516 3042 581 3095 in
602 3041 881 3108 tenebris,
917 3045 976 3097 et
1003 3057 1188 3097 caecus
1216 3058 1398 3100 caecos
1417 3044 1592 3100 ducat
1620 3045 1681 3100 in
1703 3044 1927 3102 foveam
1946 3046 1975 3101 ?

310 3130 499 3187 Unde
525 3128 657 3184 licet
676 3128 789 3185 sibi
811 3130 871 3185 in
895 3130 1210 3202 mysteriis,
1233 3130 1415 3188 immo
1437 3133 1618 3205 orgiis
1648 3134 1774 3191 suis
1802 3134 1976 3207 plura

328 3185 343 3187 -
960 3185 981 3202 ,
1066 3185 1073 3186 κ
1170 3185 1210 3202 -,
1305 3185 1614 3205 τημση-
1650 3185 1771 3191 πη
1845 3185 1975 3191 ---ν

304 3217 736 3275 ecclesiasticis
792 3218 1128 3275 doctoribus
1182 3219 1375 3277 videre
1418 3221 1745 3294 videantur,
1775 3185 1972 3281 tirimen
2006 3185 2050 3253 c

301 3306 466 3364 nihil
497 3306 745 3362 omnino
769 3306 1004 3362 vident:
1056 3307 1194 3379 quia
1223 3308 1406 3365 solem
1428 3310 1674 3380 justitizs
1704 3311 1973 3382 perdide-

300 3395 826 3466 runt,frustraque
870 3394 1178 3451 imitantur
1198 3396 1424 3468 eos,qui
1442 3398 1975 3469 priusvocabantur

300 3485 686 3551 V’identes,et
713 3482 929 3554 quibus
954 3483 1169 3540 dicitur
1202 3501 1215 3540 :
1266 3486 1372 3553 Qui
1399 3486 1548 3542 vides
1578 3487 1715 3543 vade
1745 3505 1757 3543 :
1790 3488 1974 3545 recede

304 3575 365 3627 in
400 3579 627 3628 terram
657 3571 801 3628 Iuda
819 3589 840 3633 ;
869 3576 921 3628 et
948 3573 1010 3627 in
1036 3573 1226 3629 Bethel
1281 3590 1392 3631 non
1415 3576 1762 3649 prOphetabis
1792 3578 1973 3648 (Amos

300 3678 405 3731 vn,
444 3663 539 3729 12,
598 3662 708 3730 13).
752 3649 1142 3724 Quamobrem
1188 3662 1334 3719 visio
1364 3664 1524 3719 Isaia:
1556 3668 1613 3720 et
1639 3665 1839 3721 Abdiae
1871 3684 1973 3739 po-

308 3755 548 3807 nuntur
579 3748 642 3804 in
671 3748 884 3806 titulis.
934 3750 1006 3805 Et
1033 3750 1317 3807 Dominus
1355 3752 1634 3824 apostolis
1664 3756 1970 3828 praecepit:

306 3842 508 3895 Levate
536 3838 733 3895 oculos
752 3846 952 3894 vestros
980 3846 1031 3894 et
1056 3839 1233 3895 videte
1261 3842 1438 3908 (Joan.
1470 3859 1548 3904 1v.
1597 3843 1707 3914 35).
1740 3844 1810 3898 Et
1838 3860 1975 3915 pro-

306 3930 498 4000 pheta
524 3926 878 3999 suppliciter
898 3928 1244 4000 deprecatur
1266 3947 1279 3984 :
1301 3931 1496 3986 Revela
1521 3932 1701 3987 oculos
1727 3947 1893 4003 meos,
1926 3936 1977 3988 et

311 4017 679 4073 considerabo
709 4016 995 4072 mirabilia
1020 4016 1086 4072 de
1113 4018 1229 4089 lege
1258 4026 1354 4074 tua
1382 4020 1497 4090 (Ps.
1529 4036 1724 4089 cxvm,
1757 4021 1866 4091 18).

390 4122 587 4193 (Vere.
620 4124 655 4178 4
684 4122 877 4194 seqq.)
906 4123 1076 4191 Quasi
1122 4124 1307 4196 vulpes
1359 4128 1418 4181 in
1447 4126 1674 4183 desertis
1696 4126 1981 4200 prophetae

314 4215 425 4280 tui,
471 4212 681 4282 Israel,
730 4218 894 4266 erunt
939 4211 1130 4285 [Vulg
1182 4212 1384 4287 erant].
1429 4215 1551 4271 Non
1588 4216 1883 4272 ascenditis
1911 4232 1982 4272 ea:

317 4304 580 4365 adverso,
609 4315 790 4370 neque
841 4302 1167 4371 opposuistis
1220 4319 1442 4358 murum
1475 4319 1578 4373 pro
1606 4304 1762 4361 domo
1790 4305 1978 4373 Israel,

316 4394 376 4445 ut
408 4390 639 4445 staretis
671 4390 733 4442 in
780 4389 979 4459 praelia
1006 4391 1068 4444 in
1096 4391 1189 4446 die
1236 4392 1474 4448 Domini.
1515 4393 1700 4450 Vident
1736 4410 1899 4464 vana,
1931 4396 1984 4449 et

318 4478 589 4533 divinant
641 4477 1011 4546 mendacium,
1068 4478 1327 4550 dicentes,
1386 4483 1468 4536 ait
1518 4484 1822 4539 Dominus:
1858 4499 1985 4539 cum

2100 541 2380 597 sticarum
2410 541 2606 597 avium
2637 541 2792 597 furta
2821 541 3126 599 facientes:
3163 541 3264 615 qui
3292 542 3752 615 habitantjuxta

2097 628 2371 700 Aquilam
2394 633 2451 685 et
2481 630 2642 699 LXX,
2677 633 2740 686 in
2767 630 3024 701 desertis;
3050 632 3222 705 juxta
3244 632 3664 704 Symmachum
3693 635 3753 689 et

2098 717 2647 788 Theodotionem,in
2670 721 2967 792 parietinis
2991 724 3168 793 atque
3190 721 3465 778 ruinosis:
3498 722 3600 794 qui
3629 738 3749 778 non

2094 811 2347 879 possunt
2373 809 2687 865 ascendere
2716 825 2786 865 ex
2832 810 3096 878 adverso,
3148 826 3337 883 neque
3373 827 3613 867 murum
3643 827 3750 884 pro

2095 905 2269 961 domo
2301 905 2478 963 Israel
2511 922 2821 979 opponere.
2886 906 3160 980 Legimus
3207 912 3402 964 Aaron
3434 908 3749 964 adversum

2094 992 2290 1065 ignem
2325 994 2557 1051 Israelis
2587 995 2871 1069 populum
2929 996 3301 1053 devorantem
3339 995 3663 1053 occurrisse
3690 999 3749 1053 et

2095 1082 2329 1139 stetisse
2376 1082 2661 1154 medium,
2694 1088 2752 1140 et
2779 1084 3127 1156 opposuisse
3154 1100 3390 1140 murum
3420 1101 3525 1157 pro
3555 1083 3747 1142 salute

2094 1169 2293 1242 populi
2318 1173 2501 1242 (Nam.
2533 1173 2670 1244 xv1).
2703 1172 2968 1229 Jeremie
3012 1188 3247 1245 quoque
3278 1172 3515 1243 dicitur,
3546 1189 3619 1230 ne
3648 1169 3744 1229 oc-

2094 1263 2290 1316 currat
2309 1261 2772 1335 Domino,neque
2793 1266 2908 1319 stet
2925 1267 3128 1320 contra
3147 1264 3296 1319 iram
3316 1265 3445 1335 ejus
3464 1262 3744 1321 orationis

2092 1350 2755 1421 perseverentiaUerem.
2790 1352 2911 1423 vn).
2944 1352 3109 1408 Sicut
3156 1352 3314 1408 enim
3348 1369 3555 1409 murus
3585 1351 3744 1410 hosti

2092 1439 2427 1509 opponitur,
2459 1442 2516 1494 et
2568 1439 2898 1495 adversario
2953 1441 3179 1496 occurri
3225 1440 3374 1497 solet
3403 1458 3473 1497 ex
3499 1443 3743 1499 adverso

2092 1514 2410 1598 contraque
2429 1526 2684 1583 venienti
2702 1546 2715 1584 :
2735 1528 2817 1584 ita
2832 1528 2933 1584 Dei
2954 1530 3245 1585 sententia
3267 1533 3603 1585 sanctorum
3615 1546 3745 1603 pre-

2090 1613 2255 1670 cibus
2277 1616 2755 1689 frangitur.Unde
2784 1622 2841 1673 et
2871 1617 3052 1690 Moysi
3082 1618 3333 1674 dicitur:
3365 1618 3590 1675 Dimitte
3631 1634 3740 1690 me,

2088 1709 2142 1758 et
2172 1703 2354 1760 delebo
2379 1706 2646 1777 populum
2674 1708 2862 1762 istum.
2912 1706 3017 1761 Cui
3049 1706 3207 1762 enim
3237 1707 3487 1762 dicitur:
3518 1700 3745 1765 Dimitte

2088 1809 2178 1848 me
2205 1793 2409 1865 (Exod.
2442 1811 2619 1867 xxxn,
2669 1795 2777 1867 10),
2811 1794 3140 1851 ostenditur
3181 1796 3336 1867 quod
3368 1796 3608 1853 tenendi
3638 1796 3744 1853 ha-

2090 1881 2223 1938 beat
2252 1882 2611 1939 facultatem.
2638 1883 2739 1968 Isti
2761 1887 2915 1940 stare
2946 1900 3061 1940 non
3094 1888 3343 1956 possunt
3368 1884 3429 1939 in
3456 1883 3654 1957 praelio
3682 1884 3744 1942 in

2089 1978 2182 2034 die
2203 1979 2456 2047 Domini,
2479 1986 2544 2035 ut
2570 1998 2674 2053 pro
2706 1981 2920 2053 populo
2950 1981 3224 2054 precibus
3253 1981 3532 2038 dimicent
3563 1985 3621 2038 et
3646 1998 3740 2039 re-

2089 2067 2304 2124 sistant
2330 2068 2836 2125 obsecrationibus
2885 2069 3184 2126 sententite
3226 2070 3349 2126 Dei.
3392 2070 3539 2137 Quia
3567 2069 3745 2141 igitur

2084 2172 2234 2213 vana
2268 2156 2658 2229 conspiciunt,
2681 2161 2737 2213 et
2765 2157 3031 2214 divinant
3051 2157 3448 2227 mendacium,
3480 2162 3537 2214 et
3565 2174 3599 2214 a
3627 2158 3741 2214 Do-

2087 2245 2248 2301 mino
2270 2245 2486 2302 missos
2513 2261 2643 2303 esse
2675 2261 2737 2302 se
2765 2245 2989 2318 dicunt,
3006 2263 3141 2303 cum
3170 2263 3289 2303 non
3319 2246 3439 2303 sint
3468 2246 3635 2303 missi
3666 2246 3739 2302 ab

2087 2350 2175 2401 eo,
2206 2339 2265 2390 et
2293 2338 2665 2406 perseverant
2710 2334 2771 2389 in
2825 2335 3145 2401 erroribus,
3190 2340 3248 2391 et
3287 2351 3463 2391 suum
3493 2336 3742 2409 cupiunt

2086 2422 2320 2478 ﬁrmare
2367 2438 2734 2490 sermonem;
2790 2427 3120 2495 arguuntur
3168 2424 3324 2494 quod
3374 2422 3572 2480 omnia
3619 2423 3741 2479 sint

2086 2528 2253 2567 cassa
2299 2527 2426 2581 quae
2475 2511 2812 2582 praedicant,
2863 2527 3037 2566 suum
3082 2510 3454 2567 mendacium
3501 2510 3739 2566 Domini

2086 2616 2417 2656 sermonem
2448 2616 2577 2656 esse
2607 2599 2887 2655 dicentes.
2936 2600 3114 2655 Porro
3143 2600 3314 2671 juxta
3359 2598 3743 2671 Septuaginta

2083 2688 2182 2744 hic
2212 2704 2424 2745 sensus
2454 2691 2578 2744 est:
2613 2686 2830 2744 Omnes
2858 2687 3114 2743 haeretici
3144 2690 3380 2760 prepter
3408 2686 3746 2744 fraudulen-

2085 2778 2225 2835 tiam
2260 2794 2327 2833 ac
2358 2776 2677 2848 nequitiam
2698 2776 2965 2849 vulpium
2987 2774 3213 2832 similes
3234 2779 3399 2845 sunt,
3421 2776 3494 2832 de
3525 2775 3748 2848 quibus

2081 2864 2345 2923 Salvator
2388 2864 2685 2937 loquitur:
2722 2865 2914 2937 Vulpes
2956 2866 3136 2936 foveas
3164 2864 3383 2931 habent,
3416 2867 3470 2920 et
3495 2864 3745 2920 volucres

2083 2956 2207 3010 mli
2254 2953 2410 3010 nidos
2440 2953 2644 3025 (Matth.
2698 2970 2821 3020 vm,
2854 2953 2967 3021 20).
3000 2954 3072 3009 Et
3099 2953 3170 3009 de
3199 2952 3423 3008 Herode
3460 2951 3747 3024 scriptum

2082 3047 2208 3100 est:
2243 3044 2417 3099 Dicite
2458 3043 2614 3114 vulpi
2658 3043 2788 3096 huic
2836 3042 2988 3113 (Luc.
3021 3058 3146 3113 xm,
3179 3041 3292 3113 32).
3325 3041 3395 3096 Et
3425 3041 3496 3096 de
3523 3040 3745 3097 eisdem

2084 3130 2360 3203 vulpibus
2390 3147 2520 3202 qua:
2552 3128 2824 3202 parvulos
2877 3128 3294 3202 simplicesque
3322 3128 3642 3201 decipiunt,
3679 3132 3741 3184 et

2087 3228 2442 3301 populantur
2469 3228 2700 3284 vineam
2732 3226 2970 3296 Christi,
2990 3225 3264 3283 Salomon
3295 3226 3591 3298 loquitur:
3627 3225 3739 3284 Ca-

2080 3321 2190 3389 pite
2218 3318 2380 3373 nobis
2407 3317 2591 3388 vulpes
2615 3315 3229 3388 parvulas,dissipantes
3259 3317 3443 3371 vineas
3473 3315 3651 3384 (Cant.
3670 3329 3733 3382 ῐι,

2086 3406 2271 3477 15).Et
2302 3406 2361 3461 in
2395 3404 2623 3478 psalmo
2653 3421 2833 3477 super
2861 3404 2955 3460 his
2985 3405 3086 3477 qui
3117 3421 3317 3460 eorum
3340 3402 3737 3460 fraudulentia

2083 3494 2539 3566 supplantantur
2557 3493 2789 3549 canitur
2811 3510 2824 3550 :
2845 3494 3152 3549 lntroibunt
3174 3495 3233 3549 in
3255 3494 3529 3565 inferiora
3544 3499 3728 3561 terra,

2081 3583 2371 3640 tradentur
2406 3584 2464 3638 in
2516 3599 2717 3638 manus
2770 3582 2965 3654 gladii,
3026 3586 3210 3653 partes
3265 3582 3516 3654 vulpium
3568 3588 3732 3636 erunt

2083 3673 2254 3744 (Psal.
2284 3689 2416 3744 mm,
2448 3672 2535 3739 10,
2570 3671 2755 3741 11).Hi
2787 3671 3079 3742 prophetae
3102 3669 3203 3741 qui
3222 3669 3484 3741 vulpium
3508 3668 3731 3724 similes

2084 3765 2241 3829 sunt,
2276 3778 2394 3817 non
2424 3763 2715 3816 steterunt-
2738 3759 2796 3813 in
2826 3760 3196 3813 ﬁrmamento
3221 3776 3235 3826 ;
3268 3774 3372 3813 nec
3402 3773 3537 3812 cum
3563 3759 3733 3812 Petro

2083 3850 2288 3907 audire
2335 3851 2714 3904 meruerunt:
2749 3848 2822 3902 Tu
2869 3862 2923 3902 es
2950 3848 3183 3902 Petrus:
3215 3854 3266 3902 et
3292 3862 3453 3918 super
3483 3845 3624 3902 hanc
3645 3860 3738 3918 pe-

2087 3948 2232 3996 tram
2261 3937 2538 4008 wdiﬁcabo
2566 3937 2864 3992 Ecclesiam
2890 3951 3072 3991 meam
3104 3935 3323 4007 (Matth.
3359 3950 3472 4004 xv1,
3506 3934 3739 4005 18).Neo

1992 4042 2002 4053 '
2086 4027 2270 4100 Moysi
2303 4024 2529 4082 similes
2561 4026 2821 4092 sunt,cui
2849 4024 3075 4080 dictum
3114 4029 3235 4081 est:
3274 4026 3349 4080 Tu
3387 4040 3515 4081 vero
3543 4024 3631 4080 hic
3656 4026 3741 4080 sla

2084 4131 2297 4172 mecum
2327 4116 2501 4185 (Deut.
2528 4131 2587 4181 v,
2618 4112 2730 4185 31).
2756 4113 2871 4169 Nec
2904 4112 3064 4169 illius
3087 4112 3189 4184 qui
3219 4111 3392 4169 dicit:
3429 4112 3627 4168 Statuit
3655 4128 3745 4167 su-

2082 4221 2194 4276 pra
2208 4208 2426 4276 petram
2439 4202 2601 4273 pedes
2612 4218 2792 4264 meos;
2815 4202 2915 4258 sed
2930 4202 3116 4281 ﬂuctu
3125 4204 3372 4257 averunt
3391 4199 3552 4258 omni
3572 4203 3743 4256 vento

2090 4292 2382 4349 doctrinae.
2414 4291 2529 4348 Nec
2581 4294 2871 4347 steterunt
2897 4290 2957 4346 in
3004 4290 3397 4359 ﬁrmamento,
3431 4290 3503 4345 de
3534 4304 3651 4360 quo
3680 4286 3743 4344 in

2090 4387 2288 4438 octavo
2321 4382 2546 4437 decimo
2579 4379 2803 4453 psalmo
2830 4380 2979 4437 I25
3005 4378 3295 4453 legimus:
3322 4378 3458 4435 Gali
3476 4392 3745 4434 enarrans

2092 4472 2336 4543 gloriam
2363 4471 2479 4538 Dei,
2513 4474 2565 4524 et
2593 4485 2754 4542 opera
2781 4485 3052 4523 manuum
3080 4470 3197 4540 ejus
3225 4469 3525 4524 annuntiat
3552 4468 3743 4538 ﬁrma-

318 4568 597 4623 Dominus
620 4582 732 4621 non
758 4567 976 4623 miserit
1022 4584 1135 4635 eos,
1175 4577 1226 4624 ει
1269 4575 1753 4640 perseveraverant
1781 4571 1985 4641 conﬁr.
2012 4553 2060 4618 D
2090 4558 2467 4616 mentum.lsti
2485 4560 2981 4631 congregaverant
2998 4555 3429 4612 irrationabiles
3455 4568 3744 4641 quosque,

320 4672 485 4711 mare
515 4671 840 4712 sermonem.
865 4656 1141 4728 Numquid
1163 4673 1275 4713 non
1310 4660 1576 4716 visionem
1602 4677 1813 4716 cassam
1841 4661 1982 4716 vidi-

326 4746 517 4809 stis,et
544 4744 942 4800 divinationem
969 4746 1280 4802 mendacem
1303 4747 1471 4803 locuti
1492 4750 1664 4804 estis?
1700 4757 1751 4805 et
1780 4749 1985 4821 dicitis,

330 4834 423 4887 ait
457 4832 735 4901 Dominus,
771 4849 896 4889 cum
931 4849 1028 4903 ego
1057 4851 1170 4890 non
1208 4837 1314 4891 sim
1363 4833 1587 4894 locutus;
1623 4837 1803 4893 LXX:
1830 4839 1988 4895 Sicut

328 4921 528 4993 nupes
544 4923 607 4976 in
628 4922 858 4978 desertis
873 4922 1158 4995 propheta?
1179 4925 1283 4990 tui,
1300 4925 1470 4981 Israel
1490 4924 1597 4997 [ΑΙ.
1622 4926 1805 4982 addit.
1829 4934 1990 4982 erant

328 5014 436 5066 aut
459 5012 673 5082 erunt].
698 5013 817 5067 Non
844 5020 1108 5068 steterunt
1138 5015 1195 5067 in
1216 5014 1586 5084 ﬁrmtmento,
1612 5022 1663 5071 et
1693 5030 1988 5085 congrega-

328 5104 535 5156 verant
553 5116 755 5172 greges
772 5117 939 5172 super
964 5101 1183 5158 domum
1211 5103 1398 5159 Israel.
1428 5103 1545 5160 Non
1574 5111 1995 5161 resurrexerunt

327 5192 432 5262 qui
458 5189 655 5245 dicunt
677 5190 737 5244 in
754 5190 843 5247 die
864 5192 1086 5247 Domini
1106 5212 1125 5259 ;
1147 5192 1390 5248 videntes
1413 5191 1724 5262 mendacia,
1741 5193 1994 5249 divinan-

328 5287 413 5334 tes
434 5295 606 5350 vana,
648 5280 747 5351 qui
774 5278 980 5347 dicunt,
1012 5279 1145 5335 dicit
1177 5282 1465 5351 Dominus,
1512 5290 1566 5338 et
1592 5283 1854 5338 Dominus
1881 5296 1994 5338 non

330 5370 491 5423 ausit
520 5383 611 5423 eos
632 5386 652 5423 :
683 5371 735 5423 et
762 5375 1039 5440 coeperunt
1063 5371 1330 5425 suscitare
1349 5386 1670 5427 sermonem.
1692 5375 1882 5428 Nonne
1910 5372 1994 5426 vi-

327 5458 554 5513 sionem
578 5455 796 5529 falsam
850 5457 1084 5525 vidistis,
1138 5466 1188 5514 et
1240 5458 1605 5516 divinationes
1632 5476 1806 5516 vanas
1831 5459 2000 5516 locuti

330 5548 475 5602 estis
496 5548 525 5600 ἵ
555 5546 622 5601 Et
648 5545 939 5615 dicebatis,
982 5546 1114 5602 dicit
1159 5550 1447 5621 Dominus,
1498 5553 1552 5605 et
1580 5550 1737 5605 124
1764 5565 1859 5620 ego
1886 5564 2000 5605 non

334 5652 469 5696 sum
498 5635 1016 5695 locutus.Dicamus
1035 5635 1473 5714 primumjuxta
1488 5637 2001 5700 Hebraioum.Pro-

2092 4653 2149 4704 et
2178 4654 2413 4721 propter
2444 4646 2688 4702 nimiam
2717 4644 3109 4702 innocentiam
3163 4644 3453 4717 pecudum
3495 4640 3743 4709 similes,

2094 4750 2295 4802 contra
2323 4745 2563 4802 domum
2594 4742 2717 4798 Dei.
2761 4741 2923 4798 Unde
2959 4757 3117 4797 nunc
3148 4741 3395 4795 dicitur:
3429 4739 3494 4793 Et
3521 4751 3744 4808 congre-

2094 4841 2364 4904 gaverant
2385 4848 2571 4904 greges
2591 4847 2754 4903 super
2770 4830 2999 4885 domum
3018 4828 3187 4884 Israel
3202 4846 3221 4882 :
3243 4843 3348 4883 nec
3371 4827 3751 4883 surrexerunt

2096 4923 2338 4994 ipsi,nec
2364 4921 2509 4976 alios
2531 4919 2817 4976 suscitare
2847 4920 3194 4991 potuerunt,
3229 4917 3332 4971 sed
3363 4928 3750 4988 quaecumque

2098 5014 2341 5085 egerunt
2369 5013 2427 5065 et
2454 5013 2656 5082 agunt,
2692 5007 2862 5081 plena
2918 5004 3240 5061 mendaciis
3277 5009 3437 5061 sunt.
3469 5004 3755 5076 Quodque

2100 5099 2404 5171 sequitur:
2462 5100 2527 5154 Et
2576 5099 2854 5170 coeperunt
2908 5096 3173 5150 suscitare
3228 5110 3553 5166 sermonem,
3604 5091 3752 5148 illud

2101 5187 2413 5261 signiﬁcat,
2432 5187 2602 5259 .quod
2624 5185 2804 5242 velint
2832 5182 3071 5255 quidem
3095 5198 3463 5256 consurgere,
3495 5185 3555 5238 et
3584 5196 3647 5237 se
3675 5180 3750 5236 ad

2101 5276 2329 5334 excelsa
2371 5274 2680 5341 sustoller;
2706 5272 2808 5329 sed
2840 5271 2993 5344 quod
3041 5271 3298 5344 cupiant,
3351 5270 3593 5343 implere
3635 5284 3755 5325 non

2103 5366 2368 5439 possint:
2402 5363 2732 5434 diciturque
2760 5361 2845 5418 eis
2874 5378 2886 5416 :
2931 5361 3120 5417 Nonne
3144 5362 3409 5417 visionem
3433 5359 3638 5430 falsam
3664 5358 3756 5414 vi-

2104 5456 2282 5526 distis,
2314 5462 2363 5510 et
2391 5453 2756 5508 divinationes
2780 5467 2951 5507 vanas
2973 5451 3138 5507 locuti
3164 5449 3290 5506 estis
3306 5449 3335 5504 ‘I
3359 5446 3642 5519 Quodque
3664 5463 3756 5506 se-

2107 5543 2326 5618 quitur,
2358 5551 2410 5598 et
2440 5540 2727 5609 dicebatis,
2789 5540 2931 5597 dicit
2976 5541 3260 5610 Dominus,
3289 5545 3344 5594 et
3367 5552 3464 5609 ego
3494 5553 3609 5597 non
3634 5552 3758 5601 sum

2108 5636 2339 5708 locutus,
2370 5632 2431 5692 in
2460 5629 2842 5711 Septuaginta
2869 5645 2987 5696 non
3016 5629 3285 5697 habetur.
