4020 6186
322 388 441 460 “3

938 388 1687 464 COMMENTARIORUM
1733 388 1810 461 IN
1856 388 2354 461 EZECHIELEM
2398 396 2546 463 LIB.
2592 396 2695 463 IV.
2739 394 2910 463 CAP.
2956 393 3123 465 XIII.

3608 375 3739 463 ait

321 529 450 589 sale
468 525 700 589 nullum
721 528 896 589 habet
918 550 1190 606 saporem
1214 549 1232 591 :
1259 534 1341 589 ita
1362 533 1617 590 etlutum
1639 535 1859 605 absque
1880 548 1973 603 pa—
2002 532 2056 597 Α
2084 531 2401 587 velandum.
2451 535 2514 589 Et
2550 534 2886 608 disrumpam
2912 534 3206 592 cervicalia
3231 540 3409 593 vestra
3430 552 3452 591 ,ο
3481 521 3741 603 liberabo

319 620 429 678 Ieis
458 618 683 694 quibus
706 620 979 679 ﬁrmatur
997 627 1054 679 et
1079 622 1410 697 stringitur,
1434 623 1514 679 nil
1535 623 1762 680 roboris
1791 622 1978 694 possit

316 710 583 783 praebere
596 711 818 783 parieti.
836 712 958 779 Dic,
977 712 1189 785 inquit,
1207 714 1278 768 ad
1293 728 1392 769 eos
1410 715 1451 768 1
1463 713 1563 769 28
1583 713 1679 785 qui
1696 712 1975 769 illisvana

314 799 703 872 promittunt,
735 805 794 855 et
828 817 1064 857 cassum
1098 800 1448 874 pollicentur
1478 801 1783 873 auxilium,
1817 802 1972 873 quod

317 904 574 946 casurus
607 889 685 945 sit
704 889 817 944 iste
838 890 1031 961 paries
1052 894 1109 945 et
1128 890 1250 946 haec
1273 892 1546 955 maceria,
1578 894 1635 947 et
1656 889 1973 945 immittam

314 977 572 1033 imbrem
588 976 1204 1047 vehementissimum,
1228 980 1427 1035 hostes
1441 979 1709 1035 videlicet
1725 979 1974 1035 εδενὶεεί-

320 1083 478 1122 mos.
507 1065 857 1139 Babylonios
887 1071 1085 1123 autem
1109 1066 1530 1141 Chaldaeosque
1551 1068 1884 1141 significat;
1919 1072 1975 1124 et

317 1155 553 1211 eosdem
571 1154 895 1227 lapides(a)
910 1156 1216 1228 grandinis
1239 1158 1492 1230 desuper
1507 1158 1820 1227 irruentes,
1838 1164 1974 1213 ὀω-

317 1243 414 1300 nia
428 1259 534 1316 per
547 1244 985 1317 metaphoram,
1001 1261 1116 1316 quo
1132 1244 1469 1301 instabilem
1487 1246 1802 1301 maceriam
1818 1245 1975 1301 subi-

312 1338 410 1389 tus
426 1333 608 1388 turbo
624 1333 927 1388 subvertat
943 1338 1001 1388 et
1016 1334 1293 1401 subruat;
1316 1338 1374 1390 et
1388 1341 1591 1406 postea
1611 1334 1845 1390 dicatur
1865 1334 1970 1402 eis,

314 1421 373 1476 id
392 1425 502 1490 est,
525 1421 1087 1493 pseudoprophetis,
1107 1422 1210 1478 Ubi
1226 1426 1316 1478 est
1334 1422 1512 1478 litura
1527 1439 1706 1494 quam
1726 1422 1972 1488 levistis,

314 1513 373 1564 et
398 1508 504 1564 ubi
533 1512 630 1564 est
658 1509 815 1581 quod
849 1508 1093 1581 polliciti
1122 1510 1265 1567 estis
1296 1510 1580 1567 auxilium
1610 1512 1639 1566 ?
1677 1512 1972 1584 Quidquid

306 1602 518 1654 autem
555 1598 631 1653 de
669 1598 1201 1670 pseudoprophetis
1247 1599 1524 1671 diximus,
1572 1604 1631 1655 et
1675 1601 1747 1656 ad
1794 1600 1974 1655 haere-

313 1686 479 1742 ticos
521 1686 722 1742 referri
772 1690 986 1758 potest,
1045 1689 1202 1759 quod
1247 1688 1447 1744 omnia
1489 1704 1691 1744 eorum
1740 1688 1837 1742 Dei
1888 1689 1976 1743 ira

308 1775 606 1847 ﬁgmenta
636 1775 944 1831 solvantur
973 1795 987 1832 :
1025 1780 1084 1832 et
1112 1776 1418 1833 aedificatio
1445 1778 1837 1849 pessimorum
1869 1778 1972 1833 do-

304 1867 616 1938 gmatum,
646 1882 776 1936 quae
806 1864 1063 1937 Spiritus
1092 1867 1280 1922 sancti
1301 1883 1416 1923 non
1438 1867 1615 1923 habet
1634 1866 1971 1923 condimen-

302 1958 466 2020 tum,
483 1957 746 2024 corruat,
761 1957 818 2009 et
834 1956 1106 2027 usquead
1123 1955 1879 2028 fundamentaetpulverem
1893 1957 1976 2012 di-

301 2042 575 2111 labatur,
600 2045 660 2098 et
678 2042 1021 2114 aquuetur
1040 2044 1169 2115 ipsa
1193 2043 1447 2099 maceria
1475 2048 1661 2110 terrae,
1698 2049 1754 2100 et
1783 2044 1971 2116 cadat,

304 2136 369 2187 et
391 2134 842 2187 consumantur
864 2131 1159 2202 propheta
1192 2132 1291 2203 qui
1326 2132 1762 2204 promittebant,
1794 2137 1852 2189 et
1879 2150 1975 2205 po-

300 2210 492 2293 palus
508 2220 612 2277 cui
630 2220 1086 2291 promittebatur
1101 2221 1161 2275 in
1180 2220 1371 2276 medio
1388 2222 1516 2293 ejus
1537 2239 1549 2276 :
1576 2225 1643 2277 ut
1659 2225 1973 2293 postquam

305 2308 701 2380 compleverit
721 2308 1187 2382 indignationem
1205 2326 1397 2376 suam,
1417 2314 1474 2365 et
1494 2310 1705 2365 dixerit
1726 2311 1839 2367 eis:
1863 2327 1975 2367 non

305 2402 385 2453 est
418 2401 529 2453 iste
567 2399 785 2469 paries,
818 2398 926 2453 hoc
956 2402 1065 2467 est,
1098 2414 1215 2454 non
1246 2404 1336 2454 est
1362 2403 1557 2455 vestra
1586 2399 1884 2468 defensio;
1917 2404 1976 2456 et

303 2503 425 2543 non
456 2490 612 2542 sunt
640 2485 744 2557 qui
783 2484 979 2541 linunt
1006 2503 1163 2553 eum,
1206 2487 1307 2543 sed
1336 2488 1535 2543 omnia
1567 2505 1721 2544 vana
1749 2493 1889 2543 sunt
1916 2492 1975 2545 et

290 2574 354 2631 in
407 2574 679 2631 nihilum
731 2574 1142 2646 proﬁcientia:
1195 2580 1335 2631 tunc
1383 2592 1557 2648 opere
1602 2577 1972 2649 cognoscatis

295 2664 465 2737 quod
517 2679 635 2736 ego
686 2662 802 2719 sim
849 2663 1156 2720 Dominus.
1202 2664 1277 2719 Ut
1322 2668 1518 2720 autem
1564 2664 1825 2721 sciamus
1872 2666 1972 2738 qui

291 2754 425 2809 sint
470 2753 573 2809 isti
620 2751 726 2824 qui
765 2751 961 2807 linunt
1004 2752 1307 2825 parietem,
1355 2754 1641 2825 sequitur,
1687 2756 1972 2826 PrOphette

288 2842 503 2910 Israel,
547 2841 667 2896 hoc
696 2845 805 2908 est,
838 2841 1386 2913 pseudoprophetis,
1427 2844 1526 2913 qui
1551 2844 1872 2914 prophetant
1901 2844 1972 2899 ad

285 2930 638 2995 Jerusalem,
669 2936 724 2985 et
740 2928 923 2985 vident
942 2931 998 2985 ei
1015 2931 1281 2986 visionem
1299 2933 1474 3003 pacis,
1508 2931 1609 2987 isti
1632 2936 1771 2988 sunt
1793 2949 1973 2988 causa

286 3019 534 3093 peccati
556 3022 617 3073 et
636 3017 841 3083 ruinae,
864 3022 923 3073 et
944 3018 1136 3074 stultas
1159 3020 1514 3076 securitatis.
1534 3021 1659 3076 Non
1680 3021 1839 3077 enim
1860 3022 1972 3077 erit

292 3125 451 3183 pax,
492 3107 637 3163 dicit
664 3106 975 3173 Dominus,
1023 3109 1162 3180 quia
1191 3108 1477 3165 Dominus
1507 3126 1620 3164 non
1656 3110 1818 3166 misit
1847 3127 1967 3182 eos,

295 3199 535 3253 necest
553 3195 782 3251 locutus
806 3195 877 3251 ad
900 3211 1017 3252 eos.
1036 3199 1157 3252 Hoc
1174 3197 1331 3269 quod
1356 3197 1497 3253 LXX
1514 3197 1966 3254 transtulerunt:

2078 622 2346 693 populum
2372 639 2560 679 meum
2587 623 2654 681 de
2669 640 2845 681 manu
2863 634 3041 682 vestra
3061 645 3080 681 .-
3111 641 3288 698 neque
3311 633 3477 683 erunt
3495 622 3645 684 ultra
3663 614 3731 684 iit

2080 711 2337 766 manibus
2364 713 2553 768 vestris
2589 712 2661 769 ad
2692 713 2935 787 praedam
2976 713 3169 788 [Vulg
3198 712 3585 790 praedandum]
3614 735 3634 774 :
3678 712 3747 774 et

2081 810 2258 865 scietis
2288 812 2419 880 quia
2446 826 2541 880 ego
2573 812 2853 867 Dominus.
2886 817 2995 868 Pro
3016 828 3084 868 eo
3104 812 3245 885 quod
3266 830 3492 871 maerere
3518 815 3729 888 fecistis

2081 912 2174 953 cor
2182 898 2326 970 justi
2346 899 2695 971 mendaciter,
2717 916 2873 974 quem
2900 917 2993 971 ego
3018 917 3124 957 non
3147 904 3484 971 contristavi,
3519 892 3575 960 et
3599 908 3730 961 con-

2079 986 2333 1060 fortastis
2371 1004 2567 1043 manus
2604 990 2771 1061 impii
2806 997 2867 1045 ut
2902 1005 3009 1045 non
3051 995 3409 1047 reverteretur
3444 1008 3479 1048 a
3505 994 3598 1049 via
3626 1010 3733 1050 sua

2082 1077 2231 1131 mala
2258 1079 2309 1132 et
2336 1078 2582 1133 viveret:
2618 1087 2905 1149 propterea
2930 1092 3076 1134 vana
3103 1094 3215 1135 non
3245 1079 3518 1149 videbitis,
3558 1080 3611 1137 et
3636 1080 3731 1139 di-

2080 1165 2389 1220 vinationes
2408 1180 2518 1221 non
2540 1165 2860 1223 divinabitis
2876 1167 3116 1239 amplius
3136 1188 3155 1223 :
3186 1176 3239 1225 et
3256 1184 3449 1225 eruam
3464 1168 3732 1241 populum

2082 1268 2265 1308 meum
2293 1253 2360 1308 de
2385 1270 2558 1310 manu
2586 1263 2765 1311 vestra
2796 1273 2815 1310 :
2864 1258 2915 1311 et
2955 1257 3137 1313 scietis
3165 1258 3296 1331 quia
3323 1273 3417 1330 ego
3445 1247 3729 1315 Dominus.

2083 1350 2223 1406 LXX
2248 1367 2260 1407 :
2294 1353 2359 1406 Et
2385 1355 2465 1423 tu,
2499 1352 2587 1422 ﬁli
2605 1352 2870 1424 hominis,
2906 1354 3139 1425 obﬁrma
3164 1356 3364 1427 faciem
3394 1363 3545 1412 tuam
3572 1372 3737 1431 super

2082 1438 2228 1509 ﬁlias
2271 1441 2470 1512 populi
2515 1440 2617 1509 tui,
2669 1457 2787 1513 qum
2830 1441 3155 1514 prophetant
3193 1443 3260 1499 de
3301 1442 3460 1502 corde
3499 1461 3635 1501 suo:
3682 1432 3741 1503 et

2080 1528 2348 1601 prapheta
2375 1544 2541 1602 super
2569 1545 2659 1585 eas
2688 1538 2739 1586 et
2767 1530 2911 1586 dices
2938 1548 2959 1584 :
3002 1532 3127 1586 Haec
3151 1531 3285 1587 dicit
3310 1531 3524 1588 Adonai
3548 1520 3737 1590 Domi?

2080 1641 2203 1680 nus.
2246 1626 2325 1680 Vm
2356 1626 2440 1681 his
2469 1643 2588 1697 qua:
2618 1630 2883 1683 consuunt
2912 1628 3216 1685 cervicalia
3242 1631 3342 1685 sub
3369 1632 3524 1686 omni
3549 1630 3736 1689 cubito

2081 1730 2280 1770 manus
2310 1734 2328 1769 :
2374 1718 2428 1771 et
2466 1716 2679 1786 faciunt
2719 1715 2997 1772 velamina
3032 1733 3197 1789 super
3220 1734 3383 1775 omne
3409 1723 3572 1791 caput
3598 1722 3734 1777 uni-

2079 1820 2252 1859 versae
2281 1805 2481 1874 letalis,
2510 1812 2573 1859 ut
2598 1807 2917 1876 pervertant
2944 1805 3182 1862 animas.
3225 1808 3438 1864 Animae
3467 1810 3739 1868 subversa

2003 1901 2053 1968 Β
2079 1901 2209 1948 sunt
2227 1894 2425 1965 populi
2452 1894 2584 1948 mei.
2616 1895 2682 1949 Et
2707 1898 2925 1950 animas
2954 1895 3245 1951 salvabant
3267 1914 3285 1951 :
3314 1904 3367 1953 et
3391 1894 3737 1956 contamina-

2085 1990 2213 2045 bant
2240 2006 2329 2045 me
2354 1990 2425 2046 ad
2447 1990 2715 2062 populum
2742 2006 2925 2047 meum
2941 2000 3164 2064 propter
3175 1994 3458 2066 pugillum
3480 1994 3737 2055 hordeiet

2080 2081 2454 2151 fragmentum
2489 2081 2651 2151 panis
2679 2097 2697 2134 :
2744 2088 2804 2135 ut
2830 2080 3135 2137 occiderent
3162 2084 3401 2155 animas,
3447 2099 3583 2156 quas
3606 2074 3738 2147 ’non
3846 2100 3864 2112 '

2082 2171 2323 2240 oportuit
2350 2170 2494 2225 mori
2517 2186 2530 2225 :
2562 2178 2615 2225 et
2637 2169 2922 2225 salvarent
2950 2172 3168 2227 animas
3197 2188 3331 2244 quas
3357 2187 3471 2228 non
3498 2173 3751 2244 oportuit

2083 2260 2262 2314 vivere
2275 2277 2292 2312 :
2309 2257 2441 2313 dum
2456 2258 2762 2329 loquuntur
2773 2259 2972 2331 populo
2990 2261 3244 2317 audienti
3256 2276 3424 2317 vanos
3437 2276 3731 2319 sermones.

2081 2360 2378 2427 Propterea
2414 2354 2527 2411 haec
2568 2355 2705 2412 dicit
2746 2357 3013 2413 Dominus
3048 2358 3189 2413 Deus
3209 2376 3229 2412 :
3267 2362 3404 2415 Ecce
3438 2374 3535 2430 ego

2080 2442 2382 2500 cervicalia
2422 2447 2618 2509 vestra,
2656 2459 2818 2516 super
2845 2460 2966 2516 quae
2994 2460 3085 2501 vos
3111 2444 3377 2517 colligitis
3404 2447 3646 2514 animos,
3683 2453 3737 2507 et

2080 2532 2424 2603 disrumpam
2453 2548 2517 2588 ea
2545 2532 2610 2587 de
2638 2531 2875 2587 brachiis
2899 2535 3185 2590 vestris.Et
3212 2534 3491 2591 dimittam
3509 2536 3726 2593 animus

2080 2638 2216 2695 quas
2257 2637 2347 2677 vos
2380 2621 2712 2693 pervertitis,
2756 2622 2972 2677 animas
3001 2637 3193 2678 eorum
3222 2624 3283 2677 in
3320 2622 3730 2694 dipersionem:

2079 2718 2134 2768 et
2162 2712 2505 2783 disrumpam
2533 2710 2811 2766 velamina
2850 2718 3048 2782 vestra,
3095 2715 3150 2768 et
3187 2712 3430 2769 liberabo
3463 2712 3737 2785 populum

2080 2825 2267 2866 meum
2285 2809 2353 2864 de
2369 2809 2633 2865 manibus
2653 2810 2846 2865 vestris
2867 2826 2885 2863 :
2915 2817 2968 2864 et
2994 2825 3107 2865 non
3125 2817 3292 2867 erunt
3304 2811 3458 2866 ultra
3470 2811 3736 2867 inmani-

2082 2900 2177 2955 bus
2204 2900 2398 2954 vestris
2426 2898 2489 2952 in
2508 2899 3018 2969 congregationem:
3049 2902 3103 2955 et
3126 2901 3465 2969 cognoscetis
3475 2900 3611 2971 quia
3624 2904 3762 2972 ἀφ’

2078 2989 2361 3044 Dominus.
2396 2988 2501 3041 Pro
2529 3002 2590 3042 eo
2621 2986 2763 3059 quod
2786 2986 3175 3059 pervertebatis
3191 2989 3444 3045 animam
3463 2989 3599 3059 fusti
3618 2988 3736 3044 ’ἰηΐέ

2078 3093 2180 3149 que
2214 3093 2226 3131 :
2273 3080 2330 3131 et
2358 3091 2453 3146 ego
2490 3091 2601 3131 non
2635 3076 3007 3147 pervertebam
3043 3090 3169 3135 eum
3195 3093 3215 3132 :
3254 3085 3307 3133 et
3340 3076 3737 3149 conme

2076 3189 2275 3229 manus
2305 3174 2513 3245 iniqui,
2546 3175 2607 3227 ut
2636 3174 2853 3244 penitus
2880 3188 2993 3230 non
3020 3174 3759 3231 converte’returavia‘sua"

291 3291 352 3342 et
372 3292 559 3358 super
572 3286 868 3357 juncturas
896 3300 1102 3355 eorum,
1146 3260 1211 3341 in
1240 3286 1519 3342 Hebraico
1550 3304 1666 3342 non
1696 3286 1963 3343 habetur.
1998 3270 2042 3337 C
2073 3264 2315 3358 Ρθδδίηξίξ
2332 3264 2624 3358 ίξίῩξυθνθίν·
2648 3263 2946 3358 (ξριεὴαα
2964 3262 3251 3321 mm
3279 3264 3350 3358 (ε)

294 3374 626 3449 Signiﬁcat
652 3377 848 3429 autem
872 3374 1188 3444 juncturas
1224 3374 1489 3448 lapidum
1524 3376 1584 3431 in
1612 3375 1853 3447 pariete,
1885 3376 1974 3431 vel

295 3462 685 3520 adininicula
713 3462 1032 3535 lignorum,
1069 3463 1287 3536 quibus
1316 3464 1569 3536 parietes
1600 3465 1972 3522 roborantur.

296 3553 426 3609 Nec
456 3568 589 3608 non
619 3550 767 3606 illud
798 3552 954 3622 quod
979 3568 1159 3624 supra
1180 3551 1432 3625 legimus
1457 3569 1471 3609 :
1504 3554 1621 3624 ipse
1640 3553 1876 3624 wdiﬁcat
1897 3555 1973 3627 (b)

290 3644 626 3714 parietem;
647 3638 911 3712 plerique
933 3641 1006 3695 ad
1029 3639 1313 3712 populum
1346 3640 1609 3696 referunt
1640 3641 1839 3711 Israel,
1874 3643 1976 3714 qui

293 3746 530 3787 vanum
564 3727 686 3785 sibi
713 3727 800 3783 vel
832 3728 1259 3802 Egyptiorum,
1290 3727 1379 3784 vel
1411 3729 1574 3802 pacis
1596 3729 1979 3803 promittebat

299 3818 633 3876 auxilium.

372 3908 579 3981 (Vere.
595 3906 868 3978 i7seqq.)
890 3908 961 3962 Et
977 3913 1057 3973 tu,
1069 3907 1156 3976 ﬁli
1175 3907 1433 3977 hominis,
1450 3923 1593 3979 pone
1607 3909 1805 3979 faciem
1826 3912 1980 3966 tuam

298 4005 503 4055 aratra
527 3995 681 4065 ﬁlias
694 3995 887 4067 populi
905 3996 990 4050 tui
1009 4009 1136 4066 quae
1150 4000 1485 4067 prophetarit
1507 3996 1575 4051 de
1595 3997 1759 4053 corde
1775 4014 1874 4053 suo
1889 4015 1909 4052 :
1929 4014 1980 4070 et

302 4086 627 4142 satiemus
638 4100 809 4156 super
822 4099 931 4153 eas,
945 4088 1001 4140 et
1017 4084 1106 4139 die
1118 4102 1137 4139 :
1155 4087 1280 4141 Haec
1290 4084 1424 4140 dicit
1438 4086 1701 4141 Dominus
1711 4087 1851 4142 Deus
1862 4105 1882 4142 ,ο
1901 4089 1984 4145 Vce

306 4178 352 4232 ‘I
364 4168 476 4232 τί
486 4174 579 4229 his
590 4189 714 4246 quae
725 4181 993 4229 consuunt
1005 4174 1273 4245 pulvillos
1282 4173 1381 4228 sub
1392 4176 1548 4228 omni
1558 4176 1742 4231 cubito
1752 4192 1951 4232 manus
1964 4194 1983 4232 :

303 4271 357 4323 et
376 4264 615 4338 finiunt
642 4263 935 4318 cervicalia
963 4263 1066 4318 sub
1096 4265 1274 4334 capite
1290 4264 1560 4318 universae
1587 4266 1764 4319 (etatis
1794 4266 1866 4319 ad
1893 4282 1982 4320 ca-

298 4353 551 4427 piendas
578 4353 799 4406 animas
827 4368 839 4405 :
873 4360 924 4407 et
951 4366 1077 4406 cum
1102 4355 1357 4423 caperent
1385 4351 1605 4406 animas
1630 4353 1827 4424 populi
1851 4355 1979 4421 mei,

305 4441 681 4511 viviﬁcabant
707 4442 923 4495 animas
945 4455 1160 4496 eorum.
1192 4442 1258 4495 Et
1286 4440 1572 4495 violabant
1595 4456 1682 4496 me
1710 4441 1782 4496 ad
1814 4458 1983 4513 popu-

2082 3368 2194 3407 non
2222 3350 2474 3406 videbitis
2502 3368 2521 3404 :
2559 3357 2613 3406 et
2639 3350 3005 3407 divinationes
3032 3352 3389 3424 nequaquam
3407 3351 3750 3408 divinabitis‘

2084 3441 2240 3496 180
2277 3438 2497 3495 adhuc:
2540 3444 2593 3494 et
2635 3439 2878 3496 liberabo
2917 3441 3189 3512 populum
3232 3454 3418 3497 meum
3451 3440 3518 3496 de
3561 3450 3737 3496 manu

2083 3532 2281 3595 vestra,
2323 3536 2378 3584 et
2418 3528 2602 3584 scietis
2644 3529 2779 3599 quia
2818 3544 2915 3600 ego
2952 3530 3233 3586 Dominus.
3274 3533 3465 3603 Supra
3491 3529 3565 3585 ad
3594 3528 3735 3602 pro-

2085 3618 2292 3691 phetas
2313 3616 2550 3673 divinus
2571 3633 2765 3672 sermo
2788 3618 3045 3674 directus
3067 3621 3175 3686 est,
3203 3618 3305 3691 qui
3327 3618 3450 3675 luto
3470 3612 3743 3674 lbiebant

2087 3705 2390 3779 parietem,
2410 3705 2567 3778 quod
2588 3704 2788 3777 paleas
2802 3722 2918 3762 non
2936 3705 3197 3772 haberet,
3221 3720 3333 3763 nec
3343 3700 3761 3778 uilum‘possit‘
3848 3753 3855 3760 .

2088 3802 2295 3875 parieti
2321 3801 2440 3857 sive
2463 3800 2725 3857 maceriae
2747 3801 2928 3857 robur
2946 3801 3204 3857 tribuere
3228 3818 3242 3861 :
3275 3817 3433 3858 nunc
3453 3796 3763 3879 adversus"

2089 3888 2244 3946 ﬁlias
2261 3888 2460 3962 populi
2477 3888 3133 3960 prophetissasjubetur
3148 3878 3543 3946 iaciemsuam
3560 3878 3739 3962 pone-

2091 3995 2172 4049 re,
2197 3977 2320 4033 sive
2337 3976 2766 4050 dirigere,et,ut
2782 3976 2924 4033 LXX
2942 3975 3303 4035 transtulero
3313 3978 3749 4046 nt,obﬁru‘rars‘.'

2091 4067 2391 4133 Quomodo
2421 4070 2618 4122 autem
2645 4054 2956 4124 adversum
2989 4067 3326 4140 prophetas,
3358 4067 3457 4124 alii
3486 4060 3740 4140 pseudo:-

2092 4156 2385 4229 prophetae
2417 4156 2839 4223 subverterent,
2874 4156 2955 4211 ita
2976 4157 3287 4212 adversum
3309 4155 3752 4229 Prophetissas’,‘

2094 4253 2285 4325 qualis
2308 4253 2416 4309 fuit
2436 4252 2700 4309 Debbora
2721 4253 2919 4320 (Judic.
2953 4271 3009 4309 v.
3032 4258 3090 4310 et
3119 4254 3266 4311 Olda
3294 4254 3392 4327 (IV
3421 4256 3545 4327 Reg.
3573 4255 3739 4325 x111),

2094 4342 2225 4398 etin
2246 4341 2487 4397 Actibus
2510 4340 2913 4414 apostolorum
2938 4341 3193 4416 Philippi
3214 4341 3591 4416 evangelista
3603 4340 3744 4414 qua:

2095 4435 2229 4487 tuor
2256 4429 2387 4485 ﬁliae
2417 4431 2855 4501 prophetantes,
2897 4431 3343 4504 inspirabuntur
3383 4427 3753 4488 daamouia'co

312 4533 442 4587 ιιιεκ
471 4545 661 4585 meum
688 4538 909 4601 propter
951 4530 1227 4601 pugillum
1272 4529 1479 4600 hordei,
1526 4534 1578 4585 et
1615 4535 1986 4601 fragmentum
2096 4520 2308 4593 spiritu
2348 4522 2483 4590 (Act.
2518 4522 2656 4586 xxx),
2700 4518 2824 4575 alia:
2855 4520 3033 4576 etiam
3064 4521 3329 4592 ejusdem
3359 4536 3554 4586 sexus,
3597 4520 3742 4593 qua:-

312 4623 528 4694 pam’s:
571 4621 639 4673 ut
661 4620 1029 4688 interficerent
1059 4619 1300 4689 animos,
1341 4633 1467 4689 quae
1492 4635 1605 4674 non
1633 4621 1983 4675 moriuntur.-
2016 4635 2063 4700 Ι)
2096 4625 2230 4665 rum
2267 4610 2378 4664 fuit
2419 4607 2618 4671 Prisca
2664 4612 2721 4664 et
2762 4608 3101 4677 Maximilla,
3153 4626 3284 4682 quas
3332 4606 3742 4666 vaticinatione

321 4714 381 4765 et
407 4708 761 4778 visificarent
779 4709 998 4763 animas
1022 4721 1146 4778 quae
1164 4722 1277 4762 non
1296 4708 1486 4762 vivunt
1510 4724 1523 4762 :
1555 4710 1875 4763 mentientes
1894 4724 1987 4779 po-
2017 4698 2049 4700 ἡ
2095 4706 2384 4763 mendacii
2416 4706 2590 4761 fidem
2625 4705 3036 4762 subverterent
3061 4707 3343 4763 veritatis.
3388 4698 3505 4762 Has
3542 4704 3757 4760 autem

317 4797 469 4871 pulo
493 4812 608 4852 meo
628 4796 872 4853 credemi
892 4796 1216 4852 mendaciis.
1251 4797 1550 4868 Propterea
1581 4796 1694 4852 hcce
1719 4796 1852 4852 dicit
1884 4803 1986 4854 Do-
2095 4797 2299 4852 dicunt
2327 4794 2546 4850 Hebraei
2580 4793 2863 4851 maleficis
2886 4795 3112 4851 artibus
3143 4794 3403 4850 eruditas
3425 4809 3530 4866 per
3548 4800 3745 4850 necro-

327 4887 527 4942 maias
550 4885 725 4941 Deus:
759 4886 889 4941 Ecce
917 4900 1014 4954 ego
1043 4885 1113 4940 ad
1132 4883 1403 4957 pulvillos
1422 4892 1649 4955 vestros,
1679 4886 1877 4956 quibus
1894 4903 1987 4942 vos
2096 4885 2347 4941 mantias
2380 4888 2440 4939 et
2469 4883 2771 4956 pythicum
2800 4883 3095 4956 spiritum,
3129 4882 3323 4955 qualis
3353 4882 3465 4938 fuit
3486 4880 3589 4939 illa
3604 4886 3764 4954 ‘quh!’

321 4977 533 5049 capitis
563 4975 782 5029 animas
806 4975 1050 5031 volantes
1068 4990 1087 5029 :
1118 4977 1170 5029 et
1195 4973 1539 5045 disrumpam
1556 4989 1645 5029 eos
1667 4972 1731 5029 de
1752 4974 1988 5031 brachiis
2094 4973 2221 5029 visa
2239 4976 2329 5029 est
2349 4972 2670 5028 suscitasse
2693 4971 2952 5028 animam
2974 4969 3265 5028 Samuelis
3285 4971 3332 5042 (Ι
3356 4974 3486 5042 Reg;
3505 4966 3742 5044 xxviii):

322 5066 563 5124 vestitis:
580 5071 634 5120 et
649 5065 927 5120 dimittam
946 5065 1164 5121 animas
1184 5080 1325 5137 quas
1345 5078 1434 5119 vos
1448 5063 1670 5135 capitis,
1686 5064 1905 5120 animas
1917 5064 1989 5120 ad
2098 5067 2155 5119 et
2180 5060 2241 5118 in
2270 5060 2511 5117 Actibus
2543 5060 2965 5134 apostolorum,
3014 5060 3185 5133 cujus
3215 5058 3497 5118 divinatio
3527 5050 3777 5118 multos“

2169 5187 2246 5261 (b)
2271 5186 2721 5261 Additurpenes
2742 5185 3073 5261 ﬂabanum,
3095 5186 3180 5241 vel
3200 5185 3467 5261 aediﬁcat:
3489 5183 3744 5261 atquein

2099 5257 2369 5333 praesenti
2399 5257 2637 5329 quidem
2668 5257 2729 5313 in
2761 5257 2959 5313 Graeco
2988 5272 3139 5324 esse,
3171 5257 3444 5331 superius
3473 5257 3748 5315 observa-

2104 5348 2260 5387 mus.

2171 5403 2241 5480 (ᾳ)
2263 5400 2463 5480 Malim
2482 5400 2684 5480 utique
2698 5397 2955 5480 amoveri
2974 5399 3112 5480 hinc
3129 5404 3549 5480 vocemvestra,
3566 5412 3746 5480 quam

2103 5468 2405 5546 ipsi'LXX,
2449 5468 2666 5527 nedum
2696 5470 2974 5546 Hebraeus
3001 5476 3215 5546 textus,
3247 5475 3352 5527 aut
3379 5468 3623 5546 Latiaris
3649 5468 3746 5525 in.

2101 5539 2322 5627 terpres
2353 5539 2656 5627 ignorant:
2689 5541 2869 5627 Addit
2888 5541 3228 5627 .Yictorius,.
3255 5557 3385 5627 nec.
3402 5539 3483 5627 in__
3509 5539 3748 5627 Florum

2101 5613 2261 5687 tinis,
2285 5613 2695 5687 aut—Brixianis
2718 5614 3018 5672 codicibus
3036 5613 3317 5671 invenire.
3336 5613 3530 5670 Nostri
3547 5616 3746 5670 autem

2101 5685 2443 5745 constanter
2480 5685 2716 5742 habent.

403 5192 485 5261 (α)
502 5187 617 5244 Vol
665 5192 782 5256 ata,
812 5189 1009 5271 inquit
1027 5189 1343 5259 Victorius,
1376 5188 1552 5271 editio
1576 5189 1835 5273 grandes,
1869 5190 1989 5246 sive

403 5205 692 5317 NIMIEI
708 5260 931 5317 lapides
953 5265 1292 5317 constanter
1312 5258 1470 5317 legit.
1494 5277 1697 5317 verum
1721 5277 1862 5317 auia
1883 5264 1989 5317 He-

708 5258 931 5333 lapides
953 5265 1292 5318 constanter
1312 5258 1470 5333 legit,
1494 5277 1697 5317 verum
1721 5260 1862 5332 quia
1883 5264 1990 5317 He-

322 5334 537 5409 braice
584 5348 804 5422 legitur
850 5334 1077 5411 ωιλὸκ
1136 5359 1310 5419 ’JJN,
1365 5352 1423 5405 et
1468 5349 1694 5405 Hebraei
1746 5351 1988 5406 verbum

325 5424 582 5506 ἐν-ἡκ,
613 5454 718 5511 pro
736 5439 1361 5511 grandineexponunt,
1394 5439 1885 5511 praegrandesque
1911 5437 1992 5494 Ia-

330 5511 511 5595 pides
538 5509 847 5595 grandinis
876 5510 970 5595 hic
990 5509 1699 5595 si‘gnifioari'egtistimant,
1725 5509 1879 5591 nihil
1902 5513 1994 5592 est

326 5580 745 5638 immutatum.
791 5580 1286 5638 Ostendit'autem
1317 5581 1548 5636 Hieron.
1593 5596 1655 5635 se
1684 5580 1800 5634 vim
1832 5582 1991 5636 vocis

333 5652 789 5727 Hebraioenon
808 5652 1132 5727 ignorasse,
1155 5652 1435 5727 quamvis
1464 5652 1708 5727 grandes
1735 5655 1987 5717 tantum,

334 5742 465 5784 non
490 5724 795 5798 grandinis,
819 5723 949 5799 ipso
970 5742 1135 5785 sacro
1152 5723 1214 5783 in
1234 5723 1432 5782 codice
1452 5723 1531 5781 sit
1549 5723 1987 5797 interpretatus.
