4052 6180
366 444 371 447 η
486 357 605 429 illi

1717 371 1783 435 S.
1826 366 2135 433 EUSEBII
2177 365 2645 433 HIERONYMI.
3728 358 3790 422 ll

485 499 744 560 dominis
758 502 981 561 reditus
1002 503 1361 578 acquirebat,
1380 503 1453 561 de
1468 520 1583 577 qua
1597 504 1669 560 ad
1692 502 1940 576 apostoli
1964 501 2123 558 Pauli
2152 502 2209 570 Α
2236 499 2423 558 instar
2438 502 2649 558 retium
2670 501 2931 558 volantes
2953 499 3179 557 animas
3195 497 3456 571 capiunt,
3479 499 3541 552 ut
3556 495 3790 570 postquai

486 590 805 666 imperium
834 594 1178 651 immundus
1199 595 1421 667 ejectus
1442 597 1531 650 est
1551 593 1795 667 spiritus
1825 593 1961 666 (Act.
1986 594 2123 661 xvr).

487 679 607 739 Nos
644 685 838 738 autem
881 682 963 739 ita
1002 683 1284 754 dicemus,
1336 683 1480 740 alios
1514 683 1833 761 haereticos
1877 681 2129 737 falsitate

489 770 830 843 dogmatum
881 788 1124 827 suorum
1182 772 1502 845 praedicare
1528 772 1829 827 virtutem.
1871 770 2129 834 Quorum

488 858 600 916 fuit
643 860 1001 933 Pythagoras
1042 865 1102 917 et
1141 862 1312 929 Zeno,
1354 878 1389 916 a
1432 877 1547 933 quo
1587 859 1764 917 Stoici
1798 877 1811 915 :
1852 859 2130 914 Indorum

488 947 902 1019 Brachmanas,
932 952 990 1005 et
1009 949 1349 1022 ZEthiopum
1371 948 1898 1022 Gymnosophistaa,
1934 946 2035 1019 qui
2059 946 2131 1002 ob

484 1036 675 1093 victus
704 1037 1144 1107 continentiam,
1193 1038 1545 1094 miraculum
1577 1037 1668 1093 sui
1708 1036 1983 1108 gentibus
2023 1036 2129 1107 [ΑΙ.

488 1125 828 1199 gentilibus]
848 1127 1136 1183 tribuunt.
1162 1127 1450 1199 Recteque
1471 1127 1748 1183 dicuntur
1764 1124 2044 1198 parietem
2068 1123 2134 1178 li-

490 1214 639 1285 nire,
691 1218 748 1269 et
789 1214 1048 1287 aliquam
1097 1216 1499 1272 fortitudinem
1539 1213 1832 1289 polliceri;
1865 1213 1968 1269 sed
1997 1212 2136 1285 quia

491 1301 708 1358 Christi
752 1320 868 1358 non
888 1303 1107 1361 habent
1136 1305 1797 1371 condimentum,vanus
1820 1306 1909 1359 est
1931 1317 2134 1357 eorum

492 1389 679 1460 labor,
694 1395 751 1447 et
765 1392 1026 1464 peritura
1041 1392 1363 1449 aedificatio.
1386 1394 1512 1450 Nisi
1524 1392 1682 1449 enim
1693 1393 1954 1448 Dominus
1967 1389 2138 1459 aediﬁ-

491 1481 697 1536 caverit
706 1480 1008 1548 domum,in
1020 1497 1224 1537 vanum
1234 1482 1485 1538 laborant
1499 1481 1584 1553 [Α]
1593 1522 1606 1536 .
1618 1478 2028 1552 laboraverunt]
2041 1479 2138 1550 qui

492 1568 767 1639 aedificant
786 1585 909 1625 eam
928 1569 1097 1641 (Psal.
1118 1586 1305 1637 cxxvr,
1325 1571 1399 1642 1).
1420 1569 1530 1626 Alii
1552 1573 1747 1625 autem
1767 1568 2135 1640 voluptatum

492 1656 872 1728 libidinisque
887 1658 1174 1725 doctores,
1187 1658 1466 1715 dicuntur
1476 1674 1758 1715 consuere
1771 1656 2062 1730 pulvillos,
2079 1660 2138 1711 et

410 1807 414 1811 ,
492 1761 707 1818 ponere
727 1746 836 1802 sub
858 1747 1018 1802 omni
1037 1748 1230 1804 cubito
1254 1765 1489 1814 manus,
1511 1746 1801 1819 Epicurei,
1825 1750 1883 1802 et
1900 1744 2138 1818 Pyrrho-

402 1856 409 1861 ο
493 1833 596 1928 pii,
611 1839 668 1928 et
682 1835 838 1907 apud
856 1852 964 1891 nos
979 1836 1324 1928 Jovinianus
1344 1840 1401 1891 et
1415 1835 1764 1928 Eunomius,
1783 1834 1883 1907 qui
1902 1833 2132 1928 dicunt:
2167 1863 2217 1928 B

493 1922 918 1980 Manducemus
930 1923 1289 1994 etbibamus,
1305 1941 1433 1981 cras
1446 1925 1603 1981 enim
1617 1923 1954 1981 moriemur.
1968 1923 2138 1978 Jube—

492 2014 593 2067 tur
603 2027 739 2085 ergo
754 2012 1041 2086 propheta
1052 2014 1413 2086 ponere,sive
1426 2014 1737 2071 obﬁrmare
1751 2012 1957 2069 faciem
1969 2027 2034 2067 su
2044 2026 2138 2065 am

495 2104 699 2157 contra
718 2100 870 2158 ﬁlias
889 2102 1091 2175 populi
1113 2103 1225 2159 sui.
1245 2103 1626 2175 Primumque
1643 2102 1977 2170 dicendum,
1997 2099 2137 2172 quid

495 2189 612 2246 sibi
648 2189 787 2246 velit
825 2190 1015 2263 posita
1054 2191 1231 2249 facies
1269 2192 1390 2248 sive
1438 2192 1657 2248 directa
1706 2193 1763 2247 et
1806 2190 2137 2247 obfirmata.

495 2277 720 2352 Nempe
750 2277 894 2335 illud
926 2281 1082 2352 quod
1113 2281 1184 2337 de
1214 2281 1460 2336 Domino
1489 2280 1773 2353 scriptum
1804 2282 1926 2336 est:
1959 2279 2141 2332 Facies

496 2368 725 2424 Domini
755 2383 918 2439 super
952 2369 1214 2440 facientes
1256 2370 1428 2439 mala,
1471 2376 1532 2425 ut
1571 2369 1849 2441 disperdat
1890 2368 1957 2422 de
1995 2373 2143 2423 terra

495 2457 820 2513 memoriam
851 2472 1038 2513 eorum
1067 2458 1236 2530 (Psal.
1257 2476 1453 2526 nxm,
1479 2459 1587 2529 17).
1621 2457 1784 2513 Sicut
1804 2456 1962 2512 enim
1987 2455 2133 2510 13]

495 2543 769 2619 liquescit
798 2562 929 2602 cera
957 2563 992 2603 a
1019 2546 1165 2604 facie
1194 2547 1348 2622 ignis
1373 2564 1386 2604 :
1420 2547 1506 2604 sic
1536 2549 1784 2621 pereunt
1812 2548 2143 2618 peccatores

497 2651 533 2690 a
559 2634 707 2691 facie
735 2634 855 2691 Dei.
881 2636 1216 2692 Secundum
1247 2653 1421 2708 quem
1450 2652 1693 2692 sensum
1722 2635 1784 2690 in
1804 2634 1916 2689 hoc
1937 2634 2141 2689 eodem

496 2723 783 2795 propheta
812 2722 1067 2780 dicitur:
1099 2725 1211 2779 Fili
1246 2725 1485 2782 hominis
1513 2725 1742 2796 obﬁrma
1769 2724 1967 2793 faciem
1994 2726 2144 2777 tuam

496 2826 663 2882 super
692 2811 926 2867 Theman
954 2820 1008 2866 et
1037 2813 1238 2868 Darom
1264 2816 1317 2867 et
1340 2814 1523 2883 Nageb
1567 2813 1764 2884 (Infra,
1794 2828 1890 2880 xx,
1923 2810 2033 2882 46).
2076 2810 2146 2865 Et

497 2897 714 2955 iterum
749 2915 763 2954 :
808 2901 1001 2955 Factus
1045 2907 1124 2956 est
1164 2916 1340 2957 sermo
1390 2902 1606 2958 Domini
1650 2899 1721 2955 ad
1756 2916 1862 2968 me,
1911 2899 2094 2954 dicens
2125 2917 2143 2954 :

497 2986 609 3044 Fili
656 2985 914 3053 hominis,
961 2987 1191 3059 obﬁrma
1216 2990 1417 3061 faciem
1447 2997 1597 3045 tuam
1615 3004 1779 3060 super
1820 2987 1953 3058 ﬁliis
1979 2992 2146 3044 Jeru-

497 3075 674 3131 salem
712 3075 913 3149 (Infra,
945 3094 1061 3145 1x1,
1095 3078 1172 3150 2).
1204 3078 1273 3133 Et
1302 3081 1435 3150 post
1463 3076 1771 3150 paululum
1806 3093 1818 3132 :
1850 3079 2041 3133 Factus
2069 3084 2147 3131 est

2237 591 2392 664 rupti
2423 590 2660 661 fuerint,
2692 590 2938 647 liberam
2969 588 3198 647 volandi
3230 588 3486 644 habeant
3513 583 3790 641 facultates

2237 682 2307 734 Et
2334 679 2602 736 scindent
2619 679 2927 746 velamina,
2943 679 3063 735 sive
3079 675 3397 743 cervicalia,
3412 675 3475 730 in
3492 674 3689 746 quibus
3704 672 3790 744 pri:

2239 767 2425 841 cipale
2466 768 2675 824 animas
2712 768 3107 836 recumbebat,
3150 770 3206 822 et
3243 764 3459 837 quibus
3502 764 3784 835 deceptoru

2241 856 2431 929 capita
2444 853 3342 929 operiebantur.CumApostolus
3374 854 3512 909 doce
3533 855 3588 907 at
3611 851 3789 906 viroru

2242 946 2431 1018 capita
2460 962 2577 1001 non
2605 946 2873 1017 velanda,
2907 947 3007 1002 sed
3040 943 3291 1000 revelata
3320 940 3464 998 facie
3495 939 3706 997 Domini
3733 939 3789 1011 gl

2242 1034 2389 1090 riam
2412 1034 2922 1107 contemplandam
2946 1034 3019 1107 (II
3042 1032 3162 1089 Cor.
3188 1032 3294 1103 III).
3327 1034 3443 1087 Vos
3466 1029 3633 1096 enim,
3654 1027 3786 1100 inqu

2244 1121 2407 1179 falsis
2437 1123 2758 1180 terroribus
2800 1122 3173 1179 servientium
3220 1121 3337 1176 Deo
3385 1119 3606 1175 animos
3637 1118 3790 1189 frang

2241 1211 2416 1277 batis,
2448 1215 2508 1267 et
2536 1211 3027 1284 promissionibus
3048 1208 3461 1276 fraudulentis,
3491 1205 3687 1278 impios
3706 1209 3790 1260 ten

2242 1300 2398 1356 batis
2427 1300 2708 1368 inclusos,
2742 1316 2813 1356 ne
2834 1304 3072 1373 agentes
3091 1297 3509 1372 paenitentiam,
3541 1295 3704 1350 vitam
3723 1309 3790 1349 rei

2244 1393 2448 1461 perant
2475 1405 2653 1461 quam
2680 1389 3069 1462 perdiderant.
3115 1387 3425 1459 Propterea
3452 1399 3623 1439 vanas
3650 1398 3790 1454 nequ

2244 1493 2423 1549 quam
2460 1477 2730 1534 videbitis
2768 1476 3020 1533 visiones
3057 1494 3072 1544 ;
3120 1490 3227 1530 nec
3266 1473 3480 1530 vocabo
3510 1471 3654 1527 132
3684 1472 3790 1526 vesl

2246 1566 2549 1622 mendacia
2588 1566 2959 1638 prophetiae;
2993 1565 3093 1622 sed
3126 1562 3535 1628 divinationes,
3565 1559 3633 1615 de
3660 1558 3789 1631 quib

2245 1653 2531 1725 scriptum
2561 1658 2650 1710 est
2674 1669 2687 1708 :
2719 1655 2838 1710 Non
2855 1661 2935 1709 est
2964 1654 3263 1725 augurium
3292 1653 3349 1706 in
3378 1648 3557 1716 Jacob,
3599 1662 3759 1719 neque
3786 1674 3790 1696 α

2243 1745 2451 1800 vinatio
2482 1745 2545 1799 in
2572 1741 2749 1798 Israel
2789 1743 2972 1813 (Num.
3004 1758 3168 1811 xxm,
3198 1740 3291 1811 23)
3321 1756 3334 1794 ε
3378 1742 3446 1793 ut
3473 1752 3665 1793 eruam
3697 1751 3790 1808 po;

2245 1831 2368 1888 lum
2390 1847 2586 1887 meum
2608 1832 2680 1887 de
2701 1830 2978 1887 manibus
2998 1829 3227 1897 vestris,
3261 1832 3319 1884 et
3336 1841 3508 1899 opere
3525 1840 3790 1898 cognosce

2246 1938 2341 1977 me
2371 1937 2499 1977 esse
2529 1920 2867 1987 Dominum,
2904 1919 3005 1991 qui
3035 1918 3297 1991 perditos
3326 1913 3587 1972 liberavi.

2318 2012 2477 2082 (Cap.
2510 2010 2657 2065 XIV.
2701 2040 2769 2050 —
2809 2009 2970 2065 Vers.
3025 2010 3048 2064 l
3082 2007 3273 2079 seqq.)
3319 2007 3382 2061 Et
3418 2005 3676 2060 venerunt
3702 2002 3770 2057 ad

2246 2101 2357 2156 viri
2376 2099 2450 2172 (b)
2471 2100 2715 2155 seniores
2735 2098 2923 2169 Israel,
2946 2101 2998 2154 et
3024 2097 3279 2154 sederunt
3297 2110 3483 2151 coram
3500 2108 3603 2149 me.
3630 2096 3693 2148 Et
3710 2094 3790 2163 fac

2247 2191 2324 2245 est
2351 2204 2528 2245 sermo
2556 2189 2781 2243 Domini
2808 2187 2879 2242 ad
2906 2202 3008 2253 me,
3056 2186 3285 2242 dicens:
3326 2184 3438 2238 Fili
3479 2182 3724 2247 hominis,
3775 2197 3790 2233 ι

2247 2278 2344 2334 isti
2366 2278 2664 2349 posuerunt
2698 2276 3089 2332 immunditias
3127 2274 3257 2330 sua's
3288 2276 3351 2329 in
3378 2271 3628 2329 cordibus
3654 2258 3790 2325 suis'.

2247 2366 2568 2422 scandalum
2612 2367 2927 2436 iniquitatis
2966 2380 3079 2420 suae
3120 2364 3431 2419 statuerunt
3466 2362 3652 2416 contra
3686 2359 3790 2428 fact

2247 2472 2406 2511 suam
2425 2474 2444 2510 :
2476 2454 2741 2528 numquid
2770 2456 3134 2525 interrogatus
3162 2450 3493 2523 respondebo
3521 2449 3596 2504 eis
3613 2450 3638 2501 .9
3663 2447 3790 2517 Pro;

2251 2545 2348 2601 hoc
2375 2546 2596 2616 loquere
2618 2546 2717 2608 eis,
2757 2551 2811 2599 et
2839 2543 2985 2599 dices
3013 2541 3084 2598 ad
3113 2557 3200 2598 eos
3235 2560 3253 2595 :
3301 2541 3426 2596 Haec
3463 2537 3594 2594 dicit
3628 2536 3790 2592 Domi:

2249 2635 2388 2690 Deus
2418 2652 2436 2689 :
2478 2638 2653 2689 Homo
2683 2632 2838 2688 homo
2866 2631 2930 2688 de
2957 2633 3115 2687 domo
3145 2630 3335 2697 Israel,
3386 2629 3483 2700 qui
3509 2626 3746 2699 posuerit
3777 2640 3790 2679 π

2248 2722 2557 2778 munditias
2584 2738 2715 2777 suas
2744 2723 2805 2776 in
2833 2721 2991 2778 corde
3019 2736 3135 2788 suo,
3167 2727 3219 2775 et
3243 2717 3567 2775 scandalum
3581 2715 3789 2786 iniquit

2249 2828 2363 2868 suae
2391 2809 2647 2868 statuerit
2665 2812 2717 2866 ei
2745 2808 2938 2883 [Vulg.
2971 2812 3124 2865 tacet
3152 2808 3227 2879 ei]
3258 2810 3447 2863 contra
3474 2805 3670 2877 faciem
3696 2818 3790 2857 sua

2250 2903 2303 2957 et
2332 2901 2543 2955 venerit
2565 2898 2635 2954 ad
2658 2901 2987 2971 prophetam
3014 2899 3363 2966 interrogans
3393 2896 3465 2966 (ο)
3494 2909 3619 2949 eum
3640 2906 3739 2963 per
3765 2907 3790 2957 π

2250 3004 2347 3058 ego
2379 2989 2637 3044 Dominus
2666 2987 2990 3060 respondebo
3019 2994 3072 3043 et
3100 2989 3162 3042 in
3196 2983 3553 3040 multitudine
3592 2983 3790 3037 immur

2252 3079 2460 3133 tiarum
2502 3093 2728 3133 suarum
2752 3094 2771 3133 :
2814 3085 2873 3132 ut
2914 3077 3169 3147 capiatur
3212 3074 3406 3130 domus
3449 3070 3618 3127 Israel
3653 3071 3717 3125 in
3744 3085 3790 3124 Ct

499 3180 679 3221 sermo
707 3166 930 3221 Domini
955 3165 1024 3221 ad
1051 3182 1158 3232 me,
1188 3167 1376 3223 dicens
1406 3185 1428 3221 .·
1466 3168 1579 3222 Fili
1619 3167 1877 3236 hominis,
1918 3165 2147 3235 obﬁrma
2182 3223 2218 3237 η
2253 3181 2370 3232 suo,
2402 3182 2502 3237 quo
2531 3169 2867 3222 recesserunt
2894 3182 2935 3221 a
2964 3180 3050 3220 me
3078 3166 3140 3220 in
3167 3163 3377 3219 cunctis
3410 3159 3570 3216 idolis
3597 3160 3731 3214 suis.
3763 3158 3790 3211 Ι

500 3253 703 3325 faciem
744 3260 898 3309 tuam
938 3270 1103 3326 super
1145 3223 1296 3327 filios
1336 3256 1510 3311 Aman
1553 3256 1748 3327 (Infra,
1793 3223 1923 3321 xxiv,
1954 3223 2032 3324 2').
2077 3253 2149 3308 Et
2176 3223 2220 3291 Ο
2255 3223 2445 3324 pterea
2465 3254 2552 3310 dic
2572 3254 2881 3310 addomum
2901 3253 3110 3309 Israel:
3132 3252 3254 3307 Haec
3271 3250 3404 3306 dicit
3430 3249 3692 3304 Dominus
3722 3247 3790 3301 De

503 3358 742 3398 rursum
782 3360 795 3398 :
848 3341 1090 3415 Obﬁrma
1132 3344 1345 3400 vultum
1392 3348 1551 3399 tuum
1590 3359 1760 3415 super
1804 3344 2151 3398 Pharaonem
2260 3342 2655 3422 Convertimini
2694 3351 2744 3398 et
2783 3342 3018 3399 recedite
3054 3340 3122 3397 ab
3163 3340 3328 3396 idolis
3368 3338 3567 3395 vestris
3596 3343 3647 3392 et
3676 3335 3743 3391 ab
3772 3352 3790 3389 ι

501 3445 690 3502 regem
750 3433 974 3504 [Ἐπριί
1000 3433 1196 3505 (Infra,
1231 3450 1385 3504 χχιχ,
1416 3433 1490 3504 2).
1534 3433 1601 3487 Et
1630 3431 1842 3488 iterum
1868 3449 1881 3487 :
1915 3432 2028 3486 Fili
2053 3431 2149 3487 ho-
2256 3431 2422 3486 versis
2445 3430 3003 3487 contaminationibus
3022 3429 3219 3485 vestris
3237 3428 3467 3483 avertite
3485 3426 3658 3495 facies
3676 3427 3790 3480 vest

502 3520 694 3591 minis,
737 3521 967 3591 obﬁrma
1001 3522 1200 3593 faciem
1237 3529 1389 3577 tuam
1418 3537 1579 3593 super
1606 3520 1717 3595 Gog
1749 3523 1800 3576 et
1827 3521 2032 3591 Magog.
2081 3519 2151 3574 Et
2259 3520 2400 3586 Quia
2426 3521 2582 3576 homo
2610 3520 2766 3575 homo
2794 3519 2862 3574 de
2884 3518 3040 3575 domo
3069 3518 3261 3585 Israel,
3290 3524 3342 3573 et
3367 3515 3433 3571 de
3457 3513 3751 3586 proselytis
3783 3536 3790 3566 ι

502 3608 565 3665 in
596 3608 710 3665 alio
740 3607 866 3666 loco
899 3626 913 3664 :
955 3611 1211 3667 Firmabo
1246 3612 1450 3683 faciem
1477 3627 1656 3667 meam
1682 3626 1846 3682 super
1873 3609 2148 3665 hominem
2253 3624 2484 3679 cumque
2512 3607 2721 3663 advena
2748 3608 2925 3682 fuerit
2954 3609 3015 3663 in
3039 3607 3226 3675 Israel,
3257 3608 3309 3661 si
3327 3605 3604 3661 alienatus
3622 3604 3790 3674 fuerit

501 3696 684 3767 illum,
706 3705 759 3753 et
774 3714 977 3770 ponam
997 3699 1161 3755 illum
1175 3698 1543 3767 in'desertum,
1565 3706 1620 3755 et
1633 3701 1693 3754 in
1712 3699 2142 3770 dissipationem,

497 3793 552 3842 et
577 3788 830 3858 auferam
856 3803 981 3843 eum
1008 3787 1074 3844 de
1100 3788 1279 3845 medio
1304 3789 1501 3861 populi
1530 3807 1549 3844 :
1587 3796 1639 3845 et
1672 3789 1852 3843 scietis
1882 3788 2014 3858 quia
2050 3801 2144 3857 ego

496 3875 761 3931 Dominus
807 3876 1005 3947 (Infra,
1052 3893 1165 3946 xxv,
1212 3877 1288 3949 8).
1334 3877 1429 3933 Vae
1468 3877 1647 3949 igitur
1676 3876 1768 3933 his
1799 3874 2138 3942 haeresibus,

495 3962 709 4036 hisque
732 3964 1036 4033 doctrinis,
1070 3981 1200 4036 quae
1222 3966 1483 4037 requiem
1506 3954 1869 4038 pollicentes,
1904 3982 2139 4022 omnem

494 4054 725 4108 aetatem
745 4068 1068 4124 sexumque
1088 4052 1407 4124 decipiunt,
1441 4057 1506 4109 ut
1526 4054 1758 4125 capiant
1777 4053 2007 4109 animas
2028 4053 2137 4107 mi-

458 4198 465 4199 ,
493 4156 782 4210 serorum,
806 4146 865 4197 et
885 4141 1289 4198 contaminent
1310 4144 1387 4210 (α)
1409 4157 1501 4198 me
1517 4143 1589 4198 ad
1614 4141 1898 4214 populum
1921 4157 2136 4208 meum,

492 4228 637 4285 dum
658 4230 864 4285 credor
884 4228 1126 4301 diligere
1150 4227 1502 4301 voluptatem
1525 4247 1539 4285 :
1562 4229 1747 4286 ethoc
1768 4246 1882 4284 non
1903 4233 2141 4302 propter

493 4332 718 4388 corum,
768 4322 827 4373 et
854 4317 1221 4373 hemicorum
1254 4316 1479 4387 hordei,
1526 4323 1592 4374 ut
1619 4317 1678 4372 in
1712 4318 1855 4374 Osee
1887 4317 2137 4391 legimus

495 4404 649 4475 (Osee
675 4406 753 4477 v),
799 4405 899 4461 sed
933 4408 1164 4476 propter
1199 4405 1488 4479 pugillum
1536 4406 1759 4475 hordei,
1811 4423 1926 4479 quo
1964 4408 2138 4465 bruta

492 4496 811 4553 vescuntur
843 4492 1184 4564 animantia,
1235 4499 1292 4551 et
1331 4495 1725 4567 fragmentum
1768 4496 1955 4567 panis.
2009 4496 2134 4553 Non

2253 3697 2310 3751 in
2342 3698 2510 3753 Israel
2538 3714 2572 3752 a
2597 3713 2703 3767 me,
2745 3701 2797 3752 et
2819 3697 3065 3769 posuerit
3094 3695 3245 3752 idola
3272 3710 3375 3751 sua
3412 3695 3475 3749 in
3501 3691 3665 3747 corde
3693 3706 3790 3747 suo

2250 3786 2569 3842 scandalum
2580 3787 2894 3859 iniquitatis
2905 3802 3016 3841 suae
3026 3785 3280 3841 statuerit
3296 3786 3489 3839 contra
3497 3781 3790 3852 faciemsu

2246 3879 2300 3933 et
2334 3878 2547 3931 venerit
2582 3875 2651 3931 ad
2689 3874 3011 3946 prophetam
3051 3882 3110 3929 ut
3149 3875 3440 3944 interroget
3474 3885 3577 3942 per
3613 3885 3746 3925 eum
3775 3886 3790 3922 ς

2246 3980 2343 4034 ego
2371 3966 2639 4020 Dominus
2667 3964 2998 4036 respondebo
3023 3965 3079 4019 ei
3098 3980 3204 4035 per
3226 3978 3334 4018 me.
3370 3964 3440 4017 Et
3471 3975 3679 4031 ponam
3712 3960 3790 4030 [αα

2246 4068 2429 4108 meam
2456 4069 2619 4126 super
2648 4052 2923 4109 hominem
2947 4053 3145 4114 illum;
3167 4060 3218 4109 et
3241 4052 3451 4123 faciam
3479 4065 3610 4105 eum
3639 4049 3705 4102 in
3731 4063 3790 4103 ea

2245 4142 2401 4212 plum
2426 4151 2477 4197 et
2507 4144 2568 4196 in
2592 4141 2948 4213 proverbium
2977 4158 2998 4205 ;
3041 4150 3095 4197 et
3121 4139 3433 4213 disperdam
3475 4154 3607 4194 eum
3640 4136 3711 4192 de
3737 4152 3790 4191 m

2241 4229 2437 4300 populi
2463 4230 2613 4283 mei:
2643 4232 2695 4284 et
2723 4230 2906 4285 scietis
2934 4231 3066 4301 quia
3096 4245 3191 4301 ego
3221 4228 3506 4284 Dominus.
3546 4230 3613 4281 Et
3636 4239 3790 4297 prop.

2245 4333 2369 4373 cum
2397 4318 2684 4385 erraverit,
2716 4326 2767 4373 et
2798 4319 3003 4374 locutus
3022 4317 3201 4392 fuerit
3221 4317 3449 4373 verbum
3469 4333 3490 4370 :
3520 4330 3621 4385 ego
3642 4313 3786 4370 Dom

2245 4406 2435 4479 deeepi
2457 4405 2778 4478 prophetam
2809 4407 2971 4463 illum
2996 4424 3009 4463 :
3056 4414 3109 4463 et
3136 4406 3435 4463 extendam
3462 4419 3705 4459 manum
3735 4419 3790 4457 m

2242 4511 2410 4566 super
2452 4511 2577 4550 eum
2603 4514 2627 4561 ;
2672 4504 2723 4551 et
2771 4495 2955 4552 delebo
3010 4511 3138 4551 eum
3192 4495 3260 4551 de
3310 4493 3489 4550 medio
3540 4491 3752 4565 populi

492 4598 706 4661 panem
736 4582 1029 4655 integrum
1061 4599 1164 4638 nec
1204 4582 1310 4656 [AL
1344 4583 1401 4639 id
1434 4585 1542 4656 est]
1583 4583 1771 4641 solida
1798 4584 2136 4643 testimonia
2165 4589 2212 4655 ι)
2243 4584 2431 4641 Israel.
2478 4585 2542 4639 Et
2582 4585 2879 4657 portabunt
2927 4586 3277 4657 iniquitatem
3321 4598 3481 4639 suam
3514 4598 3528 4638 :
3575 4582 3760 4654 juxta

492 4672 1068 4745 Scripturarum,sed
1091 4688 1216 4743 quas
1238 4672 1509 4729 hmretica
1527 4674 1814 4746 pravitate
1845 4675 2044 4743 fracta,
2078 4679 2135 4733 et

492 4762 794 4819 decurtata
810 4765 986 4835 atque
1003 4760 1318 4819 imminuta
1333 4765 1501 4830 sunt;
1526 4767 1590 4819 ut
1611 4768 1846 4820 sanctos
1868 4781 2133 4837 quosque

492 4849 797 4922 dicipiant,
842 4856 899 4908 et
948 4852 1021 4907 ad
1072 4855 1318 4909 mortem
1367 4851 1648 4920 trahant;
1699 4856 1757 4908 et
1802 4858 2132 4925 peccatores

488 4936 656 5021 vanis
672 4938 1167 5008 promissionibus
1181 4940 1468 4997 vivificare
1486 4941 1858 4997 contendant.
1875 4941 2133 5015 Propter-

488 5040 559 5082 ea
587 5023 845 5081 clemens
873 5032 932 5083 et
973 5028 1306 5087 misericors
1347 5034 1498 5085 Deus
1543 5045 1659 5084 non
1688 5028 1849 5102 ipsas
1880 5032 2133 5103 prophe-

486 5112 666 5171 tissas
686 5111 979 5183 interﬁcit,
1004 5118 1105 5172 sed
1132 5118 1450 5191 disrumpit
1468 5116 1740 5190 pulvillos
1771 5134 1997 5189 eorum,
2030 5122 2131 5193 qui

557 5236 806 5381 (agApud
815 5236 1031 5318 Baban.
1041 5243 1429 5309 ,contaminent
1440 5258 1638 5298 omnen
1646 5241 1911 5314 populum
1923 5259 2108 5298 meum
2118 5286 2130 5298 .

559 5308 612 5381 (b
649 5308 1111 5365 Rescribendum
1124 5310 1497 5368 videturcum
1513 5314 1725 5369 Victor.
1741 5315 2041 5381 seniorum,
2058 5316 2129 5370 ad

584 5308 634 5381 b)
649 5308 1111 5365 Riescribendu’m
1124 5310 1497 5368 videturcum
1513 5308 1731 5369 Victor:
1741 5315 2041 5382 seniorum,
2058 5316 2129 5370 ad

486 5379 793 5468 Hebraeum
823 5388 998 5468 mpm
1038 5389 1259 5450 otism,
1291 5388 1348 5439 et
1375 5387 1639 5441 Graecum
1669 5380 1859 5458 ἄνδρες
1887 5383 1990 5437 ἀπὸ
2019 5379 2127 5438 τῶν

485 5462 1161 5552 Ίτρερνϐυτὲρυζνξξιᾳυιίὺυε
1191 5475 1249 5552 et
1275 5470 1526 5552 Vulgata
1554 5475 1887 5552 Hieronymi
1919 5474 2128 5544 versio,

486 5541 795 5613 ipsiusque
828 5541 1082 5613 historias
1114 5541 1326 5613 veritas
1357 5541 1740 5601 concinnunt.

562 5611 999 5689 (c)__l_?._contrario
1021 5618 1109 5670 est
1130 5612 1190 5669 in
1216 5614 1484 5687 Vulgata,
1517 5618 1867 5689 interrogans
1885 5634 1989 5689 per
2007 5633 2131 5675 eum

487 5682 597 5741 me.
616 5682 777 5741 Nihil
798 5700 931 5741 vero
948 5682 1360 5758 immutamus,
1374 5682 1510 5743 cum
1531 5686 1677 5743 nihil
1693 5682 1753 5744 in
1775 5682 2011 5747 Hebraeo
2030 5689 2128 5762 sit,

2240 4677 2508 4747 quitatem
2542 4676 2954 4746 interrogantis,
3003 4676 3080 4731 sic
3108 4675 3372 4747 iniquitas
3412 4670 3705 4744 prophetae
3756 4686 3786 4724 c

2241 4768 2304 4819 ut
2349 4780 2459 4820 non
2504 4767 2646 4831 erret
2704 4762 2897 4836 [Vulg.
2951 4762 3113 4819 addit
3162 4762 3333 4836 ultra]
3384 4761 3584 4818 domus
3646 4761 3790 4816 1.ςνα‹

2241 4870 2347 4922 me,
2387 4868 2559 4925 neque
2599 4853 2884 4924 polluatur
2922 4855 2980 4909 in
3022 4854 3296 4909 uni-versis
3343 4850 3790 4924 pracvarication

2239 4944 2403 5004 suis;
2446 4941 2537 4998 sed
2576 4943 2651 4997 sit
2678 4942 2819 4997 mihi
2864 4944 2923 4997 in
2965 4941 3237 5015 populum
3268 4960 3287 4998 :
3326 4949 3378 4997 et
3419 4955 3516 5012 ego
3561 4940 3681 4994 sim
3730 4939 3789 4994 ei

2242 5032 2411 5087 Deum
2449 5032 2531 5086 ait
2549 5031 2812 5086 Dominus
2850 5032 3209 5087 exercituum.
3244 5029 3424 5086 LXX:
3456 5031 3522 5085 Et
3544 5043 3790 5085 venerm

2240 5136 2328 5175 me
2356 5121 2464 5175 viri
2495 5119 2561 5174 de
2583 5119 2890 5175 senioribus
2934 5120 3122 5187 Israel,
3153 5124 3204 5177 et
3240 5120 3499 5176 sederunt
3529 5121 3672 5174 ante
3713 5118 3790 5187 fa.

2242 5246 2399 5317 quod
2434 5243 2626 5301 verbis
2672 5244 2801 5300 istis
2845 5245 3193 5317 respondeat
3232 5244 3344 5301 hoc
3372 5243 3527 5314 loco,
3585 5243 3700 5300 sed
3735 5257 3790 5299 se

2241 5317 2397 5372 infra
2427 5333 2574 5372 vers.
2606 5317 2660 5370 7.

2280 5405 2552 5489 .(d)‘H_as
2599 5404 3124 5489 duaspostremas
3166 5421 3355 5489 voces,
3406 5404 3735 5489 In_{srael,
3787 5401 3790 5408 λ

2238 5475 2943 5559 t‘orsdeletppropterea‘
2972 5478 3125 5549 quod
3182 5494 3300 5559 nec
3338 5475 3396 5533 in
3446 5476 3761 5559 Ilebraic'a

2240 5548 2459 5617 Graeca,
2511 5546 2779 5621 Latinave
2807 5547 2968 5604 editt.
2990 5546 3403 5621 reperiantur,
3448 5549 3667 5621 eisque
3704 5546 3790 5601 Br

2240 5635 2384 5675 mss.
2435 5619 2604 5675 codd.
2653 5624 2906 5677 careant.
2954 5619 3181 5678 Habent
3210 5638 3344 5679 vero
3377 5620 3605 5693 quibus
3643 5634 3767 5675 nos

2240 5706 2375 5749 mur
2404 5706 2548 5748 [1188.
