4052 6180
328 378 454 451 117

942 371 1696 440 COMMENTARIORUM
1738 372 1819 435 IN
1864 370 2365 437 EZECHIELEM
2409 369 2556 435 LIB.
2601 368 2707 435 ιν.
2754 368 2926 433 CAP.
2971 362 3131 434 XIV.

3615 358 3733 431 118

319 528 527 573 meam.
561 510 631 569 Et
680 511 862 583 [actus
889 517 969 567 est
1012 524 1188 566 sermo
1236 510 1457 565 Domini
1504 509 1578 564 ad
1612 523 1718 573 me,
1749 507 1936 563 dicens
1963 523 1982 559 :
2010 507 2066 573 Α
2094 504 2376 562 habentes
2423 503 2676 571 ruinam,
2709 502 3040 575 iniquitatis
3069 508 3270 560 contra
3313 501 3524 562 faciem
3562 515 3732 560 suam

325 605 483 661 183
503 603 617 659 Fili
645 601 905 671 hominis,
918 601 1033 657 viri
1046 601 1144 655 isti
1158 605 1460 672 posuerunt
1478 599 1830 669 cogitationes
1848 611 1983 651 suas

312 695 377 749 in
405 692 669 750 cordibus
697 692 814 747 suis
848 707 860 746 :
890 694 942 745 et
988 696 1322 745 tormentum
1354 689 1716 759 iniquitatum
1756 701 1985 741 suarum

310 788 625 855 posuerunt
650 786 778 834 ante
824 777 1038 851 faciem
1067 793 1233 832 suam
1261 793 1280 830 :
1311 778 1362 831 si
1392 774 1721 846 respondens
1758 788 1982 843 respon-

316 870 462 927 debo
492 872 572 925 eis
593 873 618 923 .9
645 870 950 940 Propterea
980 867 1220 938 loqueris
1250 867 1326 921 eis
1357 883 1375 919 :
1405 869 1455 920 et
1483 865 1575 920 dic
1603 865 1670 918 ad
1695 879 1782 920 eos
1812 881 1830 916 :
1860 863 1988 918 Haec

319 960 464 1016 dicit
482 958 691 1015 Adonei
713 958 988 1014 Dominus
1008 973 1027 1010 :
1050 960 1225 1011 Homo
1245 955 1404 1018 homo
1424 954 1489 1009 de
1516 954 1671 1009 domo
1696 951 1865 1008 Israel
1892 952 1987 1023 qui

317 1051 568 1122 posuerit
594 1048 953 1116 cogitationes
980 1061 1107 1100 suas
1146 1045 1205 1099 in
1237 1043 1394 1099 corde
1423 1059 1542 1107 suo,
1574 1050 1625 1097 et
1652 1046 1982 1097 tormentum

324 1139 640 1209 iniquitatis
664 1151 779 1192 sua:
807 1137 1053 1207 posuerit
1071 1138 1200 1189 ante
1227 1134 1429 1204 faciem
1460 1148 1622 1187 suam
1650 1148 1668 1184 :
1700 1138 1751 1186 et
1772 1131 1987 1186 venerit

316 1227 392 1284 ad
409 1226 763 1299 prophetam,
796 1229 854 1279 ut
884 1225 1186 1293 interroget
1207 1239 1333 1278 eum
1363 1224 1425 1276 in
1452 1237 1537 1276 me
1557 1239 1575 1274 :
1598 1236 1693 1288 ego
1714 1222 1986 1275 Dominus

314 1315 655 1388 respondebo
683 1316 740 1369 ei
768 1316 831 1369 in
878 1313 964 1368 his
1014 1313 1215 1384 quibus
1267 1315 1486 1367 tenetur
1531 1326 1686 1365 mens
1728 1310 1844 1380 ejus
1876 1327 1895 1364 :
1927 1311 1986 1363 ut

318 1409 593 1461 averteret
640 1404 871 1458 domum
913 1403 1083 1457 Israel
1109 1400 1408 1456 secundum
1434 1398 1604 1455 corda
1650 1414 1838 1453 eorum
1860 1411 1987 1467 quw

318 1494 643 1550 abalienata
672 1499 803 1547 sunt
840 1508 874 1545 a
900 1506 987 1545 me
1014 1489 1442 1561 cogitationibus
1472 1503 1686 1543 eorum.
1726 1490 1982 1558 Propter-

315 1598 385 1639 ea
416 1582 513 1637 dic
555 1579 631 1635 ad
662 1580 884 1635 domum
913 1578 1083 1633 Israel
1112 1596 1131 1631 :
1164 1578 1294 1634 ch
1335 1577 1468 1632 dicit
1499 1577 1761 1632 Dominus
1792 1577 1935 1631 Deus
1964 1593 1983 1629 .-

319 1680 742 1745 Convertimini,
776 1685 828 1732 et
856 1674 1088 1731 recedite
1117 1676 1188 1731 ab
1221 1674 1638 1731 inventionibus
1662 1674 1854 1729 vestris
1882 1690 1901 1726 :
1932 1681 1985 1728 et

312 1770 387 1826 ab
414 1768 676 1827 omnibus
694 1766 1067 1839 impietatibus
1091 1765 1305 1829 vestris,
1327 1772 1378 1819 et
1397 1763 1685 1819 convertite
1705 1763 1876 1834 [acies
1894 1778 1982 1818 ve-

308 1866 454 1916 stras
472 1858 547 1913 ad
565 1873 661 1913 me
681 1877 702 1911 ,ο
736 1856 878 1924 Quia
897 1855 1055 1910 homo
1084 1854 1244 1908 homo
1265 1852 1330 1907 de
1358 1852 1514 1908 domo
1538 1852 1793 1919 Israel,et
1807 1850 1874 1905 de
1891 1850 1983 1906 ad-
2011 1874 2061 1939 B

316 1949 476 2005 venis
485 1948 588 2021 qui
598 1946 1036 2018 peregrinantur
1056 1944 1117 1997 in
1136 1946 1291 1998 terra
1312 1941 1513 1996 Israel:
1525 1941 1621 2011 qui
1640 1940 1982 1995 abalienatus

311 2038 491 2109 fuerit
519 2054 558 2091 a
584 2050 695 2101 me,
711 2042 765 2090 et
785 2034 1033 2106 posuerit
1061 2032 1417 2103 cogitationes
1429 2046 1556 2085 suas
1587 2030 1649 2084 in
1666 2028 1824 2084 corde
1841 2044 1940 2084 suo
1962 2048 1980 2083 :

312 2132 369 2183 et
416 2128 759 2181 tormentum
806 2123 1118 2194 iniquitatis
1165 2135 1284 2177 suae
1326 2120 1569 2190 posuerit
1613 2126 1738 2174 ante
1783 2119 1979 2188 faciem

313 2230 512 2276 mam;
542 2216 597 2268 et
625 2214 842 2268 venerit
872 2210 944 2266 ad
985 2210 1307 2281 prophetam
1338 2212 1401 2263 ut
1430 2209 1733 2279 interroget
1770 2222 1893 2261 eum
1920 2208 1981 2261 in

316 2320 408 2359 me
435 2322 455 2358 :
484 2318 582 2372 ego
605 2302 870 2357 Dominus
898 2298 1228 2370 respondebo
1257 2298 1309 2352 ei
1347 2298 1407 2350 in
1437 2312 1501 2351 eo
1530 2311 1634 2366 quo
1664 2302 1900 2365 tenetur,
1931 2298 1983 2349 et

326 2390 634 2460 abﬁrmabo
661 2389 858 2460 faciem
874 2404 1060 2444 meam
1085 2403 1250 2458 super
1276 2386 1554 2441 hominem
1581 2385 1744 2439 illum
1778 2400 1790 2437 :
1821 2393 1871 2439 et
1884 2399 1980 2455 po-

323 2496 471 2535 nam
497 2495 629 2534 eum
646 2480 703 2533 in
726 2478 1018 2543 desertum,
1042 2480 1095 2532 et
1124 2478 1186 2531 in
1204 2474 1598 2531 exterminium
1618 2492 1639 2528 :
1658 2476 1713 2528 et
1732 2472 1984 2544 auferam

321 2584 457 2624 eum
504 2566 576 2622 de
599 2568 775 2623 medio
818 2567 1012 2639 populi
1058 2565 1213 2620 mei:
1243 2566 1294 2619 et
1340 2563 1664 2634 cognoscetis
1701 2563 1833 2631 quia
1889 2577 1982 2633 ego

324 2658 616 2714 Dominus.
650 2656 715 2711 Et
760 2656 1022 2727 propheta
1051 2656 1104 2709 si
1147 2654 1435 2722 erraverit,
1467 2653 1518 2707 et
1564 2651 1772 2706 locutus
1811 2652 1984 2720 fuerit

324 2747 559 2802 verbum
586 2763 606 2798 :
636 2761 734 2816 ego
762 2746 1029 2807 Dominus
1043 2758 1232 2798 errare
1260 2742 1368 2812 feci
1380 2739 1704 2811 prophetam
1722 2738 1904 2794 illum.
1921 2741 1985 2793 Et

313 2834 624 2892 extendam
670 2851 901 2890 manum
927 2849 1109 2889 meam
1151 2846 1315 2903 super
1341 2846 1489 2897 eum,
1520 2838 1571 2885 et
1614 2828 1983 2884 exterminabo

314 2925 487 2981 illum
510 2923 585 2980 de
612 2923 793 2979 medio
810 2924 1004 2995 populi
1031 2923 1145 2977 mei
1172 2921 1360 2976 Israel.
1391 2921 1456 2974 Et
1483 2919 1755 2989 accipient
1784 2918 1986 2988 iniqui-

314 3017 492 3070 tatem
537 3029 703 3068 suam
733 3010 1035 3067 secundum
1062 3010 1416 3080 iniquitatem
1462 3007 1875 3077 interrogantis,
1933 3008 1985 3060 et

315 3103 607 3175 iniquitas
638 3101 905 3157 similiter
929 3099 1214 3172 praphetse
1241 3099 1363 3167 erit,
1386 3100 1448 3151 ut
1476 3111 1821 3167 nequaquam
1843 3098 1985 3150 erret

314 3191 519 3248 domus
549 3190 726 3246 Israel
756 3206 791 3244 a
820 3205 929 3254 me,
958 3192 1009 3244 et
1036 3203 1151 3243 non
1191 3187 1517 3258 polluantur
1544 3184 1720 3239 adhuc
1748 3186 1809 3238 in
1849 3199 1981 3238 cun-

1188 3241 1331 3331 mihi
1356 3277 1415 3331 in
1455 3275 1719 3346 populum
1744 3291 1763 3328 :
1792 3277 1843 3329 et
1890 3288 1985 3344 ego
2013 3241 2057 3308 θ

313 3385 416 3426 ero
440 3371 528 3425 eis
556 3368 622 3423 in
677 3368 871 3437 Deum,
902 3366 1037 3421 dicit
1079 3366 1290 3421 Adonei
1341 3364 1629 3419 Dominus.
1664 3366 1983 3433 Postquam

315 3467 560 3523 loeutus
591 3469 689 3521 est
718 3464 791 3520 ad
823 3463 1140 3537 prophetas
1171 3461 1273 3535 qui
1304 3460 1731 3534 prophetabant
1763 3459 1823 3514 in
1852 3475 1984 3514 cor-

321 3556 399 3611 de
425 3571 557 3621 suo,
573 3556 635 3610 et
664 3551 932 3607 linebant
950 3551 1229 3623 parietem
1247 3549 1470 3620 absque
1492 3552 1985 3619 temperamento;

320 3648 383 3701 et
416 3644 492 3699 ad
544 3640 958 3715 prophetissae
1005 3656 1134 3712 quae
1165 3639 1528 3695 consuebant
1574 3635 1895 3705 cervicalia,
1932 3639 1991 3691 et

320 3733 627 3806 ponebant
647 3729 763 3787 sub
793 3728 953 3784 omni
982 3728 1182 3783 cubito
1204 3744 1440 3795 manus,
1463 3725 1873 3797 faciebantque
1892 3741 1991 3780 ve-

2098 598 2274 666 atque
2292 596 2672 660 tormentum,
2687 592 2829 648 dum
2861 591 3102 649 meliora
3122 592 3452 665 desperant,
3468 595 3527 650 et
3545 590 3735 666 parati

2097 688 2237 738 sunt
2251 684 2322 738 ad
2346 681 2721 756 supplicium,
2741 685 2798 737 et
2820 682 2905 738 sic
2933 697 3062 738 mea
3080 697 3184 753 per
3211 685 3268 738 te
3295 682 3542 756 cupiunt
3559 682 3739 739 verba

2096 787 2443 844 cognoscere
2467 775 2490 827 Ρ
2516 770 2664 835 Quia
2682 771 2862 844 igitur
2891 787 3156 843 perverso
3176 771 3248 827 ad
3278 774 3334 827 te
3360 772 3536 830 corde
3563 787 3737 829 vene-

2096 864 2255 927 runt,
2286 860 2572 932 responde
2602 860 2688 916 eis
2717 877 2833 916 non
2867 876 2935 916 ex
2956 876 3206 932 persona
3230 864 3351 928 tua,
3383 876 3455 917 ne
3486 860 3629 920 levis
3660 859 3738 918 sit

2094 949 2413 1006 auctoritas
2455 948 2900 1021 respondentis;
2934 950 3035 1005 sed
3086 964 3156 1004 ex
3200 965 3330 1005 meo
3379 949 3646 1022 imperio,
3679 951 3738 1006 et

2094 1046 2252 1103 dices
2290 1047 2363 1101 ad
2393 1062 2492 1102 eos
2525 1062 2538 1100 :
2572 1048 2695 1102 Haec
2745 1046 2879 1101 dicit
2908 1048 3172 1104 Dominus
3199 1051 3358 1103 Deus.
3391 1048 3493 1103 Est
3537 1050 3735 1104 autem

2094 1134 2273 1191 totius
2305 1133 2434 1202 loci,
2469 1139 2533 1190 ut
2570 1135 2749 1190 latam
2779 1134 3250 1207 explanationem
3279 1136 3438 1193 brevi
3468 1151 3737 1193 sermone

2095 1224 2608 1296 comprehendam,
2639 1224 2754 1280 ista
2805 1225 3134 1282 sententia:
3183 1230 3370 1282 Homo
3398 1225 3576 1282 homo
3618 1241 3736 1282 non

2095 1312 2341 1369 aliarum
2374 1314 2658 1386 gentium,
2691 1330 2943 1385 quarum
2973 1331 3134 1370 error
3169 1318 3360 1387 potest
3404 1314 3618 1371 habere
3640 1330 3735 1370 ve-

2093 1403 2278 1471 niam,
2308 1404 2406 1458 sed
2431 1402 2644 1458 domus
2676 1401 2875 1471 Israel,
2908 1402 3010 1475 qui
3032 1420 3167 1459 cum
3190 1403 3457 1476 pristinis
3479 1401 3735 1472 vitiis,de

2093 1492 2309 1565 quibus
2337 1508 2519 1564 supra
2538 1491 2814 1563 diximus,
2831 1492 2903 1548 ad
2937 1492 3281 1564 prophetam
3305 1492 3528 1549 venerit
3543 1491 3740 1549 scisci-

2092 1582 2361 1647 tandum,
2384 1597 2489 1654 ego
2521 1580 2884 1652 respondebo
2913 1581 2967 1637 ei
2985 1582 3158 1652 juxta
3186 1597 3303 1650 cor,
3327 1584 3386 1637 et
3414 1577 3738 1637 immundi-

2091 1670 2205 1726 tias
2235 1686 2396 1741 suas,
2421 1672 2488 1725 ut
2499 1670 2669 1740 juxta
2688 1669 2842 1740 quod
2863 1669 2988 1725 vult
3005 1672 3064 1725 et
3087 1668 3290 1738 credit,
3319 1669 3402 1726 ita
3428 1673 3487 1725 et
3510 1668 3734 1726 audiat.

2090 1759 2215 1815 Non
2245 1760 2403 1815 enim
2434 1762 2691 1815 meretur
2713 1758 3155 1829 correctionem,
3177 1758 3275 1829 qui
3304 1775 3420 1815 non
3451 1758 3739 1828 discendi,

2092 1849 2195 1905 sed
2227 1848 2490 1904 tentandi
2511 1847 2707 1903 animo
2733 1847 3073 1919 interrogat.
3106 1847 3493 1905 Recesserunt
3515 1847 3674 1905 enim
3704 1865 3741 1904 a

2092 1954 2205 2005 me,
2239 1936 2395 1993 idola
2440 1940 2580 1991 sunt
2625 1935 2832 1992 secuti.
2865 1936 3181 2007 Brevisque
3229 1936 3345 1993 ista
3374 1940 3465 1993 est
3489 1936 3739 1993 commi-

2091 2026 2271 2094 natio,
2303 2031 2369 2081 ut
2398 2025 2668 2082 recedant
2695 2025 2766 2081 ab
2802 2024 2975 2081 idolis
3005 2024 3576 2099 cogitationibusque
3604 2041 3738 2099 per-

2093 2123 2294 2189 versis,
2327 2126 2384 2179 et
2419 2126 2833 2179 convertantur
2860 2123 2933 2178 ad
2966 2139 3080 2191 me,
3115 2123 3325 2196 priora
3358 2124 3463 2195 (At.
3499 2124 3736 2198 propria

2090 2210 2310 2267 scelera
2338 2210 2753 2282 relinquentes.
2786 2212 2914 2267 Non
2945 2211 3104 2267 enim
3133 2216 3392 2269 meretur
3419 2212 3623 2269 audire
3640 2230 3740 2270 ve-

2089 2301 2346 2367 ritatem,
2370 2300 2468 2370 qui
2498 2299 2907 2356 fraudulenter
2922 2301 3282 2374 interrogat;
3314 2302 3415 2358 sed
3437 2318 3544 2358 suo
3565 2302 3738 2358 corde

2090 2388 2408 2461 capiendus
2439 2393 2564 2445 est:
2598 2390 2923 2445 secundum
2950 2390 3104 2460 quod
3135 2390 3348 2446 Scribse
3373 2394 3430 2446 et
3456 2389 3738 2447 Pharismi

2089 2478 2514 2549 interrogantes
2545 2477 3080 2545 Dominum,immo
3109 2480 3422 2545 tentantes,
3445 2478 3736 2535 audiunt:

2092 2565 2231 2635 Quid
2258 2581 2347 2620 me
2382 2566 2644 2621 tentatis?
2672 2566 2739 2621 Et
2767 2582 3001 2621 rursum
3037 2583 3050 2621 :
3080 2570 3190 2622 Nec
3215 2581 3310 2637 ego
3356 2566 3537 2622 dicam
3564 2567 3735 2635 vobis,

2091 2657 2152 2710 in
2167 2672 2275 2726 qua
2295 2656 2496 2710 virtute
2524 2654 2644 2712 haec
2663 2655 2868 2727 faciam
2886 2654 3103 2726 (Matth.
3127 2671 3245 2722 xxi,
3267 2656 3382 2724 27).
3402 2655 3511 2720 Qui
3535 2659 3737 2712 autem

2091 2744 2267 2799 homo
2296 2742 2433 2799 talis
2462 2748 2573 2809 est,
2595 2747 2653 2799 et
2680 2742 2765 2799 sic
2793 2743 3132 2816 interrogat,
3158 2742 3324 2816 ponit
3352 2743 3507 2800 Deus
3527 2743 3737 2800 faciem

2092 2849 2262 2891 suam
2292 2849 2469 2905 super
2496 2830 2685 2900 illum,
2726 2832 2849 2888 sive
2895 2832 3240 2900 conﬁrmat;
3291 2834 3358 2887 ut
3401 2833 3741 2890 austeritate

2092 2922 2291 2979 vultus
2320 2921 2530 2978 frontis
2543 2922 2761 2977 duritia
2790 2919 3104 2987 molliatur,
3119 2924 3178 2976 et
3201 2920 3279 2978 sit
3299 2920 3360 2977 in
3382 2920 3738 2995 exemplum,

2093 3015 2151 3067 et
2179 3011 2240 3066 in
2290 3009 2683 3083 proverbium,
2718 3008 2836 3067 sive
2864 3009 2925 3065 in
2955 3009 3357 3082 solitudinem,
3388 3014 3447 3067 et
3497 3010 3558 3066 in
3591 3010 3739 3067 inte-

2093 3099 2293 3168 ritum,
2328 3102 2393 3154 ut
2439 3098 2536 3155 illo
2584 3097 2811 3171 perdito
2853 3098 2925 3153 de
2969 3098 3182 3171 populo
3232 3097 3356 3165 Dei,
3381 3103 3740 3172 cognoscant

2094 3187 2283 3243 caeteri
2315 3187 2470 3259 quod
2513 3186 2639 3259 ipse
2670 3186 2748 3243 sit
2774 3185 3061 3243 Dominus
3106 3187 3256 3244 135
3291 3186 3390 3257 qui
3421 3186 3614 3245 cordis
3643 3204 3735 3244 ar-

2095 3293 2241 3332 cana
2267 3276 2586 3351 cognoscit,
2617 3279 2675 3331 et
2704 3274 3140 3348 perversitatem
3172 3275 3387 3331 mentis
3419 3275 3734 3351 intelligit;

2093 3390 2199 3430 nec
2233 3372 2563 3429 considerat
2580 3373 2756 3428 verba
2783 3371 3173 3445 loquentium,
3201 3373 3302 3428 sed
3324 3373 3517 3429 corda.
3543 3373 3737 3438 Quod-

2095 3478 2209 3535 que
2238 3461 2525 3533 sequitur,
2555 3466 2612 3517 et
2652 3461 2886 3516 videtur
2914 3461 3103 3517 facere
3132 3461 3513 3534 quaestionem
3546 3478 3559 3517 :
3593 3467 3736 3519 Pro-

2093 3551 2256 3624 pheta
2283 3566 2409 3606 cum
2437 3551 2726 3616 erraverit,
2760 3557 2810 3604 et
2839 3549 3046 3604 locutus
3059 3550 3236 3620 fuerit
3265 3548 3506 3617 verbum,
3531 3565 3626 3621 ego
3646 3550 3752 3606 Do-

2096 3642 2282 3695 minus
2308 3639 2494 3710 decepi
2516 3638 2839 3710 prophetam
2864 3638 3049 3705 illum,
3081 3653 3197 3693 non
3230 3640 3508 3709 putemus
3527 3637 3600 3694 de
3617 3654 3752 3695 vero

2100 3728 2391 3802 propheta
2419 3726 2558 3793 dici,
2592 3727 2694 3782 sed
2725 3727 2795 3781 de
2825 3725 3357 3798 pseudoprOpbeta,
3387 3726 3489 3797 qui
3519 3744 3754 3779 συνωνυ-

323 3821 575 3891 lamina,
606 3822 665 3874 et
713 3818 1062 3889 operiebant
1089 3815 1279 3889 capita
1319 3814 1605 3870 universae
1654 3813 1841 3869 aetatis
1869 3813 1995 3884 (per
2107 3820 2227 3891 μῶς
2262 3816 2549 3889 propheta
2579 3812 2924 3886 appellatur.
2956 3813 3022 3869 Et
3066 3814 3140 3869 de
3168 3812 3269 3869 illo
3317 3812 3755 3885 Scripturarum

326 3926 461 3981 quae
494 3921 910 3980 perversorum
935 3906 1279 3976 dogmatum
1303 3902 1570 3959 doctrina
1591 3899 1988 3970 monstratur),

2104 3916 2228 3971 loco
2262 3913 2403 3970 solvi
2435 3916 2647 3985 potest,
2681 3911 2914 3984 quando
2945 3910 3144 3973 Achab
3187 3927 3289 3968 rex
3334 3910 3510 3968 Israel
3538 3913 3760 3969 vadens

329 4001 629 4054 venerunt
647 3996 716 4051 ad
748 3994 1122 4068 Propheta-ru,
1139 4009 1255 4049 non
1277 4006 1483 4048 omnes
1505 4006 1783 4058 861195.116
1803 3988 1996 4076 οιωοιί
2110 4005 2182 4061 ad
2211 4001 2501 4076 praelium,
2535 4017 2651 4057 non
2681 3998 2806 4054 vult
2830 4000 3033 4056 audire
3059 3999 3358 4056 Michseam
3387 4000 3756 4073 prophetam,

339 4082 687 4141 viderentur
711 4096 908 4137 errare
941 4098 955 4148 ;
992 4080 1093 4136 sed
1125 4079 1366 4151 quidam
1398 4078 1697 4135 seniorum
1726 4075 1988 4147 Israel,e1

2109 4093 2209 4149 sed
2223 4075 2880 4165 pseudoprophetarum
2901 4087 3162 4146 consiliis
3179 4088 3497 4163 acquiescit
3512 4089 3615 4160 (III
3629 4094 3761 4162 Reg.

340 4168 628 4226 sederunt
644 4185 840 4240 coram
867 4167 1153 4239 propheta
1183 4185 1196 4223 :
1232 4183 1410 4238 quam
1442 4167 1516 4222 ob
1546 4182 1787 4222 causam
1807 4165 1988 4221 venis-

2110 4183 2236 4254 xn).
2271 4180 2538 4253 Dicitque
2568 4178 2861 4248 Michmas,
2893 4179 3048 4250 quod
3078 4177 3289 4235 viderit
3327 4178 3642 4236 Dominum
3673 4194 3766 4236 se-

335 4264 471 4316 εοιιί
519 4257 761 4314 interim
815 4256 1048 4313 δίιθιιῒίο
1097 4256 1435 4312 differentes
1473 4274 1486 4324 ;
1534 4254 1852 4327 Statimque
1901 4254 2003 4310 Dei
2115 4272 2350 4326 dentem
2381 4269 2442 4324 in
2474 4268 2641 4337 solio,
2675 4271 2733 4323 et
2767 4266 2984 4324 erroris
3014 4267 3289 4339 spiritum
3321 4267 3475 4325 ultro
3506 4285 3570 4325 se
3601 4268 3770 4325 obtu-

334 4372 533 4413 sermo
566 4356 759 4411 factus
787 4357 880 4410 est
908 4354 981 4409 ad
1014 4352 1385 4426 prophetam,
1408 4352 1675 4407 indicans
1704 4368 1808 4407 cur
1837 4352 2004 4407 adea“
2114 4358 2254 4415 lisse
2285 4358 2356 4413 ad
2404 4356 2820 4430 decipiendum
2869 4370 3084 4428 regem.
3114 4355 3391 4412 Diabolus
3442 4371 3675 4430 quoque
3702 4355 3764 4412 in

334 4440 2006 4517 sent.Nequeenimnaturazhominisestquamvissancti,
2117 4446 2412 4502 volumine
2458 4446 2567 4501 Job
2616 4445 2904 4501 circuiens
2951 4448 3189 4513 terram,
3238 4449 3394 4500 stare
3441 4444 3659 4501 dicitur
3706 4444 3769 4500 in

347 4534 546 4591 cordis
574 4548 792 4589 arcana
821 4547 1191 4605 cognoscere.
1230 4530 1392 4586 Unde
1424 4531 1495 4585 de
1526 4531 1682 4585 134
1713 4528 1835 4584 8010
1864 4528 2007 4585 dici-
2121 4539 2437 4608 conspectu
2466 4534 2587 4599 Dei,
2605 4537 2664 4589 et
2695 4534 2751 4588 in
2783 4532 3178 4589 substantiam
3202 4533 3390 4606 primo
3411 4533 3771 4602 Job,deinde

336 4629 439 4679 tur
488 4622 793 4678 Salvatore
852 4638 865 4675 :
931 4621 1127 4676 Videns
1184 4624 1370 4675 autem
1421 4621 1576 4676 Iesus
1649 4620 2003 4688 cogitationes
2034 4609 2079 4674 Π
2110 4625 2170 4680 in
2197 4640 2412 4696 corpus
2443 4624 2574 4695 ejus
2606 4622 2867 4693 accipere
2894 4638 2928 4677 a
2957 4621 3204 4678 Domino
3236 4626 3587 4695 potestatem
3622 4622 3765 4693 (Job.

342 4728 555 4780 eorum,
588 4711 741 4766 dixit
769 4727 787 4765 ε
825 4711 890 4767 Ut
917 4709 1048 4782 quid
1076 4710 1327 4781 cogitatis
1359 4709 1514 4765 mala
1544 4711 1605 4764 in
1633 4708 1890 4763 cordibus
1914 4724 2003 4763 υϐ-
2115 4732 2133 4770 ι
2161 4718 2211 4770 et
2242 4714 2325 4785 ιι).
2350 4713 2461 4769 Sed
2488 4716 2543 4768 et
2572 4711 2809 4767 Balaam
2842 4709 3102 4767 hariolus
3150 4727 3185 4766 a
3214 4710 3460 4766 Domino
3488 4707 3768 4775 mittitur,

346 4803 478 4856 stris
523 4801 733 4867 (Matth.
766 4799 894 4870 1x)?
922 4799 990 4854 Et
1020 4802 1110 4854 est
1158 4813 1371 4853 sensus
1403 4814 1417 4852 :
1448 4796 1555 4853 Fili
1599 4796 1875 4863 hominis,
1909 4796 2006 4851 isti
2116 4808 2182 4858 ut
2228 4802 2477 4873 decipiat
2530 4800 2703 4856 Baiae
2760 4799 2949 4855 ﬁlium
3008 4800 3155 4854 Beor
3208 4799 3391 4866 (Num.
3435 4797 3599 4869 xxn).
3651 4796 3771 4852 Hoc

342 4888 454 4945 viri
486 4889 583 4961 qui
636 4904 837 4945 coram
868 4891 924 4944 te
969 4888 1193 4955 sedent,
1226 4890 1549 4959 posuerunt
1588 4885 1997 4941 immunditias
2116 4894 2510 4947 autemtotum
2528 4888 2759 4959 dicitur,
2778 4904 2851 4944 ne
2865 4885 3512 4960 pseudoprophetarum
3533 4884 3771 4941 fortitu-
3806 4906 3809 4909 ·

345 4995 489 5035 suas
530 4979 591 5033 in
624 4977 902 5034 cordibus
950 4976 1097 5045 suis,
1131 4976 1253 5032 sive
1283 4975 1694 5049 cogitationes;
1728 4978 1805 5038 et,
1839 4975 2002 5045 juxta
2117 4978 2241 5035 dini
2271 4978 2769 5051 reputetur,quod
2790 4973 3774 5049 decipiturpopulus,etmagisvult

345 5067 779 5142 Symmachum
810 5071 869 5122 et
894 5065 1369 5135 Theodotionem,
1403 5065 1552 5120 idola
1579 5067 1633 5120 et
1662 5064 2007 5133 scandalum,
2120 5068 2323 5125 audire
2376 5067 2769 5135 mendacium,
2800 5081 2979 5138 quam
3007 5062 3237 5119 veritati
3290 5079 3495 5122 aurem
3544 5081 3772 5122 accom-

346 5157 407 5213 id
431 5162 546 5228 est,
561 5156 798 5212 ruinam
821 5160 997 5227 atque
1018 5157 1377 5210 tormentum
1399 5152 1729 5225 iniquitatis
1751 5169 1890 5219 suae,
1907 5169 2005 5225 po-

348 5250 607 5303 suerunt
638 5248 844 5301 contra
869 5244 1078 5301 faciem
1111 5242 1458 5314 suam,etsic
1488 5242 1561 5297 ad
1592 5241 2010 5298 sciscitandum

348 5335 589 5392 Domini
620 5350 833 5389 venere
877 5347 1233 5389 sermonem.
1268 5330 1566 5403 Numquid
1598 5329 2013 5402 hujuscemodi

356 5431 710 5488 hominibus
743 5431 927 5487 debeo
958 5429 1332 5502 respondere,
1356 5427 1459 5500 qui
1489 5444 1621 5483 cum
1644 5427 2014 5501 cogitationi-

356 5521 476 5579 bus
508 5520 780 5594 pristinis
810 5520 882 5575 ad
916 5535 1008 5575 me
1037 5518 1281 5574 veniunt
1311 5534 1324 5573 :
1359 5533 1430 5572 ne
1459 5517 1569 5573 hoc
1598 5517 1833 5589 quidem
1866 5520 2016 5571 tem-

366 5625 513 5681 pore
542 5608 864 5681 impietatis
895 5624 1012 5664 sua:
1060 5605 1280 5663 scelera
1309 5605 1724 5677 relinquentes,
1760 5605 1859 5661 sed
1893 5621 2014 5661 cre-

2120 5158 2387 5215 modare:
2408 5156 2509 5213 sed
2524 5156 2679 5228 quod
2703 5155 2801 5210 Dei
2824 5154 2920 5208 ira:
2933 5153 3103 5222 sit,ut
3115 5168 3426 5225 perversus
3447 5153 3702 5228 populus
3716 5156 3775 5209 et

2122 5244 2682 5317 incredulus,magis
2696 5241 3238 5316 pseudoprophetas
3251 5241 3634 5316 audiatquam
3647 5257 3776 5315 pro-

2122 5333 2617 5408 phetas.l)enique
2629 5331 2887 5388 extendit
2900 5348 3141 5387 manum
3154 5348 3323 5389 suam
3336 5346 3775 5403 supereum,su-

2122 5419 2861 5495 bauditur,prophetam,et
2871 5419 3101 5477 deletur
3116 5420 3187 5477 de
3198 5421 3390 5477 medio
3403 5417 3601 5491 populi
3622 5418 3773 5491 ejus,

2125 5518 2192 5569 ut
2221 5516 2414 5584 portet
2442 5509 2813 5581 iniquitatem
2846 5526 3038 5575 suam,
3061 5509 3198 5581 quia
3224 5506 3437 5564 similis
3467 5506 3703 5575 erroris,
3721 5511 3780 5565 et

2126 5619 2293 5676 paena
2317 5598 2641 5657 consimilis
2660 5596 2737 5653 sit
2756 5616 2768 5654 :
2786 5603 2850 5654 ut
2871 5602 2990 5655 tam
3016 5598 3111 5655 ille
3132 5597 3229 5669 qui
3251 5597 3777 5670 interrogat,quam

362 5699 576 5757 dentes
628 5697 821 5771 idolis,
872 5701 930 5754 et
976 5695 1432 5754 divinationibus
1482 5692 1908 5763 fraudulentis;
1961 5698 2019 5750 et
2132 5692 2231 5749 ille
2253 5690 2354 5765 qui
2377 5687 3408 5763 interrogatu'r,portentiniquitatem
3430 5689 3686 5755 suam,et
3704 5701 3778 5743 ne
