4052 6180
447 368 578 437 ιη

1669 364 1730 430 S.
1778 359 2094 430 EUSEBll
2135 358 2610 430 HIERONYMI.

3734 350 3856 426 H8

443 505 675 565 soulum
705 504 825 563 sive
848 506 1047 577 pectus
1069 501 1260 575 (Leuit.
1283 503 1519 569 x;Num.
1540 499 2086 570 xvm),etmamillas
2113 499 2167 562 Α
2198 504 2388 559 solum
2430 505 2676 562 terrena.
2710 505 2766 556 et
2795 500 3038 570 inferna,
3064 501 3165 557 sed
3195 497 3452 558 caelestia
3481 501 3714 574 quoque
3740 516 3850 558 suo

444 596 735 654 nominet:
755 600 821 651 ut
838 592 1154 665 unicuique
1168 592 1294 648 loco
1313 608 1638 664 congruum
1658 590 2086 646 viderit.Sacer—

443 686 608 742 dotes
637 686 695 740 in
720 683 935 756 quibus
965 683 1136 737 debet
1153 697 1280 738 esse
1313 681 1660 751 doctrina,et
1682 679 1868 752 legem
1891 678 2091 750 requi-

443 779 582 831 runt
606 791 675 830 ex
704 789 802 829 ore
831 771 1354 842 eorum,accipiunt
1384 769 1811 842 pectusculum.
1837 769 2092 824 Joannes

443 879 620 936 super
639 867 842 934 pectus
865 860 1569 924 recumbitDomini,utde
1593 860 1750 914 fonte
1794 857 2092 912 uberrimo

441 952 703 1008 hauriret
733 953 953 1006 ﬂuenta
984 950 1280 1021 sapientiae
1333 951 1507 1020 (Joan.
1566 949 1709 1015 xm).
1743 946 2002 1017 Virginis
2033 946 2093 1000 in

441 1043 677 1098 Cantico
707 1042 1079 1096 Canticorum
1111 1040 1238 1094 dua
1281 1037 1553 1093 mamillae
1587 1042 1744 1104 sunt,
1781 1035 1947 1108 quasi
1980 1036 2095 1090 duo

439 1129 672 1184 hinnuli
705 1129 925 1200 gemini
954 1127 1302 1199 capreae,qui
1335 1131 1662 1198 pascuntur
1701 1127 1759 1181 in
1801 1125 1960 1190 Iiliis,
1993 1124 2096 1178 do-

447 1234 552 1274 nec
587 1218 832 1289 respiret
863 1217 1007 1284 dies,
1047 1221 1101 1271 et
1129 1222 1509 1272 amoveantur
1531 1217 1747 1270 umbra:
1782 1216 1959 1285 (Cant.
1997 1215 2095 1280 ιν).

443 1305 629 1362 Mater
649 1306 1081 1379 diligens,l46
1108 1306 1306 1361 statim
1329 1310 1395 1360 ut
1417 1310 1551 1360 nata
1573 1305 1744 1360 fuerit
1777 1299 2090 1366 infantula,

438 1394 584 1467 ligat
605 1394 895 1450 mamillas
918 1395 1137 1463 ejus.ut
1159 1411 1191 1448 a
1212 1399 1409 1448 tenero
1437 1398 1663 1448 tumore
1682 1393 1757 1463 (a)
1782 1391 2096 1456 desistant,

439 1487 496 1538 et
526 1483 1021 1555 pulchritudinem
1055 1483 1391 1538 custodiant
1416 1482 1783 1555 virginalem.
1810 1483 1954 1537 Cum
1985 1495 2096 1533 au-

439 1576 558 1627 tem
589 1573 659 1627 ad
688 1575 915 1627 aetatem
944 1572 1168 1627 venerit
1224 1572 1577 1642 pubertatis,
1637 1571 1850 1626 dicitur
1879 1572 1948 1625 de
1980 1584 2047 1623 ea
2082 1600 2095 1638 ε

437 1661 694 1731 Nunquid
722 1661 1069 1717 obliviscetur
1109 1677 1318 1731 sponsa.
1371 1664 1598 1715 ornatus
1649 1663 1739 1716 sui
1769 1678 1787 1721 ;
1819 1664 1915 1715 aut
1945 1662 2100 1727 virgo

437 1751 631 1822 fasciae
669 1751 963 1822 pectoralis
1004 1765 1124 1807 suae
1162 1750 1608 1820 (Jerem.11,3‘.’.)‘?
1633 1750 2014 1820 SequiturzEt
2039 1751 2095 1803 in

2200 611 2408 669 sapore
2429 594 2748 652 condiverit
2770 610 2782 649 :
2808 597 2872 648 ut
2887 587 3199 664 impleatur
3220 591 3365 648 illud
3386 591 3536 662 quod
3561 590 3850 664 scriptum

2202 692 2290 742 est
2321 702 2334 740 :
2370 687 2552 740 Gloria
2579 686 2638 738 in
2667 683 2893 738 excelsis
2923 683 3052 748 Deo,
3085 689 3135 737 et
3171 697 3338 753 super
3383 684 3585 736 terram
3612 698 3732 752 pax
3761 680 3853 737 ho-

2198 775 2442 831 minibus
2474 775 2630 830 bona?
2657 773 2956 828 voluntatis
2986 773 3136 838 (Luc.
3172 771 3364 842 11,14).
3399 772 3683 836 Quartum
3718 775 3848 827 est:

2202 882 2299 920 nec
2329 865 2572 920 involuta
2597 862 2817 934 pannis.
2843 864 2911 916 Et
2929 860 3187 915 Salvator
3207 858 3416 932 pannis
3443 862 3531 914 est
3551 857 3853 914 involutus

2202 953 2481 1018 infantiae,
2512 956 2568 1006 et
2596 950 2788 1005 omnis
2814 949 2914 1021 qui
2945 948 3209 1004 nascitur
3238 964 3339 1020 per
3365 946 3664 1003 involucra
3694 965 3842 1019 pan-

2206 1059 2436 1104 norum,
2483 1039 2836 1111 protectione
2867 1037 3087 1109 indiget
3124 1036 3245 1092 Dei.
3295 1035 3571 1092 Naturale
3605 1042 3711 1103 est,
3746 1038 3850 1091 ubi

2205 1138 2398 1187 tamen
2430 1133 2739 1202 parentum
2761 1144 2877 1182 non
2900 1127 3062 1182 deest
3085 1125 3405 1197 diligentia,
3434 1125 3577 1180 ortis
3612 1124 3852 1181 infanti-

2207 1221 2317 1276 bus
2349 1220 2606 1292 primum
2640 1215 2874 1288 praecidi
2901 1213 3244 1270 umbilicum
3281 1233 3294 1269 :
3328 1215 3534 1270 deinde
3556 1215 3628 1269 ad
3651 1213 3850 1270 eluen-

2207 1310 2346 1364 dum
2381 1307 2726 1379 sanguinem
2757 1304 2935 1359 lavari
2966 1320 3064 1358 eos
3095 1320 3266 1375 aqua.
3301 1302 3513 1370 Tertio,
3543 1302 3852 1359 humorem

2208 1413 2517 1470 corporum
2577 1393 2975 1466 parvulorum,
3035 1391 3175 1448 salis
3230 1391 3554 1463 adjectione
3620 1392 3849 1446 siccari.

2211 1487 2448 1553 Quarto,
2481 1489 2543 1539 ut
2585 1488 2781 1538 tenera
2812 1481 3122 1537 infantium
3155 1497 3400 1552 corpora
3427 1480 3638 1552 pannis
3663 1479 3853 1534 invol-

2207 1579 2436 1641 vantur,
2471 1571 2763 1644 duplicem
2794 1571 2866 1625 ob
2925 1586 3185 1636 causam,
3234 1573 3300 1624 ut
3353 1575 3410 1625 et
3453 1569 3574 1625 sale
3601 1569 3857 1624 siccetur

2209 1661 2609 1736 corpus,quod
2639 1660 2850 1733 pannis
2871 1675 2943 1714 ne
2967 1658 3200 1726 deﬂuat,
3233 1663 3499 1714 servatur
3528 1662 3583 1714 et
3612 1658 3853 1730 stringi-

2208 1756 2341 1819 tur;
2384 1757 2440 1807 et
2471 1751 2734 1806 membra
2764 1747 3077 1804 tenerrima
3128 1763 3200 1803 ne
3231 1747 3398 1804 facile
3439 1748 3850 1819 depravantur.

437 1856 584 1910 aqua
610 1855 716 1894 non
733 1856 787 1894 es
808 1841 916 1894 lota
936 1841 996 1893 in
1043 1839 1295 1894 salutem.
1324 1838 1578 1894 Cruenta
1629 1838 1944 1894 infantium
1970 1855 2095 1894 cor-
2128 1869 2175 1933 Β
2209 1842 2371 1898 Unde
2401 1845 2456 1896 et
2485 1855 2728 1911 corpora
2756 1839 3164 1902 Barbarorum,
3195 1838 3476 1893 Romanis
3506 1837 3855 1908 corporibus

443 1944 604 1999 pora,
639 1926 837 1982 statim
887 1933 952 1982 ut
974 1927 1324 1982 emittuntur
1351 1945 1420 1983 ex
1449 1927 1816 1994 utero,lavari
1849 1927 2038 1982 solent
2071 1944 2082 1982 :

439 2017 522 2072 ita
550 2020 608 2071 et
637 2015 932 2088 generatio
965 2015 1291 2087 spiritualis
1313 2016 1539 2071 lavacro
1570 2015 1790 2088 indiget
1821 2016 2083 2072 salutari.

438 2105 630 2161 Nullus
674 2105 822 2161 enim
866 2105 1104 2160 mundus
1170 2123 1205 2159 (ι
1231 2106 1406 2170 sorde,
1459 2122 1556 2160 nec
1598 2108 1648 2161 si
1677 2107 1844 2160 unius
1871 2105 2088 2177 quidem

439 2194 553 2250 diei
575 2196 747 2266 fuerit
774 2195 890 2249 vita
921 2195 1036 2265 ejus
1061 2196 1195 2262 (Job.
1231 2211 1382 2263 xxvx,
1444 2194 1508 2249 Η
1569 2194 1681 2265 45.)
1742 2195 1808 2250 Et
1835 2193 1894 2248 in
1928 2193 2086 2250 Psal-

441 2283 555 2338 mis
585 2281 834 2354 legimus
869 2299 881 2336 :
919 2285 980 2338 In
1029 2284 1424 2354 iniquitatibus
1453 2287 1740 2354 conceptus
1767 2300 1912 2352 sum,
1945 2287 1997 2338 et
2031 2286 2087 2337 in

439 2373 650 2428 delictis
697 2374 946 2443 concepit
991 2389 1080 2427 me
1108 2377 1284 2428 mater
1337 2389 1460 2428 mea
1489 2373 1600 2444 (Ps.
1635 2391 1684 2439 ι,
1715 2374 1792 2443 6).
1824 2373 2089 2427 Secunda

441 2461 716 2518 nativitas
741 2460 913 2517 solvit
942 2461 1194 2531 primam
1248 2461 1629 2517 nativitatem.
1675 2461 1973 2533 Scriptum
1999 2466 2088 2517 est

441 2551 597 2606 enim
632 2567 646 2606 :
679 2552 805 2605 Nisi
833 2552 959 2621 quis
989 2559 1212 2606 renatus
1269 2551 1438 2622 fuerit
1468 2567 1538 2606 ex
1592 2568 1758 2622 aqua,
1792 2560 1842 2606 et
1873 2550 2088 2622 Spiritu

439 2647 647 2706 sancto,
687 2655 796 2696 non
824 2644 997 2711 potest
1051 2641 1268 2695 intrare
1295 2642 1354 2694 in
1384 2655 1612 2709 regnum
1643 2642 1741 2696 Dei
1788 2641 1964 2710 (Joan.
2001 2657 2083 2708 Ill,

438 2729 516 2800 5).
548 2728 843 2800 Multaque
875 2733 1014 2784 sunt
1043 2727 1268 2784 lavacra
1291 2745 1419 2800 quis
1454 2729 1676 2784 Ethnici
1712 2729 1768 2782 in
1793 2729 2087 2800 mysteriis

441 2817 587 2882 suis,
616 2821 673 2871 et
702 2817 952 2872 haeretici
989 2815 1344 2887 pollicentur
1395 2835 1408 2872 :
1469 2817 1570 2888 qui
1610 2834 1813 2873 omnes
1844 2817 2039 2872 lavant
2071 2835 2082 2871 :

443 2905 543 2960 sed
575 2920 690 2959 non
719 2903 914 2960 lavant
944 2905 1002 2958 in
1027 2905 1297 2959 salutem.
1325 2905 1633 2977 Propterea
1661 2907 1921 2960 additum
1951 2910 2038 2961 est
2071 2923 2084 2960 :

443 3001 495 3049 et
526 2995 588 3048 in
616 3009 722 3063 qua
751 3009 862 3048 non
889 3009 942 3046 es
972 2994 1082 3048 lota
1111 2995 1170 3048 in
1199 2995 1452 3049 salutem.
1507 2995 1667 3058 Quod
1699 2995 1935 3066 quidem
1971 3012 2086 3050 non

444 3080 636 3138 solum
656 3083 728 3137 de
749 3081 1164 3146 haereticis,eed
1186 3083 1256 3138 de
1277 3083 1698 3139 Ecclesiasticis
1721 3082 1962 3155 intelligi
1987 3100 2087 3154 po-

442 3175 576 3238 test,
611 3171 710 3242 qui
731 3186 845 3225 non
878 3169 1047 3242 plena
1078 3171 1190 3227 ﬁde
1221 3172 1516 3244 accipiunt
1545 3173 1906 3244 baptismum
1937 3171 2090 3228 salu-

2206 1931 2452 1986 rectiora
2472 1933 2632 1984 sunt.
2663 1927 2858 1998 Usque
2881 1927 2953 1981 ad
2979 1927 3304 1981 secundum
3327 1925 3506 1996 enim,
3529 1930 3585 1981 et
3605 1927 3853 1980 tertium

2197 2033 2678 2088 annum,semper
2700 2015 2912 2088 pannis
2930 2014 3440 2070 involvuntur.Sed
3464 2031 3579 2070 non
3601 2013 3739 2070 talis
3757 2015 3857 2070 Je-

2197 2107 2649 2177 rusalem,cujus
2665 2121 2767 2160 nec
2781 2104 3099 2159 umbilicus
3112 2103 3508 2170 abscisus,nec
3522 2103 3702 2176 ligata
3717 2107 3859 2159 sunt

2195 2197 2394 2262 ubera,
2430 2211 2535 2250 nec
2566 2211 2720 2266 aqua
2754 2193 2872 2248 lota
2901 2197 2993 2248 est
3016 2193 3074 2247 in
3107 2192 3493 2260 salutem,nec
3515 2192 3636 2248 sale
3658 2191 3854 2260 salita,

2197 2301 2386 2358 neque
2417 2284 2676 2339 involuta
2719 2287 2895 2353 atque
2952 2281 3269 2337 constricta
3326 2281 3534 2354 pannis
3565 2281 3858 2336 infantiae.

2195 2376 2309 2431 Cur
2338 2378 2530 2430 autem
2562 2371 2709 2427 nihil
2739 2371 2950 2426 horum
2983 2370 3217 2435 meruit,
3251 2386 3502 2442 sequens
3537 2370 3852 2441 Scriptura

2195 2467 2461 2519 testatur.
2495 2467 2613 2518 Non
2631 2461 2870 2532 pepercit
2886 2475 3048 2530 super
3072 2467 3122 2514 te
3149 2461 3338 2514 oculus
3373 2476 3386 2512 :
3420 2463 3481 2514 ut
3501 2461 3706 2530 faceret
3734 2459 3846 2513 tibi

2196 2569 2368 2608 unum
2395 2551 2459 2606 de
2489 2551 2572 2606 his
2612 2552 2865 2605 misertus
2889 2550 2991 2604 tui.
3051 2549 3160 2604 Pro
3216 2548 3430 2619 quibus
3461 2547 3597 2603 LXX
3627 2563 3846 2619 posue-

2198 2646 2336 2698 runt
2367 2660 2379 2697 :
2412 2642 2528 2696 Non
2554 2640 2796 2710 pepercit
2821 2653 2986 2709 super
3014 2645 3061 2693 te
3089 2637 3276 2692 oculus
3309 2642 3432 2691 tuus
3463 2654 3482 2690 .·
3512 2641 3574 2691 ut
3607 2639 3848 2707 facerem

2198 2732 2299 2786 tibi
2327 2747 2500 2784 unum
2528 2745 2596 2784 ea:
2625 2728 2876 2783 omnibus
2897 2728 3036 2782 istis.
3058 2727 3128 2782 Et
3155 2742 3389 2782 necesse
3419 2729 3599 2792 est,ut
3627 2724 3851 2796 duplex

2197 2819 2372 2875 editio
2395 2817 2688 2888 duplicem
2720 2816 2932 2870 habeat
2959 2813 3424 2886 intelligentiam.
3451 2813 3611 2870 Prior
3629 2813 3740 2869 hoc
3771 2813 3854 2868 si-

2198 2907 2438 2980 gniﬁcat
2468 2923 2480 2960 :
2515 2905 2639 2960 Non
2675 2903 2931 2976 pepercit
2960 2919 3138 2975 super
3183 2907 3239 2957 te
3269 2901 3497 2970 oculus,
3539 2906 3602 2957 ut
3633 2903 3855 2957 faceret

2197 2997 2302 3052 tibi
2337 3011 2521 3051 unum
2553 2994 2622 3049 de
2653 2993 2745 3046 his
2778 2993 3056 3047 misertus
3084 2991 3270 3046 tui.Et
3300 2995 3387 3046 est
3413 3007 3623 3047 sensus
3657 3009 3669 3046 :
3705 2990 3852 3045 Nul-

2198 3085 2290 3141 lus
2313 3083 2394 3140 tui
2429 3082 2704 3139 misertus
2735 3085 2842 3149 est,
2876 3081 3096 3137 offenso
3127 3080 3242 3136 Deo
3273 3099 3286 3147 ;
3337 3079 3559 3135 nullius
3592 3096 3772 3151 super
3799 3082 3857 3134 te

2201 3177 2359 3230 mota
2396 3177 2534 3228 sunt
2561 3171 2802 3239 viscera,
2826 3172 2890 3224 ut
2919 3170 2990 3225 de
3020 3173 3272 3241 quatuor
3303 3168 3702 3241 superioribus
3737 3169 3856 3225 sal-

441 3236 585 3315 tare.
621 3236 702 3314 Ue
743 3236 960 3330 (ιιιιὺύε
1020 3236 1364 3315 dicendum-
1393 3265 1496 3324 est,
1549 3236 1704 3332 qu-od
1762 3261 2087 3332 acceperint
2119 3236 2162 3304 (ἶ
2200 3267 2316 3318 tem
2340 3277 2522 3316 unum
2540 3260 2645 3315 tibi
2673 3236 2918 3326 taceret;
2944 3236 3082 3329 quia
3105 3257 3304 3313 omnia
3322 3236 3498 3314 simul
3522 3275 3636 3314 non
3666 3275 3855 3314 mere-

440 3363 672 3419 aquam,
707 3347 809 3403 sed
843 3364 957 3403 non
989 3348 1321 3420 acceperint
1352 3349 1626 3421 Spiritum
1662 3368 1674 3405 :
1710 3351 1862 3406 sicut
1917 3355 1974 3406 et
2004 3350 2092 3405 Si-

446 3453 584 3492 mon
615 3436 711 3492 ille
744 3437 970 3509 Magus,
1000 3437 1098 3508 qui
1130 3438 1376 3509 pecunia
1399 3438 1628 3494 volebat
1643 3440 1928 3495 redimere
1958 3456 2092 3511 gra—

445 3526 588 3582 tiam
618 3525 1072 3598 Dei,baptizatus
1099 3526 1334 3598 quidem
1358 3531 1446 3583 est
1477 3528 1535 3582 in
1569 3530 1847 3600 aqua,sed
1884 3545 2095 3600 nequa-

447 3631 624 3687 quam
653 3615 983 3687 haptizatus
1013 3621 1101 3671 est
1129 3617 1187 3670 in
1219 3616 1469 3672 salutem
1527 3619 1662 3689 (Aet.
1721 3619 1865 3687 vni).
1900 3618 2094 3673 Tertio

445 3703 661 3760 dicitur
691 3721 704 3759 ε
737 3720 837 3760 nec
861 3706 977 3760 sale
1001 3706 1191 3761 salita.
1226 3707 1450 3762 Tenera
1504 3706 1816 3762 infantium
1850 3724 2094 3779 corpora

445 3794 588 3851 dum
616 3793 809 3850 abhuc
838 3794 987 3850 uteri
1015 3794 1271 3851 calorem
1304 3800 1526 3865 tenent,
1578 3801 1634 3852 et
1678 3796 1868 3868 primo
1897 3799 2095 3870 vagitu

446 3884 750 3940 laboriosae
800 3883 929 3939 vitae
962 3889 1253 3941 testantur
1277 3885 1531 3952 exordia,
1566 3885 1755 3942 solent
1802 3887 1874 3942 ab
1901 3887 2095 3942 obste-

443 3971 689 4028 tricibus
719 3970 838 4026 sale
869 3973 1147 4044 contingi,
1182 3978 1245 4028 ut
1276 3975 1520 4031 sicciora
1548 3975 1686 4043 sint,
1745 3980 1801 4031 et
1858 3977 2095 4031 restrin-

443 4063 678 4132 gantur.
713 4063 890 4114 Porro
921 4061 1264 4131 Jerusalem,
1291 4079 1417 4133 qua:
1450 4064 1520 4117 de
1553 4064 1725 4119 malis
1756 4065 2096 4134 parentibus

445 4152 584 4202 nata
611 4151 720 4216 est,
752 4147 897 4201 nihil
954 4150 1180 4220 saporis
1238 4150 1382 4204 nihil
1445 4150 1756 4222 diligentiae
1787 4159 2100 4207 consecuta

445 4240 554 4292 est.
588 4234 697 4302 Qui
726 4240 920 4290 autem
958 4242 1347 4292 renascuntur
1379 4239 1435 4293 in
1483 4239 1737 4306 Christo,
1783 4239 1996 4295 dicitur
2025 4243 2096 4296 ad

446 4341 548 4382 eos
585 4343 597 4380 :
639 4326 733 4382 Vos
767 4326 896 4380 estis
923 4326 1006 4380 sal
1035 4329 1202 4383 terrae
1231 4327 1442 4398 (Matth.
1475 4345 1532 4393 v,
1561 4329 1616 4398 5)
1645 4346 1656 4396 ;
1683 4333 1738 4384 et
1767 4329 2101 4401 praecipitur

447 4415 533 4471 eis
564 4415 636 4471 ab
666 4414 942 4486 Apostolo
975 4433 987 4470 :
1021 4417 1209 4472 Sermo
1239 4420 1413 4472 vester
1439 4433 1651 4488 semper
1681 4419 1741 4472 in
1770 4420 1950 4488 gratia
1989 4423 2100 4475 sale

447 4505 522 4560 sit
559 4503 806 4560 conditus
835 4503 1062 4574 (Coloss.
1096 4523 1168 4560 IV.
1217 4507 1293 4576 6).
1330 4505 1491 4561 Unde
1521 4511 1577 4561 et
1603 4507 1776 4578 vulgo
1809 4507 2100 4579 sapientes

2201 3351 2360 3406 baris
2385 3349 2662 3420 accipere.
2698 3349 2760 3402 In
2808 3346 2990 3403 altera
3020 3346 3234 3401 dicitur
3265 3363 3278 3401 :
3311 3347 3436 3403 Non
3467 3346 3724 3419 pepercit
3753 3365 3850 3403 su-

2203 3455 2305 3512 per
2334 3443 2390 3494 te
2439 3437 2642 3492 oculus
2674 3441 2832 3504 tuus,
2867 3441 2934 3490 ut
2966 3436 3214 3492 facerem
3245 3435 3351 3490 tibi
3412 3453 3596 3491 unum
3655 3436 3727 3491 de
3750 3437 3847 3492 his

2206 3528 2482 3583 misertus
2511 3526 2618 3580 tui.
2649 3525 2719 3580 Et
2748 3525 2904 3580 hunc
2933 3524 3108 3580 habet
3137 3541 3377 3580 sensum
3413 3541 3424 3580 :
3461 3525 3546 3580 Ita
3574 3523 3769 3597 egisti,
3800 3529 3862 3580 et

2204 3615 2286 3671 sic
2340 3615 2400 3670 in
2457 3613 2708 3686 peccatis
2741 3616 2878 3668 nata
2907 3629 2991 3678 es,
3031 3616 3088 3668 et
3117 3613 3176 3667 in
3237 3612 3462 3668 delictis
3505 3613 3771 3685 concepit
3795 3617 3859 3670 te

2205 3708 2392 3761 mater
2416 3706 2612 3768 tua,ut
2659 3718 2729 3757 ne
2765 3702 2899 3773 ipsa
2929 3701 3168 3774 quidem
3199 3699 3285 3756 tui
3315 3701 3670 3758 miserearis.
3693 3701 3865 3759 Cum-

2205 3809 2317 3865 que
2365 3793 2448 3849 sic
2480 3791 2754 3864 gesseris,
2789 3795 2853 3845 ut
2891 3792 3201 3847 adversum
3239 3795 3291 3846 te
3350 3807 3453 3862 per
3481 3790 3632 3847 male
3687 3807 3867 3864 Opera

2205 3883 2459 3939 crudelis
2489 3882 2800 3938 exsisteres
2833 3896 2846 3936 :
2879 3895 2986 3951 ego
3009 3879 3150 3952 quid
3174 3879 3277 3934 tibi
3303 3879 3464 3951 potui
3488 3880 3862 3949 facere,148

2206 3989 2334 4045 quae
2367 3989 2440 4028 ne
2472 3987 2655 4026 unum
2687 3969 2928 4041 quidem
2961 3969 3327 4040 superiorum
3347 3969 3608 4041 accipere
3637 3985 3864 4025 merue-

2207 4061 2286 4116 ris
2306 4062 2333 4115 ‘?
2355 4060 2498 4124 Quia
2520 4060 2699 4131 igitur
2720 4057 2866 4112 nihil
2889 4058 3100 4113 horum
3122 4075 3248 4129 quae
3275 4058 3399 4114 ﬁeri
3421 4058 3746 4114 infantibus
3768 4076 3864 4115 so-

2206 4149 2346 4216 lent,
2381 4149 2441 4202 in
2473 4154 2528 4202 te
2561 4150 2780 4202 factum
2815 4151 2902 4201 est
2931 4173 2944 4214 ;
2977 4151 3034 4202 et
3062 4147 3170 4202 hoc
3219 4164 3335 4202 non
3367 4147 3494 4202 sine
3540 4164 3719 4202 causa
3753 4165 3862 4204 nec

2207 4235 2684 4308 absquejudicio,
2711 4236 2810 4290 sed
2844 4239 2944 4289 tuo
2974 4233 3113 4290 vitio
3147 4239 3322 4305 atque
3349 4237 3599 4306 peccato,
3621 4249 3753 4304 quae
3787 4252 3870 4290 ne

2207 4327 2338 4398 ipsa
2360 4325 2599 4396 quidem
2631 4325 2713 4378 tui
2739 4325 2981 4379 miserta
3002 4328 3090 4380 est
3123 4341 3134 4378 :
3171 4323 3300 4379 ideo
3334 4323 3590 4395 projects
3612 4338 3678 4378 es
3697 4321 3758 4377 in
3782 4323 3872 4380 fa-

2208 4415 2353 4471 ciem
2385 4419 2572 4480 terrae,
2617 4413 2734 4468 sive
2761 4412 2950 4482 campi
2981 4430 2996 4479 ;
3029 4416 3086 4467 et
3116 4413 3372 4484 projecta
3405 4414 3639 4482 propter
3668 4412 3865 4483 pravi-

2207 4509 2386 4559 tatem
2421 4503 2630 4558 anima:
2661 4506 2772 4556 tua:
2805 4501 2864 4555 in
2897 4501 2991 4556 die
3024 4517 3141 4572 qua
3197 4505 3334 4556 nata
3373 4516 3454 4556 es.
3515 4500 3763 4556 Oremus
3794 4517 3873 4556 ne

451 4591 612 4663 salsi,
643 4596 702 4649 et
731 4592 897 4649 stulti
927 4602 1208 4650 vocantur
1235 4594 1469 4651 insulsi.
1531 4596 1600 4650 Et
1635 4595 1692 4650 in
1727 4596 1928 4651 Levico
1978 4595 2104 4668 lege
2135 4605 2181 4668 Ι)
2212 4592 2493 4666 pravitate
2544 4591 2754 4646 animae
2789 4589 3169 4661 projiciamur
3220 4589 3279 4643 in
3312 4589 3521 4644 faciem
3555 4589 3772 4661 campi,
3804 4591 3871 4646 in

451 4687 757 4740 sancitur:
795 4684 962 4740 Omne
998 4685 1333 4754 sacrificium
1391 4689 1626 4741 vestrum
1679 4687 1796 4740 sale
1849 4687 2098 4742 satietur.

453 4775 570 4830 Non
597 4774 825 4830 cessabit
853 4775 936 4828 sal
986 4774 1306 4829 Testamenti
1364 4775 1581 4829 Domini
1609 4776 1672 4830 de
1695 4777 1977 4846 sacriﬁciiz
2009 4792 2103 4831 ve-

452 4865 618 4918 stris:
653 4865 710 4918 in
744 4865 955 4919 cunctis
979 4863 1301 4918 muneribus
1323 4865 1512 4918 vestris
1537 4865 1620 4919 sal
1640 4865 1875 4935 oﬂerelis
1906 4865 2029 4935 (Lev
2041 4867 2101 4920 it.

455 4965 518 5019 ιι,
551 4951 660 5021 l3).
692 4952 839 5016 Quid
862 4952 971 5008 hoc
998 4951 1120 5008 sale
1150 4951 1421 5006 conditus
1460 4951 1716 5019 fuerit,et
1745 4969 1979 5014 omnem
2006 4971 2106 5026 pu-

456 5041 641 5094 torem
662 5040 1079 5112 humoremque
1097 5041 1335 5097 noxium
1357 5040 1535 5112 hujus
1557 5041 1909 5098 admixtione
1923 5042 2106 5098 sicca-

456 5125 623 5192 verit,
657 5127 810 5184 ultra
839 5146 953 5184 non
985 5130 1139 5186 dicet
1189 5147 1202 5184 :
1253 5130 1722 5196 Computruerunt
1751 5134 1801 5186 et
1831 5138 2106 5203 corruptae

461 5221 588 5271 sunt
603 5216 884 5271 cicatrices
904 5233 1043 5274 mea?
1061 5236 1096 5273 α
1114 5220 1259 5289 facie
1281 5217 1618 5288 insipientia:
1650 5221 1691 5273 1
1706 5221 1800 5274 47
1823 5235 1964 5275 meae
1990 5220 2103 5291 (Ps.

461 5320 673 5370 xxxvu,
705 5303 780 5374 6).
809 5304 938 5358 Scio
970 5321 1062 5361 me
1091 5306 1304 5378 legisse
1334 5307 1392 5361 in
1425 5308 1676 5378 quodam
1706 5308 2002 5363 volumine
2033 5314 2107 5365 De

462 5391 707 5449 Domino
738 5390 1213 5466 Salvatore,quod
1249 5397 1372 5468 ipse
1390 5395 1465 5452 sit
1497 5397 1582 5452 sal
1612 5397 1872 5464 caeleste;
1915 5400 1970 5452 et
1992 5414 2106 5454 non

535 5554 610 5624 (a)
643 5554 766 5610 Duo
799 5569 964 5622 mss.,
998 5559 1208 5624 tumore
1239 5557 1512 5611 resistant.

532 5623 609 5694 (b)
627 5625 915 5680 Exciderit
936 5623 1304 5681 llbrariorum
1321 5627 1545 5682 incuria
1558 5627 1954 5694 versiculus,et
1970 5629 2114 5683 mul-

464 5697 710 5769 tiplicata
735 5713 814 5764 es,
845 5705 895 5753 et
922 5696 1149 5770 grandis
1176 5699 1384 5769 effecta,
1439 5715 1615 5769 quem
1646 5698 1934 5757 Victorius
1967 5717 2108 5773 sup-

2214 4698 2332 4754 quo
2361 4681 2504 4748 lata,
2525 4685 2582 4735 et
2613 4679 2871 4750 spatiosa
2892 4678 2985 4734 via
3014 4683 3102 4733 est
3131 4679 3515 4750 quaeducitad
3531 4679 3869 4746 mortem;in

2215 4787 2327 4842 quo
2368 4769 2770 4826 Chaldaiorum
2803 4767 3196 4823 debacchatur
3224 4767 3539 4839 equitatus.
3563 4767 3875 4839 Simulque

2215 4859 2707 4916 considerandum
2720 4857 2892 4928 ,quod
2909 4855 3112 4911 nullus
3125 4855 3184 4911 in
3207 4855 3299 4912 die
3312 4873 3428 4930 quo
3442 4855 3720 4927 nascitur,
3729 4874 3873 4930 pra—

2214 4964 2350 5004 vum
2383 4946 2602 5020 aliquid
2629 4945 2998 5002 committere
3019 4945 3326 5018 potes,nisi
3347 4945 3560 5002 lavacri
3582 4949 3873 5018 tempore,

2213 5037 2448 5110 quando
2481 5035 2716 5109 sapiens
2736 5033 3030 5108 generatio
3053 5034 3167 5092 fide
3196 5035 3486 5091 credentis
3519 5035 3874 5110 assumitur,

2286 5127 2468 5200 (Vers.
2499 5129 2556 5191 6,
2582 5126 2662 5198 7.)
2703 5126 2998 5181 Transiens
3049 5129 3234 5181 autem
3258 5142 3360 5198 per
3389 5135 3438 5182 te
3459 5145 3478 5181 :
3510 5126 3630 5181 vidi
3665 5130 3875 5182 tecon-

2213 5218 2482 5272 culcatam
2496 5218 2556 5270 in
2579 5217 2851 5286 sanguine
2869 5219 2983 5270 tuo.
3003 5216 3068 5270 Et
3088 5214 3210 5270 dixi
3231 5216 3337 5270 tibi
3353 5232 3478 5271 cum
3497 5230 3636 5271 esses
3651 5217 3714 5270 in
3733 5229 3883 5271 san-

2214 5308 2382 5375 guine
2410 5310 2522 5376 tuo,
2557 5307 2674 5360 vive
2704 5323 2722 5359 :
2749 5304 2890 5374 dixi,
2924 5305 3170 5375 inquam,
3207 5305 3328 5373 tibi,
3364 5307 3425 5360 in
3452 5306 3725 5375 sanguine
3756 5309 3881 5372 tuo,

2215 5398 2352 5452 vive.
2384 5395 2802 5466 Multiplicalam
2829 5395 2990 5464 quasi
3039 5410 3232 5463 gemen
3261 5396 3385 5466 agri
3439 5393 3566 5450 dedi
3605 5402 3674 5460 te,
3708 5394 3786 5464 (b)
3827 5405 3885 5452 et

2219 5555 2341 5640 plet
2367 5571 2433 5611 ex
2464 5554 2713 5640 vulgata
2745 5554 3098 5636 llieroynimi
3305 5559 3362 5610 et
3393 5553 3884 5640 Hebraicotquin‘

2219 5625 2397 5699 etiam
2429 5643 2498 5699 ex
2529 5625 2683 5696 LXX,
2746 5627 2804 5680 in
2839 5625 3090 5698 quorum
3120 5627 3321 5684 Latino
3352 5627 3552 5684 codice
3578 5625 3887 5699 legitur,et

2221 5695 2598 5771 multiplicata
2627 5695 2701 5772 es,
2733 5706 2785 5756 et
2810 5695 3163 5773 magniﬁcam
3192 5715 3266 5757 es.
