4020 6186
222 296 341 358 129

800 298 1550 364 COMMENTARIORUM
1585 298 1666 364 IN
1713 294 2207 363 EZECHIELEM
2256 298 2402 364 LIB.
2451 300 2552 364 IV.
2586 300 2755 364 CAP.
2801 296 2959 364 XVI.

3508 296 3642 364 130

218 432 481 500 ingressa
526 447 607 501 es,
658 438 714 488 et
753 434 1053 505 pervenisti
1106 432 1179 489 ad
1221 433 1494 490 mundum
1534 433 1879 491 muliebrem.
1910 434 1966 500 Α
1994 437 2113 489 tem
2136 451 2372 491 rursum
2388 434 2610 505 invisit,
2629 438 2685 491 et
2703 434 2841 507 quia
2858 435 2982 490 erat
3000 433 3179 502 nuda,
3203 435 3260 488 ct
3279 432 3644 491 confusionis

219 519 402 576 Ubera
447 528 544 576 tua
585 522 993 590 intumuerunt,
1044 526 1094 578 et
1139 524 1291 595 pilus
1323 530 1445 579 tuus
1496 525 1880 593 germinavit:

1989 522 2181 595 plena,
2213 540 2450 580 rursum
2480 524 2637 580 venit
2665 528 2722 580 et
2747 523 2965 594 visitet,
2982 526 3039 579 et
3067 538 3198 578 ecce
3226 524 3461 595 tempus
3483 523 3634 595 ejus,

204 611 260 663 et
287 625 421 663 eras
452 610 633 680 nuda,
662 614 715 667 et
740 613 1076 683 confusionis
1104 613 1287 683 plena.
1321 611 1458 667 LXX
1491 629 1504 668 :
1537 614 1611 667 Et
1641 615 1883 669 transivi
1989 615 2224 684 tempus
2253 615 2561 668 amantium
2584 629 2605 674 ;
2637 613 2757 668 sive
2777 612 2950 683 juxta
2964 611 3346 683 Septuaginta
3368 610 3645 668 diverten-

204 712 303 769 ρει·
332 705 412 768 te,
432 702 494 753 et
524 699 648 755 vidi
674 708 726 755 te
749 702 989 756 mixtam
1017 703 1079 756 in
1105 703 1372 773 sanguine
1404 706 1582 768 tuo,et
1611 702 1740 757 dixi
1758 702 1879 769 tibi,

206 785 270 841 de
316 790 613 858 sanguine
654 796 748 844 tuo
776 789 893 844 vita
936 790 1333 862 multiplicare,
1366 791 1507 845 sicut
1551 792 1728 845 ortum
1760 792 1887 859 agri

207 874 338 930 dedi
386 880 470 946 te,
500 881 559 931 et
607 878 984 949 multiplicata
1011 894 1087 947 es,
1118 882 1169 934 et
1211 880 1561 951 magniﬁcata
1609 895 1683 945 es,
1714 882 1764 934 et
1793 881 1881 934 in-

211 980 412 1033 gressa
440 981 498 1021 es
526 965 593 1020 in
609 967 860 1022 civitates
886 968 1189 1023 civitatum.
1218 967 1389 1024 Ubera
1414 972 1512 1023 tua
1540 970 1717 1023 erecta
1736 974 1882 1035 sunt,

208 1057 263 1107 et
311 1054 476 1124 pilus
500 1061 623 1110 tuus
679 1057 831 1110 ortus
858 1059 985 1110 est:
1022 1059 1083 1111 tu
1124 1059 1309 1112 autem
1353 1073 1478 1112 eras
1522 1056 1691 1125 nuda,
1718 1056 1887 1128 plena

214 1142 585 1210 ignominiaa.
616 1142 938 1214 Postquam
972 1143 1230 1215 projects
1248 1159 1310 1199 es
1338 1142 1401 1197 in
1434 1143 1640 1199 faciem
1672 1142 1883 1215 campi,

214 1228 341 1285 sive
370 1247 561 1302 super
591 1230 799 1286 faciem
830 1234 1019 1300 terrae,
1042 1235 1278 1304 propter
1302 1232 1649 1304 pravitatem
1677 1230 1884 1287 animae

215 1323 354 1386 tua,
390 1335 606 1375 meum
637 1318 796 1374 ultra
812 1336 925 1376 non
950 1320 1272 1376 merebaris
1300 1319 1610 1376 auxilium:
1629 1323 1888 1375 attamen

213 1406 523 1463 transiens
557 1424 667 1480 per
694 1412 751 1463 te
776 1408 898 1464 vidi
928 1412 986 1464 te
1016 1408 1438 1479 conculcatam,
1463 1408 1582 1465 sive
1614 1408 1888 1464 commix-

214 1499 339 1550 tam
368 1496 435 1551 in
464 1496 765 1569 sanguine
787 1496 990 1567 tuo,id
1020 1501 1304 1564 est,ream
1341 1496 1678 1552 mortalium
1701 1495 1892 1551 crimi-

216 1601 369 1639 num
403 1601 422 1638 °.
454 1592 515 1640 et
545 1585 855 1657 provocavi
882 1590 963 1654 te,
991 1585 1257 1641 tribuens
1279 1585 1707 1658 paenitentiam,
1741 1585 1890 1640 dixi-

217 1689 344 1743 que
384 1672 495 1729 tibi
527 1691 544 1728 :
576 1673 740 1730 Licet
785 1674 866 1729 sis
916 1674 974 1729 in
1017 1674 1321 1747 sanguine,
1352 1679 1551 1731 tamen
1593 1674 1718 1730 vive
1751 1690 1888 1729 con-

211 1763 912 1835 versa;tantaquefuitin
936 1768 993 1820 te
1014 1763 1280 1819 omnium
1298 1779 1492 1818 rerum
1508 1763 1891 1833 abundantia,

218 1856 282 1907 ut
306 1851 443 1923 agri
474 1852 773 1907 uberrimi
803 1851 1050 1908 haberes
1075 1852 1547 1924 similitudinem,
1575 1855 1632 1907 et
1651 1851 1893 1906 benedi-

220 1940 482 1997 ctionem
502 1941 718 2007 Jacob,
747 1957 865 2013 qua
890 1942 1185 1998 benedixit
1200 1941 1253 1997 ei
1279 1944 1443 2014 pater
1467 1958 1631 2008 suus,
1650 1940 1850 1996 dicens
1878 1957 1890 1996 :

221 2031 349 2085 Ecce
380 2028 525 2084 odor
547 2030 665 2099 ﬁlii
692 2032 807 2085 mei
830 2032 975 2085 sicut
1009 2030 1141 2087 odor
1167 2031 1293 2102 agri
1314 2030 1490 2102 pleni,
1512 2032 1602 2085 cui
1622 2028 1897 2086 benedixit

225 2120 503 2175 Domitius
551 2115 771 2190 (Genes.
804 2136 979 2189 xxvn,
1011 2121 1144 2192 27);
1178 2122 1235 2175 et
1282 2119 1531 2175 intrares
1580 2118 1900 2190 penetralia

229 2207 489 2272 Domini,
524 2207 878 2279 diceresque
901 2224 1036 2264 cum
1058 2224 1278 2280 sponsa
1302 2225 1314 2263 :
1340 2209 1663 2264 Introduxit
1686 2224 1773 2263 me
1800 2224 1900 2265 rex

232 2299 295 2350 in
319 2296 650 2351 cubimlum
669 2312 834 2352 suum
865 2296 1043 2368 (Cant.
1077 2314 1117 2367 ι,
1148 2296 1200 2368 3)
1227 2315 1241 2365 ;
1272 2300 1329 2353 et
1349 2297 1422 2353 ad
1454 2297 1745 2353 mundum
1766 2313 1897 2352 mu-

234 2384 475 2440 liebrem
506 2385 874 2457 pervenires,
907 2402 1011 2459 pro
1044 2401 1159 2458 quo
1184 2385 1567 2459 Septuaginta
1583 2385 1899 2442 transtule-

231 2477 373 2528 runt
394 2491 409 2527 :
434 2477 489 2528 et
513 2474 913 2542 ingressaesin
931 2475 1504 2537 civitatescivitatum;
1528 2478 1592 2530 ut
1606 2475 1899 2547 quomodo

234 2561 553 2618 Canticum
570 2561 1032 2631 Canticorum,et
1043 2561 1323 2619 saculum
1339 2563 1603 2619 diciturI
1615 2564 1714 2618 49
1728 2580 1902 2618 saecu-

232 2649 427 2706 lorum
446 2670 462 2720 ;
476 2650 567 2706 ita
582 2650 851 2707 civitates
870 2649 1237 2723 appellentur
1252 2650 1571 2707 civitatum.
1592 2651 1673 2707 De
1687 2650 1901 2723 quibus

231 2740 289 2794 in
320 2738 650 2812 Evangelio
675 2739 919 2794 dicitur:
943 2740 1143 2796 Habeto
1171 2743 1488 2811 potestatem
1514 2756 1682 2812 super
1699 2741 1899 2808 decem,

231 2829 347 2884 sive
374 2844 555 2901 super
582 2831 825 2902 quinque
839 2830 1087 2884 civitates
1113 2832 1266 2897 (Luc.
1290 2846 1406 2899 xxx,
1432 2830 1521 2897 17,
1549 2831 1667 2899 18);
1700 2834 1766 2885 ut
1785 2846 1901 2885 non

228 2917 431 2972 scium
462 2916 702 2985 civitas,
724 2917 827 2973 sed
858 2917 1201 2990 metropolis
1226 2918 1433 2974 civitas
1463 2918 1901 2990 appelleris.se-

226 3006 507 3062 cundum
538 3004 687 3061 illud
713 3007 869 3078 quod
899 3005 959 3062 in
992 3006 1145 3062 Isaia
1192 3005 1406 3078 legitur
1436 3023 1449 3061 :
1484 3006 1654 3063 Mater
1681 3006 1905 3063 urbium

233 3094 429 3164 ﬁdelis
476 3094 607 3149 Sion
634 3096 765 3163 (Isa.
798 3112 839 3163 1,
867 3096 958 3166 26,
988 3096 1102 3165 27).
1136 3095 1311 3150 Porro
1363 3095 1519 3167 quod
1557 3097 1904 3168 interpreta-

1992 703 2151 769 tium,
2186 705 2242 756 et
2263 701 2382 757 sive
2402 702 2571 770 juxta
2602 699 3142 772 interpretationem
3176 698 3400 770 Aquilae
3433 716 3645 756 secun-

1993 790 2129 845 dam
2163 786 2538 863 συναλλαγῆς,
2570 790 2908 862 sponsalium
2957 786 3242 858 videlicet,
3277 790 3335 844 et
3363 789 3649 862 temporis

1992 877 2368 950 nuptiarum;
2394 881 2563 950 juxta
2593 878 2844 951 primam
2877 893 3009 932 vero
3029 876 3294 948 ejusdem
3320 876 3641 933 editionem

1993 972 2051 1023 et
2097 965 2532 1037 Theodotionis,
2570 969 2808 1039 μαστῶν,
2854 965 3009 1036 quod
3054 965 3472 1036 interpretatur
3512 966 3645 1022 ube-

1998 1071 2123 1111 rum
2153 1073 2171 1110 :
2206 1073 2309 1129 pro
2340 1073 2458 1127 quo
2483 1054 2870 1128 Symmachus
2901 1053 3074 1110 vertit
3109 1052 3346 1128 ἀγαπῆς,
3379 1054 3535 1125 quod
3564 1054 3651 1109 di-

1998 1147 2286 1201 lectionem
2325 1148 2512 1200 sonat.
2546 1143 2692 1199 Illud
2745 1144 2923 1216 igitur
2952 1147 3189 1215 tempus
3238 1146 3381 1213 erat,
3416 1143 3651 1216 quando

1996 1237 2245 1306 possunt
2274 1233 2548 1289 mulieres
2577 1232 2716 1289 viris
2748 1232 2977 1301 sociari,
3010 1236 3066 1288 et
3100 1231 3393 1288 sustinere
3422 1232 3642 1288 coitum

1999 1322 2356 1377 maritalem.
2390 1324 2657 1377 Attamen
2690 1321 3023 1377 misericors
3046 1321 3200 1376 Deus
3226 1320 3503 1393 expandit
3532 1320 3656 1378 alas

1999 1427 2158 1481 suas,
2191 1414 2247 1466 et
2276 1411 2533 1483 suscepit
2561 1427 2682 1479 eos,
2715 1414 2773 1465 et
2794 1410 2948 1467 150
2977 1409 3035 1463 in
3068 1408 3332 1465 humeris
3363 1410 3492 1466 suis
3514 1426 3656 1482 por-

2003 1498 2142 1555 tavit
2172 1515 2290 1566 eos,
2316 1500 2485 1570 juxta
2536 1499 2680 1554 illud
2715 1499 2873 1570 quod
2904 1498 2962 1552 in
3014 1497 3326 1569 Evangelio
3359 1499 3648 1570 scriptum

2000 1591 2087 1643 est
2121 1606 2133 1642 :
2167 1589 2381 1656 Quoties
2410 1589 2561 1644 volui
2587 1602 2913 1659 congregare
2940 1588 3084 1658 ﬁlios
3118 1589 3239 1641 tuos
3265 1588 3409 1643 sicut
3439 1587 3659 1657 gallina

2001 1685 2285 1747 congregat
2303 1675 2487 1748 pullos
2507 1693 2630 1733 suos
2645 1678 2744 1732 sub
2757 1677 2876 1731 alas
2888 1692 3036 1743 suas,
3057 1679 3106 1730 et
3122 1676 3358 1731 noluisti
3377 1674 3530 1747 (Luc.
3552 1692 3654 1747 χιι,

2000 1766 2142 1837 3/1)?
2170 1765 2300 1822 Sive
2356 1766 2637 1822 amictum
2684 1764 2960 1837 expandit
2989 1781 3093 1836 pro
3125 1762 3257 1820 aliis
3291 1780 3304 1819 :
3338 1764 3449 1820 hoc
3496 1764 3656 1820 enim

2004 1855 2421 1926 interpretatur
2448 1851 2762 1929 πτερύγιον,
2796 1869 2911 1924 quo
2957 1855 3158 1925 operta
3186 1855 3276 1908 est
3304 1856 3361 1908 et
3391 1851 3548 1908 Ruth
3581 1852 3653 1909 ad

2005 1944 2181 2016 pedes
2236 1943 2531 1999 dormiens
2572 1947 2718 1999 Booz
2751 1942 2934 2012 (Ruth.
2968 1941 3072 2013 III).
3107 1941 3175 1996 Et
3206 1940 3263 1997 in
3304 1958 3426 2011 ora,
3459 1941 3516 1997 id
3548 1944 3664 2009 est,

2005 2029 2282 2107 πτερυγίῳ
2310 2032 2642 2088 vestimenti
2690 2031 2894 2098 nostri,
2922 2030 3206 2102 jubemur
3247 2028 3659 2103 hyacinthinus

2007 2121 2271 2178 fimbrias
2303 2119 2561 2194 alligare.
2584 2120 2716 2175 Haec
2740 2122 2934 2175 autem
2965 2118 3099 2175 fecit
3118 2122 3186 2175 ut
3214 2119 3466 2191 operiret
3484 2118 3657 2192 igno-

2009 2210 2251 2267 miniam
2264 2209 2592 2266 Jerusalem
2618 2228 2630 2265 :
2656 2208 2909 2280 genitale
2929 2208 3283 2264 feminarum
3300 2208 3411 2263 sub
3432 2207 3543 2264 hoc
3564 2224 3665 2263 no-

2008 2300 2164 2355 mine
2194 2316 2405 2372 corpus
2437 2299 2772 2355 ostendens.
2804 2298 3032 2353 Etenim
3056 2298 3227 2369 juxta
3254 2295 3600 2369 Apostolum
3634 2313 3648 2352 :

2009 2389 2299 2445 Inhonesta
2342 2390 2583 2459 corporis
2612 2388 2790 2442 nostri
2832 2387 3051 2458 majore
3102 2386 3304 2442 honore
3358 2385 3667 2442 circumda-

2008 2494 2132 2532 mus
2182 2478 2230 2545 (Ι
2282 2477 2401 2532 Cor.
2451 2493 2549 2545 xu,
2604 2476 2712 2546 13).
2766 2475 2930 2530 Unde
2982 2479 3039 2529 et
3088 2473 3402 2530 Psalmista
3452 2474 3657 2529 canit:

2008 2566 2164 2620 Beati
2178 2579 2410 2636 quorum
2441 2565 2683 2620 remissae
2696 2566 2822 2618 sunt
2840 2564 3183 2634 iniquitates,
3198 2569 3248 2617 et
3269 2577 3504 2632 quorum
3527 2565 3663 2617 tecta

2009 2660 2138 2709 sunt
2161 2655 2376 2725 peccata
2405 2651 2518 2723 (Ps.
2543 2669 2696 2721 XXXI,
2733 2652 2804 2719 1).
2834 2652 2968 2716 Qua:
3000 2649 3182 2705 Cham
3212 2648 3354 2722 quia
3388 2666 3505 2705 non
3526 2665 3660 2722 pro-

2008 2743 2151 2798 texit
2190 2742 2248 2796 in
2298 2744 2482 2813 patre,
2513 2745 2727 2796 aeterna
2776 2738 3187 2796 maledictione
3237 2737 3505 2811 signatur
3533 2737 3661 2810 (Ge-

2009 2846 2123 2887 nes.
2158 2830 2256 2902 1x).
2291 2830 2455 2897 Quod
2475 2829 2546 2885 de
2576 2827 2900 2885 Jerusalem
2925 2827 3204 2894 diximus,
3233 2826 3559 2882 referamus
3583 2825 3656 2880 ad

2012 2919 2267 2976 animam
2301 2923 2583 2990 nostram,
2611 2935 2738 2990 quae
2770 2916 3053 2989 quamdiu
3074 2915 3133 2970 in
3164 2915 3413 2970 infantia
3442 2914 3661 2970 consti-

2009 3012 2137 3064 tuta
2167 3011 2274 3074 est,
2302 3014 2537 3079 peccato
2570 3010 2746 3062 caret.
2767 3009 2911 3061 Cum
2935 3008 3130 3060 autem
3153 3003 3338 3058 aetatis
3363 3003 3492 3073 ejus
3514 3006 3664 3056 tem-

2013 3114 2125 3170 pus
2167 3095 2486 3163 advenerit,
2523 3094 2695 3151 multi
2725 3098 2866 3151 sunt
2896 3098 3186 3149 amatores
3239 3091 3669 3148 daemonum-et

230 3189 340 3238 tus
371 3188 469 3238 est
499 3183 908 3256 Symmachus,
932 3187 984 3240 et
1009 3185 1313 3256 pervenisti
1327 3183 1398 3239 ad
1421 3193 1678 3240 ornatum
1704 3188 1902 3244 mulie-
1933 3168 1977 3235 Ο
2015 3168 2441 3250 haereticorum,
2476 3199 3001 3257 perversorumque
3049 3183 3415 3256 dogmatum,
3449 3178 3551 3252 qui
3595 3177 3669 3234 ad

235 3288 388 3342 rum,
425 3271 553 3328 sive
600 3276 671 3327 ut
713 3271 1054 3341 Theodotio,
1087 3281 1138 3328 et
1185 3275 1433 3344 ingressa
1461 3289 1516 3329 es
1550 3274 1619 3329 ad
1650 3284 1907 3333 ornatum

234 3362 730 3428 ornamentorum,
758 3376 863 3432 pro
888 3377 1002 3433 quo
1032 3377 1141 3417 nos
1167 3361 1352 3416 secuti
1392 3377 1634 3418 sensum
1663 3363 1904 3421 Hebrai—

236 3464 375 3504 cnm
406 3448 681 3505 diximus
712 3466 726 3504 :
756 3457 809 3505 et
832 3451 1131 3521 pervenisti
1160 3451 1234 3506 ad
1258 3442 1531 3507 mundum
1561 3453 1905 3523 muliebrem,

236 3540 480 3610 tempus
512 3538 849 3610 pubertatis
876 3538 1152 3607 ostendit,
1179 3540 1415 3611 quando
1445 3540 1650 3612 puellae
1675 3541 1906 3599 nubiles

240 3626 654 3699 appellantur,
684 3631 743 3683 et
770 3632 1021 3699 possunt
1038 3628 1388 3685 maritorum
1419 3629 1790 3702 amplexibus
1813 3648 1907 3687 co-

241 3715 456 3790 pulari.
492 3716 765 3788 Denique
790 3718 1093 3789 sequitur:
1130 3719 1301 3775 Ubera
1320 3722 1417 3774 tua
1445 3720 1910 3789 intumuerunt,et

238 3807 535 3879 pihstuus
550 3807 903 3874 germinavit.
929 3806 1179 3862 Honeste
1201 3806 1768 3863 adolescentularum
1786 3826 1906 3866 ma-

242 3894 458 3952 turitas
492 3894 814 3961 indicatur,
849 3895 1084 3966 quando
1130 3894 1533 3951 intumescunt
1577 3896 1758 3951 ubera
1787 3897 1906 3953 sive

242 3986 583 4057 eriguntur,
618 3986 677 4038 et
704 3983 993 4055 germinat
1020 3983 1197 4055 pilus.
1221 3984 1487 4056 Cumque
1517 3988 1725 4056 parata
1751 3991 1908 4042 esset

247 4075 318 4129 ad
381 4071 650 4144 nuptias,
678 4076 737 4127 et
783 4071 1025 4128 haberet
1072 4072 1572 4145 pulchritudinem
1623 4074 1904 4147 corporis,

242 4161 745 4218 vestimentorum
772 4161 1035 4233 tegmina
1056 4177 1171 4217 non
1202 4161 1477 4231 habebat,
1508 4179 1612 4219 nec
1644 4162 1745 4218 Dei
1774 4179 1905 4235 pro-

246 4251 565 4324 tegebatur
622 4247 856 4304 auxilio.
887 4249 947 4304 Si
984 4249 1117 4321 quis
1146 4249 1361 4306 Christi
1382 4266 1497 4306 non
1528 4251 1704 4307 habet
1731 4251 1904 4307 indu-

247 4344 545 4406 mentum,
578 4338 776 4393 nudus
808 4340 914 4393 est.
948 4338 1009 4394 Si
1040 4338 1174 4410 quis
1201 4354 1317 4394 non
1339 4343 1429 4395 est
1457 4339 1705 4395 indutus
1725 4340 1899 4396 visce-

245 4428 413 4484 ribus
436 4426 876 4497 misericordiaa,
892 4426 1193 4496 bonitatis,
1211 4427 1904 4501 humilitatis,pudicitiae,

2014 3291 2142 3331 eam
2174 3274 2419 3346 cupiunt
2450 3272 2766 3328 declinare.
2799 3272 2907 3339 Qui
2959 3268 3318 3344 protectione
3348 3268 3445 3324 Dei
3478 3266 3665 3340 repel-

2010 3363 2249 3431 luntur;
2273 3366 2338 3418 ut
2361 3379 2477 3418 non
2505 3360 2786 3417 satellites
2811 3358 3048 3430 diaboli,
3082 3359 3183 3415 sed
3216 3357 3522 3413 ministros
3543 3354 3673 3411 Sal-

2011 3451 2227 3508 vatoris
2255 3451 2518 3523 recipiat.
2544 3455 2652 3505 Pro
2683 3449 3090 3516 divertentium,
3113 3446 3428 3513 dilectione,
3459 3448 3516 3500 et
3534 3444 3670 3498 ube-

2014 3558 2163 3608 rum,
2198 3540 2255 3595 in
2287 3539 2568 3596 Hebraico
2601 3539 2853 3594 habetur
2901 3554 3086 3593 DODIM
3118 3534 3358 3607 (Dt‘ﬁ't),
3387 3531 3541 3605 quod
3571 3546 3666 3587 se-

2013 3631 2271 3686 cundum
2303 3628 2517 3702 linguae
2568 3644 2772 3683 eorum
2821 3625 3261 3699 proprietatem,
3292 3621 3492 3679 omnia
3533 3635 3661 3690 qua

2014 3736 2194 3790 supra
2203 3734 2371 3774 versa
2383 3720 2523 3773 sunt
2537 3714 3054 3788 signiﬁcat.Potest
3064 3718 3300 3784 tempus
3313 3708 3659 3778 dilectionis,

2014 3812 2072 3863 et
2100 3808 2345 3862 uberum
2369 3805 2490 3860 sive
2509 3808 2838 3859 amatorum
2866 3799 3253 3871 Dei,intelligi
3283 3796 3673 3865 Abraham,et

2014 3896 2197 3964 Isaac,
2230 3898 2287 3950 et
2314 3894 2494 3950 Jacob
2525 3910 2536 3947 :
2575 3890 2807 3964 quando
2838 3891 2921 3946 eis
2947 3887 3242 3962 pollicitus
3264 3890 3353 3943 est
3380 3884 3672 3941 Dominus

2016 3988 2147 4057 post
2200 3982 2530 4056 [Egyptiam
2583 3979 2943 4050 servitutem,
2977 3992 3153 4035 suum
3208 3973 3492 4049 populum
3522 3973 3667 4029 libe-

2015 4074 2291 4129 randum.

2086 4163 2152 4217 Et
2175 4162 2367 4234 juravi
2395 4161 2539 4222 tibi;
2571 4167 2620 4216 et
2652 4160 2933 4228 ingressus
2959 4172 3087 4212 sum
3114 4158 3345 4228 pactum
3375 4162 3572 4220 tecum,
3595 4152 3679 4207 ait

2016 4251 2279 4307 Dominus
2309 4250 2469 4304 Deus.
2501 4248 2677 4304 LXX:
2703 4250 2768 4303 Et
2786 4246 2981 4319 juravi
3013 4244 3136 4313 tibi,
3169 4247 3220 4299 et
3250 4243 3530 4314 ingressus
3547 4254 3673 4295 sum

2016 4341 2075 4394 in
2107 4338 2487 4395 testamentum
2531 4345 2730 4403 tecum,
2761 4335 2894 4391 dicit
2941 4332 3157 4390 Adonai
3210 4332 3492 4387 Dominus.
3529 4328 3677 4395 Quia

2016 4427 2265 4500 expendi
2298 4426 2579 4482 amictum
2612 4440 2832 4490 meum,
2865 4423 2987 4479 sive
3013 4421 3137 4477 alas
3169 4436 3332 4476 meas
3362 4434 3540 4491 super
3569 4421 3664 4477 te:

245 4515 751 4583 mansuetudinis,
766 4515 1077 4588 patientiae,
1104 4517 1263 4587 jacet
1282 4533 1461 4589 super
1476 4517 1682 4574 faciem
1705 4522 1903 4575 terrae:
1936 4534 1984 4598 D
2015 4520 2072 4572 et
2101 4515 2302 4589 operui
2328 4513 2733 4571 confusionem
2762 4516 2926 4568 tuam
2950 4528 2962 4566 :
2988 4513 3296 4582 propterea
3317 4505 3513 4579 juravi
3535 4504 3667 4575 tibi,

243 4611 305 4661 et
332 4604 717 4678 pulchritudo
745 4605 876 4675 ejus
907 4605 1270 4675 confusione,
1300 4609 1358 4661 et
1385 4606 1649 4663 nuditate
1670 4608 1746 4680 (ιι)
1775 4610 1899 4664 tur-

250 4697 455 4766 μίαν.
584 4758 587 4759 ,

331 4780 517 4852 (Vers.
545 4782 627 4853 8.)
665 4783 732 4838 Et
777 4784 1015 4839 transivi
1053 4799 1152 4855 per
1194 4788 1264 4851 te,
1297 4788 1351 4840 et
1401 4784 1517 4840 vidi
1561 4793 1659 4841 te:
1689 4789 1740 4841 et
1785 4801 1904 4842 ecce

247 4874 471 4943 tempus
496 4879 670 4943 tuum,
702 4877 916 4944 tempus
940 4875 1267 4929 amantium.
1297 4875 1361 4930 Et
1379 4873 1621 4946 expandi
1646 4876 1906 4931 amictum

246 4975 434 5015 meum
464 4975 632 5031 super
660 4963 731 5027 te,
764 4964 817 5016 et
843 4963 1033 5033 operui
1067 4963 1433 5031 ignominiam
1459 4966 1631 5018 tuam.
1663 4964 1906 5036 Septua-

242 5047 415 5121 ginta
451 5067 467 5105 :
497 5049 561 5104 Et
608 5050 845 5105 transivi
883 5066 982 5122 per
1010 5054 1083 5118 te,
1122 5054 1177 5106 et
1200 5052 1317 5107 vidi
1343 5055 1416 5118 te,
1448 5054 1501 5106 et
1547 5067 1666 5108 ecce
1694 5055 1908 5123 tempus

245 5147 435 5211 tuum,
462 5140 681 5212 tempus
711 5139 1098 5195 divertentium
1121 5158 1137 5194 :
1160 5147 1211 5196 et
1240 5140 1481 5213 expandi
1506 5142 1629 5197 alas
1650 5157 1798 5197 meas
1817 5158 1909 5198 su-

234 5244 343 5300 per
361 5233 441 5300 te,
458 5236 513 5283 et
531 5230 738 5299 operui
758 5229 1124 5299 ignominiam
1141 5237 1313 5285 tuam.
1332 5230 1560 5294 Quanta
1581 5229 1907 5287 clementia!

240 5320 374 5373 Non
385 5316 708 5374 suffecerat
719 5316 897 5374 semel
910 5317 1128 5374 vidisse
1139 5333 1270 5374 eam
1292 5318 1691 5375 conculcatam
1708 5320 1768 5374 in
1784 5332 1929 5379 san.’

240 5406 450 5480 guine,
483 5410 542 5463 et
572 5406 643 5461 ad
675 5407 1074 5479 penitentiam
1104 5423 1485 5480 provocasse:
1522 5409 1622 5464 sed
1657 5424 1911 5481 peccan-

2015 4609 2072 4662 et
2095 4606 2399 4678 ingressus
2422 4620 2555 4659 sum
2580 4606 2838 4673 pactum,
2854 4599 2973 4656 sive
2995 4601 3414 4654 testamentum
3436 4599 3667 4650 tecum:

2010 4699 2076 4750 ut
2104 4694 2253 4749 mihi
2286 4692 2483 4767 potius
2506 4708 2685 4764 quam
2718 4688 2962 4758 caeteris,
2983 4687 3083 4760 qui
3115 4687 3187 4742 ad
3216 4690 3271 4742 te
3290 4684 3560 4739 volebant
3588 4680 3676 4735 di-

2008 4787 2247 4852 vertere,
2301 4780 2596 4854 jungeris,
2644 4782 2815 4852 juxta
2878 4777 3048 4847 illud,
3105 4775 3333 4832 Iuravit
3407 4771 3675 4827 Dominus

2009 4882 2059 4929 et
2086 4888 2199 4929 non
2223 4871 2508 4943 paenitebit
2533 4886 2661 4925 eum
2690 4888 2709 4925 .·
2737 4872 2869 4923 tues
2896 4864 3143 4922 sacerdos
3173 4865 3235 4918 in
3267 4868 3566 4924 aeternum,
3593 4872 3676 4914 se-

2012 4960 2260 5018 cundum
2312 4958 2560 5015 ordinem
2601 4955 2959 5013 Melchisedec
2988 4955 3101 5022 (Ps.
3136 4967 3247 5016 cxx,
3278 4950 3348 5017 4;
3380 4948 3537 5004 Hebr.
3568 4946 3695 5017 v1).~

2016 5049 2220 5107 Omnis
2250 5048 2406 5103 enim
2437 5045 2842 5103 controversiae
2865 5043 3001 5098 ﬁnis
3032 5044 3122 5096 est
3133 5040 3560 5110 juramentum.
3594 5036 3667 5092 Et

2016 5140 2143 5195 vivo
2190 5153 2317 5210 ego,
2351 5135 2491 5191 dicit
2538 5134 2861 5191 Dominus:
2907 5130 3022 5187 nisi
3062 5127 3216 5185 malo
3264 5125 3669 5199 paenitentiam

2021 5226 2362 5301 peccatoris,
2393 5240 2570 5297 quam
2616 5226 2861 5280 mortem
2910 5218 3124 5293 (Επειδὴ.
3157 5216 3338 5290 xvnI).
3381 5216 3668 5301 Tempore

2019 5299 2200 5390 igitur
2250 5313 2612 5386 nuptiarum,
2647 5310 2823 5367 Israel
2863 5310 3271 5382 juramentum
3300 5302 3512 5376 accipit
3541 5299 3668 5390 Dei,

2022 5389 2127 5479 pro
2160 5403 2319 5461 omni
2370 5399 2549 5458 dotali
2580 5402 2728 5458 151
2778 5415 3046 5457 munere.
3087 5397 3152 5454 Et
3198 5394 3338 5470 quia
3383 5389 3565 5450 David
3597 5389 3672 5453 de

320 5612 402 5690 (α)
433 5614 626 5671 Antea
651 5612 1024 5671 incommodo
1056 5627 1237 5673 sensu
1268 5616 1393 5672 erat
1421 5612 1676 5672 turbatur
1703 5631 1724 5672 :
1754 5628 1859 5689 pro
1885 5627 2002 5689 quo
2031 5611 2293 5684 turpatur
2320 5606 2722 5667 rescribimus.
