4052 6180
447 208 563 277 131

1681 207 1748 269 s.
1791 206 2104 271 unseen
2126 168 2613 272 umaouvm.

3722 208 3753 267 1
3766 205 3842 270 39

446 360 511 400 se
539 343 764 399 dixerat
793 359 806 397 :
840 341 1117 408 Memento,
1150 340 1378 396 Domine
1426 341 1617 407 David,
1649 348 1698 395 et
1726 343 1904 396 omnis
1931 344 2088 396 man-
2118 342 2172 408 Α
2201 342 2412 397 dextris
2434 344 2543 397 tuis
2572 344 2632 397 in
2658 345 2858 397 vestitu
2887 342 3165 413 deaurato,
3197 339 3544 398 circumdata
3570 340 3845 396 varietate

441 432 749 487 suetudinis
777 431 895 499 eius
941 433 1055 498 (Ps.
1090 446 1275 500 cxxxx,
1312 431 1402 498 1):
1447 429 1548 501 qui
1567 430 1791 502 juravit
1816 429 2080 501 Domino,

441 525 642 576 votum
674 520 827 576 vovit
862 519 978 574 Deo
1005 519 1223 587 Jacob;
1256 522 1314 574 et
1338 518 1464 591 ipse
1509 518 1794 575 Dominus
1815 519 1979 591 jurat
2008 519 2083 584 ei,

439 608 741 680 Scriptura
768 607 1023 664 dicente:
1045 609 1261 664 Juravit
1291 609 1553 664 Dominus
1579 608 1754 663 David
1781 610 2081 677 veritatem,

439 702 495 754 et
526 714 635 753 non
664 696 1027 769 frustrabitur
1053 713 1179 752 eum
1207 697 1391 767 (Ibid.,
1424 698 1533 766 11).

510 787 694 856 (Vers.
729 786 809 858 9.)
843 790 907 841 Et
933 788 1077 857 facta
1101 802 1159 841 es
1186 785 1347 854 mihi,
1370 794 1421 841 et
1455 785 1571 841 lavi
1599 794 1650 842 te
1676 803 1838 858 aqua,
1862 794 1913 842 et
1926 802 2086 840 mun-

438 874 565 931 davi
590 876 919 944 sanguinem
948 878 1105 929 tuum
1133 891 1203 930 ea:
1231 883 1302 942 te,
1325 877 1375 930 et
1404 876 1545 930 unxi
1573 883 1623 930 te
1648 876 1783 931 oleo.
1814 875 1961 941 Quis.
1987 891 2083 931 ex-

445 964 620 1037 pandi
654 963 777 1020 alas
828 979 1013 1027 meas,
1044 966 1101 1018 et
1142 963 1343 1036 operui
1374 962 1763 1036 ignominiam
1812 968 1997 1031 tuam,
2029 968 2087 1019 et

431 1053 631 1125 juravi
661 1052 787 1123 tibi,
821 1056 878 1109 et
905 1052 1207 1125 ingressus
1240 1068 1372 1108 sum
1415 1056 1653 1124 pactum
1685 1055 1917 1119 tecum;
1952 1067 2084 1123 pro-

446 1147 647 1213 pterea
678 1158 811 1197 mea
838 1157 900 1196 es
931 1141 1082 1197 facta
1100 1139 1394 1212 possessio
1421 1156 1433 1195 :
1468 1144 1535 1195 ut
1558 1157 1687 1212 quae
1719 1139 1909 1195 aliena
1931 1155 2084 1207 eras,

439 1232 673 1303 quando
685 1229 1312 1307 videbarisimmunda,
1333 1245 1462 1285 mea
1473 1245 1601 1285 esse
1612 1227 1876 1300 coeperis,
1900 1244 2084 1300 quan-

439 1321 512 1375 do
526 1324 761 1391 pactum
776 1333 969 1373 meum
982 1322 1175 1373 tecum
1182 1318 1518 1387 juramento
1531 1315 2086 1387 ﬁrmavi.Sivejuxta

439 1407 923 1464 consuetudinem
977 1405 1395 1478 prophetarum
1432 1422 1443 1461 :
1478 1405 1630 1461 facta
1670 1422 1733 1461 es
1778 1404 1944 1474 mihi,
1982 1404 2084 1474 ait,

441 1514 545 1570 pro
579 1513 644 1552 eo
677 1496 830 1566 quod
862 1499 970 1563 est,
1003 1510 1132 1550 meo
1157 1493 1426 1566 conjugio
1458 1493 1728 1567 copulata
1757 1510 1818 1548 es
1852 1511 1864 1547 :
1900 1497 1955 1548 et
1973 1492 2085 1548 lavi

435 1590 511 1655 te,
544 1584 756 1655 inquit,
794 1626 808 1651 ,
840 1601 994 1656 aqua
1020 1583 1297 1656 baptismi
1332 1581 1625 1638 salutaris.
1645 1584 1769 1638 Nisi
1797 1584 1944 1638 enim
1963 1584 2087 1653 quis

440 1678 668 1729 renatus
713 1674 885 1743 fuerit
912 1688 981 1728 ea:
1021 1689 1186 1743 aqua,
1217 1674 1268 1727 et
1305 1670 1518 1742 Spiritu
1543 1676 1746 1739 sancto,
1780 1687 1892 1727 non
1917 1675 2089 1743 potest

437 1766 657 1819 intrare
680 1764 741 1817 in
759 1778 998 1835 regnum
1020 1762 1121 1816 Dei
1150 1760 1334 1831 (Joan.
1353 1778 1435 1831 III,
1458 1761 1534 1832 5).
1551 1761 1617 1816 Et
1638 1759 1776 1816 alibi
1800 1759 2077 1833 legimus:

433 1856 551 1925 Ipse
562 1868 651 1908 vos
682 1852 1054 1923 baptimtitin
1077 1850 1286 1922 Spiritu
1301 1858 1485 1905 saneto
1505 1854 1554 1906 et
1571 1852 1691 1920 igni
1715 1851 1905 1921 (Marc.
1933 1867 1970 1917 ι,
2002 1849 2079 1921 8).

438 1943 519 1998 De
541 1958 653 2012 quo
672 1939 999 2012 bapismate
1021 1943 1079 1994 et
1104 1938 1282 1995 Isaias
1304 1937 1820 2010 loquitur,dicens:
1854 1939 2083 1994 Lavabit

436 2026 698 2086 Dominus
734 2028 916 2085 sordes
943 2029 1189 2099 ﬁliorum
1229 2031 1281 2083 et
1305 2028 1560 2098 filiarum
1591 2027 1754 2089 Sion;
1783 2035 1834 2083 et
1858 2028 2084 2096 sangui-

436 2137 564 2176 nem
592 2118 885 2174 mundabit
910 2118 975 2174 de
1002 2118 1178 2174 medio
1204 2133 1411 2188 eorum,
1442 2118 1643 2188 spiritu
1664 2116 1876 2184 iudicii,
1903 2123 1953 2171 et
1976 2116 2082 2185 spi-

394 2272 397 2273 ν
434 2211 553 2264 ritu
598 2208 983 2264 combustionis
1032 2207 1155 2277 (Isa.
1192 2223 1266 2276 iv,
1301 2206 1374 2274 4).
1408 2205 1553 2261 Cum
1604 2209 1797 2261 autem
1855 2204 2077 2275 laverit,

436 2302 493 2353 et
539 2296 907 2353 mundaverit
953 2295 1301 2368 sanguinem
1336 2311 1349 2350 :
1396 2294 1471 2367 (a)
1503 2295 1658 2351 sicut
1688 2291 2079 2368 αἱμορῥοῦσαν,

437 2403 566 2458 qua:
596 2386 901 2442 duodecim
936 2384 1106 2441 annis
1136 2399 1338 2439 cruore
1382 2385 1677 2451 manabat,
1711 2384 1955 2439 fimbriis
1988 2399 2079 2439 sa-

433 2476 595 2532 navit
627 2477 845 2531 attactu
877 2474 1069 2544 (Marc.
1102 2475 1158 2541 ν)
1186 2491 1199 2528 :
1235 2489 1350 2529 non
1381 2471 1598 2528 sufﬁcit
1614 2472 1665 2527 ei
1694 2471 1887 2529 lavare
1909 2488 2077 2542 aqua,

438 2568 496 2620 et
525 2564 812 2619 mundare
866 2562 1175 2635 sanguine,
1208 2561 1322 2616 nisi
1352 2561 1477 2617 oleo
1524 2577 1759 2633 quoque
1808 2560 2076 2618 unxerit:

428 2655 602 2725 juxta
648 2652 805 2724 quod
848 2650 1248 2715 Samaritanus,
1281 2649 1382 2721 qui
1430 2648 1845 2720 interpretatur
1884 2656 2079 2717 custos,

440 2740 752 2796 seminecis
779 2738 1024 2794 vulnera
1072 2739 1329 2809 primum
1374 2737 1482 2793 olei
1531 2737 1823 2793 infusione
1870 2736 2077 2808 linivit,

440 2828 648 2883 deinde
678 2827 795 2882 vini
826 2825 1164 2881 austeritate
1206 2824 1565 2897 compescuit
1592 2827 1743 2895 (Luc.
1774 2827 1852 2898 χ).
1889 2826 2081 2882 Domi-

442 2933 556 2973 nus
587 2919 783 2972 autem
808 2918 1003 2970 noster
1027 2913 1141 2969 alio
1164 2918 1376 2969 unctus
1397 2918 1486 2970 est
1504 2912 1650 2982 oleo,
1672 2915 1828 2986 quod
1851 2932 1963 2972 non
1987 2916 2083 2970 do-

439 3006 619 3063 lorem
653 3002 967 3060 vulnerum
999 3002 1313 3075 mitigaret,
1347 3003 1447 3059 sed
1478 3002 1738 3059 laetitiam
1779 3004 2060 3060 tribueret

439 3046 619 3063 ww...
664 3046 967 3060 ..............
999 3046 1313 3075 ......,,......,
1347 3046 1447 3059 ην..
1478 3046 1738 3059 mum...
1784 3046 2078 3070 ...ω-νην,

439 3095 666 3151 dicente
697 3093 771 3148 ad
817 3108 949 3148 eum
982 3090 1200 3163 Spiritu
1230 3096 1432 3148 sancto
1465 3108 1478 3147 :
1512 3094 1805 3163 Propterea
1844 3095 2008 3149 unxit
2033 3097 2083 3149 te
2112 3076 2156 3143 C

436 3186 598 3255 Deus,
618 3184 759 3238 Deus
774 3186 921 3250 tuus,
943 3181 1061 3237 oleo
1080 3182 1460 3237 exsulmtionis
1474 3197 1593 3253 pra:
1607 3182 1944 3238 consortibus
1969 3184 2081 3237 tuis

439 3274 553 3344 (Ps.
577 3288 726 3340 κων,
750 3271 826 3343 8).
850 3270 1077 3326 Habent
1096 3273 1152 3326 et
1171 3270 1473 3325 contrariae
1494 3270 1868 3327 fortitudines
1896 3271 2079 3327 simu-

438 3362 541 3417 lati
571 3360 679 3417 olei
701 3358 1230 3428 lenitatem,dulcia
1259 3377 1362 3432 per
1381 3359 1681 3416 haereticos
1701 3359 2040 3432 pollicentes
2064 3379 2079 3429 ;

438 3466 565 3523 quae
596 3453 906 3506 vertuntur
926 3449 985 3503 in
1017 3449 1488 3517 amaritudinem,
1516 3454 1574 3505 et
1604 3466 1729 3521 quas
1761 3450 2083 3505 detestatur

438 3539 724 3611 propheta
769 3554 1280 3594 commemorans:
1324 3539 1515 3594 Oleum
1558 3542 1744 3593 autem
1787 3538 2082 3610 peccatoris

435 3644 548 3684 non
592 3629 864 3700 impiguet
911 3631 1074 3699 caput
1120 3643 1303 3683 meum
1332 3629 1441 3696 (Ps.
1469 3644 1592 3699 CXL,
1625 3627 1701 3700 5).
1734 3627 1833 3684 Sin
1882 3631 2078 3683 autem

436 3717 509 3773 ab
542 3716 813 3772 unctione
838 3715 1145 3784 unctus,id
1177 3720 1283 3783 est,
1300 3716 1568 3772 Christus
1590 3715 2081 3788 appellatur,vide

438 3809 724 3879 quantum
747 3804 1054 3876 profecerit
1073 3804 1426 3860 Jerusalem:
1445 3809 1511 3859 ut
1530 3808 1587 3859 et
1609 3805 1737 3877 ipsa
1759 3807 1935 3860 uncta
1955 3803 2079 3859 oleo

436 3894 756 3967 spirituali,
790 3893 1002 3948 Christi
1034 3908 1245 3948 nomen
1299 3893 1617 3965 acceperit;
1642 3894 1813 3964 juxta
1841 3892 1996 3964 quod
2025 3896 2082 3948 et

438 3984 591 4040 152
650 3982 711 4038 in
768 3980 1019 4037 Psalmis
1076 3981 1147 4036 de
1203 3981 1497 4036 Abraham
1540 3980 1791 4052 legimus
1839 3998 1852 4036 :
1904 3982 2083 4038 Nolite

438 4075 658 4143 tangere
687 4069 916 4125 christos
938 4085 1104 4139 meos,
1123 4076 1173 4124 et
1200 4071 1262 4124 in
1280 4069 1561 4141 prophetis
1576 4071 1711 4126 meis
1728 4070 1897 4126 nolite
1915 4071 2080 4126 mali-

436 4177 618 4233 gnari.

512 4248 696 4321 (Vers.
733 4248 841 4320 10).
876 4250 942 4303 Et
986 4247 1063 4319 (b)
1092 4247 1283 4303 uestiui
1312 4250 1363 4302 te
1408 4246 1765 4304 discoloribus
1810 4248 1941 4304 LXX
1976 4250 2081 4304 :Et

437 4338 601 4394 indui
620 4342 670 4393 te
701 4338 874 4392 variis
892 4355 910 4390 :
930 4336 1099 4408 Legis
1130 4336 1775 4408 caeremoniis,quarum
1801 4342 2083 4409 occupata

439 4426 661 4495 studio,
696 4424 853 4481 idola
901 4423 1355 4495 derelinqueres.
1392 4427 1508 4481 Ista
1555 4431 1696 4481 sunt
1722 4426 1881 4482 varia
1908 4426 2081 4482 vesti-

440 4517 656 4581 menta,
692 4514 911 4587 quibus
951 4513 1195 4569 indutus
1226 4517 1315 4569 est
1344 4514 1560 4587 Joseph
1590 4533 1606 4568 :
1640 4531 1745 4570 nec
1770 4517 2086 4587 potuerunt

439 4620 575 4661 eum
608 4604 814 4660 fratres
845 4602 1114 4670 vendere,
1149 4602 1261 4657 nisi
1292 4603 1456 4675 prius
1486 4619 1629 4679 eum
1650 4604 1861 4659 tunicae
1897 4604 2085 4660 varie-

438 4698 557 4750 tate
587 4694 916 4750 nudassent
960 4690 1112 4764 (Gen.
1142 4691 1378 4763 xxxvn.).
1412 4691 1482 4746 Et
1528 4692 1598 4747 de
1628 4709 1845 4764 sponsa
1874 4693 2088 4749 dicitur

442 4784 502 4838 in
542 4781 1001 4855 quadragesimo
1050 4784 1257 4853 quarto
1295 4779 1522 4852 psalmo
1556 4798 1568 4836 :
1601 4782 1791 4838 Astitit
1832 4784 2026 4854 regina
2053 4800 2086 4839 a

521 4961 598 5027 (a)
629 4960 915 5016 Putarunt
934 4962 1214 5017 Erasmus
1230 4964 1286 5015 et
1298 4960 1594 5015 Marianus
1622 4961 2088 5018 Hemorrhoissam

446 5029 661 5110 dictam
679 5032 877 5110 fuisse
907 5037 1169 5110 sanctam
1200 5049 1265 5110 ah
1284 5032 1341 5086 Β.
1376 5031 1725 5104 Hieronymo
1751 5034 1954 5110 ;_'unde
1984 5050 2087 5106 pro

446 5100 737 5173 particula
757 5102 938 5178 etiam
972 5103 1195 5178 Latina,
1225 5102 1487 5178 Graecum
1519 5100 1731 5178 nomen
1763 5100 1916 5178 ’a'ytuv
1949 5100 2087 5177 sup-

450 5177 773 5245 posuerunt
796 5177 998 5229 contra
1018 5176 1193 5230 fidem
1217 5173 1635 5245 exemplarium
1660 5173 2089 5232 mssIMAM‘C—

451 5249 553 5318 Pro
571 5244 744 5318 sicut,
776 5245 929 5318 quod
965 5248 1145 5318 nostri
1169 5244 1486 5318 praeferunt
1517 5262 1660 5302 mss.
1689 5264 1753 5302 ac
1788 5246 2087 5315 Rabanus,

447 5314 1282 5407 duobusjv‘erhislMartianéeus
1302 5316 1759 5407 legit’quoejtiam
1770 5336 1794 5384 ;
1822 5314 2090 5391 corrupte

446 5403 580 5462 vero
600 5454 612 5462 _
632 5386 773 5462 editi
817 5387 1163 5444 vetustiores
1234 5404 1336 5459 quo
1360 5385 1546 5462 ἆγίάν,
1580 5389 1637 5443 id
1667 5395 1777 5460 est,
1804 5385 2089 5454 sanctam;

448 5457 503 5512 αἱ
513 5454 848 5532 μρρῥοῦσαν,
880 5462 989 5532 etc.

523 5528 599 5609 (ὁ)
621 5528 828 5593 Deerat
845 5528 1168 5589 versiculus
1189 5530 1319 5608 iste,
1340 5532 1418 5593 Et
1436 5533 1625 5593 uestiui
1645 5535 1695 5592 te
1715 5533 2090 5608 discoloribus,

2195 432 2305 501 (Ps.
2356 448 2507 498 xLIv,
2560 431 2670 502 10).
2721 431 2838 486 Hoc
2885 434 2975 488 est
3026 430 3442 488 vestimentum
3490 430 3562 485 de
3619 445 3733 501 quo
3782 431 3843 484 et

2190 518 2504 591 Apostolus
2558 519 2862 590 loquitur:
2893 520 3109 576 Induite
3156 536 3358 578 novum
3401 519 3703 584 hominem,
3742 519 3847 590 qui

2192 613 2498 665 renovatur
2526 609 2585 663 in
2631 610 2995 680 cognitionem
3024 609 3192 680 juxta
3236 609 3535 680 imaginem
3560 608 3846 665 Creatoris

2194 696 2405 769 (Ephes.
2440 697 2659 769 1v,-24).
2704 695 2989 753 Volumus
3037 698 3185 754 scire
3230 713 3356 769 quis
3389 695 3507 752 sint
3550 695 3714 751 varia
3741 710 3844 751 ve-

2193 785 2469 842 stimenta
2487 785 2516 840 ?
2544 785 2703 841 Idem
2728 801 2834 840 nos
2862 784 3175 857 Apostolus
3203 785 3426 855 doceat,
3451 783 3843 841 Credentibus

2193 874 2455 930 scribens
2489 892 2501 930 :
2534 874 2842 929 Induimini
2857 890 2983 946 ergo
3014 873 3307 930 visceribus
3327 872 3845 941 miserioordiae,bo~

2191 964 2401 1030 uitatis,
2464 962 2818 1030 humilitatis,
2867 962 3328 1028 mansuetudinis,
3376 963 3666 1034 patientia
3711 961 3841 1030 (Co-

2193 1051 2318 1107 loss.
2353 1069 2435 1115 m,
2466 1051 2578 1122 12).
2611 1051 2757 1117 Quid
2788 1051 2897 1108 hac
2926 1052 3205 1108 varietate
3234 1051 3537 1124 pulchrius
3559 1051 3588 1105 Ἰ
3608 1050 3688 1106 De
3718 1067 3839 1123 qua

2193 1143 2251 1196 et
2276 1140 2308 1196 J
2312 1139 2385 1196 ob
2418 1139 2796 1212 loquebatur:
2819 1140 2949 1209 Quis
2977 1141 3123 1196 dedit
3140 1140 3466 1196 mulieribus
3485 1142 3727 1196 texturae
3743 1156 3837 1195 sa-

2190 1229 2480 1300 pientiam,
2535 1238 2632 1285 aut
2684 1232 2967 1285 varietatis
3013 1228 3366 1300 disciplinam
3409 1229 3544 1300 (Job.
3593 1244 3836 1297 xxxvm,

2191 1334 2276 1373 sec
2305 1318 2446 1389 LXX)
2474 1321 2496 1373 ἓ
2524 1318 2592 1373 Et
2638 1318 2894 1390 pontifex
2940 1315 3121 1373 semel
3150 1318 3211 1372 in
3239 1333 3414 1387 anno,
3449 1316 3682 1389 quando
3730 1332 3835 1388 pro

2195 1406 2409 1478 populo
2453 1405 2724 1462 adolebat
2771 1407 3094 1474 incensum,
3141 1403 3473 1478 ingrediens
3518 1405 3579 1459 in
3627 1404 3840 1461 Sancta

2195 1499 2555 1561 sanctorum,
2590 1493 2765 1550 variis
2808 1494 3069 1550 vestibus
3099 1493 3374 1550 utebatur
3399 1494 3592 1562 (Exod.
3623 1497 3838 1561 xxxix;

2198 1586 2365 1640 Hebr.
2393 1584 2493 1656 1x).
2515 1583 2680 1639 Certe
2706 1583 2755 1639 si
2772 1582 2981 1638 divitiae
3001 1583 3341 1638 varietatem
3360 1583 3630 1654 vestium,
3651 1586 3839 1639 etnon

2194 1673 2476 1729 sanctitas
2507 1672 2721 1728 faceret
2749 1671 3173 1743 diversitasque
3194 1671 3502 1743 virtutum,
3523 1671 3748 1728 Pharao
3779 1674 3842 1728 et

2191 1761 2726 1818 Nabuchodonosor
2766 1760 2887 1815 haec
2914 1760 3264 1816 vestimenta
3310 1760 3590 1818 habuisse
3615 1760 3842 1818 scribe-

2191 1854 2413 1920 rentur,
2435 1853 2493 1905 et
2515 1867 2631 1905 non
2652 1849 2892 1921 Joseph,
2907 1848 3006 1921 qui
3031 1849 3140 1904 sub
3162 1850 3466 1922 peregrino
3481 1853 3539 1906 et
3552 1848 3839 1922 pastorali

2192 1942 2569 2011 patre,vestes
2591 1937 2906 1995 discolores
2922 1941 2979 1993 et
2993 1937 3184 2009 regias
3230 1937 3446 1994 habere
3457 1954 3572 1994 non
3584 1942 3835 2010 poterat.

2261 2030 2326 2083 Et
2364 2028 2598 2083 calciavi
2624 2031 2676 2082 te
2709 2026 2991 2097 jantht'no.
3026 2025 3161 2080 LXX
3197 2043 3209 2082 :
3244 2029 3311 2082 Et
3336 2027 3570 2084 calciavi
3610 2036 3661 2083 te
3703 2029 3844 2099 hya-

2191 2117 2375 2173 cintho
2428 2115 2537 2188 [Al.
2596 2115 3000 2188 hyacinthina].
3059 2114 3268 2187 Aquila
3315 2120 3372 2172 et
3425 2115 3838 2188 Symmachus,

2180 2208 2446 2280 janthina
2492 2224 2511 2260 :
2567 2204 2946 2277 Septuaginta
2992 2208 3048 2259 et
3094 2204 3430 2276 Theodolio,
3471 2204 3842 2277 hyacinthina

2190 2294 2637 2351 transtulerunt.
2660 2294 2767 2350 Pro
2788 2310 2902 2365 quo
2925 2292 2984 2347 in
3010 2293 3247 2349 Hebraeo
3277 2293 3559 2366 scriptum
3581 2298 3672 2350 est
3690 2309 3839 2350 τελε

2190 2384 2401 2455 (term).
2435 2384 2503 2438 Et
2532 2383 2674 2455 quia
2715 2380 2958 2454 pulchre
2995 2382 3067 2436 ad
3096 2381 3423 2439 Jerusalem
3472 2397 3662 2438 sermo
3690 2381 3841 2437 diri-

2191 2474 2369 2546 gitur,
2402 2475 2459 2527 et
2507 2471 2617 2527 sub
2645 2487 2895 2543 persona
2925 2470 3172 2539 feminae,
3204 2471 3396 2526 omnis
3425 2471 3554 2542 ejus
3593 2474 3841 2527 ornatus

2191 2561 2558 2634 exprimitur,
2579 2559 2979 2632 hyacinthina,
3010 2559 3131 2614 sive
3151 2558 3427 2630 janthina
3454 2557 3843 2616 calciamenta

2190 2653 2523 2719 narrantur,
2558 2665 2685 2720 quae
2724 2647 2981 2704 virorum
3025 2664 3283 2720 personae
3312 2664 3429 2704 non
3460 2648 3836 2704 conveniunt.

2191 2738 2452 2810 Denique
2476 2737 2717 2793 facturis
2739 2735 2957 2808 pascha
2976 2736 3330 2807 praecipitur,
3346 2737 3571 2809 absque
3591 2735 3714 2792 ulla
3733 2752 3840 2792 co-

2192 2827 2331 2883 loris
2363 2826 2657 2897 varietate,
2691 2830 2758 2881 ut
2783 2824 3059 2881 accinctis
3076 2824 3318 2893 lumbis,
3349 2830 3406 2880 et
3436 2824 3684 2897 pedibus
3714 2824 3838 2881 ca]-

2191 2916 2358 2972 ciatis
2388 2915 2524 2972 sint.
2557 2917 2675 2971 Ista
2702 2918 2842 2970 sunt
2861 2912 3241 2970 calciamenta
3259 2913 3329 2969 de
3361 2913 3577 2985 quibus
3598 2918 3655 2970 et
3679 2915 3837 2987 Apo-

2192 3005 2377 3062 stolus
2409 3004 2613 3061 scribit
2644 3021 2658 3060 :
2688 3004 2911 3060 calciati
2937 3004 3102 3073 pedes
3130 3005 3196 3059 in
3220 3005 3626 3075 praparatione
3653 3006 3839 3060 Evan-

2191 3097 2326 3167 gelii
2348 3096 2520 3167 pacis.
2562 3092 2727 3149 Philo
2761 3093 2849 3148 vir
2870 3092 3295 3149 disertissimus
3314 3093 3673 3163 Judaaorum,
3690 3092 3839 3165 hya-

2191 3183 2429 3239 cinthon
2476 3182 2535 3236 in
2576 3182 2837 3237 vestibus
2876 3180 3167 3253 pontiﬁcis
3215 3181 3333 3236 aeri
3381 3185 3698 3254 comparat,
3733 3197 3842 3254 per

2192 3288 2367 3344 quem
2399 3286 2657 3343 superna
2683 3274 2859 3341 atque
2874 3268 3132 3326 coelestia
3161 3270 3314 3327 153
3345 3269 3661 3343 signiﬁcari
3685 3270 3842 3326 arbi-

2189 3364 2397 3417 tratur.
2427 3359 2542 3416 Nec
2570 3359 2736 3433 prius
2762 3357 3088 3414 Jerusalem
3119 3357 3399 3415 calcietur
3418 3358 3837 3431 hyacinthinis,

2190 3449 2305 3506 nisi
2350 3449 2576 3506 lavetur
2621 3464 2794 3520 aqua.
2826 3447 2992 3503 Unde
3037 3450 3095 3503 et
3132 3446 3566 3520 Apostolorum,
3619 3449 3838 3521 quibus

2190 3540 2353 3612 prius
2370 3540 2721 3611 praeceperat
2736 3535 3020 3592 Dominus
3033 3540 3099 3591 ut
3116 3540 3449 3592 excuterent
3462 3537 3679 3609 pedum
3698 3554 3837 3594 suo-

2190 3645 2322 3685 rum
2369 3627 2665 3700 pulverem
2722 3626 2935 3698 (Matth.
2989 3625 3068 3696 x),
3121 3625 3391 3681 lavantur
3444 3642 3479 3683 a
3538 3624 3838 3682 Salvatore

2188 3718 2385 3791 pedes.
2421 3716 2490 3771 Et
2513 3731 2732 3788 sponsa
2752 3714 2894 3770 dicit
2914 3714 2974 3770 in
3005 3714 3238 3770 Cantico
3260 3713 3630 3770 Canticorum
3657 3731 3670 3770 :
3697 3715 3838 3771 Lavi

2186 3806 2345 3881 pedes
2371 3822 2538 3875 meos,
2569 3803 2833 3876 quomodo
2853 3804 3154 3875 inquinabo
3182 3804 3307 3859 illos
3337 3802 3516 3874 (Cant.
3548 3821 3604 3870 v,
3629 3803 3688 3876 3)
3707 3803 3736 3858 ‘I
3766 3803 3836 3859 Et

2190 3897 2420 3969 Moysen
2437 3898 2494 3951 et
2507 3894 2539 3951 J
2544 3910 2710 3950 esum
2723 3893 2957 3949 divinus
2970 3891 3235 3964 sermo(e)
3247 3890 3697 3963 testatur(Exod.
3718 3892 3831 3962 ιιι),

2190 3990 2256 4041 ut
2285 3983 2514 4041 solvant
2542 3982 2851 4054 corrigiam
2872 3980 3235 4038 calciamenti
3267 3980 3380 4046 sui,
3405 3980 3546 4053 quia
3576 3979 3743 4037 locus
3772 3979 3836 4034 in

2190 4092 2306 4148 quo
2327 4077 2484 4130 stent
2501 4076 2741 4127 sanctus
2766 4070 2860 4127 sit.
2875 4071 3023 4126 Cum
3054 4074 3249 4126 autem
3273 4068 3374 4125 loti
3391 4068 3606 4124 fuerint
3629 4070 3835 4140 pedes,

2191 4168 2250 4220 et
2278 4162 2439 4219 omni
2471 4160 2643 4217 sorde
2661 4158 2914 4232 purgati,
2938 4158 3261 4215 calciantur
3278 4156 3692 4230 hyacinthinis,
3709 4157 3840 4213 sive

2182 4251 2514 4325 janthinis;
2547 4249 2703 4321 quod
2747 4253 3064 4320 utrumque
3094 4246 3232 4303 aerii
3264 4250 3321 4303 et
3367 4243 3841 4302 xouvéoo'coloris

2189 4345 2278 4397 est
2309 4358 2323 4396 :
2357 4344 2423 4395 ut
2450 4337 2829 4411 rapianturin
2859 4352 3170 4393 occursum
3194 4335 3425 4392 Domini
3447 4335 3507 4391 in
3541 4351 3757 4406 aerem,
3784 4339 3842 4391 et

2115 4451 2161 4516 D
2194 4430 2265 4486 ad
2298 4427 2556 4485 coelestia
2587 4443 2765 4498 regna
2796 4425 3089 4516 festinent,

2263 4520 2328 4575 Et
2356 4518 2511 4574 cinxi
2556 4521 2606 4573 te
2654 4516 2828 4588 bysso.
2860 4513 3184 4571 Jerusalem
3215 4532 3332 4570 non
3372 4514 3566 4571 solum
3594 4512 3843 4571 vestitur

2194 4605 2605 4677 discoloribus,
2630 4611 2685 4660 el
2704 4603 2986 4660 calcietur
3005 4603 3419 4676 hyacinthinis,
3450 4603 3552 4659 sed
3573 4607 3631 4658 et
3660 4602 3839 4675 bysso

2193 4696 2535 4768 accingitur,
2559 4695 2630 4750 de
2658 4710 2775 4766 qua
2789 4693 3136 4749 tenuissima
3155 4692 3215 4748 in
3242 4697 3402 4751 veste
3422 4690 3719 4765 pontiﬁcis
3743 4688 3843 4746 ﬁla

2192 4788 2490 4843 texuntur.
2522 4785 2592 4840 Et
2620 4800 2765 4839 uxor
2791 4782 2851 4838 in
2883 4782 3231 4851 Proverbiis,
3253 4798 3380 4853 quae
3408 4781 3531 4838 viro
3557 4796 3663 4837 suo
3689 4779 3838 4835 duas

2196 4979 2371 5035 quem
2387 4962 2646 5035 positum
2677 4961 2772 5035 hic
2793 4962 2897 5018 abs
2922 4961 3270 5035 Hieronymo
3288 4960 3438 5035 nihil
3456 4964 3546 5035 est
3569 4958 3843 5035 dubium,

2195 5029 2329 5089 cum
2360 5029 2419 5090 et
2448 5033 2584 5088 LXX
2603 5033 2929 5089 versionem
2951 5029 3184 5100 subdat,
3208 5033 3303 5089 cui
3327 5031 3669 5088 Hebraicam
3687 5029 3841 5086 veri-

2195 5110 2375 5187 tatem
2426 5105 3115 5187 conlinentenpraaponit,
3147 5109 3204 5160 et
3250 5105 3403 5160 infra
3433 5105 3491 5187 in
3531 5107 3840 5187 Commen-

2196 5177 2343 5233 tario
2376 5180 2553 5248 notet,
2584 5175 2907 5247 Jerusalem,
2934 5175 3236 5248 inquiens,
3265 5192 3375 5232 non
3406 5183 3582 5248 satum
3608 5175 3846 5248 vestitur

2197 5245 2567 5316 discoloribus,
2600 5251 2649 5302 et
2699 5245 2967 5319 calcietur
3011 5245 3405 5319 hyacinthinis,
3436 5247 3550 5315 sed,
3580 5250 3690 5303 etc.
3728 5245 3847 5302 Nos

2198 5336 2268 5376 ex
2295 5336 2438 5375 mss.
2473 5323 2530 5375 et
2558 5319 2794 5375 Rabano
2826 5318 3185 5375 suﬁ‘ecimus.
3719 5329 3722 5332 ’

2272 5390 2343 5462 (c)
2374 5390 2831 5463 Rescribendum
2851 5406 2991 5463 mea
3003 5391 3241 5463 quidem
3263 5389 3551 5450 sententia
3571 5391 3680 5463 est,
3707 5388 3851 5446 obte-

2197 5459 2397 5535 statur,
2429 5466 2531 5522 aut
2558 5461 2697 5537 quid
2728 5459 2940 5519 simile.
