4052 6180
199 191 327 256 137

826 188 1578 258 COMMENTARIORUM
1622 194 1701 253 ΙΝ
1745 186 2248 252 EZECHIELEM
2290 191 2439 252 LIB.
2487 191 2792 265 IV,CAP.
2834 187 2998 255 XVI.

3497 186 3619 270 iss

203 340 327 380 non
364 340 488 397 quo
517 322 637 382 alia
663 327 841 398 atque
865 325 986 384 alia
1012 325 1349 383 substantia
1378 327 1489 394 sit;
1522 326 1622 382 sed
1645 340 1760 396 quo
1782 322 1862 379 di-
1886 322 1946 389 Α
1973 322 2174 392 (Colat.
2203 323 2301 393 ιν),
2349 326 2536 378 mater
2581 327 2783 379 nostra
2818 326 2910 378 est
2940 341 2954 391 ;
3001 326 3188 379 mater
3231 323 3431 379 autem
3476 335 3612 379 nos-

196 413 418 485 versis,
449 413 662 472 similae
703 419 761 471 et
783 415 1002 484 mellis,
1042 420 1101 472 et
1129 414 1242 472 olei
1276 414 1636 480 nominibus,
1674 414 1861 470 Patris
1974 416 2064 467 tra
2099 411 2354 467 Ecclesia
2392 416 2524 467 est:
2576 416 3000 483 consequenter
3041 411 3364 468 Jerusalem
3409 411 3611 469 Eccle-s

197 507 255 557 et
286 501 424 558 Filii
447 508 515 558 et
545 502 802 575 Spiritus
839 504 1028 559 sancti
1057 521 1176 560 una
1205 503 1448 560 dulcedo
1480 507 1858 559 monstretur.

195 590 265 645 Et
301 590 420 646 hoc
461 590 1076 659 animadvertendum,
1122 592 1276 664 quod
1308 591 1367 648 in
1400 593 1603 648 multis
1635 591 1859 648 sacriﬁ-

196 677 302 734 ciis
326 680 617 734 offeratur
635 679 848 746 simila,
882 680 1143 736 medulla
1163 680 1445 736 frumenti
1471 685 1646 752 atque
1667 679 1858 752 puris-

193 767 375 846 .sima,
408 770 484 824 de
505 785 623 840 qua
639 769 929 841 scriptum
962 773 1087 825 est:
1121 771 1186 825 Et
1213 770 1277 826 de
1306 769 1466 841 adipe
1484 771 1755 841 frumenti
1769 786 1858 824 sa-

191 857 412 921 turavit
431 873 522 912 eos
548 857 662 928 (Ps.
688 874 854 928 Lxxx,
888 858 976 929 17)
1005 876 1018 913 :
1050 874 1166 913 non
1190 859 1261 912 de
1289 857 1528 926 hordeo,
1560 874 1666 913 nec
1691 858 1762 913 de
1782 859 1861 912 fa-

191 949 348 1020 rina,
375 963 509 1018 quae
531 951 666 1001 tunc
683 945 879 1002 solum
902 947 1164 1016 offertur,
1183 949 1421 1018 quando
1443 947 1692 1002 maritus
1713 946 1859 1002 zelo-

189 1035 372 1107 typie
411 1034 624 1106 spiritu
663 1038 1084 1090 commovetur.
1147 1035 1211 1089 In
1249 1035 1522 1091 Iudicum
1563 1034 1858 1090 volumine

187 1123 505 1190 Debboram
549 1122 808 1196 legimus
860 1123 1063 1195 (Judic.
1118 1123 1216 1194 Iv).
1266 1140 1394 1195 quas
1444 1125 1858 1195 interpretatur

187 1213 332 1278 apis,
363 1213 543 1282 cujus
574 1210 891 1284 prophetia
917 1213 1025 1282 [AL
1060 1211 1394 1282 prOphetiaa]
1431 1212 1605 1268 mella
1634 1211 1855 1267 dulcis-

188 1301 340 1362 sima
367 1305 542 1367 sunt,
587 1304 646 1356 et
687 1300 937 1356 refertur
976 1301 1050 1355 ad
1084 1300 1368 1371 Spiritum
1414 1305 1706 1370 sanctum,
1753 1300 1854 1371 qui

190 1389 342 1460 apud
360 1387 648 1445 Hebraeos
667 1388 1002 1461 appellatur
1021 1405 1231 1461 genere
1252 1389 1532 1446 feminino
1553 1406 1667 1446 aus
1681 1389 1850 1459 (n11).

189 1477 248 1532 In
286 1477 617 1554 Evangelio
659 1494 896 1550 quoque
936 1477 1334 1546 Hebrazorum,
1385 1479 1539 1550 quod
1588 1476 1856 1533 lectitant

187 1565 444 1621 Nazarzsi
484 1565 588 1637 (a),
625 1564 892 1621 Salvator
919 1565 1221 1621 inducitur
1251 1564 1535 1638 loquens:
1570 1566 1738 1622 Modo
1765 1581 1853 1622 me

1969 500 2058 556 sia
2087 505 2193 571 est,
2242 504 2427 556 mater
2457 499 2886 572 primitivorum
2929 500 3035 572 qui
3072 500 3349 572 descripti
3379 505 3521 558 sunt
3549 501 3610 560 in

1969 588 2150 644 caelis.

2040 677 2224 748 (Vers.
2258 677 2371 748 14.)
2413 678 2479 732 Et
2513 692 2787 748 egressum
2823 681 2904 732 est
2929 691 3127 733 nomen
3157 685 3311 734 tuum
3340 679 3402 733 in
3430 681 3614 749 gentes

1963 773 2184 837 propter
2231 768 2464 837 speciem
2505 770 2680 837 tuam,
2727 767 2861 837 quia
2897 769 3139 838 perfecta
3179 779 3302 822 eras
3339 768 3402 822 in
3428 767 3616 824 decore

1965 870 2083 911 meo
2111 870 2271 925 quem
2297 856 2457 926 posui
2484 872 2652 927 super
2681 859 2753 921 te,
2784 855 2918 911 dicit
2943 856 3210 911 Dominus
3237 860 3408 912 Deus.
3445 856 3610 914 LXX:

1966 944 2031 998 Et
2049 945 2224 999 exivit
2244 959 2442 999 nomen
2462 951 2615 1000 tuum
2633 946 2695 998 in
2707 953 2889 1015 gentes
2910 945 2966 1000 in
2979 947 3155 1016 specie
3174 953 3297 1002 tua:
3321 951 3453 1020 quia
3471 967 3614 1008 com-

1959 1033 2173 1103 pletum
2206 1041 2325 1088 erat
2353 1035 2416 1087 in
2442 1034 2855 1104 pulchritudine
2883 1050 3048 1104 quam
3071 1037 3236 1106 posui
3265 1037 3421 1093 160
3447 1051 3614 1112 super

1965 1128 2033 1190 te,
2053 1121 2186 1176 dicit
2201 1123 2464 1177 Dominus
2481 1124 2639 1178 Deus.
2669 1127 2829 1178 Hunc
2846 1122 3039 1178 locum
3057 1123 3426 1183 manifestius
3441 1126 3615 1185 inter-

1963 1213 2228 1280 pretatus
2264 1215 2354 1266 est
2392 1211 2782 1282 Symmachus
2816 1226 2830 1266 :
2877 1213 2939 1267 Et
2981 1227 3255 1283 egressum
3295 1219 3376 1270 est
3411 1227 3614 1273 nomen

1963 1305 2121 1353 tuum
2151 1300 2208 1354 in
2238 1303 2447 1372 gentes,
2481 1299 2620 1370 quod
2644 1302 2948 1371 perfectum
2977 1305 3096 1356 erat
3119 1309 3349 1374 prapter
3375 1304 3614 1376 dignita-

1962 1390 2070 1442 tem
2112 1403 2310 1458 meam,
2353 1405 2520 1459 quam
2550 1403 2840 1459 posueram
2876 1406 3041 1461 super
3074 1393 3147 1460 te,
3187 1391 3320 1447 dicit
3345 1393 3613 1452 Dominus

1960 1477 2118 1532 Deus.
2165 1478 2232 1532 Et
2262 1481 2353 1532 est
2381 1493 2626 1533 sensus:
2662 1477 2806 1533 Meis
2835 1477 3135 1534 beneﬁciis
3152 1495 3397 1551 meaque
3423 1482 3610 1540 incre-

1962 1565 2127 1619 dibili
2159 1565 2427 1638 largitate
2451 1567 2522 1621 ad
2553 1566 2765 1638 regine
2786 1566 3136 1622 vocabulum
3167 1569 3501 1640 pervenisti,
3528 1571 3611 1628 ita

186 1655 431 1726 arripuit
461 1657 644 1709 mater
671 1670 812 1722 mea,
853 1655 1101 1723 Spiritus
1130 1662 1369 1710 sanctus.
1420 1655 1596 1710 Porro
1629 1654 1849 1724 simila,
1880 1690 1928 1757 Β
1965 1657 2030 1708 ut
2046 1654 2188 1709 dete
2209 1655 2473 1710 omnium
2491 1655 2753 1727 gentium
2773 1672 2963 1712 sermo
2981 1656 3334 1729 loqueretur,
3357 1663 3414 1714 et
3431 1659 3613 1731 (b)es-

190 1759 311 1814 quae
342 1743 416 1798 de
449 1743 755 1799 frumento
781 1743 1110 1809 conﬁcitur,
1142 1743 1394 1799 refertur
1415 1743 1486 1798 ad
1510 1743 1847 1812 Dominum,

190 1832 281 1902 qui
311 1832 384 1887 de
414 1831 747 1903 semetipso
778 1831 877 1887 ait.
929 1834 1051 1888 Nisi
1088 1849 1324 1904 granum
1361 1833 1539 1888 tritici
1577 1832 1850 1900 ceciderit,

187 1924 235 1974 et
265 1921 322 1975 in
352 1925 516 1976 terra
547 1928 835 1977 mortuum
862 1923 1055 1991 fuerit,
1089 1923 1271 1992 ipsum
1297 1923 1478 1977 solum
1504 1926 1709 1978 manet.
1752 1922 1853 1977 Sin

189 2018 360 2066 autem
393 2013 687 2064 mortuum
713 2012 906 2080 fuerit,
940 2011 1180 2065 multum
1206 2013 1452 2082 fructum
1470 2012 1634 2082 a/fert
1664 2014 1847 2080 (Joan.

188 2115 285 2165 xu,
328 2099 448 2170 24).
503 2097 714 2154 Oleum
745 2115 899 2170 vero,
946 2099 1103 2169 quod
1148 2097 1440 2156 lassorum
1481 2100 1632 2156 I59
1667 2116 1850 2155 mem-

191 2186 293 2242 bra
310 2191 621 2243 sustentat
641 2190 698 2241 et
721 2186 924 2254 reﬁcit,
948 2191 1006 2242 et
1023 2192 1113 2244 est
1138 2186 1378 2243 luminis
1400 2187 1850 2258 nutrimentum,

190 2279 249 2345 et
277 2291 395 2346 quo
423 2275 488 2329 in
517 2273 900 2331 tabernaculo
931 2275 1034 2330 Dei
1071 2276 1216 2348 juge
1245 2275 1492 2332 lucernae
1527 2276 1724 2332 lumen
1757 2293 1852 2332 ac-

192 2362 496 2430 cenditur,
517 2363 671 2418 Patri
693 2362 911 2418 dicitur
933 2363 1261 2419 convenire.
1296 2363 1433 2428 Qua:
1453 2365 1652 2420 omnia
1673 2381 1851 2420 unam

193 2451 582 2508 credentibus
607 2453 868 2507 tribuunt
887 2453 1159 2523 gratiam,
1185 2452 1411 2509 dicente
1426 2452 1735 2525 Apostolo:
1761 2455 1854 2510 Di-

192 2543 430 2596 visiones
457 2549 584 2595 sunt
603 2543 932 2609 gratiarum,
960 2557 1109 2596 unus
1135 2545 1319 2596 autem
1346 2543 1595 2612 spiritus,
1627 2545 1680 2598 et
1706 2541 1851 2597 divi-

193 2633 378 2686 siones
409 2631 874 2685 ministeriortum
917 2646 1058 2684 unus
1086 2633 1271 2685 autem
1299 2631 1580 2696 Dominus,
1630 2637 1680 2685 et
1706 2629 1853 2684 divi-

194 2721 371 2774 siones
399 2719 816 2789 operationum,
848 2734 990 2772 unus
1019 2725 1200 2773 autem
1227 2722 1278 2773 et
1302 2718 1446 2774 idem
1468 2707 1615 2775 Deus
1645 2719 1693 2790 (1
1730 2719 1853 2775 Cor.

194 2798 286 2876 xu,
319 2809 370 2876 4,
411 2809 495 2877 5).
532 2806 645 2870 Qui
677 2806 855 2862 talem
887 2807 1208 2863 comederit
1237 2807 1458 2873 cibum,
1497 2813 1555 2864 et
1582 2807 1693 2863 hoc
1723 2807 1852 2862 dul-

196 2897 454 2964 cissimo,
489 2899 548 2952 et
581 2895 934 2950 suavissimo
964 2912 1111 2965 pane
1141 2894 1369 2957 oleique
1399 2895 1708 2967 splendore
1741 2895 1853 2951 ful-

197 2990 356 3057 gente
387 2990 608 3057 pastus
630 2985 806 3039 fuerit
826 2999 891 3038 ac
917 2983 1198 3050 nutritus,
1229 2987 1484 3040 vertetur
1503 2985 1562 3040 in
1584 2986 1851 3041 decorem

1956 1759 2052 1798 ses
2083 1759 2198 1798 non
2221 1742 2338 1798 tuis
2360 1743 2584 1799 meritis
2604 1748 2778 1816 atque
2803 1745 3139 1817 virtutibus,
3172 1746 3272 1802 sed
3304 1763 3434 1803 mea
3459 1746 3605 1805 libea

1958 1830 2189 1886 ralitate
2238 1831 2512 1902 perfecta.
2563 1832 2686 1886 Nisi
2731 1832 2886 1888 enim
2937 1834 3200 1889 Dominus
3253 1833 3610 1905 a’di/ieaverit

1959 1919 2203 1986 domum,
2247 1921 2304 1974 in
2350 1935 2557 1975 vanum
2600 1921 2985 1977 laboraverunt
3023 1924 3118 1993 qui
3155 1923 3433 1993 wdiﬁcant
3461 1939 3604 1981 eam.

1958 2010 2085 2066 Nisi
2130 2009 2394 2064 Dominus
2435 2008 2758 2065 custodierit
2805 2011 3101 2079 civitatem,
3150 2012 3368 2084 frustra
3408 2013 3611 2083 uigilat

1960 2099 2058 2168 qui
2084 2097 2315 2153 custodit
2343 2113 2462 2153 eam
2490 2098 2605 2169 (Ps.
2639 2113 2825 2167 cxxvr,
2860 2100 2911 2168 1,
2945 2099 3021 2170 2).
3056 2099 3164 2164 Qui
3195 2099 3422 2172 plantat
3450 2101 3608 2159 enim

1961 2189 2018 2239 et
2048 2184 2148 2256 qui
2180 2185 2349 2257 rigat,
2381 2184 2527 2240 nihil
2560 2190 2668 2254 est,
2702 2186 2814 2242 nisi
2847 2187 3132 2242 Dominus
3162 2187 3388 2244 dederit
3413 2188 3607 2246 incre-

1962 2279 2224 2329 mentum
2259 2274 2302 2344 (Ι
2334 2272 2453 2329 Cor.
2482 2274 2566 2344 ιιι)
2590 2292 2603 2342 ;
2636 2274 2776 2346 quia
2794 2290 2906 2329 non
2925 2284 3005 2331 est
3030 2277 3261 2332 volentis
3284 2293 3458 2348 neque
3481 2294 3607 2334 cur-

1964 2365 2150 2428 rentis,
2181 2362 2276 2417 sed
2299 2364 2606 2418 miserentis
2623 2365 2724 2418 Dei
2745 2365 2920 2434 (Rom.
2947 2380 3022 2435 1x,
3049 2365 3174 2436 16):
3209 2369 3275 2420 ut
3296 2369 3608 2438 postquam

1962 2449 2162 2506 omnia
2206 2450 2536 2520 fecerimus,
2590 2451 2856 2506 dicamus
2885 2468 2897 2507 :
2940 2452 3097 2507 Servi
3122 2454 3347 2509 inutiles
3374 2469 3565 2509 sumus
3585 2472 3607 2509 .-

1961 2554 2088 2612 qua'.’
2115 2539 2406 2595 debuimus
2435 2542 2641 2609 facere,
2683 2541 2916 2610 fecimus
2958 2541 3110 2612 (Luc.
3153 2557 3290 2610 xvn,
3323 2543 3432 2613 10).
3478 2541 3606 2598 Non

1963 2645 2079 2701 quo
2110 2644 2180 2683 ex
2207 2628 2592 2684 beneﬁcentia
2633 2628 2753 2695 Dei,
2797 2627 3048 2684 liberum
3093 2628 3320 2684 homini
3367 2629 3609 2686 tollatur
3646 2624 3663 2634 ’

1963 2717 2294 2784 arbitrium,
2338 2717 2439 2772 se‘d
2471 2732 2584 2788 quo
2614 2717 2742 2788 ipsa
2773 2715 3014 2773 libertas
3043 2717 3359 2774 Dominum
3390 2718 3608 2775 habere

1962 2807 2172 2862 debeat
2199 2807 2548 2876 adjutorem.
3419 2866 3422 2870 ί

2035 2895 2221 2965 (Vers.
2270 2896 2381 2966 15.)
2432 2897 2497 2950 Et
2540 2895 2740 2950 habens
2788 2895 3046 2955 ﬁduciam
3088 2897 3148 2951 in
3184 2895 3610 2968 pulchritudine

1964 2996 2059 3041 tua
2079 3003 2098 3039 :
2127 2985 2404 3054 fornicata
2432 3000 2488 3039 es
2516 2986 2575 3039 in
2596 2985 2819 3040 nomine
2834 2987 2946 3052 tuo,
2981 2987 3030 3040 et
3049 2986 3352 3057 exposuisti
3369 2988 3610 3057 fornica-

199 3054 248 3128 ἐι
275 3073 374 3129 ﬁet
389 3054 873 3146 pulcherrimus:
904 3089 1017 3128 non
1039 3072 1240 3140 semel,
1261 3073 1360 3128 sed
1381 3073 1848 3146 repetito,nzmis,
1881 3054 1924 3121 C
1963 3074 2163 3130 tionem
2193 3081 2343 3128 tuam
2369 3073 2522 3128 omni
2550 3075 2883 3140 transeunti,
2933 3075 2996 3127 ut
3022 3054 3139 3145 ejus
3168 3074 3343 3145 ﬁeres.
3369 3054 3607 3132 'Grande

198 3164 378 3237 nimis.
429 3160 820 3234 Duplicatum
868 3160 1022 3216 enim
1067 3161 1406 3217 adverbium
1445 3163 1675 3234 pondus
1715 3163 1855 3219 facit

201 3250 479 3308 orationis
493 3269 512 3306 :
535 3267 657 3323 quo
670 3251 744 3305 ad
762 3249 1218 3322 pulchritudinis
1235 3251 1702 3324 magnitudinem
1717 3253 1854 3308 addi

202 3341 343 3396 ultra
382 3340 541 3396 nihil
575 3339 788 3412 possit.

219 3502 222 3504 γ
263 3434 326 3486 Et
351 3430 654 3503 profecisti
682 3429 744 3483 in
775 3443 1032 3498 regnum.
1075 3432 1195 3484 Hoc
1224 3427 1284 3483 in
1317 3428 1699 3501 Septuaginta
1737 3445 1854 3485 non

202 3521 468 3584 habetur,
493 3516 602 3591 qui
624 3517 869 3573 forsitan
890 3517 1248 3573 Alexandria
1271 3518 1330 3573 in
1354 3518 1617 3574 Graecum
1641 3535 1861 3574 sermo-

203 3626 326 3665 nem
365 3609 715 3680 Scripturas
753 3623 823 3662 ex
867 3606 1150 3662 Hebraica
1176 3605 1416 3663 veritate
1446 3611 1755 3675 vertentes,
1787 3608 1859 3662 ti-

206 3701 477 3753 muerunt
521 3696 637 3752 hoc
680 3695 872 3760 edere,
919 3711 992 3751 ne
1022 3711 1216 3768 regem
1255 3695 1487 3767 Egypti
1527 3696 1863 3752 viderentur

206 3787 516 3854 oﬁendere,
567 3785 714 3840 dum
745 3800 780 3839 ο.
817 3783 933 3839 Deo
964 3783 1290 3840 Jerusalem
1321 3784 1584 3840 debitum
1616 3801 1861 3857 regnum

209 3891 330 3932 esse
348 3876 1179 3944 commemorarent:quamqu
1190 3889 1280 3927 am
1297 3872 1510 3928 eruditi
1527 3871 1681 3929 solos
1699 3873 1864 3945 quin-

209 3980 323 4039 que
353 3963 551 4017 libros
580 3960 754 4034 Moysi
785 3961 857 4016 ab
890 3961 974 4016 eis
1005 3959 1414 4032 interpretatos
1444 3961 1691 4032 probent
1719 3961 1860 4031 (Vid.

203 4070 329 4125 sup.
359 4067 486 4122 cap.
520 4050 593 4120 ν).
636 4050 772 4105 Post
802 4054 1073 4106 ornatum
1106 4066 1244 4122 ergo
1276 4049 1687 4122 multiplicem,
1734 4055 1867 4123 post

205 4155 512 4205 coronam,
560 4144 696 4211 post
738 4137 865 4192 auri
895 4143 952 4193 et
981 4139 1207 4211 argenti
1236 4138 1686 4209 abundantiam,
1736 4144 1869 4212 post

1963 3162 2302 3231 discrimen,
2336 3177 2452 3216 non
2484 3160 2544 3216 in
2574 3161 2674 3217 Dei
2707 3161 3035 3232 clementia,
3068 3162 3168 3217 sed
3190 3163 3250 3218 in
3273 3179 3378 3219 suo
3399 3164 3608 3220 decore

1964 3251 2276 3306 conﬁdere.
2323 3249 2662 3321 Quantoque
2693 3249 2826 3320 quis
2855 3247 3164 3304 sublimior
3201 3250 3394 3320 fuerit,
3436 3250 3610 3306 debet

1963 3339 2171 3394 timere
2218 3354 2291 3393 ne
2333 3341 2584 3404 corruat,
2635 3340 2694 3392 et
2738 3336 3052 3393 fornicetur
3095 3336 3156 3392 in
3195 3338 3434 3394 nomine
3476 3354 3606 3394 suo.

1965 3426 2321 3484 Adversariae
2347 3426 2638 3498 siquidem
2661 3429 2978 3498 potestates
2999 3425 3203 3482 solitos
3223 3430 3611 3484 contemnunt

1967 3517 2147 3585 cibos,
2193 3521 2250 3571 et
2297 3515 2606 3588 peregrina
2633 3514 2914 3570 alimenta
2941 3515 3297 3572 desiderant.
3346 3515 3508 3572 Unde
3539 3517 3612 3573 de

1968 3604 2200 3661 diabolo
2229 3603 2478 3659 dicitur:
2513 3605 2664 3660 Escae
2690 3605 2804 3675 ejus
2831 3604 3012 3658 electae
3043 3603 3229 3674 (Abae.
3265 3622 3305 3675 ι,
3337 3605 3446 3676 16).
3481 3603 3610 3660 Non

1968 3693 2094 3750 vult
2122 3691 2445 3764 quemlibet
2471 3691 2754 3763 decipere.
2801 3691 2934 3747 Saul
2974 3707 3170 3762 regem
3200 3692 3301 3762 qui
3331 3692 3552 3748 electus
3577 3710 3614 3748 a

1970 3782 2216 3838 Domino
2242 3785 2349 3847 est,
2381 3785 2438 3835 et
2455 3779 2669 3834 Judam
2691 3778 3025 3851 apostolum
3049 3779 3428 3851 supplantare
3451 3779 3613 3836 festi-

1972 3875 2091 3927 nat.
2128 3870 2254 3925 Non
2275 3885 2409 3941 ergo
2432 3867 2798 3924 conﬁdamus
2817 3867 2878 3922 in
2900 3867 3135 3940 propria
3155 3867 3616 3940 pulchritudine,

1974 3977 2078 4016 nec
2109 3959 2209 4015 Dei
2242 3955 2671 4024 liberalitatem,
2705 3962 2964 4013 nostram
2988 3961 3264 4029 putemus
3284 3975 3413 4015 esse
3430 3960 3615 4015 virtu-

1975 4054 2092 4105 tem
2111 4067 2123 4108 :
2145 4049 2244 4105 sed
2264 4045 2458 4119 potius
2474 4044 2815 4102 audiamus:
2836 4045 2915 4100 Ne
2927 4047 3183 4117 glorieris
3199 4049 3264 4103 in
3278 4050 3611 4105 crastinum:

1973 4140 2146 4195 nescis
2174 4139 2323 4192 enim
2351 4136 2486 4206 quid
2508 4139 2736 4191 ventura
2761 4137 2949 4206 pariat
2974 4135 3088 4192 dies
3117 4138 3304 4206 (Prov.
3331 4153 3505 4206 xxvn,
3538 4137 3616 4211 1).

211 4230 606 4286 indumeanta
647 4227 942 4299 palliaque
989 4227 1405 4300 pulcherrima,
1438 4233 1570 4300 post
1599 4229 1865 4286 decorem
1978 4230 2045 4283 Et
2069 4228 2128 4281 in
2159 4226 2272 4282 alio
2306 4224 2430 4280 loco
2460 4243 2472 4280 :
2506 4225 2744 4293 Fratres,
2775 4227 2828 4280 si
2851 4233 3162 4296 praeventus
3181 4225 3361 4300 fuerit
3378 4227 3538 4283 homo
3559 4227 3621 4281 in

207 4317 622 4374 incredibilem
655 4316 886 4389 proﬁcit
925 4316 983 4370 in
1025 4316 1309 4388 reginam,
1358 4317 1496 4388 quia
1537 4317 1739 4374 civitas
1782 4322 1870 4374 est
1976 4318 2160 4388 aliquo
2179 4322 2411 4386 peccato,
2434 4331 2526 4370 vos
2545 4316 2642 4384 qui
2660 4315 2980 4386 spirituales
3001 4316 3152 4380 estis,
3171 4317 3413 4386 perﬁcite
3434 4315 3623 4386 hujus-

210 4408 405 4480 magni
450 4407 635 4478 regis,
681 4405 753 4460 de
797 4421 912 4477 quo
943 4405 1227 4476 scriptum
1257 4410 1347 4462 est
1379 4422 1392 4461 :
1436 4407 1574 4462 Deus
1604 4407 1871 4475 iudicium
1900 4423 1946 4487 D
1975 4405 2189 4462 cemodi
2207 4407 2266 4460 in
2286 4405 2489 4475 spiritu
2507 4403 2968 4471 mansuetudinis,
2992 4403 3342 4460 considerans
3369 4404 3622 4476 teipsum,

209 4500 363 4552 tuum
393 4498 517 4566 regi
548 4495 642 4561 da,
689 4499 742 4548 et
770 4494 1046 4562 iustitiam
1070 4498 1225 4549 tuam
1251 4496 1368 4565 ﬁlio
1401 4497 1540 4566 regis
1585 4497 1698 4566 (Ps.
1730 4513 1866 4562 xvn,
1980 4512 2050 4552 ne
2077 4498 2219 4566 forte
2245 4498 2294 4549 et
2325 4502 2382 4550 tu
2412 4495 2638 4549 tenteris
2675 4491 2881 4562 (Galat.
2913 4510 2993 4559 v1,
3026 4494 3100 4561 1).
3143 4493 3342 4566 Neque
3371 4511 3624 4568 expona-

214 4586 283 4658 1).
311 4585 384 4640 Et
407 4585 470 4640 in
487 4580 839 4656 Apocalypsi
857 4581 1101 4639 Joannis
1115 4583 1442 4639 Jerusalem
1465 4583 1633 4655 quasi
1656 4601 1872 4656 sponsa
1984 4601 2137 4654 mus,
2156 4583 2277 4639 sive
2298 4583 2691 4653 eil‘undamus,
2712 4582 3157 4638 fornicationem
3181 4587 3442 4638 nostram
3463 4582 3626 4638 omni

217 4678 430 4728 ornata
458 4678 634 4744 atque
667 4672 987 4743 composita
1017 4671 1369 4727 describitur
1397 4672 1520 4727 viro
1552 4690 1656 4728 suo
1689 4675 1870 4746 (Apoc.

218 4761 359 4830 xxx).
403 4758 464 4814 In
508 4759 760 4816 Psalmis
803 4776 1036 4832 quoque
1067 4762 1135 4815 de
1165 4760 1368 4815 cadem
1400 4761 1615 4816 dicitur
1648 4779 1660 4817 :
1694 4763 1879 4818 Astitit

221 4851 416 4918 regina
446 4867 482 4904 α
510 4851 728 4905 dextris
761 4851 869 4904 tuis
900 4851 959 4903 in
988 4851 1182 4905 vestitu
1213 4849 1493 4917 deaurato,
1537 4852 1879 4907 circumdata

222 4941 485 4994 rarietate
514 4940 627 5010 (Ps.
659 4955 812 5007 XLIV,
847 4938 956 5004 10).
999 4936 1184 4992 Omne
1213 4941 1407 4992 autem
1440 4939 1593 5010 quod
1626 4938 1879 4995 dicimus

227 5026 291 5081 de
314 5027 677 5095 Jerusalem,
704 5043 776 5081 ne
795 5025 854 5080 in
878 5024 1130 5097 singulis
1150 5024 1496 5095 hmreamus,
1519 5031 1576 5082 et
1595 5025 1880 5084 librorum

228 5117 573 5188 magnitudo
606 5116 846 5170 tmdium
878 5113 1209 5187 legentibus
1240 5113 1434 5180 faciat,
1464 5115 1785 5172 referamus
1806 5117 1878 5172 ad

227 5203 567 5262 Ecclesium.
625 5204 686 5260 Si
735 5203 893 5259 enim
933 5201 1281 5272 Jerusalem,
1328 5203 1499 5274 juxta
1537 5204 1881 5276 Apostolum

293 5363 372 5434 (ιι)
395 5364 611 5436 Confer
632 5380 760 5436 quae
783 5367 910 5419 tum
935 5361 1096 5436 alibi,
1125 5365 1251 5436 tum
1273 5362 1563 5436 praecipue
1587 5364 1644 5420 in
1667 5365 1881 5423 Admo-

227 5435 453 5491 nitione
475 5434 733 5509 Dialogis
756 5434 1327 5509 contraPelagianos
1348 5434 1583 5508 praeﬁxa
1609 5436 1680 5493 de
1700 5437 1882 5496 Naza-

222 5523 484 5566 reorum
521 5506 696 5565 hocce
727 5506 1038 5581 Evangelio
1069 5506 1368 5568 diximusf
1435 5579 1438 5584 _

558 5636 822 5702 ΡΑι-ιοι..
864 5635 1058 5704 XXV.

1981 4672 2332 4741 transeunti,
2366 4677 2433 4726 ut
2460 4688 2574 4727 non
2597 4671 2719 4742 Dei,
2753 4671 2813 4726 in
2837 4687 3011 4744 quem
3033 4673 3347 4738 credimus,
3371 4671 3472 4726 sed
3495 4671 3624 4741 ejus

1984 4763 2196 4819 ﬁamus
2229 4779 2262 4816 a
2289 4779 2401 4832 quo
2424 4761 2761 4834 polluimur.
2795 4763 2904 4826 Qui
2927 4766 3138 4817 cuncta
3159 4760 3364 4832 recipit
3386 4759 3545 4830 vitia,
3569 4762 3628 4816 et

1985 4851 2348 4906 diversorum
2383 4855 2754 4922 peccatorum
2787 4850 3061 4921 spiritum
3093 4852 3493 4904 transeuntem
3519 4863 3628 4906 suo

1989 4937 2231 5010 suscipit
2253 4938 2495 5010 gremio,
2520 4942 2576 4993 et
2596 4937 2874 4994 divaricet
2893 4937 3068 5009 pedes
3093 4955 3232 4994 suos
3256 4937 3415 4994 omni
3435 4942 3630 4996 trans-

1988 5027 2171 5098 eunti,
2216 5027 2325 5082 iste
2356 5027 2606 5082 effundit
2644 5027 3089 5082 fornicationem
3131 5028 3280 5082 181
3334 5045 3525 5099 suam,
3575 5031 3634 5084 et

1989 5117 2118 5188 ejus
2147 5115 2356 5188 incipit
2385 5115 2675 5172 sustinere
2698 5114 3087 5185 dominatum,
3120 5117 3287 5189 cujus
3305 5117 3519 5191 hospes
3541 5133 3634 5173 ex-

1991 5203 2223 5260 stiterit.

2066 5365 2142 5452 (b)
2175 5364 2236 5420 In
2274 5365 2571 5452 vat..ms.,
2605 5379 2860 5452 quocum
2889 5369 2948 5452 et
2977 5366 3253 5452 Rabanus
3290 5364 3449 5452 legit,
3496 5364 3637 5452 quod

1995 5444 2153 5594 issit,
2202 5452 2311 5494 non
2343 5438 2454 5494 tuis
2480 5438 2786 5495 meritis...
2829 5438 2925 5494 sed
2960 5455 3083 5498 mea
3134 5438 3468 5497 liberalitate
3505 5451 3636 5516 pro-

2023 5525 2079 5568 ec
2102 5523 2213 5567 um.

3284 5638 3320 5706 ii
