4020 6186
420 266 557 329 ί139

507 398 675 471 (Vere
706 396 816 469 16.)
846 399 913 452 Et
930 413 1152 453 sumens
1174 395 1239 452 de
1259 396 1600 452 vestimentis
1622 396 1753 465 tuis,
1774 394 2078 466 fecistitibi
2107 395 2167 463 Α

436 487 651 546 excelsa
670 486 802 543 hinc
816 486 944 543 inde
959 488 1203 554 consuto,
1217 489 1269 541 et
1286 486 1562 557 fornicata
1575 501 1631 541 es
1648 499 1815 556 super
1830 485 1929 551 eis,
1942 485 2083 539 sicut

437 593 547 634 non
566 584 646 633 est
662 578 889 648 factum,
911 590 1087 645 neque
1102 577 1357 646 futurum
1375 578 1475 631 est.
1510 573 1655 629 LXX
1680 591 1693 629 :
1726 574 1792 628 Et
1820 573 2002 628 tulisti
2020 572 2087 628 de

438 664 671 722 vestibus
700 666 829 733 tuis,
864 666 915 719 et
939 665 1118 735 fecisti
1147 664 1249 719 tibi
1276 662 1424 719 idola
1452 666 1700 730 consula,
1730 669 1781 716 et
1809 662 2085 732 fornicata

438 770 498 811 es
526 769 692 826 super
719 753 819 819 eis,
848 754 899 808 et
925 767 1037 807 non
1064 751 1417 821 ingrediaris,
1447 766 1621 823 neque
1648 751 1761 820 ﬁet.
1811 750 2084 821 Symma-

440 843 588 901 chus
608 842 765 898 hunc
785 841 979 897 locum
1007 841 1089 897 ita
1134 840 1548 913 interpretatus
1578 843 1702 894 est:
1736 837 1975 909 Cumque
2004 846 2086 892 tu-

440 933 593 988 lisses
619 930 684 987 de
709 930 946 987 vestibus
975 932 1108 993 tuis,
1136 931 1315 1001 fecisti
1331 930 1436 983 tibi
1454 928 1674 984 excelsa
1691 926 2082 992 multicoloria,

440 1028 493 1078 et
507 1021 784 1092 fornicata
800 1036 856 1076 es
877 1020 935 1075 in
956 1020 1055 1086 eis,
1082 1034 1192 1075 non
1212 1021 1359 1090 facta
1376 1033 1554 1088 neque
1570 1018 1782 1087 futura.
1818 1014 1923 1071 Pro
1947 1031 2083 1070 con-

440 1108 593 1167 sutis
622 1112 682 1165 et
705 1107 1156 1165 versicoloribus
1176 1111 1233 1163 et
1250 1104 1516 1173 excelsis,
1545 1106 1664 1162 sive
1686 1103 1878 1160 idolis.
1903 1104 2084 1175 Aqui-

438 1198 500 1261 la
519 1201 578 1254 et
595 1196 915 1254 Theodotio
945 1190 1328 1268 ἐμϐολισματα
1353 1194 1808 1261 transtulerunt,
1830 1193 1984 1264 quod
2006 1191 2086 1247 si-

442 1285 684 1360 gniﬁcat
710 1285 969 1341 diversos
999 1301 1226 1357 pannos
1257 1283 1394 1339 hinc
1424 1283 1560 1338 inde
1589 1285 1888 1348 consutos,
1920 1284 1978 1335 et
1998 1279 2086 1334 in-

444 1379 566 1432 star
584 1372 888 1446 emplastri
909 1374 1131 1429 factum
1152 1372 1397 1439 idolum,
1420 1370 1591 1443 quasi
1621 1366 1969 1445 πολύῤῥαφον
1992 1384 2087 1424 ve-

1674 266 1739 323 s.
1785 224 2097 324 EUsEBu
2142 260 2588 324 HIERONYMI

3710 260 3821 324 N0

2263 397 2450 466 (Vers.
2485 395 2599 464 17.)
2638 397 2702 450 Et
2730 397 2909 451 tulisti
2947 410 3080 451 vasa
3108 394 3315 452 decoris
3344 396 3428 450 tui
3453 393 3519 451 de
3546 409 3686 449 auro
3712 411 3823 452 meo

2191 487 2351 558 atque
2377 489 2600 556 argento
2628 500 2746 540 meo
2774 485 2914 556 quod
2944 485 3135 558 [Vu1g.
3169 486 3309 557 quae]
3339 484 3463 540 dedi
3489 484 3595 539 tibi
3612 499 3634 545 ;
3674 486 3723 538 et
3748 486 3824 554 fe-

2190 575 2317 629 cisti
2345 574 2446 629 tibi
2475 575 2758 644 imagines
2783 573 3142 645 masculinas,
3182 583 3233 631 et
3258 575 3531 645 fornicata
3560 589 3616 629 es
3642 573 3705 626 in
3732 574 3826 629 eis.

2189 662 2365 717 Juxta
2393 662 2645 718 litteram
2695 663 2976 719 Dominus
3008 665 3155 736 Lege
3182 663 3475 735 praecepit,
3525 666 3591 717 ut
3625 663 3833 718 ﬁerent

2190 750 2514 816 thuribula,
2547 750 2779 822 phialae,
2810 751 3247 822 candelabrum,
3291 767 3426 807 arca
3455 750 3833 821 Testamenti,

2192 842 2518 908 cunctaque
2534 838 2622 893 vel
2643 854 2820 892 aurea
2839 838 2925 893 vel
2949 839 3249 904 deaurata,
3276 842 3333 894 et
3352 837 3468 893 alia
3489 854 3559 893 ex
3576 844 3833 910 argento,

2194 942 2319 997 qua:
2348 912 2548 981 omnia
2578 926 2850 981 conflavit
2867 927 3194 983 Jerusalem
3217 932 3274 983 et
3293 926 3464 982 vertit
3480 926 3542 982 in
3564 926 3719 982 idola
3741 927 3837 983 Be-

2193 1015 2290 1085 lis,
2322 1015 2444 1070 sive
2473 1015 2687 1085 Baalis,
2734 1014 2984 1072 Chamos
3014 1020 3073 1071 et
3101 1016 3396 1082 Astaroth,
3444 1019 3499 1071 et
3527 1014 3831 1071 Melchom.

2193 1104 2368 1158 Juxta
2396 1102 2842 1176 intelligentiam
2876 1103 3267 1175 spiritqalem,
3298 1107 3356 1160 et
3386 1104 3457 1159 de
3487 1120 3629 1159 auro
3660 1106 3718 1159 et
3746 1120 3833 1159 ar-

2194 1197 2367 1264 gento
2384 1196 2717 1247 sanctarum
2736 1192 3169 1265 Scripturarum
3192 1192 3345 1248 idola
3367 1192 3634 1261 facimus,
3659 1208 3838 1264 quan-

2196 1282 2269 1336 do
2298 1280 2549 1353 gratiam
2581 1298 2793 1337 sensus
2824 1286 2881 1337 et
2900 1281 3241 1354 eloquentiae
3263 1282 3532 1337 haeretica
3557 1281 3837 1354 pravitate

2195 1369 2649 1439 corrumpimus,
2672 1376 2729 1425 et
2744 1370 3021 1442 ponimus
3040 1372 3097 1426 in
3115 1371 3257 1427 coelo
3276 1388 3341 1427 os
3362 1377 3647 1440 nostrum,
3662 1374 3718 1427 et
3737 1370 3841 1426 lin-

443 1462 811 1519 stimentum.
859 1461 1101 1530 Vestivi,
1150 1461 1362 1533 inquit,
1413 1464 1470 1516 te
1516 1457 1990 1525 versicoloribus,
2034 1461 2091 1513 et
2196 1476 2313 1531 gua
2342 1464 2541 1516 nostra
2572 1460 2891 1532 pertransit
2919 1461 2979 1515 in
3010 1464 3247 1516 terram.
3282 1460 3617 1516 Masculinaa
3644 1464 3838 1517 autem

443 1550 654 1607 induta
673 1566 736 1606 es
757 1550 954 1622 bysso,
986 1554 1043 1605 et
1062 1548 1362 1622 polymito,
1394 1553 1452 1604 et
1471 1548 1793 1604 multarum
1816 1547 2088 1603 varietate
2196 1550 2475 1605 dicuntur
2500 1550 2788 1622 imagines
2809 1549 2867 1604 in
2885 1549 3102 1621 quibus
3125 1549 3319 1605 omnis
3340 1549 3580 1607 haeresis
3601 1550 3841 1607 fornica-

444 1639 789 1696 formarum.
834 1638 921 1693 Tu
967 1642 1165 1695 autem
1203 1638 1552 1695 vestimenta
1579 1641 1683 1692 tua
1712 1636 1927 1708 quibus
1961 1652 2092 1691 mea
2197 1643 2312 1708 tur,
2347 1655 2416 1694 ex
2444 1655 2510 1693 eo
2534 1638 2689 1709 quod
2724 1637 3134 1710 unusquisque
3160 1655 3221 1694 se
3243 1643 3410 1710 putat
3429 1638 3842 1695 robustissima

440 1726 713 1801 largitate
742 1728 958 1783 donata
982 1743 1064 1794 es,
1097 1726 1323 1783 tulisti:
1357 1731 1414 1782 et
1442 1726 1630 1782 fecisti
1659 1724 1768 1781 tibi
1793 1724 1968 1792 idola,
1998 1723 2088 1779 vel
2120 1766 2166 1801 ι)
2198 1726 2405 1795 colere,
2432 1722 2510 1783 et
2536 1726 2748 1782 habere
2775 1743 2901 1798 qua:
2935 1726 3121 1792 ﬁnxit,
3168 1743 3273 1782 nec
3305 1726 3427 1783 ulla
3457 1744 3628 1800 posse
3657 1744 3843 1800 oppu-

445 1816 692 1887 excelsa,
744 1832 873 1888 quae
930 1815 1208 1871 Hebraice
1254 1814 1533 1870 dicuntur
1579 1830 1808 1869 ΒΑΜοοιἮ
1858 1813 2087 1884 (mm),
2121 1813 2168 1831 υ
2198 1816 2474 1888 gnatione
2517 1815 2794 1872 subverti.
2836 1819 2934 1870 Hae
2966 1820 3107 1871 sunt
3136 1815 3423 1888 imagines
3454 1833 3602 1889 quas
3633 1818 3703 1872 de
3737 1833 3840 1873 no-

446 1905 604 1978 quod
626 1919 954 1975 numquam
976 1907 1111 1960 ante
1131 1903 1351 1960 factum
1373 1907 1483 1970 est,
1508 1919 1696 1975 neque
1718 1902 1853 1970 ﬁet;
1881 1906 1945 1957 ut
1961 1918 2089 1973 qua:
2199 1908 2321 1960 stro
2352 1904 2526 1959 corde
2555 1904 2968 1971 conﬁnximus,
3002 1909 3060 1960 et
3098 1920 3224 1976 qua:
3267 1906 3328 1959 in
3360 1904 3571 1961 caelesti
3601 1906 3846 1962 Jerusa-

445 1992 738 2066 acceperis
766 1993 840 2048 ad
870 1995 1166 2059 ornatum,
1197 1991 1570 2047 transtuleris
1591 1991 1663 2047 ad
1687 1989 1963 2061 injuriam
1987 1991 2088 2045 do-
2198 1993 2313 2049 lem
2344 1993 2708 2049 destruenda;
2740 1997 2899 2059 sunt,
2931 1994 3003 2048 de
3034 1994 3250 2065 quibus
3282 1993 3570 2066 Propheta
3591 2011 3847 2067 pronun-

445 2081 689 2137 natoris.
758 2080 922 2146 Quod
992 2096 1171 2153 super
1235 2080 1562 2138 Jerusalem
1612 2082 1781 2151 juxta
1835 2079 2090 2134 litteram
2198 2080 2342 2137 tiat:
2375 2082 2623 2148 Domine,
2657 2084 2718 2136 in
2738 2084 2958 2137 civitate
2978 2090 3072 2137 tua
3093 2084 3396 2152 imaginem
3419 2084 3662 2155 ipsorum
3680 2083 3845 2140 dissi-

446 2168 696 2243 intelligi
754 2172 964 2242 potest,
1029 2175 1096 2225 ut
1160 2170 1359 2225 omnia
1424 2172 1712 2241 prmoepta
1776 2167 1967 2239 Legis,
2032 2171 2093 2222 et
2195 2169 2353 2241 pabis
2380 2171 2492 2239 (Ps.
2534 2187 2702 2240 Lxxu,
2733 2170 2847 2241 20).
2898 2170 3263 2243 Quicumque
3311 2171 3468 2227 enim
3510 2172 3684 2228 homo
3733 2175 3845 2239 est,

354 2324 359 2329 1
447 2258 680 2316 divitias
710 2274 779 2315 ac
805 2274 1005 2315 rerum
1034 2259 1302 2314 omnium
1332 2257 1756 2314 abundantiam
1787 2255 1961 2312 idolis
1991 2255 2092 2311 de-

447 2347 759 2422 putaverit,
817 2348 975 2420 quod
1026 2353 1171 2421 gen's
1218 2346 1334 2404 alia
1379 2365 1495 2407 non
1544 2346 1765 2413 fecerit,
1818 2362 1924 2402 nec
1970 2345 2090 2400 fac-

447 2442 585 2493 tura
638 2436 735 2493 sit.
793 2436 1010 2493 Omnes
1064 2436 1222 2493 enim
1278 2434 1545 2492 nationes
1601 2453 1729 2508 quas
1787 2452 1821 2490 a
1877 2433 2091 2505 princi-

451 2524 547 2599 pio
603 2524 778 2582 idolis
842 2525 1189 2595 servierunt,
1254 2541 1371 2581 non
1437 2524 1587 2580 tanti
1652 2522 1920 2580 criminis
1983 2538 2093 2577 rea:

450 2618 608 2672 sunt.
657 2614 869 2671 Nostra
918 2618 1113 2672 autem
1157 2613 1504 2685 Jerusalem,
1565 2630 1692 2686 quae
1746 2613 2093 2683 interpreta-

448 2707 567 2775 tur,
587 2704 724 2759 iisio
737 2704 915 2775 pacis,
936 2702 1009 2758 ab
1031 2701 1306 2758 hasriticis
1324 2701 1632 2775 sciuditur,
1651 2703 1886 2773 quando
1909 2715 2094 2756 unum

452 2795 511 2848 et
538 2791 788 2847 alterum
826 2790 1233 2847 testimonium
1278 2790 1713 2863 Scripturarum
1743 2792 1815 2847 de
1843 2790 2096 2863 propriis

452 2882 761 2951 carpentes
790 2877 955 2947 locis,
987 2882 1276 2934 conantur
1303 2894 1539 2935 assuere
1567 2878 1681 2946 his,
1733 2878 1947 2950 quibus
1978 2898 2093 2937 non

454 2971 680 3041 queunt
707 2971 996 3040 coeptare.
1039 2966 1124 3022 Ad
1156 2983 1304 3039 quos
1333 2970 1390 3022 et
1420 2984 1599 3039 supra
1628 2968 1850 3023 dictum
1894 2968 1953 3023 in
1986 2968 2097 3025 hoc

453 3057 656 3115 eodem
689 3054 972 3130 propheta
998 3054 1286 3128 legimus:
1324 3056 1408 3111 Vcs
1446 3056 1533 3111 his
1562 3058 1660 3127 qui
1685 3061 1952 3112 consuunt
1980 3073 2097 3113 cer-

2199 2261 2256 2313 et
2286 2258 2385 2314 Dei
2427 2275 2638 2314 nomen
2684 2258 2903 2328 amisit,
2949 2258 3165 2314 dicitur
3206 2260 3275 2315 de
3304 2276 3412 2316 eo:
3466 2263 3849 2317 Verumtamen

2200 2349 2261 2401 in
2287 2349 2528 2417 imagine
2545 2348 2891 2416 perambulat
2912 2347 3091 2415 homo,
3108 2353 3481 2404 verumtamen
3494 2353 3708 2421 frustra
3722 2366 3851 2406 con-

2201 2436 2455 2492 turbatur
2479 2440 2595 2504 (Ps.
2627 2453 2839 2503 xxxvu,
2868 2437 2947 2508 7).
2985 2436 3101 2493 Nos
3132 2442 3325 2492 autem
3352 2454 3537 2493 unum
3559 2438 3849 2494 habemus

2200 2526 2413 2592 virum,
2458 2529 2517 2581 et
2564 2542 2744 2581 unam
2794 2541 3143 2581 veneramur
3188 2525 3530 2598 imaginem,
3583 2543 3708 2599 qua:
3761 2531 3851 2583 est

2204 2613 2398 2685 imago
2426 2611 2741 2669 invisibilis
2769 2616 2825 2668 et
2854 2612 3273 2684 omnipotentis
3303 2614 3424 2670 Dei.

2274 2702 2461 2773 (Vers.
2488 2702 2593 2773 18.)
2615 2702 2677 2757 Et
2694 2703 2982 2773 sumpsisti
3000 2703 3316 2758 vestimenta
3337 2707 3434 2758 tua
3450 2704 3848 2773 multicoloria,

2202 2798 2256 2847 et
2282 2792 2555 2861 operuisti
2583 2790 2711 2845 illas
2736 2809 2755 2845 :
2793 2790 3146 2846 subauditur
3173 2793 3443 2862 imagines
3472 2794 3810 2850 masculinas
3834 2810 3847 2849 :

2205 2883 2271 2934 ut
2291 2895 2524 2934 omnem
2546 2877 2769 2934 cultum
2792 2895 2968 2951 quem
2991 2885 3291 2952 acceperat
3311 2881 3383 2936 ad
3404 2883 3712 2949 utendum,
3729 2900 3855 2940 ver-

2203 2971 2352 3023 teret
2380 2967 2440 3022 in
2470 2966 2921 3039 blasphemiam.
2957 2968 3075 3023 Hoc
3099 2973 3293 3025 autem
3316 2969 3585 3042 facimus,
3620 2973 3853 3044 quoties

2206 3055 2536 3127 prudentia,
2583 3056 2987 3128 temperantia,
3033 3056 3392 3125 fortitudine,
3416 3059 3674 3130 justitia,
3706 3077 3855 3117 cun-

452 3148 659 3203 vicalia
682 3146 782 3201 sub
811 3146 964 3201 omni
989 3146 1170 3200 cubito
1200 3161 1417 3211 manus,
1448 3153 1499 3200 et
1522 3146 1737 3217 faciunt
1755 3148 2098 3229 operimenta
2127 3130 2169 3197 C
2208 3145 2433 3216 ctisque
2452 3145 2768 3202 virtutibus
2787 3146 3121 3202 haereticam
3146 3146 3583 3205 circumdamus
3604 3150 3856 3223 pravita-

356 3280 369 3293 .
456 3252 627 3308 super
668 3239 831 3307 caput
871 3236 1148 3291 universae
1187 3236 1362 3289 (etatis
1408 3234 1560 3306 (Sup.
1602 3252 1725 3305 xm,
1759 3235 1849 3307 18)
1883 3251 1895 3289 :
1946 3237 2102 3307 quod

455 3322 741 3380 Dominus
787 3322 913 3379 ﬁeri
963 3322 1300 3396 prohibens,
1348 3321 1610 3395 loquitur
1641 3322 1701 3378 in
1750 3323 2098 3396 Evangelio:

454 3413 621 3470 Nemo
637 3414 869 3468 assumit
881 3413 1308 3468 commissuram
1323 3413 1501 3483 panni
1516 3412 1670 3466 rudis
1685 3414 1745 3467 in
1764 3414 1930 3468 veteri
1944 3415 2080 3469 vesti
2084 3445 2101 3455 -

451 3505 660 3559 mento.
684 3501 941 3572 Alioquin
960 3500 1106 3556 tollit
1122 3499 1188 3556 de
1204 3499 1550 3572 plenitudine
1568 3501 1708 3571 ejus,
1730 3508 1783 3555 et
1800 3501 1955 3572 pejor
1971 3503 2101 3557 scis-

450 3608 585 3648 sura
612 3592 766 3662 fiiet:
794 3605 893 3645 nec
920 3591 1147 3646 mittunt
1174 3591 1370 3644 vinum
1400 3579 1600 3645 novum
1631 3590 1691 3644 in
1721 3599 1868 3644 utres
1898 3598 2098 3646 veteres

450 3680 662 3753 (Matth.
702 3695 779 3750 Ix,
812 3679 899 3750 16,
939 3677 1049 3750 17).
1083 3676 1256 3734 Tales
1283 3681 1423 3733 sunt
1449 3678 1718 3744 Nazaraai,
1753 3677 1852 3750 qui
1883 3679 2093 3735 veteris

456 3769 627 3843 Legis
657 3767 1105 3835 observantiam,
1140 3767 1497 3849 Evangelicae
1536 3766 1734 3839 gratim
1766 3770 1967 3839 aptare
1998 3784 2093 3823 co-

448 3863 682 3917 nantur.
716 3858 783 3914 Et
806 3870 1012 3914 omnes
1040 3856 1316 3925 haeretici,
1349 3856 1450 3929 qui
1478 3855 1883 3912 testimonium
1905 3857 1962 3911 in
1986 3874 2093 3914 suo

446 3947 575 4005 loco
605 3946 771 4004 alteri
803 3945 1003 4002 sensui
1024 3960 1375 4017 congruens,
1407 3944 1573 4001 alteri
1593 3945 1864 4001 nituntur
1891 3963 2092 4002 assue-

447 4052 546 4092 re:
579 4051 714 4091 cum
748 4034 1050 4089 Dominica
1077 4032 1275 4088 tunica
1305 4032 1557 4105 desuper
1580 4037 1735 4088 texta
1755 4050 1858 4104 per
1876 4038 2088 4102 totum,

448 4123 639 4181 scindi
669 4121 908 4179 omnino
938 4138 1055 4177 non
1086 4121 1292 4193 possit,
1325 4122 1426 4177 sed
1459 4124 1615 4177 texta
1638 4122 1856 4193 Spiritu
1890 4129 2091 4178 sancto

447 4211 672 4269 nullam
695 4210 938 4282 recipiat
967 4210 1120 4266 162
1144 4209 1511 4265 scissionem.
1544 4210 1707 4275 Quod
1729 4216 1925 4267 autem
1949 4211 2091 4267 dici-

2211 3238 2351 3305 tem,
2376 3234 2485 3290 sub
2508 3234 2809 3290 occasione
2829 3251 3055 3303 earum,
3087 3234 3385 3307 simplices
3410 3253 3677 3309 quosque
3695 3238 3857 3295 deci-

2209 3322 2435 3394 pimus;
2458 3327 2523 3378 ut
2542 3323 2804 3379 videntes
2825 3322 3000 3379 mella
3014 3322 3319 3393 virtutum,
3339 3324 3612 3382 vitiorum
3629 3343 3861 3386 venena

2208 3428 2322 3467 non
2355 3416 2612 3468 caveant.

2280 3501 2342 3556 Et
2386 3502 2568 3557 oleum
2612 3517 2815 3571 meum,
2846 3510 2898 3557 et
2940 3503 3248 3573 thymiama
3277 3519 3481 3573 meum,
3511 3508 3749 3577 posuisti
3780 3524 3862 3565 co-

2202 3605 2326 3644 ram
2364 3591 2463 3645 eis.
2508 3590 2573 3645 Et
2610 3606 2815 3661 panem
2857 3607 3040 3646 meum
3086 3592 3230 3663 (sive
3270 3597 3333 3647 ut
3369 3593 3500 3649 LXX
3527 3595 3853 3653 transtule-

2204 3682 2362 3748 runt,
2393 3694 2564 3747 panes
2592 3680 2918 3744 meosJGS
2957 3696 3115 3752 quem
3143 3680 3268 3737 dedi
3296 3684 3402 3737 tibi
3428 3699 3449 3743 ,·
3492 3685 3762 3754 similam,
3808 3690 3861 3743 et

2202 3766 2404 3834 oleum,
2436 3773 2488 3822 el
2513 3768 2639 3834 met,
2672 3768 2866 3837 quibus
2896 3770 3140 3824 enutrzvi
3175 3777 3243 3839 te,
3275 3773 3506 3842 posuisti
3531 3788 3596 3829 ea
3625 3776 3686 3829 in
3714 3790 3859 3831 con-

2200 3857 2380 3927 spectu
2408 3871 2598 3911 eorum
2621 3857 2682 3911 in
2700 3856 2917 3913 odorem
2937 3860 3248 3915 suavitatis.
3282 3859 3487 3916 Oleum
3511 3861 3583 3918 de
3608 3879 3723 3934 quo
3751 3879 3857 3920 su-

2202 3961 2307 4016 pra
2335 3944 2616 4013 diximus,
2650 3950 2707 4001 et
2736 3945 3081 4020 thymiama,
3114 3949 3234 4004 sive
3263 3948 3591 4019 incensum,
3626 3952 3696 4007 de
3727 3969 3853 4025 quo

2201 4033 2516 4090 Psalmista
2543 4034 2869 4107 proclamat
2900 4054 2913 4092 :
2948 4038 3237 4106 Dirigatur
3254 4041 3581 4097 oratiomea
3602 4042 3747 4096 sicut
3770 4044 3860 4097 in-

2198 4139 2420 4179 censum
2448 4127 2509 4179 in
2539 4132 2826 4196 conspectu
2848 4132 2943 4180 tuo
2974 4126 3086 4197 (Ps.
3120 4142 3244 4192 cxn,
3277 4127 3365 4196 2);
3400 4131 3456 4181 et
3491 4143 3675 4198 panes
3713 4146 3856 4201 pro-

2201 4212 2530 4285 positionis,
2579 4228 2727 4284 quos
2777 4217 2890 4268 Deo
2933 4213 3217 4283 jubemur
3270 4214 3520 4269 offerre:
3583 4214 3856 4275 similam

445 4306 547 4359 tur
582 4302 754 4373 juxta
784 4290 958 4371 LXX,
1002 4306 1054 4356 et
1080 4313 1192 4354 non
1219 4298 1454 4354 intrabis
1482 4314 1655 4370 neque
1681 4302 1807 4366 erit,
1854 4300 1962 4356 hoc
2005 4302 2086 4357 si—
2114 4287 2157 4354 C
2197 4318 2452 4375 quoque,
2471 4318 2711 4358 sensum
2730 4301 3114 4374 purissimum
3134 4303 3289 4357 164
3307 4302 3768 4375 Scripturarum,
3790 4311 3855 4363 et

444 4389 689 4464 gniﬁcat
723 4406 738 4445 :
783 4404 916 4444 cum
947 4387 1055 4443 tibi
1085 4386 1241 4443 idola
1272 4386 1475 4443 feceris
1507 4404 1910 4459 perversorum
1941 4390 2087 4463 dog-

445 4483 695 4550 matum,
744 4494 875 4550 quae
900 4476 1207 4534 arbitraris
1251 4475 1522 4532 excelsa:
1569 4480 1628 4532 et
1677 4478 1960 4534 fornicata
2003 4480 2086 4536 sis

442 4584 623 4641 super
646 4567 751 4639 eis,
776 4566 1019 4623 credens
1040 4566 1096 4620 in
1120 4565 1214 4621 his
1234 4582 1363 4637 quae
1382 4564 1511 4637 ipsa
1534 4564 1773 4634 tinxisti,
1802 4567 2085 4639 templum

439 4658 539 4715 Dei
571 4657 788 4713 intrare
818 4672 934 4712 non
967 4655 1207 4727 poteris.
1241 4655 1309 4709 Et
1337 4653 1655 4709 simulacra
1682 4658 1784 4709 tua
1815 4656 2087 4712 substan-

438 4747 585 4805 tiam
608 4762 724 4804 non
746 4744 1069 4810 habebunt,
1102 4759 1291 4814 neque
1319 4742 1570 4798 eruntin
1593 4748 1965 4815 perpetuum,
1997 4746 2087 4801 di-

438 4841 608 4894 cente
635 4833 913 4908 Apostolo
950 4849 964 4890 :
1014 4832 1226 4888 Scimus
1256 4833 1402 4887 enim
1431 4833 1561 4903 quia
1587 4833 1736 4888 nihil
1771 4841 1850 4889 est
1879 4833 2088 4890 idolum

436 4927 501 4982 in
525 4924 731 4981 mundo
760 4923 806 4996 (Ι
839 4923 961 4981 Cor.
990 4936 1115 4994 VIII,
1147 4921 1223 4994 4).

2199 4390 2334 4459 mel,
2381 4392 2536 4464 quod
2570 4391 2828 4464 gustavit
2854 4390 3167 4461 Jonathan,
3217 4396 3275 4446 et
3305 4391 3489 4463 aperti
3521 4396 3661 4447 sunt
3690 4394 3853 4451 oculi

2197 4481 2327 4551 ejus
2355 4485 2413 4536 et
2442 4480 2801 4536 confortatus
2838 4483 2926 4535 est
2969 4481 3013 4551 (Ι
3045 4481 3171 4549 Reg.
3204 4480 3343 4552 xw),
3388 4480 3584 4552 posuit
3628 4482 3852 4540 misera

2195 4568 2522 4625 Jerusalem
2554 4570 2611 4623 in
2645 4572 2958 4641 conspectu
2984 4568 3297 4631 idolorum.
3330 4569 3450 4625 sive
3472 4585 3668 4626 coram
3692 4571 3847 4629 ima-

2196 4658 2432 4731 ginibus
2451 4657 2814 4725 masculinis,
2839 4661 2904 4712 ut
2924 4662 3123 4714 essent
3142 4658 3235 4714 his
3259 4660 3316 4714 in
3331 4659 3573 4716 odorem
3595 4660 3852 4718 suavita-

2194 4746 2290 4812 tis,
2325 4763 2451 4818 quaa
2480 4749 2690 4800 natura
2720 4762 2828 4801 sua
2855 4745 3049 4801 dulcia
3079 4751 3220 4803 sunt
3250 4752 3424 4819 atque
3454 4747 3846 4807 suavissima:

2194 4835 2296 4891 sed
2328 4834 2469 4889 dum
2500 4834 2825 4890 offeruntur
2852 4834 3025 4891 idolis
3056 4835 3337 4909 falsisque
3367 4836 3669 4908 doctrinis,
3713 4854 3847 4895 ver-

2193 4927 2400 4979 tuntur
2426 4922 2487 4981 in
2519 4923 2994 4981 amaritudinem.

1569 5201 1986 5326 LIBER
2080 5201 2161 5314 ρ
2179 5202 2511 5299 UINT
2520 5203 2700 5299 US.

1932 5390 2353 5404 ’ξ-

502 5498 850 5558 188-164
877 5496 960 5556 Ne
992 5496 1277 5557 librorum
1324 5510 1606 5555 numerus
1654 5497 2070 5571 confundatur,

428 5592 490 5653 et
506 5605 613 5669 per
630 5588 806 5668 longa
823 5594 1157 5667 temporum
1174 5588 1366 5667 spatia
1379 5587 1702 5647 divisurum
1720 5588 1872 5646 inter
1896 5603 1959 5648 se
1977 5607 2075 5650 vo-

2184 5501 2477 5558 luminum
2508 5501 2649 5557 ordo
2678 5501 2934 5567 vitietur,
2968 5499 3447 5575 prazfatiunculas
3480 5498 3733 5574 singulis
3763 5498 3843 5556 li-

2181 5590 2304 5651 bris
2353 5590 2684 5667 praaposui:
2735 5596 2802 5648 ut
2847 5608 2917 5650 ex
2963 5593 3154 5651 fronte
3190 5590 3350 5652 tituli
3397 5591 3605 5651 statim
3650 5590 3843 5652 lector
