4020 6186
299 301 421 364 141

939 302 1690 371 COMMENTARIORUM
1737 309 1815 369 IN
1862 307 2362 374 EZECHIELEM
2408 313 2555 375 LIB.
2603 313 2676 378 V.
2721 315 2894 378 CAP.
2939 317 3103 381 XVI.

3595 307 3717 386 iis

293 439 610 507 agnoscat,
645 439 860 509 quotus
891 437 1004 493 sibi
1036 437 1183 494 liber
1211 439 1517 512 legendus,
1549 442 1606 494 et
1636 456 1762 511 quae
1788 439 1958 496 nobis
1985 441 2040 507 Α
2071 441 2120 497 si
2153 443 2421 500 haeretica
2447 445 2842 503 fraudulentia
2862 449 3238 521 supplantata
3257 451 3450 519 fuerit,
3470 452 3624 511 tollit
3644 455 3712 510 ﬁ-

298 524 620 596 prophetia
640 525 1005 596 explananda
1025 527 1193 582 sit.In
1214 528 1504 599 praeterito
1526 528 1706 600 igitur
1720 527 1964 584 volumi—

291 629 391 676 ne,
422 611 484 666 id
519 618 633 680 est,
655 618 886 685 quarto,
910 618 1138 686 partem
1162 616 1475 688 prophetiaa
1498 621 1700 672 contra
1724 617 1962 672 Jerusa-

283 701 436 770 lem,
474 703 653 772 cujus
682 702 835 758 istud
861 704 1164 760 exordium
1191 709 1281 760 est
1304 723 1316 760 :
1343 705 1526 761 Radia:
1547 709 1642 761 tua
1662 713 1714 760 et
1729 722 1960 776 genera-

282 791 364 844 tio
399 799 513 845 tua.
543 790 611 845 de
636 795 781 846 terra
809 791 1096 858 Chanaan,
1131 809 1319 864 usque
1349 795 1420 848 ad
1453 809 1588 848 eum
1620 793 1834 862 locum,
1859 794 1960 848 ubi

281 877 588 948 scriptum
620 883 707 933 est
727 897 745 931 :
777 879 1038 934 Similam
1065 883 1115 936 et
1145 881 1322 935 oleum
1353 890 1404 935 et
1432 881 1562 948 mel,
1593 882 1792 952 quibus
1821 897 1958 935 enu—

284 968 426 1021 trivi
457 970 528 1033 te,
556 968 798 1037 posuisti
828 969 890 1022 in
917 973 1204 1039 conspectu
1230 985 1425 1024 eorum
1454 971 1512 1023 in
1544 969 1762 1025 odorem
1780 971 1961 1024 suavi.

287 1057 520 1122 tatis,ut
549 1056 712 1126 potui
739 1055 902 1110 brevi
926 1072 1194 1112 sermone
1220 1057 1668 1112 disserui.Nunc
1694 1058 1960 1128 ejusdem

290 1143 621 1216 prophetiae
646 1161 787 1215 pars
809 1143 1035 1216 reliqua
1057 1161 1189 1200 cum
1213 1145 1436 1200 caeteris
1459 1162 1584 1216 quae
1606 1151 1956 1216 sequuntur,

283 1232 495 1303 quinto
525 1231 840 1298 volumini,
886 1236 944 1288 et
989 1238 1108 1302 tuo,
1159 1233 1564 1301 Eustochium,
1599 1234 1824 1290 nomini
1857 1235 1958 1290 de-

280 1320 548 1375 dicatur.
599 1321 667 1374 In
706 1337 823 1392 quo
869 1321 1015 1375 nihil
1065 1337 1134 1376 ex
1181 1326 1302 1376 arte
1351 1321 1658 1389 rhetorica,
1709 1321 1856 1377 nihil
1886 1339 1956 1378 ex

279 1409 720 1480 compositione
750 1409 1029 1481 reperies,
1061 1415 1118 1464 et
1147 1415 1450 1466 venustate
1472 1411 1786 1466 verborum
1811 1427 1825 1466 :
1854 1411 1954 1466 sed

282 1512 488 1553 curam
513 1497 810 1569 simplicis
832 1502 889 1553 et
910 1499 1140 1553 solertis
1160 1497 1498 1570 diligentia,
1517 1503 1583 1553 ut
1605 1499 1718 1554 ista
1745 1507 1801 1554 et
1830 1499 1956 1555 sola

276 1585 414 1641 laus
443 1602 583 1642 mea
614 1587 715 1656 sit,
749 1586 800 1642 si
830 1585 1127 1659 prophetae
1170 1603 1274 1658 per
1323 1604 1418 1643 me
1448 1588 1607 1644 dicta
1635 1586 1950 1659 intelligas.

343 1872 547 1937 (Vers.
579 1870 662 1925 20
694 1871 882 1942 seqq.)
919 1872 984 1926 Et
1011 1871 1222 1944 factum
1249 1878 1344 1940 est,
1376 1873 1456 1926 ait
1483 1873 1745 1926 Dominus
1785 1872 1941 1938 Deus,

269 1967 318 2012 et
346 1960 545 2013 tulisti
563 1959 712 2028 ﬁlios
741 1962 860 2014 tuos
879 1968 928 2014 et
956 1961 1107 2030 filias
1135 1963 1280 2026 tuas,
1313 1977 1446 2031 quas
1475 1962 1718 2031 genuisti
1750 1960 1940 2032 [Vulg.

269 2047 578 2119 generasti]
639 2049 820 2102 mihi:
878 2056 930 2103 et
970 2050 1269 2104 immolasti
1323 2051 1401 2104 eis
1449 2049 1520 2104 ad
1549 2049 1942 2104 devorandum.

269 2137 568 2206 Numquid
584 2153 765 2207 parva
784 2141 861 2192 est
880 2139 1172 2208 fornicatio
1202 2144 1315 2203 tua,
1343 2138 1417 2207 (a)
1441 2138 1785 2192 immolantis
1803 2138 1946 2207 ﬁlios

268 2229 458 2281 meos?
491 2233 550 2279 et
595 2225 800 2280 dedisti
843 2227 972 2281 illos
1020 2241 1336 2281 consecrans
1379 2227 1477 2281 eis.
1521 2227 1586 2280 El
1611 2230 1732 2296 post
1762 2241 1946 2280 omnes

274 2315 727 2368 abominationes
759 2322 881 2368 tuas
915 2322 967 2369 et
993 2315 1402 2384 fornicationes,
1435 2329 1545 2369 non
1576 2330 1630 2368 es
1660 2313 1945 2369 recordata

278 2402 494 2456 dierum
535 2402 922 2459 adolescentiae
952 2407 1083 2469 tum,
1114 2402 1328 2474 quando
1356 2418 1476 2457 eras
1503 2403 1652 2458 nuda
1680 2405 1730 2457 et
1759 2404 1946 2473 confu-

271 2494 446 2546 sionis
498 2492 700 2562 plena,
751 2492 1064 2546 conculcata
1113 2494 1173 2545 in
1220 2493 1516 2563 sanguine,
1547 2495 1657 2547 tuo.
1691 2492 1851 2546 LXX:
1880 2492 1945 2546 Et

276 2583 498 2647 factum
531 2589 614 2636 est
633 2584 759 2650 post
784 2581 918 2648 haec,
952 2580 1086 2635 dicit
1116 2580 1326 2635 Adonai
1370 2582 1656 2646 Dominus,
1691 2589 1742 2635 et
1769 2581 1947 2634 tulisti

271 2670 418 2737 ﬁlios
449 2673 597 2736 tuos,
635 2677 687 2724 et
711 2669 868 2738 ﬁlias
897 2677 1020 2724 tuas
1041 2685 1174 2739 quas
1194 2672 1451 2739 genuisti,
1477 2677 1526 2725 et
1546 2670 1846 2724 immolasti
1865 2670 1943 2723 eis

275 2760 330 2812 in
354 2760 1031 2829 consumptionem,quasi
1056 2775 1256 2829 parum
1285 2759 1557 2828 fornicata
1585 2759 1758 2829 sis,(b)
1787 2761 1838 2813 et
1862 2759 1944 2811 in-

269 2848 549 2916 terfecisti
575 2848 724 2916 ﬁlios
754 2855 891 2911 tuos,
933 2855 986 2902 et
1030 2847 1228 2902 dedisti
1273 2863 1360 2902 eos
1399 2863 1522 2901 cum
1552 2848 1774 2917 offerres
1803 2847 1942 2910 illis,

268 2937 374 2992 hoc
401 2942 507 3002 est,
543 2952 709 3007 super
737 2951 950 2991 omnem
970 2938 1388 3006 fornicationem
1409 2943 1562 2990 tuam
1584 2939 1634 2990 et
1662 2937 1945 2991 abomina-

269 3028 452 3081 tiones
485 3029 636 3091 tuas,
669 3026 718 3079 et
764 3041 876 3080 non
922 3040 977 3079 es
1022 3025 1306 3080 recordata
1356 3024 1471 3079 diei
1519 3026 1782 3094 infantiae
1807 3028 1939 3093 tum,

2073 531 2181 587 lios
2204 533 2469 604 suos,qui
2486 535 2561 605 (ά)
2574 535 2930 594 robustiores
2951 543 3090 595 sunt
3109 540 3169 596 in
3191 540 3390 610 ﬁde,et
3411 541 3563 600 ﬁlias
3584 561 3712 616 quae

2072 637 2187 675 non
2219 621 2436 678 habent
2463 627 2686 678 tantam
2720 625 2852 682 ﬁdei
2882 627 3306 688 fortitudinem.
3327 633 3442 686 Aut
3471 637 3624 690 certe
3645 634 3713 689 fi-

2069 705 2201 773 lius,
2235 708 2335 780 qui
2367 711 2615 782 mystica
2663 729 2905 785 quaaque
2953 722 3349 786 cognoscunt:
3401 719 3555 777 filias
3583 737 3712 793 qua

2069 795 2398 868 simplicem
2429 807 2758 870 sequuntur
2775 801 3081 860 historiam
3110 823 3122 872 ;
3157 810 3214 860 et
3231 807 3410 863 tradit
3434 808 3713 867 daemoni-

2069 885 2180 940 bus
2211 887 2591 957 devorandos,
2625 894 2682 945 et
2709 907 2844 946 cum
2869 891 3180 948 interficiat
3198 911 3316 966 eos,
3339 896 3627 955 viviﬁcare
3651 917 3715 956 se

2068 974 2270 1040 credit,
2293 980 2349 1030 et
2369 975 2597 1048 placare
2617 978 2956 1046 simulacra,
2972 997 3222 1052 quorum
3243 985 3533 1042 occisione
3553 992 3717 1045 satu-

2067 1067 2290 1118 rantur.
2325 1066 2604 1138 Quodque
2627 1067 2842 1124 dicitur
2854 1070 3024 1140 juxta
3044 1071 3446 1144 Septuaginta,
3471 1075 3580 1132 hoc
3601 1080 3711 1146 est,

2065 1166 2228 1222 super
2254 1167 2472 1208 omnem
2515 1157 2937 1224 fornicationem
2983 1166 3155 1227 tuam,
3188 1164 3239 1215 et
3287 1162 3722 1220 abominationes

2067 1243 2210 1307 tuas,
2244 1240 2389 1297 illud
2422 1242 2736 1314 signiﬁcat,
2759 1247 2913 1317 quod
2937 1248 3166 1304 cunctis
3187 1250 3439 1320 peccatis
3459 1255 3518 1306 et
3537 1251 3720 1308 forni-

2065 1329 2393 1386 cationibus
2422 1334 2587 1402 pejor
2615 1333 2693 1388 sit
2718 1334 2985 1390 doctrina
3013 1336 3348 1392 daemonum
3374 1354 3386 1393 :
3420 1337 3604 1395 immo
3632 1341 3719 1396 in-

2064 1417 2310 1472 terﬁciat
2339 1434 2459 1485 eos,
2493 1436 2639 1491 quos
2667 1420 2757 1476 vel
2788 1421 2974 1478 multo
3003 1422 3204 1480 labore
3257 1431 3544 1497 genuerat
3573 1427 3712 1499 Deo,

2065 1504 2152 1560 vel
2185 1523 2326 1562 suos
2357 1507 2570 1564 fecerat
2598 1509 2774 1577 ﬁlios,
2823 1527 2971 1582 quos
3017 1511 3078 1567 in
3127 1513 3510 1572 fornicatione
3538 1532 3716 1590 gene-

2063 1593 2231 1649 ravit.

2133 1683 2299 1752 (Vera
2329 1685 2399 1739 23
2429 1687 2618 1757 seqq.)
2648 1689 2726 1742 Et
2756 1690 2978 1744 accidit
3004 1695 3132 1758 post
3159 1706 3390 1748 omnem
3421 1694 3717 1751 malitiam

2061 1775 2262 1827 tuam:
2292 1789 2392 1840 vae,
2415 1776 2637 1843 thibi,
2653 1776 2794 1832 dicit
2812 1779 2892 1832 Do
2906 1778 3098 1834 minus
3114 1783 3283 1834 Deus.
3312 1785 3378 1835 Et
3392 1780 3714 1853 sedi/iecisti

2054 1859 2161 1944 tibi
2173 1861 2441 1930 lupanar,
2459 1873 2514 1918 et
2527 1865 2714 1933 fecisti
2731 1867 2845 1920 tibi
2867 1865 3250 1934 prostibulum
3266 1868 3326 1924 in
3339 1872 3558 1926 cunctis
3576 1871 3716 1944 pta-

2054 1940 2179 2004 ‘eis.
2198 1950 2280 2004 Ad
2293 1967 2450 2006 omne
2474 1958 2647 2024 caput
2660 1954 2770 2011 vise
2781 1953 3088 2026 aediﬁcasti
3097 1956 3323 2029 signum
3340 1940 3712 2025 prostitutio-

2052 2038 2142 2092 nis
2172 2047 2285 2095 tute
2295 2083 2308 2108 ,
2326 2046 2382 2095 et
2395 2043 2853 2098 abominabitem
2869 2045 3063 2114 fecisti
3072 2046 3332 2102 decorem
3345 2053 3529 2116 tuum,
3553 2055 3609 2104 et
3622 2050 3711 2106 di-

2053 2127 2242 2182 visisti
2271 2128 2384 2198 [AL
2420 2131 2733 2203 dimisisti]
2765 2133 2933 2201 pedes
2960 2139 3088 2188 tuos
3105 2136 3266 2191 omni
3284 2139 3628 2207 transeunti,
3653 2144 3711 2195 et

2053 2215 2468 2286 multiplicasti
2482 2222 2907 2290 fornicationes
2930 2231 3080 2279 tuas.
3104 2228 3173 2280 Et
3186 2225 3487 2295 fornicata
3509 2244 3570 2284 es
3585 2244 3714 2284 cum

2051 2303 2195 2375 ﬁliis
2205 2309 2419 2378 Egypti
2429 2309 2640 2364 vicinis
2652 2312 2764 2366 tuis
2781 2328 3128 2383 magnarum
3143 2315 3314 2370 carni
3319 2331 3435 2374 um.
3449 2324 3508 2370 et
3519 2319 3714 2374 mutti-

2050 2394 2283 2465 plicasti
2309 2396 2758 2468 fornicationem
2773 2403 2936 2456 tuam
2949 2403 3030 2458 ad
3047 2404 3398 2460 irritandam
3417 2406 3673 2462 me.LXX
3691 2425 3712 2464 :

2057 2487 2122 2538 Et
2168 2484 2394 2557 factum
2426 2492 2508 2540 est
2548 2493 2678 2557 post
2717 2504 2903 2544 omnes
2950 2491 3213 2547 malitias
3242 2492 3469 2565 τααδὶξε
3504 2511 3606 2564 vw,
3629 2513 3713 2552 vae

2053 2571 2203 2625 tibi:
2254 2573 2396 2628 dicit
2446 2575 2671 2630 Adonai
2697 2577 2987 2632 Dominus.
3021 2579 3086 2633 Et
3129 2578 3434 2651 a’diﬁcasti
3456 2583 3569 2638 tibi.
3597 2584 3709 2640 lia-

2055 2659 2383 2716 bitaculum
2397 2663 2887 2735 fornicationis,et
2897 2667 3096 2736 fecisti
3107 2668 3213 2723 tibi
3235 2669 3708 2736 prostitutionem

2053 2749 2115 2804 in
2127 2751 2286 2804 omni
2296 2751 2506 2818 platea.
2518 2757 2584 2808 Et
2595 2753 2937 2826 inprincipio
2947 2757 3243 2812 omnisvise
3254 2757 3567 2829 aediﬁcasti
3577 2759 3703 2834 for-

2051 2837 2372 2894 nicationes
2400 2845 2532 2896 tuas
2550 2859 2568 2896 :
2585 2847 2640 2896 et
2653 2843 2966 2914 corrupisti
2975 2844 3244 2900 decorem
3264 2847 3419 2901 I66
3443 2855 3628 2919 tuum,
3645 2856 3704 2905 et

2051 2925 2113 2980 di
2117 2927 2390 2984 varicasti
2403 2946 2577 2986 crura
2589 2939 2688 2987 tua
2704 2934 2863 2988 omni
2877 2942 3076 2989 transe
3084 2935 3287 3003 unti,et
3299 2951 3398 2990 mu
3409 2936 3708 3008 ltiplicasti

2051 3015 2681 3088 fornicationemtuam
2705 3037 2718 3076 :
2752 3026 2808 3076 et
2837 3021 3143 3093 fornicata
3155 3039 3351 3078 escum
3369 3023 3524 3096 ﬁliis
3545 3028 3704 3097 ΛΕρί-

273 3113 506 3184 quando
538 3129 662 3167 eras
688 3111 844 3167 nuda
873 3115 924 3166 et
954 3113 1322 3180 ignominiosa
1345 3130 1363 3166 :
1392 3113 1572 3167 mixta
1591 3115 1649 3166 in
1671 3113 1944 3181 sanguine
1980 3174 2014 3184 Α
2048 3105 2141 3175 pii
2154 3107 2358 3162 υίσίηίδ
2371 3109 2610 3180 tui-9,91“
2629 3119 2758 3165 sunt
2773 3126 3128 3184 magnarum
3143 3113 3435 3184 carnium,
3459 3119 3515 3168 ει
3536 3115 3698 3170 mul-

278 3174 382 3256 ξειο
418 3203 627 3255 ω’χίειί,
667 3201 831 3264 Quod
861 3174 1012 3255 ﬁlio's
1042 3217 1200 3268 suos,
1231 3204 1286 3255 et
1315 3199 1465 3256 ﬁlias
1491 3174 1837 3269 Jerusalem,
1870 3201 1941 3255 de
1972 3174 2015 3241 ε
2053 3174 2337 3264 tipticiter
2351 3174 2643 3266 fornicata
2656 3174 3382 3266 es,utmeadiracuudiam
3411 3174 3722 3287 provoca;

272 3290 504 3361 quibus
537 3289 824 3360 scriptum
854 3292 980 3344 est:
1010 3289 1180 3344 Filios
1206 3289 1371 3359 genui
1415 3297 1466 3344 et
1515 3289 1758 3344 exaltavi
1781 3305 1800 3342 :
1833 3290 1941 3358 ipsi

271 3383 472 3434 autem
505 3381 828 3448 spreverunt
854 3393 942 3432 me
969 3378 1100 3449 (Isa.
1134 3395 1173 3442 1,
1205 3378 1260 3448 2)
1287 3395 1300 3444 ;
1334 3377 1506 3432 idolis
1531 3376 1939 3442 immolaverit,

275 3472 488 3522 sancta
525 3466 832 3536 Scriptura
861 3471 1316 3521 commemorat:
1351 3467 1774 3522 lmmolaverunt
1801 3467 1943 3535 filios

276 3573 404 3610 suos
431 3565 485 3612 et
515 3556 674 3624 ﬁlias
699 3571 829 3610 suas
856 3554 1196 3611 daemonibus
1224 3557 1336 3624 (Ps.
1370 3571 1459 3623 cv,
1489 3555 1608 3625 37).
1641 3556 1710 3609 Et
1731 3555 1941 3609 iterum

273 3644 608 3714 Effuderunt
649 3645 976 3713 sanguinem
1024 3645 1369 3698 innocentem
1416 3644 1600 3714 (Ibid,
1636 3643 1757 3715 38,)
1789 3643 1937 3699 I65

274 3734 616 3803 sanguinem
641 3733 891 3800 ﬁliorum
919 3747 1163 3802 suorum,
1197 3740 1248 3786 et
1275 3733 1526 3801 ﬁliarum
1554 3747 1944 3804 suarum,quas

273 3822 716 3875 immolaverunt
739 3820 1085 3891 sculptilibus
1105 3819 1368 3875 Chanaan
1393 3819 1581 3891 (Exod.
1601 3820 1946 3889 iv,22).Suos

281 3916 484 3964 autem
509 3913 681 3964 vocat
694 3909 867 3979 juxta
889 3908 1396 3980 Hebraicum.lpse
1416 3909 1572 3964 enim
1599 3909 1670 3963 de
1692 3908 1775 3964 eis
1793 3908 1946 3962 dixe-

280 4003 408 4053 rat:
446 3997 714 4068 (c)Filius
755 3999 1158 4068 primogenitus
1202 4012 1354 4052 meus
1400 3997 1590 4054 Israel.
1626 3996 1754 4052 Sive
1777 3997 1947 4067 juxta

280 4086 700 4158 Septuaginta,
735 4094 873 4153 tuos,
907 4102 1053 4157 quos
1084 4087 1156 4140 de
1187 4085 1567 4141 fornicatione
1600 4085 1945 4158 genuisti.In

285 4193 352 4232 eo
383 4181 590 4230 autem
622 4175 752 4229 loco
783 4175 843 4229 in
875 4191 991 4246 quo
1022 4191 1131 4230 nos
1161 4175 1488 4246 posuimus,
1517 4179 1568 4230 et
1595 4174 1794 4230 dedisti
1821 4175 1946 4230 illos

281 4279 615 4319 consecrans
652 4264 753 4328 eis,
786 4279 888 4334 pro
921 4250 1034 4334 q‘uo
1062 4262 1445 4335 Septuaginta
1495 4262 1944 4329 transtulerunt,

282 4357 332 4406 et
363 4352 571 4406 dedisti
593 4367 683 4405 eos
714 4351 783 4404 ad
812 4351 1162 4422 placandum,
1189 4351 1309 4407 sive
1330 4353 1689 4423 expiandum,
1713 4351 1945 4423 Aquila,

281 4439 706 4512 Symmachus,
741 4444 795 4494 et
824 4439 1140 4495 Theodotio
1171 4445 1514 4511 posuerunt,
1539 4443 1872 4496 transtulisti
1896 4445 1948 4496 et

2049 3299 2162 3338 res.
2182 3283 2301 3340 Hoc
2324 3287 2481 3357 quod
2504 3287 2760 3343 secundo
2786 3288 3021 3355 dicitur,
3044 3304 3149 3356 vae,
3172 3305 3277 3361 υθέ,
3305 3293 3427 3357 tibi,
3452 3283 3720 3365 Vulgata?
3760 3293 3780 3304 ‘

2051 3372 2229 3427 editio
2272 3390 2387 3429 non
2409 3374 2605 3446 habet,
2627 3377 2728 3431 sed
2750 3377 2820 3431 de
2839 3377 3254 3434 Theodotionis
3275 3379 3528 3436 editione
3548 3373 3709 3437 addi-

2051 3456 2176 3536 ium
2208 3465 2316 3517 est.
2352 3463 2728 3536 Rursumque
2759 3465 2857 3520 ubi
2890 3483 2996 3521 nos
3022 3467 3393 3523 diximuszEt
3415 3468 3714 3526 sediﬁcasti

2053 3527 2158 3604 tibi
2179 3549 2446 3622 lupanar,
2478 3569 2581 3624 pro
2607 3527 2722 3624 quo
2736 3554 3120 3627 Septuaginta
3141 3556 3607 3616 transtulerunt:
3641 3561 3709 3617 Et

2051 3639 2325 3708 avtiﬁcasti
2354 3643 2461 3696 tibi
2487 3642 2859 3698 habitaculum
2877 3645 3280 3715 fornicationis,
3317 3647 3704 3718 Symmachus

2054 3733 2111 3783 et
2143 3729 2460 3785 Theodotio
2490 3735 2738 3802 πορνεῖον
2771 3731 3138 3803 interpretati
3171 3737 3312 3787 sunt
3336 3754 3356 3799 ;
3377 3734 3590 3805 Aquila
3610 3753 3709 3792 vo-

2053 3815 2182 3872 lens
2209 3818 2532 3889 exprimere
2561 3818 2971 3890 etymologiam
2995 3820 3285 3876 sermonis
3307 3821 3570 3878 Hebraici
3591 3840 3702 3880 eos

2055 3905 2188 3975 (ελ),
2225 3907 2422 3976 posuit
2456 3906 2700 3980 βάθυνον,
2727 3908 2878 3979 quod
2917 3925 3024 3963 nos
3052 3908 3242 3964 dicere
3263 3926 3603 3984 possumus,
3615 3915 3704 3985 fo-

2053 4011 2247 4050 veam:
2277 3998 2340 4049 ut
2360 3995 2649 4067 signiﬁcet
2669 4011 2917 4068 ganeam
2939 4013 3005 4052 ac
3026 3997 3325 4054 defossum
3351 4016 3591 4071 specum
3617 4006 3706 4059 at-

2056 4099 2169 4154 que
2199 4084 2596 4152 tenebrosum,
2628 4083 2689 4139 in
2729 4102 2843 4157 quo
2889 4086 3334 4157 prostitutarum
3365 4088 3546 4146 libido
3575 4105 3700 4146 ver-

2057 4177 2237 4228 satur.
2272 4173 2549 4244 Quodque
2579 4175 2879 4245 sequitur:
2923 4176 2984 4229 Et
3012 4177 3194 4246 fecisti
3214 4176 3316 4232 tibi
3331 4179 3708 4248 prostibulum

2057 4263 2114 4316 in
2139 4264 2349 4317 cunctis
2368 4262 2586 4333 plateis,
2606 4280 2709 4334 pro
2736 4279 2851 4335 quo
2874 4264 3257 4336 Septuaginta
3280 4267 3708 4325 transtulerunt

2058 4351 2128 4422 (e)
2161 4344 2376 4422 ἔκθεμα,
2411 4351 2470 4405 in
2501 4351 2784 4407 Hebraico
2816 4352 2991 4407 habet
3021 4370 3212 4408 RAMA:
3239 4358 3296 4409 et
3314 4358 3435 4409 tam
3466 4355 3702 4427 Aquila,

2058 4457 2234 4511 quam
2265 4439 2650 4509 Symmachus
2679 4445 2736 4495 et
2764 4440 3102 4511 Theodotio,
3135 4443 3406 4498 excelsum
3451 4443 3573 4500 sive
3608 4460 3708 4501 su-

283 4529 670 4584 transduxisti
723 4544 853 4584 eos:
915 4529 1056 4601 quia
1117 4529 1334 4585 ethnici
1394 4545 1497 4601 per
1554 4530 1751 4601 ignem
1798 4529 1950 4585 ﬁlios
1983 4539 2028 4602 D
2061 4530 2225 4585 blime
2254 4530 2617 4600 interpretati
2648 4535 2804 4584 sunt.
2838 4529 3099 4601 Denique
3129 4533 3187 4585 et
3211 4530 3270 4584 in
3295 4532 3708 4603 consequenti-

286 4635 452 4687 suos,
485 4616 576 4673 vel
609 4617 974 4672 transferunt
1002 4617 1297 4689 parvulos,
1322 4617 1408 4673 vel
1443 4617 1679 4673 adultos
1701 4618 1954 4674 transire

293 4706 681 4778 compellunt.
717 4705 860 4761 Cum
893 4705 1035 4776 hinc,
1083 4708 1184 4775 ait,
1231 4707 1456 4777 feceris,
1507 4723 1623 4762 non
1673 4723 1734 4762 es
1765 4724 1952 4763 recor-

297 4794 444 4848 data
473 4794 726 4850 infantiae
756 4799 890 4864 tute,
924 4797 1163 4867 quando
1191 4796 1301 4852 tuli
1332 4802 1388 4852 te
1418 4813 1796 4868 conspersum
1817 4813 1951 4852 san-

291 4883 480 4956 guine
508 4889 559 4939 et
586 4883 726 4950 lavi,
759 4890 816 4940 et
845 4889 978 4957 post
1003 4884 1188 4940 multa
1215 4902 1340 4956 quae
1363 4884 1738 4956 propheticus
1759 4901 1951 4942 sermo

293 4974 582 5038 narravit,
617 4972 880 5045 copulavi
912 4973 1080 5029 mihi.
1113 4974 1325 5031 Nostra
1346 4989 1579 5045 quoque
1603 4973 1947 5044 Jerusalem,

367 5171 375 5185 ι
426 5175 433 5182 τ.

289 5185 595 5240 Victorius
627 5188 938 5242 immolasti.

362 5259 419 5327 (b
441 5257 688 5328 )Locum
711 5257 867 5312 hunc
892 5259 975 5313 ita
995 5258 1186 5328 reﬁgit
1205 5257 1420 5314 Victor.
1453 5274 1464 5311 :
1494 5265 1545 5313 et
1560 5255 1859 5328 dedistiyeos
1880 5259 1949 5314 ad

282 5325 636 5400 placandum
664 5330 724 5400 in
755 5330 892 5395 illis,
926 5345 994 5385 ex
1022 5325 1180 5399 LXX,
1212 5329 1330 5400 qui
1353 5329 1596 5400 habent
1622 5327 1711 5382 καί
1743 5325 1947 5390 ἔδωκας

288 5396 426 5452 iisti
462 5396 514 5452 ἐν
545 5399 625 5470 τῷ
674 5396 1175 5473 ἀποτροπιάζεσθαί
1207 5396 1266 5452 ἐξ
1309 5397 1538 5473 αὐτοῖςγε
1593 5401 1684 5473 cui
1714 5400 1948 5457 lectioni

286 5473 689 5544 Hieronymus
719 5471 952 5544 qucque
973 5472 1030 5526 in
1053 5476 1373 5544 Comment,
1398 5471 1742 5543 suffragium
1764 5473 1946 5528 addit.

288 5544 392 5617 ubi
413 5560 441 5617 γε
467 5541 631 5617 tneo
655 5541 1102 5617 autem,'inquit,
1137 5545 1269 5611 loco,
1301 5543 1398 5598 ubi
1442 5558 1539 5617 nos
1560 5541 1880 5617 posuimus,
1899 5552 1951 5601 et

1633 5615 1948 5677 transtule-

362 5117 438 5185 εἷαξῖ
475 5114 556 5189 Ex
587 5113 867 5189 Hebraico
898 5125 1162 5189 annum,
1214 5120 1271 5171 et
1310 5113 1466 5188 vulg.
1517 5116 1655 5171 edit.
1689 5116 1951 5189 reposuit

285 5615 498 5680 dedisti
531 5614 658 5674 illos
684 5614 1002 5676 consecratis
1030 5617 1129 5690 eis,
1164 5631 1269 5692 pro
1298 5631 1414 5695 quo
1461 5615 1503 5674 L

2061 4619 2192 4687 bus,
2225 4617 2326 4673 ubi
2356 4618 2642 4689 scriptum
2673 4621 2797 4673 est:
2831 4617 2910 4673 Ad
2929 4634 3088 4674 omne
3107 4623 3268 4690 caput
3290 4621 3394 4676 viae
3417 4620 3710 4690 aediﬁcasti

2059 4710 2281 4777 signum
2309 4709 2712 4779 prostitutionis
2735 4715 2868 4774 tuae,
2898 4723 3002 4782 pro
3034 4706 3200 4779 signo
3223 4711 3279 4762 et
3300 4707 3706 4778 fornicatione,

2061 4813 2298 4852 rursum
2330 4797 2388 4850 in
2420 4796 2658 4850 Hebraeo
2689 4795 2866 4850 habet
2896 4813 3056 4850 nasus
3085 4795 3280 4866 (nm),
3307 4795 3462 4864 quod
3487 4810 3594 4850 nos
3617 4795 3709 4851 vel

2054 4886 2442 4956 prostibulum,
2497 4884 2587 4940 vel
2643 4886 2860 4954 signum
2892 4883 3251 4954 interpretati
3310 4899 3542 4951 sumus,
3573 4900 3708 4940 cum

2059 4975 2214 5045 apud
2246 4973 2516 5028 Hebraaos
2548 4989 2731 5028 unum
2753 4972 3104 5028 vocabulum
3125 4972 3226 5028 sit.
3250 4976 3370 5028 Hoc
3391 4980 3584 5029 autem
3605 4990 3709 5047 po-

2061 5118 2217 5182 runt,
2242 5123 2290 5170 et
2309 5115 2507 5170 dedisti
2526 5130 2612 5170 eos
2635 5115 2704 5169 ad
2721 5112 3076 5186 placandum,
3095 5116 3206 5170 sive
3224 5116 3705 5186 expiandum,etc.

2133 5186 2202 5258 (c)
2235 5187 2414 5241 Penes
2446 5184 2772 5254 Rabanum,
2795 5185 2859 5239 de
2879 5186 2956 5240 eis
2977 5184 3212 5253 dixerat,
3234 5184 3406 5244 Filios
3424 5184 3708 5253 meos,swe

2052 5257 2221 5329 juatta
2252 5257 2623 5328 Septuaginta,
2655 5265 2791 5323 tuos,
2823 5260 2931 5311 etc.

2155 5331 2212 5400 ιι)
2242 5327 2418 5400 Apud
2440 5329 2735 5400 eumdem,
2765 5329 2862 5400 qui
2889 5327 3199 5400 subtiliores
3239 5332 3387 5397 sunt,
3417 5333 3526 5384 etc.

2235 5395 2675 5484 Dolychronius’,
2705 5395 3084 5484 ’éxﬂspanléyst
3117 5400 3228 5484 οἴῳ
3259 5400 3321 5453 τὸ
3351 5395 3704 5484 τὲρίοᾳγώγιογ

2056 5466 2534 5547 ἓνθαᾟε-ὰςῇἷτόρνας
2558 5468 2775 5547 ’τρέφειν
2811 5466 3053 5547 εἷιί>θοιςι·ἱξ
3081 5471 3343 5528 Ecthema
3372 5466 3520 5528 dicit
3551 5466 3711 5544 ᾳιὶαεί

2053 5542 2442 5618 prostibulum,
2473 5542 2567 5600 ubi
2593 5542 2767 5600 solent
2794 5550 2968 5602 scorta
2998 5543 3171 5604 atere.
3199 5573 3218 5586 ν
