4052 6180
317 279 436 344 M3

1577 281 1641 341 S.
1688 275 2002 342 EUSEBII
2044 277 2487 343 HIERONYMI

3591 269 3707 336 ΜΕ

321 415 500 486 nitur,
529 415 688 488 quod
737 414 1002 472 excelsus
1031 413 1109 470 sit
1133 431 1147 482 ;
1199 416 1264 469 ut
1288 412 1618 470 volentibus
1655 413 1950 480 fornicari,
1979 417 2037 480 Α
2066 413 2347 485 quotidie,
2379 416 2434 467 et
2461 427 2564 484 per
2583 412 2828 468 virtutes
2847 415 3224 468 attenuentur
3248 426 3260 464 :
3298 407 3380 466 ita
3401 411 3470 464 ut
3490 421 3707 480 nequa-

319 502 524 576 procul
553 506 833 575 appareat
857 500 1258 558 farnicationis
1283 501 1470 570 locus,
1499 506 1558 556 et
1586 517 1700 556 non
1723 516 1962 556 necesse

319 592 398 648 sit
425 591 626 663 queri.
653 591 819 656 Quod
847 590 1030 646 semel
1053 595 1111 646 et
1141 589 1353 646 iterum
1383 593 1560 662 atque
1580 591 1793 645 iterum
1814 587 1960 643 dixi-

2073 519 2249 574 quam
2285 518 2416 557 caro
2447 500 2796 573 appelletur,
2827 503 2926 557 sed
2958 501 3232 574 spiritus:
3266 503 3324 556 et
3351 498 3628 571 loquatur
3646 497 3708 553 in

2072 590 2332 662 psalmo:
2367 589 2556 646 Sitivit
2573 591 2774 646 anima
2785 606 2915 645 mea
2945 591 3026 646 ad
3053 591 3477 660 te,Dcus,quam
3497 584 3710 642 multi.

319 696 474 749 mus,
506 679 567 734 in
596 682 944 752 perpetuum
975 678 1194 734 dixisse
1235 678 1511 747 sufficiat,
1545 678 1656 734 sub
1707 693 1964 749 persona
2065 678 2309 751 pliciter
2337 679 2442 734 tibi
2469 693 2606 735 caro
2633 696 2769 735 mea
2799 680 2976 750 (Psal.
3001 695 3133 745 an,
3165 677 3254 748 2):
3289 677 3412 733 sive
3435 677 3523 748 (ut
3551 687 3710 747 qure-

319 767 583 826 mulieris
628 771 760 840 post
792 767 979 823 multa
1024 767 1218 823 mariti
1267 756 1550 824 beneﬁcia
1591 764 1957 831 fornicantis,

319 856 567 913 describi
597 855 1037 914 fornicationem
1076 854 1426 926 Jerusalem,
1458 854 1753 926 quomodo
1786 870 1820 908 a
1851 855 1961 908 Deo

320 944 643 1013 recesserit,
674 946 963 1016 etjuncta
1013 945 1092 1000 sit
1119 944 1316 1011 idolis,
1356 959 1461 999 nec
1511 941 1744 999 occulta
1789 940 1963 996 fuerit

320 1032 702 1090 fornicatione
723 1037 998 1090 contenta
1021 1034 1149 1101 ;sed
1173 1031 1542 1088 aediﬁcaverit
1560 1030 1674 1088 sibi
1691 1029 1960 1102 lupanar,

319 1127 380 1179 et
406 1122 466 1178 in
497 1122 658 1178 omni
687 1122 782 1179 via
824 1121 1060 1195 signum
1093 1121 1537 1178 transeuntibus
1584 1119 1864 1192 posuerit,
1897 1122 1963 1173 ut

318 1211 584 1268 venirent
627 1212 700 1266 ad
732 1215 1012 1280 scortum,
1060 1216 1117 1266 et
1147 1211 1430 1266 satiarent
1476 1208 1802 1278 libidinem,
1845 1223 1959 1262 non

319 1303 443 1356 tam
474 1315 666 1368 suam,
697 1316 876 1370 quam
919 1300 1048 1370 ejus
1077 1315 1204 1370 quae
1263 1297 1604 1353 divaricavit
1635 1313 1811 1352 crura
1854 1311 1962 1351 sua

321 1387 480 1446 ωτιηὶ
510 1388 856 1453 transeunti,
887 1391 946 1443 et
993 1386 1452 1459 pulchritudinis
1485 1385 1961 1458 magnitudinem

319 1475 726 1534 fornicationis
756 1475 1161 1548 magnitudine
1191 1475 1518 1546 deturparit
1544 1491 1554 1529 :
1587 1478 1646 1528 et
1673 1474 1824 1529 inter
1852 1489 1960 1528 ce:-

319 1572 445 1621 tera
473 1564 651 1620 etiam
683 1564 966 1636 Egyptiis
993 1564 1202 1619 vicinis
1231 1564 1356 1619 suis
1387 1579 1582 1618 amore
1612 1578 1962 1634 magnorum

317 1653 584 1722 carnium
597 1656 893 1724 prostrata
905 1653 1000 1708 sit.
1025 1653 1094 1708 Et
1109 1657 1176 1708 ut
1188 1667 1360 1708 omne
1383 1668 1568 1724 genus
1579 1651 1905 1722 turpitudin
1916 1650 1963 1706 is

2070 769 2206 822 dam
2237 768 2456 822 habent
2485 768 2562 838 (α)
2577 767 2959 839 exemplaria)
2973 768 3254 839 quomodo
3275 765 3713 834 consumptaest

2071 856 2224 910 168
2255 871 2397 911 caro
2424 871 2582 910 mea:
2615 857 2677 910 In
2698 861 2862 911 terra
2885 855 3118 911 deserta
3135 859 3186 909 et
3209 853 3368 910 invia
3391 861 3449 908 et
3480 854 3713 924 inaquo-

2069 960 2162 998 sa:
2193 945 2279 1000 sic
2308 945 2370 999 in
2385 949 2585 1000 sancto
2599 944 2978 1015 apparuitibi
3004 945 3050 1014 (Ι
3073 943 3196 1000 Cor.
3213 943 3289 1014 v).
3319 942 3712 1008 Quamobrem

2071 1036 2128 1086 et
2151 1031 2490 1089 Corinthius
2529 1032 2844 1087 fornicator
2874 1033 3127 1088 traditur
3154 1033 3210 1086 in
3253 1031 3556 1086 interitum
3587 1045 3713 1085 car-

2072 1121 2184 1188 nis,
2218 1125 2282 1176 ut
2311 1120 2554 1192 spiritus
2585 1120 2780 1176 salvus
2813 1122 2928 1176 fiat.
2983 1117 3060 1177 De
3090 1121 3198 1176 hac
3230 1135 3403 1176 carne
3427 1119 3716 1191 scriptum

2069 1215 2160 1266 est
2185 1227 2196 1264 :
2229 1211 2423 1267 Omnis
2450 1225 2590 1266 caro
2618 1211 2837 1279 fenum,
2868 1216 2924 1265 et
2952 1211 3143 1265 omnis
3173 1208 3374 1280 gloria
3401 1209 3523 1280 ejus
3551 1207 3722 1279 quasi

2069 1299 2172 1370 ﬂos
2199 1298 2339 1368 feni.
2372 1298 2536 1354 Aruit
2580 1299 2798 1368 fenum,
2831 1307 2886 1354 et
2914 1298 3016 1370 ﬂos
3058 1303 3186 1370 ejus
3213 1297 3453 1354 decidit:
3484 1295 3720 1352 verbum

2070 1391 2270 1442 autem
2299 1387 2527 1442 Domini
2552 1396 2746 1442 manet
2777 1389 2841 1442 in
2863 1393 3147 1443 aeternum
3169 1388 3306 1458 (Isa.
3328 1403 3418 1452 XL,
3448 1387 3505 1454 6,
3529 1385 3610 1456 7).
3635 1385 3716 1441 De

2070 1491 2187 1545 qua
2207 1474 2972 1546 etApostolusloquebatur:
2992 1478 3140 1532 Caro
3153 1485 3206 1530 et
3222 1475 3718 1545 sanguisregnum

2070 1563 2176 1619 Dei
2200 1578 2310 1616 non
2363 1563 2724 1631 possidebunt
2770 1566 2816 1631 (Ι
2849 1565 2984 1619 Cor.
3017 1581 3111 1634 xv,
3159 1565 3271 1635 50).
3305 1567 3371 1618 Et
3399 1564 3459 1618 in
3505 1557 3717 1618 Genesi

2070 1650 2327 1721 loquitur
2357 1651 2508 1706 Deus
2532 1669 2543 1706 :
2566 1654 2689 1706 Non
2707 1653 3072 1720 permanebit
3092 1645 3334 1722 spiritus
3353 1667 3514 1707 meus
3543 1651 3602 1706 in
3617 1657 3718 1706 ho-

314 1743 764 1806 demonstraret,
813 1740 1124 1813 multiplici
1172 1740 1468 1811 spurcitiae
1515 1755 1724 1811 genere
1771 1739 1960 1794 defor-
1990 1775 2037 1840 B
2067 1741 2322 1794 minibus
2345 1741 2492 1802 istis,
2523 1739 2659 1811 quia
2675 1756 2817 1795 caro
2847 1750 2979 1795 sunt
3013 1740 3168 1811 (Gen.
3189 1758 3265 1808 v1,
3297 1741 3375 1811 3).
3409 1744 3478 1795 Et
3500 1739 3572 1794 ad
3594 1755 3719 1794 cre-

319 1834 480 1900 mata
508 1830 604 1887 sit.
627 1828 786 1885 Nulli
816 1835 1013 1886 autem
1035 1828 1307 1895 dubium,
1331 1829 1485 1900 quod
1510 1829 1753 1901 Egypto
1773 1827 1964 1882 vicina
1991 1827 2036 1840 ⁵’
2075 1828 2277 1883 dentes
2307 1828 2522 1883 dicitur
2545 1845 2556 1882 :
2593 1830 2704 1896 Qui
2732 1829 2791 1883 in
2818 1845 2998 1885 carne
3025 1838 3176 1895 sunt,
3209 1830 3321 1884 Deo
3336 1827 3578 1900 placere
3605 1844 3720 1883 non

321 1920 400 1985 sit
428 1913 756 1987 Palestina,
801 1919 1033 1976 dicente
1066 1917 1308 1974 Domino
1338 1919 1488 1973 167
1525 1918 1596 1972 ad
1628 1916 1961 1972 Abraham:

321 2011 487 2068 Dabo
514 2010 622 2064 tibi
649 2025 873 2064 omnem
899 2017 1118 2064 terram
1141 2024 1182 2063 a
1201 2007 1372 2078 ﬂuvio
1399 2007 1664 2079 Egypti,
1687 2022 1861 2078 usque
1889 2004 1964 2060 ad

319 2098 558 2171 ﬂuvium
584 2114 862 2170 magnum
877 2099 1224 2170 Euphratem
1246 2095 1504 2168 (Gen.xv,
1530 2097 1639 2162 48),
1673 2099 1740 2149 ut
1755 2111 1823 2150 ex
1848 2111 1964 2150 una

317 2191 488 2260 parte
515 2187 832 2259 Egyptios,
863 2191 920 2242 et
948 2203 1017 2242 ex
1045 2186 1225 2242 altera
1268 2185 1479 2240 habeat
1505 2183 1794 2254 Assyrios,
1827 2199 1962 2238 cum

322 2275 538 2348 quibus
559 2280 621 2331 et
649 2275 710 2330 in
739 2274 1162 2347 posterioribus
1190 2273 1408 2328 dicitur
1436 2272 1735 2328 fornicata.
1762 2271 1963 2326 Forni-

325 2364 474 2420 catio
505 2368 700 2420 autem
714 2363 1039 2420 Jerusalem
1053 2380 1182 2418 cum
1198 2359 1854 2434 Egyptiisﬁdololatrize
1875 2376 1967 2415 eo-

271 2449 274 2452 ’
324 2470 458 2509 rum
487 2452 738 2510 imitatio
793 2459 900 2510 est.
934 2453 1021 2508 Ad
1069 2456 1331 2508 nostram
1377 2454 1574 2506 autem
1619 2448 1964 2519 Jerusalem,

2071 1924 2326 1987 possunt.
2360 1921 2470 1972 Vos
2487 1923 2689 1972 autem
2716 1933 2831 1973 non
2855 1919 2991 1974 estis
3008 1919 3065 1973 in
3095 1934 3287 1986 carne,
3305 1919 3406 1973 sed
3425 1918 3486 1972 in
3499 1917 3724 1986 spiritu

2075 2006 2257 2075 (Rom.
2289 2022 2410 2070 vm,
2441 2006 2495 2071 8,
2520 2006 2595 2076 9).
2621 2005 2751 2060 Alia
2773 2011 2969 2062 autem
2991 2023 3124 2063 caro
3147 2011 3486 2062 sanctorum
3517 2010 3629 2072 est,
3647 2005 3723 2062 de

2079 2110 2196 2164 qua
2219 2094 2502 2165 scriptum
2529 2099 2650 2150 est:
2686 2096 2890 2151 Omnis
2917 2111 3061 2152 caro
3084 2096 3308 2151 videbit
3337 2094 3725 2152 salutareDei

2079 2182 2246 2253 (Isai.
2281 2199 2371 2250 XL,
2404 2183 2485 2252 5).

2151 2272 2338 2342 (Vere.
2369 2273 2437 2325 27
2446 2272 2497 2344 .)
2519 2276 2656 2327 Ecce
2675 2287 2779 2343 ego
2790 2274 3024 2329 extendi
3036 2275 3052 2345 [
3061 2272 3228 2346 Vulg.
3249 2273 3726 2345 παππωπιαν-

2079 2377 2215 2416 num
2234 2377 2418 2415 meam
2431 2376 2604 2430 super
2615 2367 2692 2429 te,
2711 2371 2764 2418 et
2785 2363 3061 2432 auferam
3068 2363 3542 2432 justi/teatin
3556 2371 3725 2418 tuam

2079 2449 2270 2522 [Vulg.
2285 2451 2382 2521 jus
2404 2451 2614 2520 tuum],
2638 2461 2692 2506 et
2711 2451 2859 2506 dabo
2879 2458 2935 2506 te
2951 2453 3162 2507 animis
3185 2451 3377 2524 [Vulg.
3398 2450 3722 2526 inanimae}

323 2541 447 2598 sive
479 2541 815 2609 Ecclesium,
838 2542 961 2598 sive
989 2541 1349 2597 credentium
1387 2539 1636 2610 animas,
1669 2538 1720 2593 si
1751 2538 1969 2592 fuerint
2074 2539 2387 2595 odientium
2437 2549 2511 2609 te,
2541 2542 2803 2609 ﬁliarum
2844 2543 3314 2608 Palaestinarum,
3375 2557 3498 2614 qua:
3522 2543 3721 2598 erubee

325 2630 710 2704 negligentes,
750 2629 1261 2687 etomnibusvitiis
1283 2625 1825 2700 patuerint,duplex
1842 2643 1965 2680 ma-
2075 2637 2240 2684 scunt
2269 2627 2384 2701 [AL
2416 2629 2739 2700 ardescunt]
2771 2631 2834 2684 in
2864 2631 2958 2686 via
2987 2639 3089 2685 tua
3116 2631 3427 2686 scelerata.
3445 2630 3592 2684 LXX
3617 2646 3632 2686 :
3656 2631 3724 2687 Si

325 2719 658 2776 led-ictionis
679 2736 872 2776 sermo
891 2719 1183 2790 dirigitur,
1209 2722 1273 2773 ut
1293 2717 1535 2773 audiant
1558 2732 1570 2772 :
1598 2716 1702 2785 Vae,
1728 2732 1806 2770 vw
1838 2715 1965 2784 tibi,
2077 2723 2275 2773 autem
2294 2718 2604 2774 extendere
2622 2735 2860 2774 manum
2882 2736 3074 2775 meam
3091 2735 3265 2789 super
3279 2730 3356 2786 te,
3377 2730 3435 2776 et
3452 2721 3722 2790 auferam

326 2809 420 2864 ait
447 2808 719 2863 Dominus
745 2809 911 2874 Deus,
950 2807 1123 2877 juxta
1151 2806 1294 2861 illud
1330 2805 1484 2876 quod
1528 2802 1590 2860 in
1619 2802 1966 2876 Apocalypsi
2080 2806 2328 2876 legitima
2357 2812 2538 2873 tua,et
2562 2807 2714 2862 dabo
2736 2816 2788 2862 te
2820 2809 2884 2862 in
2904 2809 3136 2864 animas
3154 2809 3476 2863 odientium
3489 2815 3546 2864 te
3573 2809 3722 2878 ﬁliai

329 2896 577 2955 Joannis
607 2894 890 2967 scriptum
911 2899 1000 2950 est
1023 2912 1036 2950 :
1072 2897 1364 2962 Vaesuper
1391 2908 1586 2948 omnes
1610 2892 1969 2949 habitatores
2078 2911 2211 2950 rum
2239 2895 2864 2968 alienigenarumquzs
2883 2905 2936 2951 te
2950 2896 3248 2952 declinare
3265 2897 3728 2971 feceruntdevia

331 2995 508 3045 terrm
555 2985 744 3057 (Apoc.
775 3001 896 3052 v1",
926 2983 1037 3055 l3).
1091 2983 1152 3039 Si
1181 2982 1338 3036 enim
1377 2986 1616 3038 sanctus
1645 2981 1825 3036 dicit:
1858 2983 1972 3038 Ad-
2080 2985 2358 3055 Quodque
2386 2984 2684 3054 sequitur:
2717 2978 3014 3055 ᾐσὲϐησας,
3049 2986 3156 3040 hoc
3185 2991 3292 3053 est,
3327 2987 3509 3057 impie
3536 2986 3724 3057 egisti,

331 3092 479 3142 vena
504 3074 1075 3146 sum,etperegrinus
1085 3075 1232 3130 sicut
1243 3087 1435 3127 omnes
1446 3079 1642 3142 patres
1666 3072 1775 3126 mei
1790 3071 1968 3142 (Psat.

2072 3075 2243 3145 juxta
2257 3072 2638 3143 Septuaginta
2660 3073 2927 3144 sequenti
2939 3073 3195 3145 capitulo
3218 3076 3726 3146 coaptatur,juxtn

333 3183 570 3232 mvm,
601 3166 722 3232 13):
771 3180 953 3235 quare
997 3179 1114 3218 non
1162 3165 1430 3234 peccator
1476 3161 1768 3216 habitator
1800 3165 1966 3217 terrae
1998 3135 2040 3202 (ἶ
2079 3165 2312 3218 caeteros
2327 3161 2790 3232 ﬁnissuperioris
2807 3167 2914 3218 est.
2934 3135 3204 3218 Extendit
3224 3135 3422 3218 autem
3437 3135 3727 3220 Dominus

333 3272 462 3315 esse
487 3255 702 3311 dicitur
720 3254 748 3308 ?
775 3253 1040 3308 [Ediﬁcat
1067 3257 1264 3307 autem
1296 3250 1407 3307 sibi
1431 3249 1698 3322 lupanar,
1731 3250 1832 3321 qui
1853 3254 1974 3306 tota

333 3345 542 3402 frontis
553 3343 818 3400 libertate
829 3341 1118 3413 delinquit
1140 3359 1152 3407 ;
1162 3341 1186 3411 j
1199 3345 1334 3395 uxta
1345 3338 1490 3395 illud
1507 3340 1660 3410 quod
1689 3339 1972 3410 scriptum

329 3439 457 3492 est:
484 3437 756 3492 Peccator
781 3447 910 3488 cum
940 3430 1157 3486 venerit
1187 3429 1610 3500 inprofundum
1627 3427 1972 3499 iniquitatis,

327 3523 642 3588 contemnit
669 3522 860 3593 (Prov.
911 3535 1070 3586 xvm,
1103 3519 1178 3591 3).
1213 3519 1283 3573 Et
1324 3517 1570 3573 exstruit
1615 3516 1975 3572 altissimum

331 3613 526 3672 locum
557 3611 616 3666 in
638 3608 866 3666 cunctis
889 3607 1124 3681 plateis:
1161 3609 1310 3665 Lata
1323 3606 1478 3663 enim
1507 3614 1565 3661 et
1581 3606 1846 3678 spatiosa
1875 3605 1976 3660 via

330 3711 414 3764 est
442 3715 571 3774 quae
589 3699 747 3756 ducit
769 3698 848 3755 ad
865 3703 1131 3752 mortem.
1161 3698 1232 3753 Et
1251 3695 1310 3751 in
1326 3695 1486 3752 omni
1503 3695 1688 3766 capite
1717 3694 1820 3749 vite
1843 3693 1976 3748 tedi-

331 3791 500 3859 ﬁcat;
534 3793 598 3845 ut
618 3787 783 3844 nulla
799 3791 1167 3860 peccatorum
1190 3802 1403 3858 genera
1442 3784 1838 3854 derelinquat;
1873 3782 1974 3838 sed

330 3879 575 3936 imitans
602 3880 861 3935 scortum
911 3875 1372 3943 Proverbiorum,
1422 3873 1729 3930 manifeste
1758 3872 1819 3927 in
1851 3870 1974 3943 pla-

331 3969 444 4029 teis,
473 3972 532 4024 et
561 3967 620 4024 in
650 3965 885 4038 angulis
915 3964 1263 4036 platearum,
1312 3967 1725 4035 praetereuntes
1764 3961 1975 4016 stultos

325 4057 572 4128 juvenes
602 4055 674 4112 ad
703 4071 847 4111 suos
875 4053 1082 4109 invitet
1119 4052 1444 4124 amplexus,
1476 4055 1532 4107 et
1561 4050 1783 4122 polluat
1806 4050 1976 4105 deco-

331 4159 456 4202 rem
490 4143 721 4214 anima,
775 4156 948 4213 quem
979 4158 1083 4212 pro
1131 4140 1412 4196 beneﬁcio
1445 4157 1479 4195 a
1525 4139 1641 4194 Deo
1678 4138 1975 4194 conditore

331 4233 541 4292 sortita
570 4235 661 4288 est
700 4232 899 4299 (Prov.
932 4247 967 4285 ν
1014 4236 1069 4284 et
1098 4229 1222 4299 vn).
1255 4229 1326 4283 Et
1377 4227 1575 4283 omnia
1599 4227 1808 4283 itinera
1846 4226 1975 4297 ejus

331 4322 508 4396 plena
532 4323 674 4378 sunt
698 4317 1102 4391 turpitudinis,
1133 4317 1476 4388 cunctisque
1524 4315 1973 4388 cogitationibus

332 4428 460 4483 quae
516 4409 792 4466 vitiorum
843 4407 1135 4463 incentiva
1191 4405 1588 4479 suppeditant,
1649 4405 1835 4476 aperit
1875 4421 1974 4459 cor

2083 3266 2258 3322 super
2283 3250 2608 3305 Jerusalem
2640 3267 2882 3305 manum
2924 3267 3114 3317 suam,
3162 3256 3226 3306 ut
3256 3253 3509 3324 corrigat
3537 3251 3726 3307 delin—

2084 3342 2379 3409 quentem,
2411 3342 2468 3394 et
2499 3338 2722 3394 auferat
2740 3337 3308 3411 legitimaejus,quaa
3327 3341 3610 3410 quamdiu
3625 3340 3726 3396 Dei

2084 3433 2369 3499 pracepta
2413 3427 2701 3494 servabat,
2761 3427 3028 3499 legitima
3075 3429 3306 3483 Domini
3355 3428 3728 3486 dicebantur;

2084 3517 2322 3582 Quando
2353 3533 2486 3571 vero
2503 3517 2764 3571 adoravit
2785 3516 2959 3587 idola,
2981 3522 3041 3572 et
3069 3517 3411 3589 religionem
3444 3518 3505 3573 in
3523 3518 3732 3591 impie-

2082 3609 2261 3661 tatem
2284 3605 2551 3673 mutavit,
2573 3621 2947 3677 nequaquam
2972 3607 3050 3677 (b)
3066 3605 3500 3678 legitimaillius
3521 3607 3730 3680 appel-

2083 3694 2297 3750 lantur.
2327 3693 2490 3756 Quod
2524 3711 2638 3750 non
2674 3693 2863 3750 solum
2894 3695 2953 3748 in
2985 3693 3109 3766 lege
3137 3699 3195 3749 et
3222 3694 3608 3765 caeremoniis,
3623 3697 3728 3752 sed

2084 3782 2139 3837 in
2175 3783 2432 3838 sabbatis
2462 3798 2692 3854 quoque
2723 3787 2780 3838 et
2829 3782 3036 3839 diebus
3095 3783 3259 3839 festis
3317 3788 3373 3839 et
3403 3784 3732 3840 neomeniis

2083 3870 2488 3942 accipiendum
2517 3876 2624 3926 est.
2659 3871 2818 3926 Dans
2845 3871 3002 3926 enim
3034 3870 3246 3943 legem,
3301 3871 3422 3929 ait:
3460 3873 3731 3929 Sabbata

2082 3977 2216 4017 mea
2245 3969 2298 4016 et
2329 3961 2638 4034 dies/cstas
2657 3960 3079 4023 meos.Quando
3105 3964 3303 4016 autem
3326 3964 3669 4018 receserunt
3687 3977 3725 4018 a

2083 4048 2220 4115 Deo,
2253 4048 2468 4104 dicitur
2495 4049 2578 4105 eis
2603 4091 2614 4103 .
2648 4048 2987 4105 Neomenias
3010 4055 3251 4116 vestras,
3282 4058 3336 4105 et
3361 4052 3628 4118 sabbata,
3669 4054 3729 4105 et

2083 4137 2231 4193 diem
2250 4153 2519 4208 magnum
2541 4153 2651 4194 non
2665 4139 2738 4210 (c)
2751 4141 3035 4208 recipiam
3055 4140 3177 4208 :Jej
3186 4139 3378 4194 unium
3387 4147 3446 4193 et
3455 4141 3735 4201 otium,“

2082 4226 2470 4281 solemnitates
2516 4232 2735 4282 vestras
2780 4227 2902 4282 odit
2931 4228 3136 4282 anima
3164 4244 3291 4282 mea
3319 4226 3514 4297 (Exod.
3547 4242 3682 4281 xxxi
3702 4243 3728 4288 ,-

2083 4317 2243 4370 Deut.
2277 4332 2348 4384 v;
2384 4316 2513 4370 Isai.
2551 4333 2589 4384 ι,
2624 4316 2730 4387 44).
2766 4316 2927 4381 Quod
2988 4320 3045 4372 et
3084 4316 3154 4371 de
3187 4315 3398 4388 populo
3436 4315 3733 4387 scriptum»

2082 4410 2171 4460 est
2196 4404 2641 4475 (Deut.vn).Qui
2671 4404 2828 4460 enim
2859 4404 3024 4476 prius
3056 4405 3158 4460 Dei
3193 4405 3446 4477 pOpulus
3473 4405 3726 4462 vocaba-

329 4515 529 4565 suum,
561 4503 616 4555 et
645 4506 816 4554 crura
847 4495 1146 4565 divaricet,
1179 4500 1237 4552 et
1284 4495 1602 4551 fornicatur
1631 4510 1764 4548 cum
1804 4495 1973 4566 lEgy-
2003 4499 2049 4564 1)
2082 4498 2196 4564 tur,
2231 4497 2541 4566 postquam
2573 4493 2814 4548 recessit
2840 4510 2874 4548 a
2902 4493 3170 4557 Domino,
3205 4494 3421 4549 dicitur
3456 4495 3530 4550 de
3556 4510 3624 4550 eo
3655 4493 3732 4549 ad

326 4587 470 4662 ptiis
499 4585 707 4643 vicinis
737 4585 883 4655 suis,
907 4601 1158 4657 quorum
1185 4583 1448 4655 exempla
1473 4586 1748 4650 sectatur,
1781 4582 1972 4638 ethni-

329 4679 413 4736 cis
443 4675 730 4743 videlicet,
765 4674 866 4747 qui
897 4675 956 4730 in
987 4675 1112 4730 suis
1142 4672 1607 4745 turpitudinibus
1628 4671 1972 4744 gloriantur,

327 4772 385 4825 et
414 4772 534 4824 tam
561 4765 785 4825 nefaria
814 4768 922 4833 est,
956 4767 1021 4820 ut
1050 4764 1209 4835 ipsos
1238 4777 1472 4833 quoque
1503 4765 1736 4833 superet
1765 4761 1825 4816 in
1857 4766 1976 4816 tur-

327 4857 616 4928 pitudine.
648 4857 716 4911 Et
745 4854 867 4909 haec
909 4852 1106 4909 omnia
1136 4850 1290 4917 facit,
1322 4856 1388 4906 ut
1419 4852 1598 4905 Deum
1639 4850 1709 4905 ad
1741 4851 1971 4906 iracun-

335 4943 497 4999 diam
530 4947 819 5014 provocet.
846 4943 1190 5015 Magnarum
1214 4945 1409 4996 autem
1433 4939 1698 4995 carnium
1724 4940 1976 5011 lEgyptii

330 5047 461 5087 esse
490 5031 788 5098 dicuntur,
819 5032 938 5087 sive
968 5031 1040 5087 ob
1072 5029 1455 5102 turpitudinis
1486 5027 1970 5099 magnitudinem,

327 5120 448 5178 sive
479 5119 550 5175 ob
582 5125 950 5190 peccatorum
1011 5118 1462 5175 deformitatem.
1517 5115 1679 5171 Unde
1711 5119 1968 5184 sanctus,

327 5208 595 5268 carnium
628 5206 842 5262 dicitur
871 5209 1267 5279 parvularum,
1293 5223 1421 5278 quae
1450 5205 1508 5259 in
1539 5221 1605 5260 eo
1627 5206 1973 5261 decrescunt

385 5363 1269 5494 {(a)Utramquelectionem,qua3
1284 5381 1458 5438 penes
1475 5365 1618 5421 LXX
1631 5364 1970 5430 erat,recole

411 5441 569 5494 crius
599 5439 660 5494 in
711 5453 837 5494 can.
869 5451 1018 5494 κων.
1069 5437 1167 5492 ubi
1201 5438 1588 5494 Hieronvmus
1634 5437 1965 5494 Attenuata.

324 5437 569 5496 inferius
599 5439 660 5494 in
711 5453 837 5508 cap.
869 5451 1018 5503 XLIV,
1069 5437 1175 5492 ubi
1201 5437 1588 5510 Hieronymus
1634 5437 1965 5510 Attenuatis,

324 5511 537 5584 inquit,
541 5513 638 5584 jej
644 5507 800 5566 uniis
813 5525 976 5584 caro,
995 5514 1050 5563 et
1064 5507 1794 5581 circumcisabontinentia,
1812 5507 1971 5584 fugit

323 5580 698 5663 opprobrium
722 5580 1150 5660 Egyptiarum,
1182 5585 1293 5644 etc.

2085 4583 2320 4654 Moysen
2330 4583 2612 4637 :Peccavit
2626 4581 3018 4652 populustuns
3031 4599 3197 4653 quem
3211 4582 3468 4638 eduxisti
3479 4583 3550 4639 de
3570 4590 3733 4639 terra

2083 4672 2313 4743 Egypti
2339 4671 2539 4742 (Exod.
2565 4688 2744 4738 xxxu,
2776 4672 2854 4742 7).
2890 4671 3025 4734 Quae
3057 4671 3150 4726 hic
3197 4672 3461 4727 extensio
3489 4685 3726 4736 manus,

2083 4761 2221 4815 alibi
2254 4760 2520 4823 elevatio,
2553 4759 2672 4815 sive
2703 4760 2954 4815 visitatio
2998 4761 3233 4816 dicitur.
3295 4760 3536 4823 Quando
3568 4761 3732 4817 enim

2084 4853 2414 4921 peccantem
2443 4865 2556 4902 non
2571 4848 2813 4920 corripit
2831 4848 3296 4917 Deus,contrabit
3310 4865 3550 4906 manum
3572 4853 3610 4905 I
3623 4850 3730 4906 θο

2084 4955 2272 4994 suam.
2305 4936 2403 4992 Sin
2437 4941 2631 4991 autem
2664 4937 3005 5008 peccaverit,
3035 4941 3091 4992 et
3121 4938 3180 4991 in
3204 4937 3305 4992 Dei
3337 4937 3463 5010 lege
3486 4938 3730 5010 eruperit

2083 5031 2379 5099 aegrotare,
2399 5025 2654 5080 mittitur
2669 5027 2737 5080 ad
2759 5042 2891 5080 eum
2913 5026 3166 5080 visitatio
3193 5027 3392 5098 ;juxta
3405 5026 3552 5082 illud
3567 5026 3721 5098 quod

2080 5116 2139 5171 in
2172 5114 2396 5187 psalmo
2429 5114 2694 5169 canitur:
2729 5113 2788 5169 Si
2815 5105 3243 5186 dereliquerunt
3273 5116 3384 5180 ﬁlii
3401 5118 3527 5186 ejus
3545 5117 3727 5185 legem

2079 5208 2348 5271 meam,et
2363 5203 2420 5258 in
2434 5201 2685 5275 judiciis
2701 5203 2842 5258 meis
2862 5220 2975 5259 non
3000 5203 3426 5261 ambulaverint
3450 5203 3727 5262 :visitabo

2151 5368 2228 5436 (b)
2259 5365 2339 5437 Ea
2369 5363 2583 5419 nostris
2603 5368 2660 5418 et
2677 5362 2912 5418 Victorii
2946 5369 3298 5437 mss.utpote
3329 5367 3730 5424 necessariam

2079 5434 2331 5509 negandi
2361 5450 2944 5509 cocemnequaquam
2993 5434 3422 5509 supplevimus.

2148 5465 2149 5485 ξ
2194 5454 2331 5493 anui
2361 5454 2556 5492 cocem
2585 5454 2938 5505 nequaquam
2993 5454 3422 5509 suppleVImus.

2148 5454 2219 5582 (ge)
2252 5508 2496 5582 Reponit
2524 5507 2736 5566 Victor.
2770 5508 3004 5578 recipio,
3035 5525 3104 5566 ex
3133 5509 3297 5581 LXX,
3330 5508 3430 5566 οὐκ
3448 5510 3724 5589 ἀνέχομαι
