4052 6180
324 365 439 436 ηδ

956 367 1707 439 GOMMENTARIORUM
1748 374 1830 438 IN
1869 371 2375 441 EZECHIELEM
2419 373 2570 441 LIB.
2618 373 2691 456 ν,
2742 376 2916 444 CAP.
2961 373 3124 447 XVl.

3621 375 3740 445 H6

321 507 388 564 ει
410 506 568 578 uirga
608 500 932 580 iniquitates
975 523 1170 564 eorum
1203 509 1378 579 (Psal.
1414 525 1684 576 Lxxxvm,
1719 511 1807 575 3i,
1855 511 1972 578 3'2).
2005 510 2055 576 Α
2090 527 2261 577 naan,
2296 515 2348 566 et
2379 512 2803 576 Chaldaeorum;
2825 523 2876 570 et
2892 531 3066 587 neque
3083 516 3142 571 in
3170 514 3290 571 istis
3308 510 3526 588 expleta
3541 529 3614 572 es.
3637 512 3743 571 Su"

318 595 390 653 Et
414 597 476 652 in
503 595 616 652 hoc
637 595 924 668 propheta
941 596 1229 669 scriptum
1248 602 1338 653 est
1359 615 1372 653 :
1408 600 1567 654 terra
1585 600 1638 654 si
1663 600 1967 672 peccaverit

311 687 457 741 mihi
482 689 549 740 ut
574 685 856 756 delinquat
901 686 1178 757 delictum,
1209 689 1504 743 extendam
1529 705 1758 743 manum
1787 706 1968 744 meam

308 791 482 847 super
509 790 650 841 eam,
685 778 734 828 et
778 783 1059 830 conteram
1087 776 1496 843 ﬁrmamentum
1541 779 1704 848 panis
1735 781 1876 848 ejus,
1911 783 1969 833 et

314 862 560 935 reliqua.
594 863 657 917 1n
689 879 806 934 quo
838 863 1179 935 quaerimus,
1214 865 1356 936 quid
1389 865 1466 920 sit
1495 865 1648 920 inter
1672 866 1964 922 extensio—

313 968 454 1008 uem
499 967 728 1020 manus,
778 956 836 1006 et
865 951 1242 1008 emissionem
1274 954 1422 1023 ejus.
1458 954 1740 1025 Loquitur
1769 959 1962 1010 autem

319 1040 585 1096 diabolus
612 1040 684 1094 ad
714 1040 1032 1096 Dominum
1059 1057 1074 1095 :
1116 1043 1280 1098 Mitte
1298 1058 1526 1097 manum
1546 1047 1700 1099 tuam
1726 1047 1778 1098 et
1803 1047 1968 1112 tange

315 1130 498 1186 omnia
528 1144 650 1200 quae
681 1127 880 1184 habet:
910 1130 1024 1184 nisi
1050 1132 1110 1184 in
1147 1132 1292 1202 facie
1325 1131 1660 1187 benedixerit
1691 1133 1794 1187 tibi
1823 1133 1964 1204 (Job.

309 1232 372 1282 ιι,
404 1216 484 1286 5).
515 1217 882 1289 Videturque
912 1218 1058 1273 mihi
1106 1218 1261 1274 mitti
1296 1236 1531 1288 manus,
1568 1221 1638 1276 ad
1671 1221 1965 1292 probatio-

299 1321 446 1362 nem
467 1322 676 1362 eorum
700 1307 919 1378 quibus
940 1307 1231 1363 mittitur:
1258 1308 1487 1364 extendi
1508 1314 1727 1379 autem,
1754 1312 1826 1366 ad
1854 1328 1971 1382 pce-

303 1411 413 1450 uas
442 1409 659 1450 eorum
691 1394 795 1467 qui
825 1401 1126 1452 merentur
1153 1395 1458 1468 supplicia.
1497 1398 1610 1453 Nec
1647 1397 1840 1454 solum
1873 1415 1966 1454 ex-

303 1483 499 1538 tensio
524 1486 582 1539 et
598 1482 894 1539 immissio
918 1502 930 1552 ;
957 1485 1058 1540 sed
1081 1485 1356 1556 expansio
1379 1502 1592 1542 manus
1605 1487 1706 1542 Dei
1729 1487 1908 1542 dicitu
1919 1505 1964 1560 r,

185 1639 194 1646 ν
303 1571 459 1628 Isaia
485 1588 558 1627 ex
576 1587 832 1644 persona
861 1573 1094 1628 Domini
1125 1573 1560 1645 proclamante:
1597 1577 1722 1630 Tota
1755 1577 1841 1633 die
1871 1593 1966 1632 ea:-

302 1661 476 1732 ραΜί
530 1678 734 1716 manus
774 1678 927 1717 meas
971 1662 1042 1717 ad
1086 1669 1352 1734 populum
1395 1680 1504 1718 non
1549 1665 1874 1731 credentem,
1919 1675 1969 1720 et

298 1749 770 1806 contradicentem
801 1752 932 1819 (Isa.
966 1768 1094 1818 va,
1123 1752 1200 1822 2).
1233 1752 1484 1808 Sanctus
1513 1769 1747 1824 quoque
1777 1753 1968 1809 levare

297 1845 582 1895 narratur
633 1855 870 1905 manus,
923 1839 1230 1912 Scriptura
1259 1841 1526 1896 dicente:
1577 1843 1820 1898 Etevatio
1851 1859 1965 1898 ma-
1997 1881 2044 1945 B

294 1944 436 1984 mem
484 1943 742 1984 mearum
792 1929 1138 1999 sacriﬁcium
1170 1931 1544 2000 vespertinum
1575 1933 1684 1993 (Ps.
1727 1947 1852 1999 CXL,
1885 1934 1962 2003 2).

295 2016 570 2073 Sublatis
598 2020 800 2073 autem
851 2015 1131 2089 legitimis
1165 2017 1260 2073 Dei
1293 2035 1328 2072 a
1358 2019 1572 2090 populo
1603 2019 1963 2086 Iudaeorum,

293 2105 740 2177 interrogemus
761 2122 860 2160 eos
883 2121 1061 2177 quam
1081 2105 1336 2161 habeant
1352 2105 1498 2178 legis
1510 2108 1961 2164 observantiam.

297 2190 473 2250 Victi‘
459 2209 591 2250 mas
613 2193 847 2250 sublato
876 2193 1094 2265 templo
1117 2198 1292 2266 atque
1324 2196 1601 2251 subverso
1623 2197 1827 2252 offerre
1847 2214 1962 2252 non

302 2287 598 2355 possunt;
633 2298 742 2338 nec
757 2282 1157 2338 adulterarum
1183 2284 1480 2355 lapidatio,
1506 2289 1964 2358 ceterorumque

309 2371 629 2427 criminum
657 2371 784 2444 lege
815 2387 1095 2427 concessa
1123 2372 1378 2428 exerceri
1409 2379 1618 2445 potest,
1651 2379 1708 2430 et
1736 2376 1962 2430 vacatio

305 2462 485 2518 terra
515 2476 664 2515 anno
681 2459 1072 2527 remissionis,
1097 2465 1155 2516 et
1176 2465 1381 2518 caetera
1404 2461 1836 2532 hujuscemodi.
1857 2463 1964 2518 Da-

303 2553 408 2605 tur
430 2552 630 2604 autem
649 2548 704 2604 in
729 2548 959 2604 animas
981 2549 1306 2605 odientium
1330 2566 1394 2606 se
1422 2550 1679 2606 ﬁliarum
1704 2551 1962 2608 Palaesti-

299 2636 786 2709 narum,quaudo
807 2637 1063 2693 traditur
1090 2637 1596 2710 Palaestinis,quos
1619 2639 1956 2696 indifferen-

298 2729 394 2782 ter
421 2725 814 2798 Septuaginta
830 2727 1171 2797 alienigenas
1187 2731 1426 2783 vocant:
1461 2743 1607 2798 quas
1639 2727 1961 2802 intelligere

294 2831 652 2888 possumus,
678 2814 859 2870 urbes
877 2814 964 2870 vel
989 2814 1203 2886 oppida
1226 2815 1563 2872 Palaestinae.
1589 2816 1801 2872 Nostra
1823 2834 1962 2888 quo-

289 2920 410 2977 que
435 2903 804 2970 Jerusalem,
834 2904 882 2959 si
934 2904 1391 2975 praeterierimus
1430 2906 1805 2960 caeremonias
1841 2907 1958 2977 Dei,

289 2997 348 3051 et
374 2997 629 3052 extenta
682 2992 858 3049 fuerit
900 3010 1114 3050 manus
1141 2995 1271 3064 ejus
1309 3010 1488 3065 super
1520 3012 1648 3064 nos,
1681 3000 1738 3050 et
1766 2995 1962 3052 ablata

288 3086 516 3140 cuncta
543 3081 696 3154 legis
725 3081 1115 3152 observantia,
1144 3083 1411 3138 tradetur
1441 3082 1674 3139 ﬁliabus
1704 3083 1959 3140 Palaesti-

293 3188 382 3228 nae
413 3176 478 3228 et
512 3187 633 3226 non
683 3170 841 3226 ﬁliis.
875 3170 1074 3242 Neque
1123 3171 1283 3227 enim
1313 3171 1570 3242 primum
1619 3172 1956 3228 fortioribus

2083 615 2192 670 pra
2221 601 2509 672 scriptum
2541 607 2654 667 est,
2686 602 3014 660 Jerusalem
3055 603 3404 661 fornicatam
3435 620 3571 661 cum
3600 600 3741 663 ﬁliis

2074 689 2303 759 Egypti
2334 690 2541 746 vicinis
2575 691 2721 757 suis,
2756 691 2857 764 qui
2884 696 3024 748 sunt
3049 709 3397 765 magnarum
3434 693 3737 750 carnium:

2074 775 2169 854 hic
2200 775 2382 832 altera
2413 779 2788 850 Assyriorum
2817 779 3082 836 vicinitas
3114 780 3422 837 indicatur.
3461 781 3530 837 Et
3558 798 3738 854 prop-

2073 851 2230 920 terea
2246 865 2511 938 utrisque
2530 869 2842 924 traduntur
2856 869 3150 941 gentibus,
3181 870 3320 942 quia
3349 851 3737 942 utrarumque

2074 952 2392 1010 simulacra
2405 957 2657 1012 venerati
2674 961 2831 1028 sunt,
2847 957 2904 1011 in
2911 957 3356 1029 gradientesque
3379 958 3706 1015 Chaldzeam
3718 1002 3736 1025 ,

2072 1058 2200 1113 quae
2233 1051 2320 1099 est
2351 1046 2506 1098 terra
2536 1045 2832 1113 Chanaan,
2864 1046 3076 1102 imitati
3110 1051 3250 1102 sunt
3277 1063 3481 1103 eorum
3513 1063 3738 1104 errores

2077 1146 2325 1202 quorum
2340 1130 2585 1203 imperio
2600 1135 2729 1205 subj
2737 1135 3340 1191 acebant.Secundum
3352 1135 3738 1208 tropologiam

2075 1219 2146 1274 de
2175 1219 2307 1275 aliis
2339 1221 2591 1292 peccatis
2634 1223 2705 1277 ad
2748 1221 2862 1278 alia
2900 1239 3052 1295 sape
3103 1223 3452 1280 transimus.
3479 1227 3741 1300 Cumque

2077 1324 2191 1362 non
2212 1309 2506 1380 egerimus
2525 1310 2784 1381 priorum
2805 1310 3092 1367 scelerum
3113 1312 3540 1384 pcenitentiam,
3563 1329 3737 1384 auge-

2077 1412 2210 1451 mus
2241 1396 2451 1453 delicta
2477 1397 2726 1466 delictis,
2759 1403 2818 1455 et
2863 1399 3025 1456 nullo
3058 1416 3252 1456 errore
3285 1403 3596 1472 satiamur,
3629 1402 3735 1458 sed

2076 1485 2246 1556 quasi
2277 1486 2415 1541 fune
2446 1486 2619 1559 longo
2651 1492 2708 1543 et
2755 1488 3004 1561 corrigia
3025 1479 3160 1561 jugi
3191 1488 3410 1558 vitula,
3442 1489 3738 1547 trahimus

2076 1578 2331 1644 peccata,
2366 1578 2422 1629 et
2469 1579 2885 1631 testamentum
2916 1581 3207 1640 nostrum,
3239 1577 3360 1633 sive
3391 1577 3736 1634 fornicatio-

2075 1678 2210 1717 nem
2230 1663 2690 1734 multiplicamus
2720 1663 2781 1720 in
2807 1669 2963 1720 terra
2980 1665 3264 1730 Chanaan,
3293 1681 3423 1737 quae
3448 1665 3735 1738 interpre-

2074 1755 2258 1818 tatur,
2288 1756 2447 1823 quasi
2474 1753 2782 1825 ﬂuctuatio,
2813 1758 2870 1809 et
2899 1770 3034 1809 cum
3067 1753 3372 1821 Chaldaeis,
3407 1754 3506 1830 qui
3545 1757 3603 1810 et
3618 1755 3734 1828 ipsi

2075 1839 2384 1895 nobiscum
2415 1846 2647 1906 sonant,
2702 1843 2862 1912 quasi
2889 1841 3171 1899 daemonia
3223 1842 3394 1912 (Psal.
3427 1857 3618 1910 mut,
3651 1843 3729 1916 3).

2076 1928 2438 2000 Semperque
2465 1928 2710 2001 vestigia
2739 1929 3028 1987 habemus
3058 1930 3118 1985 in
3151 1930 3298 1996 salo,
3319 1933 3378 1986 et
3397 1937 3728 2006 numquam

2074 2031 2392 2086 possumus
2421 2018 2633 2073 dicere:
2683 2019 2875 2073 statuit
2901 2034 3074 2089 supra
3099 2026 3314 2089 petram
3351 2018 3511 2090 pedes
3556 2033 3725 2075 meos.

2076 2103 2608 2178 Haeretioorumque
2620 2106 3005 2178 pravitatibus
3019 2106 3734 2178 subjicimur,quihabent

2073 2192 2528 2250 similitudinem
2548 2196 2877 2251 daemonum
2899 2214 2911 2250 :
2931 2196 3053 2251 sive
3079 2195 3225 2267 ipsis
3240 2197 3636 2264 Dasmonibus,
3656 2197 3728 2253 de

2074 2282 2291 2353 quibus
2326 2283 2541 2338 Paulus
2570 2284 2773 2339 scribit
2797 2302 2809 2339 :
2835 2288 2956 2341 Non
2984 2293 3064 2340 est
3080 2285 3239 2340 nobis
3261 2301 3448 2356 pugna
3468 2286 3727 2341 adversus

2070 2386 2293 2427 carnem
2322 2376 2373 2426 et
2401 2375 2744 2442 sanguinem,
2777 2373 2869 2428 sed
2897 2373 3193 2428 adversum
3221 2378 3455 2430 rectores
3475 2373 3726 2430 tenebra-

2070 2476 2198 2514 rum
2226 2462 2482 2531 istarum,
2511 2462 2800 2517 adversum
2822 2462 3143 2532 spiritantia
3173 2463 3439 2533 nequitiae
3473 2463 3535 2517 in
3564 2463 3722 2519 etsie-

2069 2549 2244 2604 stibus
2274 2550 2489 2620 (Ephes.
2524 2566 2598 2615 v1,
2646 2549 2756 2619 12).
3319 2553 3321 2555 ’

2141 2637 2324 2708 (Vers.
2357 2639 2445 2709 30,
2479 2637 2592 2709 31.)
2638 2640 2703 2693 1η
2731 2653 2834 2710 quo
2860 2637 3133 2694 mandabo
3161 2651 3254 2694 cor
3294 2645 3468 2706 tuum,
3501 2639 3584 2694 ait
3610 2639 3716 2694 Do-

2067 2727 2254 2781 minus
2299 2728 2459 2798 Deus,
2491 2743 2616 2781 cum
2653 2728 2828 2797 facias
2857 2728 2976 2783 hac
3023 2729 3219 2784 omnia
3247 2743 3414 2799 opera
3457 2727 3715 2784 mulieris

2070 2817 2393 2884 meretricis,
2407 2824 2459 2873 et
2476 2818 2721 2888 procacis
2736 2821 2761 2869 Ρ
2788 2818 2934 2886 Quia
2946 2816 3218 2887 fabricata
3239 2833 3294 2872 es
3312 2816 3548 2888 lupanar
3562 2821 3720 2872 tuum

2070 2906 2134 2959 in
2162 2907 2338 2976 capite
2366 2907 2548 2960 omnis
2578 2907 2704 2975 vim,
2735 2905 3079 2961 etcxcelsum
3097 2909 3252 2963 tuum
3283 2907 3464 2976 fecisti
3482 2906 3544 2961 in
3564 2907 3718 2961 omni

2067 2992 2288 3064 platea:
2335 3010 2434 3050 nec
2475 2998 2622 3066 facta
2669 3011 2724 3050 es
2774 2996 2930 3065 quasi
2978 2996 3244 3050 meretrix
3293 2994 3516 3065 fastidio
3561 2996 3711 3050 1η

2069 3099 2272 3153 augens
2298 3085 2556 3154 pretium.
2594 3083 2770 3139 LXX:
2816 3083 2958 3152 Quid
2996 3085 3205 3156 faciam
3232 3082 3386 3139 cordi
3433 3086 3547 3151 tuo,
3578 3083 3720 3138 dicit

2068 3171 2284 3227 Adonai
2311 3173 2597 3239 Dominus,
2621 3188 2743 3227 cum
2771 3173 2965 3240 feceris
2985 3173 3102 3230 hac
3130 3174 3318 3229 omnia
3335 3187 3502 3244 opera
3518 3173 3722 3228 mulie-

291 3259 616 3333 suppliciis
643 3260 957 3326 tradimur,
989 3259 1090 3316 sed
1110 3261 1282 3331 juxta
1312 3265 1679 3331 peccatorum
1711 3261 1961 3333 qualita-
1995 3247 2037 3313 C
2074 3261 2155 3314 ris
2182 3261 2584 3330 fornicarim,et
2609 3260 2984 3332 impudentis?
3001 3268 3057 3327 ρξα
3085 3266 3138 3317 et
3156 3261 3436 3334 fbrnicata
3448 3276 3504 3317 es
3527 3261 3720 3332 tripli-

290 3353 440 3417 κω,
496 3347 914 3404 inferioribus:
965 3356 1028 3403 ut
1075 3349 1322 3421 correpti
1357 3349 1414 3403 in
1475 3350 1708 3414 minori,
1742 3352 1966 3421 majora

291 3438 682 3496 oruciatuum
715 3441 1009 3493 tormenta
1037 3438 1307 3493 vitemus.
1331 3438 1696 3503 Philisthiim,
1721 3439 1828 3494 hoc
1853 3445 1961 3507 est,

299 3528 627 3596 Palestini,
662 3526 855 3599 prima
882 3526 1211 3583 litterarum
1229 3532 1390 3598 parte
1413 3533 1660 3599 mutata,
1686 3530 1966 3601 interpre—

298 3620 510 3673 tantur
537 3615 795 3672 cadenles
823 3617 1039 3687 poculo,
1072 3616 1191 3672 sive
1219 3619 1472 3687 fractura
1505 3617 1697 3687 [Forte
1728 3619 1963 3688 actura].

297 3709 409 3762 Per
437 3722 574 3778 quas
608 3704 984 3776 signiﬁcatur
1008 3704 1324 3760 tradendos
1355 3721 1463 3761 nos
1491 3705 1834 3762 adversariis
1866 3723 1967 3778 po-

297 3792 647 3860 testatibus,
680 3809 811 3864 quae
863 3794 1138 3849 biberunt
1186 3794 1257 3848 de
1303 3792 1481 3849 calice
1532 3793 1863 3867 Babylonis,
1913 3797 1972 3850 et

299 3885 679 3948 corruerunt,
713 3887 774 3936 et
801 3897 1056 3952 quarum
1075 3897 1253 3953 Opera
1281 3897 1553 3952 perversa
1575 3887 1734 3937 sunt.
1761 3884 1968 3939 Tanta-

303 3987 430 4042 que
478 3969 590 4024 erit
613 3969 842 4026 miserae
889 3969 1219 4025 Jerusalem
1269 3970 1553 4041 correptio
1599 3975 1772 4041 atque
1804 3971 1966 4043 igno-

314 4056 533 4124 minia,
565 4061 628 4112 ut
663 4059 1017 4115 erubescant
1062 4057 1239 4114 etiam
1271 4060 1426 4114 I70
1456 4058 1598 4130 ipsae
1624 4059 1968 4116 adversariae

312 4149 640 4219 potestates
681 4163 861 4218 super
892 4150 1230 4202 nostrorum
1263 4147 1670 4219 magnitudine
1701 4154 1969 4218 peccato-

307 4253 469 4294 rum.
506 4236 672 4302 Quod
703 4252 812 4291 nos
842 4235 1209 4306 interpretati
1259 4252 1466 4291 sumus
1498 4237 1674 4307 juxta
1702 4237 1968 4308 Symma-

305 4325 516 4390 chum.
545 4325 856 4380 scelerata:
880 4323 1201 4380 Theodotio
1234 4323 1426 4395 ipsum
1458 4325 1698 4380 verbum
1731 4325 1968 4381 Hebrai-

305 4429 444 4471 cum
468 4412 670 4485 posuit
685 4413 762 4483 (α)
782 4429 982 4468 ΖεΜΜΑ
999 4413 1188 4483 (nm).
1207 4411 1671 4468 Sublatisautem
1694 4430 1967 4469 caeremo-

308 4503 432 4560 niis
457 4502 567 4559 Dei
584 4501 851 4573 apopulo
877 4501 1239 4567 Judaaorum,
1263 4502 1334 4556 ad
1357 4517 1462 4556 nos
1483 4519 1616 4557 cum
1642 4502 1967 4558 sacerdotio

2073 3351 2213 3405 citer
2239 3351 2302 3403 in
2333 3349 2548 3416 ﬁliabus
2566 3351 2676 3404 tuis
2723 3349 2978 3420 :quando
2998 3349 3552 3421 aediﬁcasti'lupanar
3569 3351 3729 3405 tuum

2075 3439 2134 3492 in
2160 3440 2437 3508 principio
2467 3440 2643 3492 omnis
2676 3439 2802 3504 vim,
2827 3442 2878 3492 et
2910 3439 3086 3493 basim
3105 3447 3265 3494 tuam
3291 3437 3477 3510 fecisti
3494 3439 3558 3492 in
3571 3439 3723 3492 omni

2072 3528 2287 3598 platea:
2319 3531 2371 3582 et
2395 3543 2504 3582 non
2531 3529 2694 3598 fuisti
2713 3527 2873 3599 quasi
2894 3527 3506 3596 meretrixcongregans
3526 3541 3727 3582 meroe-

2076 3616 2189 3670 des.
2223 3616 2507 3687 Quodque
2553 3615 2748 3670 dixere
2791 3615 3205 3687 Septuaginta:
3259 3619 3323 3676 Et
3367 3617 3645 3686 fornicata
3671 3630 3726 3670 es

2079 3706 2374 3775 tripliciter
2401 3706 2458 3758 in
2490 3704 2716 3774 ﬁliabus
2745 3705 2874 3774 tuis,
2905 3703 2965 3758 in
2997 3703 3274 3758 llebraico
3306 3719 3421 3757 non
3453 3703 3724 3773 habetur,

2080 3809 2184 3847 nec
2215 3792 2466 3848 aliorum
2500 3793 2890 3863 Interpretum
2925 3789 3216 3862 quispiam
3251 3790 3466 3862 posuit.
3491 3790 3727 3844 Ἐπαπο-

2082 3883 2322 3954 ρητικῶς
2353 3881 2728 3952 (contentiose)
2760 3883 2957 3935 autem
2988 3879 3111 3934 haec
3141 3878 3341 3934 omnia
3380 3878 3450 3934 ad
3481 3878 3725 3935 Jerusa-

2079 3969 2194 4025 lem
2228 3968 2488 4040 10quitur
2519 3969 2695 4035 Deus,
2720 3969 2875 4040 quod
2910 3967 3173 4023 invenire
3205 3983 3322 4022 non
3352 3967 3561 4036 valeat,
3607 3983 3725 4040 quo

2081 4060 2458 4130 aegrotantem
2489 4060 2547 4112 et
2577 4056 2928 4112 seminecem
2949 4056 3138 4128 possit
3157 4069 3362 4112 curare
3383 4049 3726 4112 medicami-

2081 4163 2155 4202 ne
2181 4165 2193 4213 ;
2224 4147 2387 4217 juxta
2415 4145 2563 4201 illud
2608 4146 2764 4217 quod
2797 4146 3004 4202 scribit
3051 4146 3270 4202 Isaias:
3308 4145 3452 4213 Quid
3471 4155 3554 4202 est
3583 4146 3726 4218 quod

2078 4235 2241 4291 debui
2273 4236 2418 4290 ultra
2443 4237 2623 4306 facere
2653 4237 2831 4292 vineae
2854 4251 2990 4291 meae
3029 4243 3082 4290 et
3107 4250 3217 4290 non
3258 4235 3481 4305 fecerim
3509 4235 3565 4290 ei
3593 4234 3723 4304 (lea.

2077 4342 2132 4390 ν,
2169 4325 2222 4395 4)
2249 4327 2270 4378 9
2298 4325 2366 4378 Et
2395 4327 2538 4380 Osee
2565 4341 2576 4378 :
2613 4323 2754 4392 Quid
2783 4325 2886 4378 tibi
2904 4325 3128 4394 faciam,
3154 4321 3610 4394 Ephraim?quid
3639 4323 3729 4393 fa-

2076 4415 2224 4468 ciam
2244 4413 2361 4482 tibi,
2393 4413 2534 4468 Iuda
2555 4416 2580 4466 γ
2601 4413 2974 4468 Misericordia
3001 4417 3183 4467 vestra
3213 4413 3373 4482 quasi
3409 4411 3580 4467 nubes
3600 4426 3724 4466 ma~

2080 4504 2275 4568 latina,
2322 4507 2371 4556 et
2417 4503 2578 4573 quasi
2614 4517 2703 4556 ros
2731 4516 2893 4556 mane
2934 4502 3308 4572 pertransiens
3353 4499 3508 4572 (Osee
3534 4516 3614 4568 vr,
3647 4499 3722 4570 4).

307 4591 530 4650 transit
556 4594 616 4646 et
661 4588 974 4662 legislatio,
1026 4589 1256 4645 dicente
1304 4591 1634 4661 Scriptura:
1673 4591 1966 4658 Constitue,
2000 4612 2044 4676 D
2083 4587 2413 4644 ldololatria
2443 4590 2596 4643 enim
2629 4593 2730 4644 tua
2760 4587 2950 4643 nonin
2984 4587 3234 4653 occulto,
3277 4588 3376 4644 sed
3409 4591 3532 4676 tota
3552 4586 3728 4676 liber-

309 4680 564 4746 Bonane,
616 4679 985 4749 legislatorcm
1029 4694 1195 4749 super
1242 4695 1330 4734 eos
1381 4680 1552 4747 (Psal.
1606 4696 1684 4746 1x,
1736 4681 1846 4747 21).
1898 4681 1967 4734 Et

313 4769 382 4826 in
413 4767 526 4822 alio
550 4768 706 4825 loco:
759 4769 950 4840 Legem
975 4783 1118 4840 pone
1145 4767 1315 4836 mihi,
1359 4769 1607 4836 Domine,
1641 4770 1699 4822 in
1753 4769 1843 4824 via
1873 4776 1970 4824 tua

304 4857 487 4930 (rm.
517 4873 672 4926 xm,
702 4856 763 4912 44
777 4857 815 4928 ).

379 4947 572 5018 (Vere.
602 4947 697 5014 28,
734 4945 846 5016 .)29
875 4945 939 4999 Et
957 4946 1243 5016 fornicata
1268 4960 1323 5000 es
1351 4946 1413 4998 in
1433 4945 1569 5015 filiis
1584 4946 1932 5016 Assyriorum
1951 4965 1969 5001 :

301 5053 366 5095 eo
392 5036 543 5109 quod
572 5033 801 5092 necdum
833 5035 1008 5105 fueris
1025 5034 1263 5101 expleta,
1295 5038 1349 5088 et
1374 5039 1668 5106 postquam
1695 5036 1971 5106 fornicata

302 5142 388 5196 es,
413 5141 519 5182 nec
553 5125 638 5182 sic
663 5139 721 5178 es
766 5124 993 5180 satiata.
1026 5124 1091 5177 Et
1123 5123 1509 5194 multiplicasti
1548 5126 1972 5196 fornicationem

305 5223 467 5272 tum
498 5217 562 5269 in
590 5217 744 5269 terra
780 5212 1046 5268 Chanaan
1072 5227 1200 5266 cum
1230 5211 1518 5280 Chaldaeis,
1567 5221 1617 5269 et
1643 5229 1744 5269 nec
1773 5216 1853 5269 sic
1879 5230 1968 5268 sa-

305 5306 455 5362 tiata
493 5318 572 5358 es.
611 5300 783 5358 LXX:
829 5301 1001 5372 Impia
1025 5302 1205 5370 egisti,
1237 5305 1290 5358 et
1334 5303 1613 5372 fornicata
1648 5317 1704 5356 es
1747 5303 1803 5356 in
1829 5301 1971 5370 ﬁlios

305 5394 509 5460 Assur;
538 5393 593 5449 α
621 5406 723 5446 nec
746 5391 826 5446 sic
850 5391 1059 5445 satiata
1085 5406 1176 5446 es:
1201 5393 1250 5445 et
1281 5391 1561 5459 fornicata
1589 5407 1667 5456 es,
1700 5399 1750 5445 et
1779 5406 1887 5445 non
1919 5405 1972 5445 es

304 5483 523 5555 repleta
537 5497 560 5542 ;
582 5488 632 5535 et
647 5480 1038 5550 multiplicasti
1062 5483 1384 5535 testamenta
1403 5482 1494 5534 tua
1522 5480 1595 5534 ad
1615 5487 1824 5534 terram
1838 5479 1972 5535 Cha-

2077 4683 2195 4733 tate
2223 4677 2539 4733 commissa
2561 4681 2668 4742 est,
2693 4680 2759 4731 ut
2789 4677 2846 4732 in
2876 4677 3153 4732 omnibus
3168 4677 3396 4732 viarum
3422 4673 3729 4747 principiis

2077 4770 2134 4822 et
2163 4765 2434 4836 compitis
2465 4782 2711 4838 poneres
2739 4782 2892 4831 aras,
2926 4769 2983 4820 et
3027 4765 3241 4832 basim,
3282 4763 3405 4819 sive
3432 4761 3726 4819 excelsum

2075 4859 2267 4919 tuum,
2291 4855 2361 4908 de
2383 4870 2498 4924 qua
2518 4871 2696 4926 supra
2714 4854 2994 4924 diximus,
3011 4853 3231 4909 faceres
3251 4853 3308 4907 in
3330 4851 3491 4907 omni
3512 4849 3725 4923 platea.

2077 4943 2194 4999 Nec
2225 4942 2454 4998 imitata
2483 4947 2573 4998 est
2602 4941 2846 4998 callidas
2876 4941 3234 5013 meretrices,
3258 4957 3386 5012 quae
3413 4939 3604 4997 solent
3623 4940 3732 4997 dif-

2078 5031 2338 5088 ﬁcultate
2368 5047 2580 5103 augere
2607 5031 2873 5087 libidinis
2903 5029 3176 5102 pretium,
3210 5033 3269 5085 et
3299 5046 3368 5086 ex
3395 5029 3507 5086 hoc
3539 5030 3730 5104 magis

2079 5125 2368 5179 amatores
2390 5121 2462 5175 ad
2479 5120 2770 5176 insaniam
2792 5133 3120 5191 provocare.
3140 5117 3275 5175 Sive
3296 5119 3466 5190 juxta
3483 5119 3730 5191 Septua-

2078 5211 2277 5282 ginta:
2311 5209 2435 5265 Non
2461 5208 2621 5264 fuisti
2642 5208 2809 5280 quasi
2829 5206 3105 5262 meretrix
3125 5223 3490 5281 congregans
3508 5223 3731 5264 merce-

2079 5299 2204 5364 des,
2237 5299 2336 5354 sed
2370 5297 2585 5354 dedisti
2619 5313 2746 5368 quae
2798 5295 3058 5368 accipere
3088 5296 3396 5369 debueras,
3430 5300 3498 5352 ut
3527 5311 3636 5352 nec
3666 5296 3728 5352 in

2079 5404 2146 5445 eo
2177 5388 2332 5459 quod
2372 5387 2655 5444 fornicata
2682 5402 2768 5450 es.
2821 5391 2879 5441 et
2911 5388 3114 5441 secuta
3160 5387 3476 5452 dmmones,
3527 5400 3731 5443 eorum

2083 5476 2468 5549 protegereris
2499 5474 2735 5542 auxilio,
2770 5474 2872 5529 sed
2910 5473 3085 5530 variis
3114 5489 3396 5546 oppressa
3423 5473 3730 5545 captivita-

388 5698 470 5767 (a)
500 5694 870 5752 Martianzeus
900 5707 1033 5748 cum
1063 5693 1175 5763 jod.
1209 5692 1577 5763 intermedio,
1608 5703 1755 5755 nni?
1782 5712 1795 5764 ;
1828 5699 1917 5750 est
1946 5696 2141 5751 autem
2171 5705 2384 5748 zemma
2417 5693 2482 5747 ut
2510 5688 2834 5764 plurimum
2864 5687 3140 5762 cogitatio
3171 5687 3231 5743 in
3263 5685 3510 5748 malum.
