4020 6186
346 335 470 408 147

1593 349 1658 412 S.
1704 347 2014 414 EUSEBII
2057 346 2502 416 HIERONYMI

3623 339 3743 405 148

347 480 531 549 tibus,
567 480 815 538 sentires
835 479 1195 538 calamitates
1215 484 1367 538 tuas.
1391 481 1552 546 Quod
1572 483 1808 554 quidem
1839 489 1895 539 et
1915 486 1984 539 ad
2015 487 2069 552 Α
2099 490 2206 553 est,
2243 486 2412 540 tertia
2443 489 2500 539 et
2531 482 2800 540 sublimis
2831 497 3113 555 sacraque
3142 475 3550 552 intelligentia,
3567 477 3735 550 juxta

350 584 584 628 omnem
607 571 864 627 animam
885 570 1276 626 Christianam
1294 570 1492 627 referri
1510 576 1720 644 potest,
1743 590 1868 645 quae
1890 574 1987 629 de-

351 663 506 718 serto
539 659 699 715 cultu
724 659 846 726 Dei,
869 659 1027 716 vitiis
1044 677 1122 727 se,
1148 661 1227 730 (a)
1243 660 1601 732 luxuriaeque
1627 662 1912 733 permisit,
1935 666 1992 718 et

351 747 686 805 saecularem
718 754 918 804 secuta
933 749 1225 814 vitam,ne
1248 750 1305 804 in
1337 767 1402 805 ea
1416 751 1652 822 quidem
1680 751 1795 823 egit
1818 751 1992 806 felici-

349 841 457 910 ter,
491 838 591 894 sed
619 841 674 893 et
703 837 938 894 divitias
967 837 1264 910 religionis
1294 839 1562 911 perdidit,
1596 844 1654 895 et
1676 841 1878 895 mundi
1903 841 1988 896 di-

347 927 522 982 vitias
551 943 668 982 non
701 927 959 999 accepit:
994 943 1100 982 nec
1131 928 1188 982 in
1212 929 1644 996 constupranda
1668 946 1736 984 ea
1759 929 1869 984 fuit
1891 927 1989 985 ali-

350 1031 469 1087 qua
486 1014 822 1082 difficultas,
842 1016 943 1072 sed
964 1015 1092 1087 ipsa
1114 1034 1175 1072 se
1198 1017 1444 1088 ingessit
1465 1019 1827 1074 amatoribus
1839 1019 1985 1073 suis.

347 1104 451 1160 Est
480 1109 676 1160 autem
707 1110 765 1160 et
793 1104 908 1160 alia
936 1105 1236 1160 fornicatio
1268 1105 1612 1178 spiritualis,
1637 1107 1872 1177 quando
1895 1107 1989 1162 de-

350 1197 614 1252 serentes
656 1193 999 1262 Ecclesiam,
1048 1194 1337 1249 haereticis
1381 1194 1710 1266 jungimur,
1757 1199 1814 1250 et
1853 1195 1987 1250 aedi-

349 1283 596 1339 ﬁcamus
624 1282 875 1355 lupanar
900 1287 1169 1339 nostrum
1191 1283 1249 1337 in
1281 1283 1465 1354 capite
1495 1284 1688 1340 omnis
1713 1284 1834 1353 vize,
1856 1285 1990 1357 qui-

351 1371 463 1428 bus
502 1372 766 1444 przscipit
795 1389 986 1428 sermo
1017 1371 1287 1426 divinus:
1327 1376 1480 1428 State
1507 1375 1563 1428 in
1609 1375 1734 1443 viis,
1763 1379 1814 1430 et
1843 1391 1988 1444 qua-

348 1462 456 1516 rite
481 1461 703 1516 semitas
729 1461 950 1516 Domini
975 1463 1355 1533 sempiternas,
1387 1470 1436 1517 et
1454 1461 1629 1518 videte
1656 1480 1772 1533 qua
1801 1464 1873 1518 sit
1898 1466 1990 1518 via

351 1550 490 1605 bona
510 1556 562 1603 et
588 1549 870 1605 ambulate
898 1551 958 1604 in
986 1565 1054 1604 ea
1090 1551 1314 1621 (Jerem.
1345 1569 1420 1620 v1,
1451 1553 1562 1622 46),
1613 1551 1795 1624 Moysi
1834 1552 1987 1607 vide-

349 1636 506 1705 licet,
539 1637 700 1708 Jesu,
730 1637 1007 1693 Judicum
1047 1643 1104 1694 et
1134 1639 1356 1710 Regum
1403 1639 1590 1706 libris,
1643 1641 1910 1712 Isaiaque
1933 1644 1991 1696 et

347 1725 622 1791 Jeremia,
655 1729 712 1781 et
741 1725 871 1781 aliis
919 1727 1237 1799 prophetis.
1273 1729 1425 1784 I72
1476 1728 1538 1783 In
1570 1729 1846 1785 omnibus
1874 1730 1990 1785 via-

349 1830 482 1870 rum
513 1813 1148 1886 principiisfahricatur
1168 1815 1624 1887 lupanarsuum,
1651 1817 1750 1889 qui
1773 1819 1842 1873 ad
1868 1835 1991 1890 per-

313 1898 687 1959 ‘versitatem
755 1903 1056 1969 doctrinae,
1105 1905 1459 1961 testimoniis
1513 1905 1664 1961 male
1729 1907 1992 1962 abutitur

349 1991 788 2063 Scripturarum
829 1998 885 2048 et
925 1993 1102 2048 dicit:
1156 1995 1284 2049 Haec
1327 1995 1409 2050 ait
1438 1995 1647 2051 Isaias:
1699 1996 1819 2051 haec
1849 1997 1991 2052 dicit

349 2077 530 2136 Osee:
563 2079 684 2135 haec
709 2079 939 2137 locutus
968 2086 1056 2138 est
1084 2085 1306 2155 Moyses
1332 2101 1344 2139 :
1379 2084 1499 2139 hac
1528 2084 1752 2140 Daniel.
1777 2085 1846 2139 Et
1865 2085 1990 2157 pul-

349 2167 487 2225 chre
517 2185 632 2224 non
662 2170 722 2224 in
745 2171 954 2226 mediis
984 2170 1115 2237 viis,
1139 2189 1245 2228 nec
1273 2171 1332 2227 in
1354 2173 1578 2228 viarum
1595 2173 1864 2229 terminis
1887 2191 1988 2246 po-

349 2257 438 2313 nit
483 2257 732 2330 lupanar
782 2276 979 2326 suum,
1011 2261 1112 2316 sed
1165 2261 1223 2316 in
1256 2261 1561 2334 principio.
1613 2263 1670 2316 Si
1715 2262 1870 2318 enim
1915 2264 1987 2318 ad

349 2347 678 2415 scientiam,
701 2351 757 2404 et
778 2349 1067 2420 profunda
1087 2349 1420 2406 divinorum
1441 2352 1660 2407 venerit
1680 2351 1985 2421 librorum,

346 2452 540 2492 errare
569 2453 684 2492 non
733 2437 960 2509 poterit.
1007 2438 1311 2495 Excelsum
1353 2456 1585 2512 quoque
1639 2458 1837 2509 suum,
1871 2441 1989 2497 sive

347 2524 562 2593 basim,
595 2525 731 2580 facit
762 2526 822 2580 in
853 2526 1013 2582 omni
1045 2525 1256 2598 platea,
1279 2529 1658 2584 Ethnicorum
1689 2547 1771 2601 se,
1800 2535 1856 2586 et
1885 2531 1992 2586 im-

348 2612 584 2685 piorum
615 2612 864 2670 lascivia;
909 2613 1185 2686 vitiisque
1214 2617 1580 2686 permittens,
1631 2617 1808 2672 etiam
1841 2617 1992 2673 inter

349 2701 510 2774 ipsos
542 2701 842 2759 haereticos
887 2719 1021 2758 cum
1053 2703 1124 2759 ab
1174 2703 1258 2760 eis
1298 2705 1472 2760 fuerit
1513 2705 1839 2776 deturpata,
1873 2723 1988 2762 non

348 2789 574 2845 habens
603 2790 874 2862 gratiam,
907 2792 1006 2846 sed
1031 2796 1238 2863 patens
1259 2793 1638 2864 contemptui,
1664 2795 1804 2866 quia
1823 2796 1989 2851 facile

353 2877 706 2949 praeteritam
739 2878 873 2933 fidei
930 2879 1185 2951 perdidit
1232 2881 1580 2937 castitatem.
1633 2883 1750 2938 Hoc
1795 2888 1990 2939 autem

353 2966 509 3037 quod
542 2966 630 3038 (ut
655 2983 835 3040 supra
863 2967 1142 3040 diximus)
1166 2969 1225 3024 in
1248 2968 1526 3026 Hebraico
1557 2988 1671 3026 non
1702 2971 1986 3028 habetur:

349 3056 654 3112 Fornicata
681 3072 736 3112 es
767 3057 1060 3128 tripliciter
1089 3059 1149 3112 in
1172 3058 1394 3127 ﬁliabus
1419 3059 1547 3126 tuis,
1581 3060 1698 3116 sive
1729 3061 1801 3116 ad
1831 3060 1993 3116 Jeru-

355 3143 538 3199 salem
563 3145 736 3214 juxta
763 3144 1018 3201 litteram
1050 3146 1285 3217 dicitur,
1319 3149 1476 3218 quod
1507 3149 1664 3204 omni
1689 3165 1900 3221 genere
1930 3149 1990 3204 in

2098 572 2243 628 illud
2291 574 2557 643 ejusdem
2588 575 2741 628 I73
2789 571 3085 644 Apostoli:
3139 573 3438 642 Propterea
3469 568 3733 639 relinquet

2099 661 2253 716 homo
2278 670 2489 732 patrem
2517 671 2569 717 et
2595 669 2845 728 matrem,
2878 669 2929 716 et
2956 660 3253 716 adhaerebit
3271 660 3440 713 uxori
3467 672 3603 714 suae.
3641 657 3739 712 Sa-

2097 755 2439 804 cramentum
2469 751 2566 805 hoc
2594 766 2854 819 magnum
2883 757 2978 805 est.
2997 751 3107 817 Ego
3136 751 3315 803 autem
3352 747 3474 801 dico
3503 747 3559 800 in
3583 746 3742 800 Chri-

2097 843 2196 905 sto,
2229 842 2279 893 et
2328 841 2388 894 in
2417 841 2655 895 Ecclesia
2703 840 2899 910 (Ephes
2926 879 2938 891 .
2972 854 3025 904 v,
3070 837 3159 904 3l,
3192 837 3306 906 32).
3356 834 3511 889 Filiae
3544 837 3738 888 autem

2099 931 2238 982 sunt
2264 927 2528 983 Ecclesiae
2563 927 2924 993 fornicantis,
2947 925 3308 981 credentium
3341 924 3526 995 prius,
3560 925 3617 976 et
3636 938 3735 994 po-

2099 1021 2222 1072 stea
2243 1018 2616 1089 deceptorum
2639 1016 2699 1071 in
2721 1016 2925 1072 haeresi
2948 1015 3178 1085 animas,
3194 1029 3447 1084 quarum
3462 1009 3637 1083 culpa
3659 1027 3741 1066 re-

2097 1105 2282 1160 fertur
2310 1106 2382 1160 ad
2414 1111 2682 1161 matrem.

2170 1193 2352 1264 (Vers.
2384 1194 2453 1248 32
2483 1192 2672 1264 seqq.)
2708 1193 2815 1248 Sed
2855 1193 3014 1264 quasi
3050 1193 3254 1247 mulier
3299 1189 3577 1256 adultera,
3623 1205 3743 1260 qua!

2097 1296 2260 1350 super
2287 1283 2469 1335 virum
2487 1298 2650 1336 suum
2673 1281 2887 1336 inducit
2907 1281 3135 1335 alienos.
3163 1280 3424 1335 Omnibus
3440 1280 3746 1334 meretrici-

2099 1369 2197 1424 bus
2225 1370 2433 1424 dantur
2453 1370 2754 1425 mercedes:
2779 1378 2836 1424 tu
2858 1377 3045 1424 autem
3067 1368 3267 1424 dedisti
3291 1368 3562 1423 mercedes
3577 1383 3740 1422 cunc-

2099 1459 2167 1512 tis
2199 1459 2538 1514 amatoribus
2571 1461 2700 1529 tuis,
2733 1467 2784 1513 et
2805 1458 3050 1514 donabas
3077 1461 3159 1513 eis
3197 1463 3262 1512 ut
3293 1459 3565 1512 intrarent
3597 1456 3668 1510 ad
3703 1464 3746 1514 te

2098 1547 2338 1618 undique
2365 1548 2436 1602 ad
2464 1547 2852 1619 fornicandum
2884 1551 3080 1603 tecum.
3123 1549 3458 1617 Factumque
3485 1553 3562 1600 est
3605 1547 3666 1600 in
3693 1548 3746 1600 te

2098 1640 2288 1691 contra
2302 1637 2747 1693 consuetudinem
2762 1637 3059 1692 mulierum
3075 1637 3134 1691 in
3153 1637 3276 1707 [ον-η
3286 1635 3618 1691 tentionibus
3633 1636 3745 1690 tuis

2097 1727 2148 1778 et
2174 1728 2294 1795 post
2324 1729 2376 1780 te
2401 1742 2511 1781 non
2539 1728 2644 1781 erit
2669 1727 2978 1796 fornicatio.
3012 1727 3075 1780 In
3105 1740 3166 1779 eo
3194 1726 3348 1779 enim
3377 1723 3519 1794 quod
3546 1723 3748 1779 dedisti

2099 1813 2386 1884 mercedes,
2419 1824 2471 1870 et
2505 1814 2769 1870 mercedes
2797 1831 2912 1869 non
2941 1815 3238 1884 accepisti:
3268 1814 3481 1882 factum
3499 1817 3575 1867 est
3601 1814 3664 1868 in
3691 1815 3743 1868 te

2097 1905 2457 1957 contrarium.
2501 1903 2674 1957 LXX:
2712 1904 2914 1960 Mulier
2950 1902 3204 1957 adultera
3250 1909 3306 1966 »ἐι
3328 1901 3532 1956 similis
3561 1903 3684 1956 tui:
3711 1918 3746 1955 a

2097 1991 2214 2045 viro
2235 2007 2332 2046 suo
2362 1993 2634 2063 accipiens
2657 1991 2960 2047 mercedes:
2993 2007 3117 2046 omn
3128 1991 3248 2046 ibus
3269 1992 3365 2062 qui
3391 1991 3748 2060 fornicaban-

2096 2086 2194 2134 tur
2219 2095 2351 2136 cum
2380 2097 2453 2137 ea
2482 2083 2652 2137 dabat
2677 2083 2994 2138 mercedes:
3026 2086 3080 2136 et
3113 2085 3172 2135 tu
3200 2081 3424 2136 dedisti
3454 2080 3745 2135 mercedes

2095 2172 2319 2225 cunctis
2350 2173 2707 2226 amatoribus
2719 2171 2852 2239 tuis,
2867 2179 2918 2226 et
2939 2169 3383 2227 onerabasitlos
3397 2175 3461 2224 ut
3481 2169 3744 2224 venirent

2097 2258 2178 2312 ad
2188 2263 2262 2327 te,
2275 2275 2384 2331 per
2394 2262 2707 2316 circuitum
2727 2262 2790 2315 in
2799 2260 3186 2330 fornicatione
3195 2264 3316 2313 tua.
3338 2261 3411 2313 Et
3423 2259 3642 2328 factum
3657 2263 3743 2311 est

2098 2346 2158 2404 in
2181 2360 2234 2406 te
2254 2365 2589 2421 perversum
2610 2359 2812 2406 contra
2830 2347 3108 2404 mulieres
3125 2349 3185 2403 in
3203 2349 3600 2419 fornicatione
3620 2354 3741 2413 tua,

2107 2449 2159 2497 et
2175 2446 2304 2510 post
2335 2449 2390 2495 te
2406 2456 2521 2494 non
2533 2445 2664 2494 sunt
2676 2439 2982 2512 fornicata:
3007 2455 3018 2492 :
3035 2439 3094 2493 in
3106 2453 3172 2494 eo
3187 2437 3338 2510 quod
3349 2438 3514 2491 dares
3527 2450 3740 2491 merce-

2097 2531 2210 2599 des,
2245 2536 2300 2584 et
2331 2529 2614 2585 mercedes
2632 2533 2890 2583 nonsunt
2910 2527 3207 2584 dataetibi:
3238 2532 3294 2581 et
3323 2527 3544 2598 factum
3575 2529 3657 2578 est
3681 2524 3743 2578 in

2099 2629 2152 2676 te
2166 2635 2514 2688 perversum.
2531 2618 2645 2672 Hoc
2658 2617 2812 2689 quod
2829 2617 2887 2671 in
2908 2617 3046 2671 LXX
3069 2632 3080 2671 :
3103 2615 3384 2686 scriptum
3402 2617 3511 2679 est,
3524 2611 3743 2667 similis

2101 2710 2203 2774 tui,
2238 2707 2296 2762 in
2328 2707 2608 2762 Hebraico
2632 2723 2746 2762 non
2766 2705 3032 2773 habetur,
3058 2709 3114 2760 et
3142 2702 3409 2759 lectionis
3432 2701 3744 2757 conturbat

2100 2797 2388 2861 ordinem,
2419 2800 2475 2851 et
2506 2795 2642 2850 facit
2671 2811 2787 2850 non
2833 2793 3140 2848 minimam
3173 2792 3578 2865 quaestionem,
3614 2806 3743 2862 qua:

2101 2885 2329 2952 mulier,
2354 2886 2523 2955 cujus
2541 2883 2751 2940 similis
2772 2884 2874 2939 sit:
2897 2899 3031 2938 cum
3047 2880 3378 2938 Jerusalem
3391 2880 3520 2952 ipsa
3533 2878 3746 2935 mulier

2101 2973 2364 3030 adultera
2392 2990 2519 3030 esse
2549 2973 2795 3028 dicatur.
2816 2971 3168 3044 Tulitigitur
3188 2969 3514 3026 Jerusalem
3547 2984 3743 3023 rerum

2100 3063 2366 3119 omnium
2398 3061 2841 3128 abundantiam,
2877 3079 2994 3129 qua
3023 3061 3212 3115 fuerat
3255 3058 3363 3114 viri
3393 3055 3742 3113 liberalitate

2099 3153 2336 3222 donata,
2349 3155 2406 3206 et
2426 3151 2582 3207 dedit
2597 3168 2727 3206 eam
2751 3150 2977 3216 alienis,
3007 3148 3372 3204 daemonibus
3394 3145 3669 3202 videlicet
3690 3151 3746 3201 et

351 3233 478 3287 suis
492 3233 744 3305 oppidis,
759 3237 815 3289 et
834 3234 1042 3291 viculis
1060 3235 1340 3292 fornicata
1357 3237 1432 3292 sit
1455 3237 1740 3305 ;etnullus
1763 3254 1991 3294 reman-
2022 3223 2064 3290 C
2103 3239 2298 3308 idolis,
2321 3241 2486 3311 juxta
2514 3239 2657 3295 illud
2673 3240 2827 3311 quod
2856 3239 3145 3310 scriptum
3173 3241 3262 3292 est
3280 3236 3339 3290 in
3356 3236 3500 3291 Osee
3520 3252 3533 3290 :
3552 3237 3617 3291 Et
3633 3234 3745 3290 haec

355 3320 499 3376 serit
537 3321 791 3394 angulus
829 3322 918 3378 vel
946 3323 1161 3396 platea,
1184 3325 1284 3380 ubi
1315 3342 1430 3381 non
1463 3325 1800 3382 idololatria:
1823 3327 1992 3399 signa

347 3410 711 3468 condiderit:
746 3412 868 3468 sive
897 3413 1159 3468 Ecclesiae
1191 3414 1680 3486 credentibusque
1711 3414 1987 3486 deceptis,

348 3499 449 3571 qui
479 3516 594 3556 non
626 3501 940 3556 audierunt
971 3501 1114 3557 illud
1147 3503 1407 3573 Apostoli
1440 3521 1452 3558 :
1502 3505 1620 3575 Ipse
1644 3508 1822 3559 autem
1849 3509 1991 3560 Deus

343 3589 494 3659 pacis
521 3591 823 3660 sanctiﬁcet
854 3606 946 3646 vos
973 3593 1294 3662 peremnia,
1328 3601 1390 3646 ut
1422 3593 1632 3663 integer
1649 3596 1878 3665 spiritus
1899 3608 1988 3648 ve-

341 3680 474 3748 ster,
497 3681 550 3733 et
585 3679 799 3746 anima,
831 3688 882 3736 et
918 3696 1112 3752 corpus
1139 3683 1259 3736 sine
1280 3682 1499 3752 querela
1529 3684 1590 3737 in
1616 3682 1703 3738 die
1731 3683 1989 3738 adventus

341 3769 570 3824 Domini
592 3770 768 3824 nostri
795 3771 920 3824 Iesu
951 3770 1160 3826 Christi
1199 3775 1452 3826 servetur
1482 3771 1528 3842 (Ι
1561 3773 1732 3828 Thess.
1766 3789 1821 3844 v,
1854 3773 1984 3844 23);

338 3856 441 3912 sed
459 3855 619 3912 omni
639 3873 849 3929 genere
871 3858 1135 3914 fornicati
1157 3864 1297 3915 sunt
1316 3865 1374 3915 et
1393 3877 1650 3933 corpore,
1685 3866 1741 3916 et
1765 3861 1985 3931 anima,

337 3947 396 4000 et
423 3944 654 4015 spiritu.
676 3945 945 4017 Legimus
975 3945 1033 4000 in
1049 3947 1372 4004 Proverbiis
1398 3966 1410 4004 :
1434 3950 1509 4019 (b)
1538 3951 1608 4004 Tu
1623 3952 1990 4007 autemscribe

339 4046 406 4087 ea
446 4033 760 4104 tripliciter,
793 4041 853 4089 ut
901 4036 1222 4106 respondeas
1259 4053 1532 4092 sermones
1580 4041 1849 4104 veritatis,
1893 4042 1989 4110 qui

334 4129 720 4192 proponuntur
745 4123 850 4177 tibi
873 4124 1056 4194 (Prov.
1100 4142 1237 4190 xxu,
1270 4127 1360 4194 ‘20,
1383 4127 1494 4197 21).
1526 4127 1597 4182 Et
1617 4129 1860 4198 jubetur
1889 4146 1987 4184 no-

338 4208 452 4281 bis,
484 4213 549 4265 ut
575 4207 806 4282 eloquia
834 4211 1118 4278 veritatis,
1142 4212 1197 4268 id
1230 4218 1340 4280 est,
1373 4213 1705 4286 Scripturas
1725 4221 1986 4285 sanctas,

339 4297 741 4372 intelligamus
790 4299 1118 4372 tripliciter.
1154 4301 1438 4368 Primum,
1492 4303 1663 4373 juxta
1689 4304 1978 4374 litteram;

337 4388 616 4458 secundo,
641 4387 830 4444 medie
855 4404 957 4460 per
978 4389 1362 4462 tropologiam
1389 4409 1402 4458 ;
1427 4391 1617 4462 tertio,
1643 4393 1979 4462 sublimius,

336 4479 404 4531 ut
431 4475 679 4549 mystica
694 4494 940 4550 quaeque
972 4495 1307 4536 noscamus.
1331 4481 1664 4538 Secundum
1704 4484 1977 4555 litteram,

2098 3345 2212 3385 non
2239 3329 2519 3399 cognovit,
2551 3331 2813 3400 quiaego
2839 3327 2977 3384 dedi
2987 3327 3340 3393 eitriticum,
3364 3333 3418 3380 et
3437 3325 3653 3389 vinum,
3687 3329 3744 3380 et

2096 3418 2371 3488 oleum,et
2381 3427 2688 3488 argentum
2704 3415 2912 3488 multip
2921 3416 3089 3474 licavi
3103 3417 3178 3470 ei:
3186 3418 3313 3484 ipsa
3326 3431 3457 3470 vero
3469 3423 3748 3485 argentea

2097 3518 2154 3564 et
2183 3525 2362 3564 aurea
2381 3509 2517 3579 fecit
2547 3509 2775 3564 Baalim
2800 3508 3034 3576 (Oseeu,
3057 3505 3136 3575 8.)
3159 3504 3320 3560 Unde
3337 3504 3526 3558 iratus
3541 3503 3740 3559 statim

2100 3598 2305 3653 infert:
2332 3604 2654 3668 Propterea
2708 3601 3058 3660 convertam,
3099 3598 3154 3648 et
3169 3594 3439 3663 auferam
3479 3592 3742 3648 triticum

2097 3703 2281 3742 meum
2301 3690 2362 3742 in
2374 3688 2991 3758 temporesuo,etvinum
3017 3699 3199 3738 meum
3212 3685 3272 3737 in
3303 3691 3649 3753 temporesuo
3665 3689 3743 3744 ;et

2099 3777 2288 3832 tollam
2299 3777 2616 3831 vestimenta
2627 3779 2822 3841 mea,et
2835 3774 3164 3830 linteamina
3175 3780 3388 3841 mea,ut
3404 3786 3514 3826 non
3526 3770 3594 3840 (c)
3624 3784 3743 3841 ope-

2098 3866 2254 3920 riam
2271 3866 2434 3920 ultra
2448 3865 2834 3938 ignominiam
2847 3865 3052 3934 ejuszet
3064 3879 3214 3918 nunc
3225 3862 3486 3916 revelabo
3497 3860 3741 3914 immun-

2097 3955 2435 4024 ditiamejus
2473 3956 2534 4010 in
2573 3962 2870 4022 conspectu
2911 3958 3244 4008 amatorum
3261 3949 3453 4018 illius,
3484 3957 3540 4004 et
3577 3963 3740 4003 nemo

2096 4052 2260 4099 eruet
2287 4044 2501 4098 eamde
2519 4059 2692 4098 manu
2711 4058 2854 4097 mea.
2915 4042 3178 4111 Cumque
3209 4055 3413 4093 omnes
3464 4036 3740 4092 mulieres

2097 4132 2448 4188 fornicantes
2465 4129 2961 4200 soleantaccipcre
2974 4127 3270 4182 mercedes
3283 4126 3355 4180 ab
3377 4125 3740 4180 amatoribus

2095 4218 2569 4288 suis,Jerusalem
2587 4217 3078 4273 lecitcontrarium
3091 4212 3547 4284 ,ulmagisdaret
3559 4226 3736 4281 quam

2093 4310 2469 4380 acc’iperet.Et
2492 4310 2554 4362 ut
2571 4306 2902 4378 largitatem:
2921 4303 3206 4360 mercedis
3227 4298 3736 4357 ostenderet:0ne-

2093 4398 2257 4453 rabat
2273 4394 3026 4466 (Al.Honorabat),inquit,l
3043 4395 3141 4446 74
3170 4407 3268 4446 eos
3286 4393 3350 4444 ut
3377 4388 3643 4444 venirent
3662 4389 3734 4444 ad

2091 4503 2152 4543 se
2169 4502 2272 4558 per
2291 4485 2600 4540 circuitum
2624 4501 2714 4549 ;ne
2736 4483 2870 4556 quis
2892 4486 3048 4538 esset
3066 4481 3298 4536 vicinus
3312 4477 3414 4551 qui
3433 4478 3562 4549 ejus
3579 4477 3737 4550 igno-

335 4563 482 4620 illud
513 4569 640 4621 est:
664 4566 844 4638 Neque
870 4569 1227 4638 fornicemur,
1255 4571 1396 4625 sicut
1419 4571 1647 4640 quidam
1665 4588 1852 4628 eorum
1868 4573 1981 4646 for-
2009 4593 2056 4657 Β
2092 4576 2284 4632 minias
2301 4592 2414 4632 non
2446 4573 2884 4630 misceretur.Et
2913 4572 3152 4644 quidem
3179 4567 3506 4626 Jerusalem
3535 4567 3596 4622 in
3626 4567 3736 4622 hoc

332 4655 506 4710 nicati
531 4664 684 4723 sunt,
723 4661 778 4710 et
805 4655 1113 4712 ceciderunt
1145 4673 1254 4712 una
1282 4657 1371 4714 die
1408 4660 1605 4729 viginti
1633 4662 1745 4716 tria
1789 4662 1976 4718 millia

335 4744 380 4813 (Ι
413 4745 542 4800 Cor.
592 4762 648 4813 x,
681 4744 758 4815 8).
808 4745 908 4800 Et:
969 4746 1143 4801 Nolite
1179 4763 1544 4816 murmurare,
1591 4751 1734 4805 sicut
1754 4751 1977 4820 quidam

332 4830 400 4888 de
425 4835 504 4888 eis
524 4843 1014 4891 murmuraverunt
1043 4839 1093 4891 et
1130 4838 1415 4907 perierunt
1443 4838 1511 4892 ab
1547 4842 1980 4896 exterminatore

333 4919 380 4991 (Ι
411 4920 531 4976 σον.
579 4939 634 4989 x,
669 4925 778 4993 10).
832 4925 1016 4980 Medic
1045 4930 1242 4980 autem
1275 4930 1332 4981 et
1371 4927 1540 4996 juxta
1567 4929 1975 5002 tropologiam,

333 5008 571 5080 quando
609 5013 936 5070 recedimus
966 5031 1001 5069 a
1028 5013 1237 5085 littera,
1270 5019 1326 5070 et
1347 5015 1653 5087 paululum
1681 5018 1749 5073 ad
1771 5019 1977 5076 altiora

332 5098 809 5168 conscendimus,
868 5103 1096 5159 dicente
1143 5105 1458 5175 Apostolo:
1519 5105 1792 5178 Scriptum
1845 5118 1970 5166 est:

330 5187 449 5243 Non
475 5187 744 5257 alligabis
773 5207 830 5246 os
847 5192 968 5248 bovi
995 5195 1303 5248 trituranti.
1329 5193 1655 5266 Statimque
1675 5197 1969 5268 sequitur:

327 5277 608 5350 Numquid
634 5277 700 5334 de
733 5279 898 5334 bobus
937 5298 1069 5336 cura
1098 5285 1177 5337 est
1200 5283 1306 5337 Deo
1325 5285 1350 5335 .9
1377 5284 1459 5337 An
1486 5289 1708 5356 propter
1734 5303 1832 5341 nos
1862 5291 1971 5343 uti-

328 5381 433 5438 que
488 5369 700 5424 locutus
767 5369 894 5424 est?
924 5369 946 5424 Ι
979 5369 1100 5424 Cor.
1133 5387 1212 5437 1x,
1243 5373 1320 5439 9).
1355 5373 1623 5429 Extrema
1666 5379 1882 5445 autem,
1916 5379 1972 5434 id

397 5525 475 5596 (a)
509 5528 570 5582 In
601 5527 1135 5599 Vatic.'{ms.;cui;et
1153 5528 1427 5587 Rabanus
1449 5532 1724 5599 concinit,
1741 5538 1892 5592 vitiis
1913 5553 1974 5594 se
2039 5529 2041 5531 ’

327 5595 575 5671 [muriae
599 5600 779 5670 pollui
795 5595 1078 5671 permisit:

398 5667 474 5741 (b)
505 5667 620 5742 AL,
643 5667 903 5730 Describe
921 5674 1111 5730 autem
1137 5671 1238 5727 tibi
1267 5673 1577 5744 tripliciter.

2089 4683 2321 4740 quoque
2349 4665 2487 4720 vicit
2516 4664 2660 4720 alias
2685 4662 3106 4727 meretrices,ut
3133 4678 3248 4716 non
3282 4657 3474 4716 solum
3497 4673 3605 4713 sua
3627 4657 3735 4712 da-

2087 4762 2192 4824 ret,
2227 4772 2353 4826 quce
2385 4771 2486 4826 pro
2537 4753 2648 4807 ritu
2686 4751 3067 4824 turpitudinis
3097 4749 3296 4805 labore
3347 4746 3732 4820 quaesiverat;

2086 4845 2187 4901 sed
2218 4848 2274 4899 et
2308 4859 2552 4898 munera
2583 4841 2876 4898 maritalis
2896 4839 3283 4904 amatoribus,
3303 4841 3362 4892 et
3391 4833 3736 4908 stupratori-

2087 4935 2198 4990 bus
2229 4932 2352 4988 suis
2374 4932 2985 5001 tribueret.Tantaquo
3018 4929 3127 4984 fuit
3147 4925 3434 4999 expositio
3457 4923 3736 4980 adulterae

2085 5023 2156 5080 ad
2188 5037 2422 5078 omnem
2457 5020 2842 5093 turpitudinis
2874 5017 3370 5091 magnitudinem,
3399 5017 3464 5070 ut
3493 5030 3608 5068 non
3638 5027 3735 5067 so-

2085 5111 2209 5167 lum
2259 5110 2665 5182 praesentibus,
2700 5109 2800 5164 sed
2849 5108 3024 5163 etiam
3059 5106 3274 5161 futuris
3321 5100 3734 5159 meretricibus

2085 5200 2447 5274 prmferatur.
2481 5198 2642 5254 Unde
2672 5202 2728 5254 et
2758 5215 2863 5254 nos
2886 5198 3056 5268 juxta
3097 5193 3519 5267 Symmachum
3551 5189 3733 5245 inter-

2084 5289 2290 5361 pretati
2322 5304 2566 5344 sumus:
2604 5289 2677 5341 Et
2703 5290 2821 5358 post
2847 5295 2897 5341 te
2926 5300 3036 5340 non
3068 5285 3174 5340 erit
3201 5282 3517 5353 fornicatio.
3550 5276 3736 5334 Colla-

2080 5379 2237 5434 tione
2283 5377 2439 5434 enim
2475 5375 2578 5444 tui,
2632 5375 2824 5430 omnis
2873 5373 3148 5445 deinceps
3201 5367 3510 5427 fornicatio
3552 5366 3735 5423 levior

2153 5541 2222 5611 (c)
2237 5537 2844 5614 RescribitVictorius,
2855 5538 3130 5614 operiant,
3148 5551 3215 5614 ex
3227 5534 3326 5614 ξοῦ
3339 5530 3422 5614 καὶ,
3436 5524 3730 5582 καλύπτειν

2081 5604 2257 5668 Graeci
2290 5615 2505 5679 textus,
2539 5613 2604 5664 ut
2637 5607 2747 5664 sibi
2779 5604 3028 5676 videtur,
3063 5604 3512 5677 signiﬁcatioue.
