4052 6180
200 358 315 427 149

845 360 1594 431 COMMENTARIORUM
1635 362 1715 427 IN
1758 360 2254 429 EZEGHIELEM
2299 361 2448 429 LIB.
2494 366 2570 442 V,
2617 362 2789 431 CAP.
2834 360 2995 433 XVI.

3484 344 3619 429 450‘

195 494 653 557 existimabitur.
685 498 981 573 Quidquid
1009 499 1083 556 de
1108 499 1436 556 Jerusalem
1452 500 1729 568 diximus,
1755 516 1847 569 _re-
1874 500 1932 567 Α
1959 506 2131 555 tuam.
2163 501 2227 555 Et
2254 501 2491 557 ulciscar
2517 510 2566 558 te
2588 502 2795 559 ultione
2816 501 3194 559 adulterarum
3219 509 3272 559 et
3315 484 3621 576 eﬁ‘unden-i

195 586 383 643 fertur
409 587 488 643 ad
514 586 836 644 Ecclesium
867 588 1214 661 animasque
1261 589 1656 659 credentium.
1718 605 1845 661 quae

195 691 448 732 munera
478 677 788 745 maritalis,
820 694 1033 733 aurum
1051 676 1321 734 vidolicet
1339 678 1399 732 in
1430 695 1631 746 sensu,
1662 682 1720 734 et
1749 695 1846 733 ar-

193 770 434 839 gentum
463 766 526 822 in
554 764 809 838 eloquio,
843 770 900 822 et
926 767 1298 835 vestimenta,
1342 768 1560 839 quibus
1615 767 1847 822 foeditas

191 859 397 912 nostra
423 871 496 910 ac
522 855 828 926 turpitudo
858 854 1102 923 velatur,
1137 857 1279 911 dant
1308 856 1671 912 amatoribus
1689 855 1843 924 suis;

187 943 274 999 vel
309 943 627 1000 contrariis
647 943 1118 1016 fortitudinibus,
1150 943 1240 1000 vel
1274 944 1576 1017 magistris
1605 945 1846 1017 dogma-

185 1037 319 1090 tum
352 1048 785 1106 perversurum,
819 1033 1056 1104 quando
1104 1039 1378 1089 asserunt
1433 1032 1580 1089 nihil
1641 1049 1847 1089 nocere

184 1120 507 1191 luxuriam,
532 1126 592 1177 et
622 1121 919 1193 passivam
946 1121 1273 1189 libidinem,
1290 1123 1461 1193 juxta
1477 1122 1735 1193 corporis
1756 1137 1848 1194 ge-

185 1209 409 1278 nitalia,
444 1210 668 1266 coitum
690 1210 950 1266 naturali
976 1209 1102 1283 lege
1123 1211 1437 1283 deposcere
1461 1227 1474 1265 :
1502 1211 1648 1266 cibis
1665 1210 1848 1265 omni-

185 1299 293 1356 bus
320 1298 737 1356 indifferenter
766 1300 1075 1366 utendum,
1110 1300 1209 1371 qui
1233 1300 1302 1355 ad
1328 1299 1436 1355 hoc
1460 1300 1597 1355 facti
1617 1303 1849 1367 sunt,ut

188 1392 528 1445 sumantur.
562 1388 946 1444 Prudentiam
977 1388 1036 1443 in
1069 1405 1135 1444 eo
1163 1394 1390 1444 tantum
1431 1388 1843 1459 necessariam,

187 1481 249 1532 ut
276 1476 392 1532 sibi
422 1476 653 1549 prosit;
684 1492 791 1532 nec
812 1476 1113 1549 justitiam
1144 1476 1357 1533 habere
1387 1477 1601 1545 locum,
1636 1494 1763 1549 quae
1795 1476 1845 1532 si

186 1565 868 1632 valeat,mendicandum
881 1565 1042 1632 sit,et
1055 1565 1844 1636 caeterahujuscemodiﬂuee

187 1654 483 1726 accipiens
514 1653 739 1709 misera
765 1654 1109 1723 Jerusalem,
1144 1656 1204 1710 in
1236 1672 1354 1727 qua
1371 1654 1518 1711 visio
1539 1655 1699 1727 pacis
1718 1670 1846 1711 esse

187 1743 443 1810 deberet,
477 1759 734 1799 acumen
757 1743 976 1815 ingenii
1007 1748 1064 1800 et
1093 1743 1308 1816 eloquii
1331 1749 1698 1801 venustatem
1718 1761 1834 1799 ver-

185 1832 250 1888 tit
277 1832 337 1887 in
370 1830 837 1903 turpitudinem.
870 1836 937 1886 Et
966 1848 1070 1904 pro
1099 1832 1462 1889 amatoribus
1491 1834 1617 1889 suis
1648 1835 1847 1889 adver-

183 1938 308 1978 sum
338 1920 639 1977 maritum
672 1925 881 1976 ornata
905 1921 1190 1993 processit
1229 1921 1323 1978 his
1365 1922 1750 1994 ornamentis,
1784 1924 1845 1978 in

188 2010 506 2082 quibusin
560 2008 702 2064 boui
751 2008 1097 2065 abusionem
1129 2026 1164 2065 a
1216 2011 1340 2066 viro
1396 2011 1585 2067 fuerat
1623 2016 1853 2067 ornata.

178 2098 466 2171 Quodque
499 2098 811 2169 sequitur:
842 2099 909 2153 Et
934 2098 1179 2155 donabas
1207 2101 1289 2155 eis
1333 2108 1394 2155 ut
1455 2101 1731 2156 intrarent
1786 2101 1857 2156 ad

182 2196 231 2244 te
256 2188 515 2259 undique
544 2186 618 2241 ad
634 2185 1028 2257 fornicandum
1055 2195 1248 2256 tecum,
1276 2203 1449 2243 omne
1470 2204 1656 2260 genus
1678 2189 1857 2261 signi-

182 2276 329 2332 ﬁcat
352 2278 828 2347 peccatorum,ut
849 2291 967 2330 non
994 2292 1111 2331 uno
1125 2276 1203 2331 sit
1223 2280 1493 2332 contenta
1518 2276 1856 2344 delicto,sed

186 2362 487 2436 peccandi
508 2363 794 2418 sustineat
817 2362 1031 2419 famem
1043 2368 1119 2430 ,et
1139 2368 1337 2419 contra
1349 2365 1489 2436 jura
1501 2369 1721 2420 natura:
1737 2381 1859 2421 om-

195 2453 386 2509 nibus
403 2455 640 2524 turpata
650 2451 934 2507 membris
956 2469 1143 2524 usque
1153 2453 1222 2508 ad
1239 2452 1515 2509 verticem
1539 2452 1855 2525 polluatur.

264 2567 467 2640 (Vere.
498 2568 568 2621 35
595 2570 788 2639 seqq.)
824 2571 1137 2637 Propterea,
1168 2569 1455 2634 meretrix,
1485 2567 1620 2624 audi
1638 2569 1861 2625 verbum

188 2657 446 2713 Domini.
476 2656 608 2713 Haec
629 2655 766 2711 dicit
794 2657 1060 2712 Dominus
1088 2658 1261 2713 Deus:
1314 2658 1455 2727 Quia
1501 2659 1735 2729 effusum
1780 2662 1861 2714 est

187 2762 259 2801 aes
291 2749 483 2810 tuum,
514 2752 567 2800 et
598 2745 842 2800 revelata
871 2749 954 2800 est
981 2746 1289 2816 ignominia
1304 2751 1401 2802 tua
1418 2749 1479 2802 in
1497 2748 1861 2818 fornicatione

192 2843 285 2890 tua
314 2832 522 2906 (Vulg.
547 2834 1015 2904 fornicationibus
1035 2835 1166 2905 tuis)
1184 2850 1350 2906 super
1368 2840 1641 2891 amatores
1662 2839 1859 2904 tuos,et

188 2940 357 2997 super
383 2922 549 2979 idola
578 2923 1058 2979 abominationum
1078 2927 1304 2979 tuarum
1332 2926 1393 2979 in
1422 2926 1694 2995 sanguine
1721 2925 1860 2994 ﬁlio-

186 3017 594 3080 mutuarum,
630 3027 761 3083 quos
789 3012 990 3067 dedisti
1042 3014 1139 3067 eis.
1184 3014 1320 3069 Ecce
1377 3029 1479 3086 ego
1525 3014 1857 3085 congregabo

185 3117 374 3158 mnes
404 3107 699 3157 amatores
729 3107 867 3169 tuos,
896 3101 1092 3172 quibus
1119 3103 1420 3157 commixta
1448 3119 1522 3169 es,
1579 3111 1630 3158 et
1672 3118 1858 3158 omnes

186 3207 315 3263 quos
344 3190 615 3247 dilexisti
642 3205 768 3243 cum
788 3190 1055 3245 universis
1083 3206 1213 3261 quos
1241 3190 1455 3257 oderas,
1487 3193 1582 3246 17
1592 3192 1636 3248 5
1661 3200 1712 3246 et
1733 3207 1855 3246 con-

185 3282 420 3351 gregabo
449 3295 546 3335 eos
582 3294 753 3349 super
780 3286 831 3333 te
857 3278 1117 3350 undique,
1150 3283 1203 3335 et
1230 3280 1446 3335 nudabo
1487 3281 1854 3350 ignominiam

186 3372 337 3423 tuam
366 3383 563 3423 coram
576 3367 660 3421 eis
679 3370 732 3421 et
762 3365 1013 3422 videbunt
1034 3382 1248 3423 omnem
1263 3368 1658 3440 turpitudinem
1678 3373 1849 3423 tuam.

187 3457 251 3513 Et
267 3456 540 3528 iudicabo
571 3463 627 3511 te
643 3455 878 3527 judiciis
907 3455 1304 3523 adulterarum,
1367 3461 1419 3512 et
1455 3458 1853 3529 e/fundentium

186 3548 549 3617 sanqualem,
580 3548 637 3601 et
663 3544 802 3599 dabo
819 3549 871 3599 te
901 3546 960 3599 in
987 3548 1260 3615 sanguine
1284 3546 1473 3619 (Vulg.
1507 3547 1855 3618 sanguinem)

187 3637 467 3706 furoriset
494 3634 630 3699 zeli,
661 3641 715 3687 et
733 3633 869 3689 dabo
898 3639 953 3689 te
980 3635 1039 3688 in
1062 3651 1260 3690 manus
1278 3650 1484 3703 eorum,
1513 3636 1859 3692 etdestruent

194 3722 441 3795 lupanar
474 3730 661 3784 tuum,
689 3724 745 3776 et
772 3721 1137 3778 demolientur
1174 3724 1548 3795 prostibulum
1601 3733 1780 3790 tuum,
1806 3732 1860 3779 et

192 3810 623 3868 datadabuntte
640 3806 978 3865 vestimentis
992 3812 1122 3877 tuis,
1141 3815 1192 3866 et
1220 3814 1475 3883 auferent
1493 3830 1624 3869 vasa
1653 3813 1861 3869 decoris

194 3903 299 3957 nsi.
332 3906 387 3957 et
416 3900 803 3971 derelinquant
833 3906 883 3954 te
918 3899 1146 3969 nudam,
1178 3901 1505 3973 plenamque
1532 3903 1858 3973 ignominia.

194 3990 265 4045 Et
292 3988 581 4042 adducent
606 4003 767 4058 super
791 3990 844 4041 te
864 3988 1298 4058 multitudinem,
1329 3998 1383 4045 et
1432 3990 1756 4062 lapidabunt
1810 3993 1865 4045 te

196 4076 518 4150 lapidibus,
548 4080 601 4131 cl
619 4077 972 4133 trucidabant
1000 4076 1108 4149 (Al.
1152 4079 1507 4151 truncabant)
1565 4088 1614 4135 te
1658 4079 1865 4151 gladiis

198 4169 349 4223 suis.
379 4166 782 4222 Bcomburent
804 4166 988 4222 domos
1038 4170 1160 4221 tuas
1188 4169 1328 4236 igni,
1374 4172 1425 4222 et
1469 4170 1677 4238 facient
1702 4171 1763 4224 in
1816 4176 1866 4224 te

439 4256 504 4309 in
522 4256 699 4310 oculis
719 4256 1020 4311 mulierum
1032 4257 1426 4326 plurimarum,
1449 4261 1503 4310 et
1528 4256 1740 4312 desines
1758 4258 1868 4327 for-

200 4346 399 4399 nicari
420 4352 480 4400 et
507 4343 783 4399 mercedes
813 4344 964 4399 ultra
991 4359 1100 4399 non
1123 4344 1378 4400 dabis.Et
1398 4347 1701 4415 requiescet
1716 4346 1865 4401 indi-

200 4435 395 4504 gnatio
421 4448 551 4488 mea
571 4434 634 4486 in
664 4436 737 4497 te,
767 4436 820 4487 et
838 4431 1131 4506 auferetur
1145 4433 1296 4488 zelus
1323 4449 1476 4489 meus
1498 4442 1623 4502 ate,
1646 4437 1697 4489 et
1717 4436 1868 4505 quie-

200 4539 375 4591 scam,
406 4536 513 4577 nec
542 4523 758 4576 irascar
785 4521 1056 4592 amplius:
1088 4537 1148 4577 eo
1172 4522 1314 4594 quod
1349 4538 1461 4577 non
1487 4523 1669 4592 fueris
1690 4539 1868 4578 recor-

1955 589 2095 644 tium
2116 591 2462 662 sanguinem,
2496 599 2550 647 et
2574 608 2778 664 ponam
2804 595 2858 647 te
2882 594 2942 648 in
2972 593 3238 664 sanguine
3292 592 3503 663 furoris
3548 592 3605 648 et

1952 678 2081 747 neti,
2115 682 2168 733 et
2184 679 2400 735 tradam
2426 685 2478 736 te
2505 683 2567 736 in
2594 697 2798 739 manus
2816 698 3040 738 eorum:
3070 690 3121 738 et
3139 680 3433 755 suﬁodient
3454 681 3607 754 lupa-

1953 782 2061 821 nar
2099 774 2273 838 tuum,
2305 772 2358 824 et
2375 768 2654 826 destruent
2684 770 2867 827 basim
2894 774 3067 839 tuam,
3098 774 3151 827 et
3204 769 3500 826 nudabunt
3554 760 3630 826 ιε’·

1953 856 2290 912 vestimentis
2312 860 2443 925 tuis,
2466 863 2517 913 et
2538 858 2734 915 tollent
2758 876 2888 915 vasa
2908 859 3254 931 gloriationis
3275 868 3409 931 tuae,
3441 865 3495 916 et
3515 858 3606 915 de-

1953 944 2265 1015 relinquent
2282 954 2337 1001 te
2353 947 2559 1003 nudam
2570 952 2626 1003 et
2642 947 2873 1020 plenam
2887 950 3233 1020 igiwminiae,
3257 957 3309 1005 et
3328 948 3606 1005 adducent

1952 1048 2120 1105 super
2136 1038 2190 1089 te
2210 1035 2642 1105 multitudinem,
2666 1040 2718 1092 et
2749 1037 3074 1109 lapidabunt
3100 1039 3154 1092 te
3201 1036 3493 1109 lapidibus,
3553 1038 3607 1092 et

1958 1123 2292 1178 truncabunt
2320 1128 2371 1180 te
2398 1124 2602 1193 gladiis
2629 1128 2764 1181 suis.
2798 1127 2863 1181 Et
2897 1126 3221 1183 succendent
3246 1125 3429 1182 domos
3480 1132 3607 1181 tuas

1956 1211 2094 1281 igni,
2126 1219 2178 1266 et
2211 1213 2416 1282 facient
2437 1216 2498 1268 in
2525 1223 2579 1270 te
2603 1215 2837 1271 ultiones
2865 1231 3049 1271 coram
3067 1216 3397 1271 mulieribus
3420 1213 3607 1287 pluri-

1954 1300 2063 1354 mis
2084 1316 2102 1352 :
2132 1302 2184 1354 et
2213 1306 2456 1356 avertam
2486 1306 2536 1357 te
2563 1320 2597 1358 a
2623 1305 3010 1374 fornicatione,
3041 1311 3093 1359 et
3121 1303 3394 1360 mercedes
3451 1304 3608 1359 ultra

1954 1402 2066 1442 non
2086 1387 2278 1443 dabis:
2309 1398 2362 1444 et
2390 1391 2686 1446 immittam
2713 1394 2958 1462 furorem
2994 1409 3180 1448 meum
3205 1408 3371 1465 super
3425 1400 3495 1464 te,
3553 1400 3607 1449 et

1955 1478 2242 1546 auferetur
2268 1478 2423 1533 zelus
2440 1495 2593 1535 meus
2622 1497 2657 1536 a
2683 1483 2757 1551 te,
2788 1484 2838 1537 et
2867 1482 3225 1553 requiescam,
3255 1488 3308 1537 et
3346 1496 3458 1536 non
3511 1495 3606 1537 ero

1958 1564 2107 1620 ultra
2128 1566 2555 1640 sollicitus:quia
2569 1585 2677 1625 non
2694 1586 2749 1625 es
2778 1570 3061 1626 recordata
3070 1570 3182 1626 diei
3196 1571 3455 1642 infantiae
3465 1572 3600 1640 tute,
3618 1592 3624 1597 ο

1955 1662 2005 1709 et
2017 1656 2476 1712 contristabasme
2492 1674 2554 1712 in
2583 1659 2669 1713 his
2698 1659 3045 1716 omnibus.Et
3074 1674 3190 1715 ecce
3215 1674 3311 1728 ego
3334 1660 3453 1714 vias
3474 1666 3603 1714 tuas

1953 1742 2012 1796 in
2044 1748 2210 1814 caput
2236 1747 2395 1801 tuum
2415 1745 2552 1802 dabo
2574 1746 2930 1803 dicitAdonai
2947 1749 3210 1803 Dominus
3237 1765 3251 1816 ;
3273 1750 3324 1803 et
3339 1749 3418 1804 sic
3426 1747 3611 1820 fecisti

1956 1832 2311 1903 iniquitatem
2330 1850 2494 1906 super
2521 1837 2731 1891 cunctis
2760 1836 3149 1909 iniquitatibus
3178 1838 3312 1893 tuis.
3342 1835 3611 1894 Primum

1963 1919 2220 1976 historiae
2235 1922 3187 1994 fundamentajacimus.Quiahaec
3203 1924 3371 1982 stilla
3399 1924 3612 1994 fecisti,

1965 2033 2092 2089 qum
2104 2019 2146 2072 l
2162 2019 2259 2074 76
2273 2020 2538 2092 superior
2548 2038 2741 2078 sermo
2757 2022 3438 2095 comprehendit:idcirco
3451 2040 3523 2079 au
3532 2022 3613 2089 di,

1965 2106 2258 2175 meretrix,
2291 2124 2417 2179 quae
2449 2110 2674 2179 feceris,
2708 2115 2765 2167 et
2790 2128 2917 2184 quae
2950 2129 3199 2185 passura
3223 2112 3326 2168 sis.
3347 2109 3618 2167 Eﬁ‘udisti

1965 2209 2043 2249 me
2072 2198 2242 2250 tuum
2261 2197 2416 2268 quod
2449 2215 2484 2253 a
2513 2216 2606 2255 me
2631 2207 3023 2272 acceperas,et
3051 2200 3266 2258 dedisti
3288 2201 3628 2258 mercedem“

1966 2284 2329 2341 amatoribus
2362 2286 2500 2355 tuis,
2536 2304 2662 2360 quae
2698 2290 2958 2361 accipere
2975 2288 3633 2357 debueras,etiuterfe-‘

1967 2370 2098 2426 cisti
2130 2371 2282 2428 filios
2314 2378 2466 2442 tuos,
2494 2376 2637 2431 dum
2669 2392 2769 2433 eos
2799 2378 3036 2434 offerres
3062 2377 3272 2433 idolis:
3299 2381 3499 2434 utnon
3521 2394 3617 2435 so-

1966 2459 2090 2514 lum
2122 2461 2404 2531 adultera,
2436 2464 2536 2519 sed
2568 2468 2626 2520 et
2675 2465 2966 2536 parricida
3022 2465 3335 2522 exstiteris.
3393 2465 3615 2523 Idcirco

1967 2550 2333 2621 congregabo
2365 2567 2544 2623 super
2570 2556 2628 2609 te
2675 2569 2881 2608 omnes
2938 2557 3229 2609 amatores
3274 2558 3431 2623 tuos,
3479 2570 3614 2610 cum

1968 2635 2185 2708 quibus
2216 2638 2501 2695 fornicata
2525 2658 2609 2709 es,
2642 2645 2762 2697 tam
2793 2657 2892 2697 eos
2924 2658 3073 2714 quos
3103 2641 3380 2710 dilexisti,
3434 2657 3615 2714 quam

1967 2724 2103 2781 illos
2135 2743 2284 2798 quos
2314 2728 2543 2799 oderas,
2576 2734 2633 2786 et
2662 2729 3061 2787 adulterarum
3090 2735 3148 2787 te
3175 2730 3303 2804 lege
3357 2730 3617 2798 nudabo,

1968 2817 2033 2867 ut
2061 2830 2266 2869 omnes
2285 2815 2518 2873 videant
2547 2818 2975 2890 turpitudinem
3005 2823 3192 2887 tuam,
3223 2822 3281 2875 et
3332 2816 3615 2891 genitalia

1966 2906 2206 2974 propter
2235 2920 2362 2975 qua:
2394 2905 2560 2978 prius
2591 2907 2808 2963 amoris
2834 2907 3092 2963 amentia
3113 2908 3470 2963 ferebantur.
3486 2906 3618 2965 Haec

1965 2996 2161 3048 autem
2201 2993 2401 3049 omnia
2432 3011 2535 3067 per
2564 2996 2965 3069 metaphoram
2982 2995 3246 3053 mulieris
3262 2995 3537 3052 adultera)
3559 2999 3618 3052 et

1964 3079 2290 3150 homicidae,
2324 3099 2451 3155 qua
2467 3100 2583 3140 non
2601 3085 2793 3141 solum
2808 3089 3012 3141 contra
3024 3085 3215 3142 virum
3232 3101 3408 3142 suum
3432 3083 3612 3142 forni-

1967 3173 2097 3225 cata
2125 3169 2224 3237 sit,
2247 3172 2349 3227 sed
2380 3176 2437 3227 et
2466 3172 2619 3230 ﬁlios
2647 3174 3020 3239 interfecerit,
3079 3174 3357 3231 dicuntur
3393 3174 3466 3231 ad
3514 3174 3613 3231 Je-

1884 3234 1926 3302 C
1959 3234 2238 3326 rusalem,
2271 3263 2328 3315 et
2355 3261 2511 3333 quod
2528 3263 2957 3336 congreganda):
2971 3234 3085 3320 sint
3105 3263 3388 3320 universae
3404 3265 3607 3337 gentes

1962 3355 2271 3412 adversum
2305 3375 2454 3427 eam,
2488 3375 2735 3431 quarum
2767 3360 3091 3417 adoraverit
3117 3359 3293 3430 idola,
3325 3364 3384 3417 et
3410 3359 3611 3416 omnia

1964 3443 2066 3499 Dei
2097 3461 2344 3502 munera
2371 3447 2430 3503 in
2471 3447 2698 3504 cultum
2729 3465 2929 3505 eorum
2962 3449 3330 3517 converterit,
3397 3452 3455 3505 et
3505 3448 3607 3505 de-

1965 3538 2232 3589 struatur
2258 3536 2544 3608 templum
2568 3537 2789 3604 Baal,et
2808 3555 2921 3593 arae
2943 3536 3611 3595 omniscivitatisincen-

1967 3622 2061 3679 dio
2093 3623 2528 3693 subvertantur,
2560 3625 2823 3698 nihilque
2853 3627 2911 3681 in
2938 3643 3007 3682 ea
3029 3632 3348 3683 remaneat.
3369 3627 3440 3682 Et
3461 3626 3616 3683 sicut

1968 3711 2159 3768 solent
2185 3716 2387 3779 contra
2414 3713 2739 3769 adulteram
2773 3731 2976 3770 omnes
3007 3714 3232 3786 lapides
3279 3716 3499 3786 jacere,
3556 3717 3617 3770 et

1968 3798 2263 3856 trucidare
2288 3800 2744 3868 meretricem,ut
2766 3800 3135 3874 singulorum
3157 3801 3503 3859 vulneribus
3520 3818 3616 3859 oc-

1972 3888 2238 3945 cidatur:
2273 3888 2355 3944 ita
2384 3893 2448 3944 ut
2476 3905 2681 3946 omnes
2704 3889 2981 3946 mulieres
3010 3908 3240 3963 poenam
3256 3890 3492 3963 videant
3507 3891 3620 3947 for-

1973 3977 2239 4033 nicariaa:
2269 3977 2353 4033 sic
2378 3976 2438 4032 in
2465 3982 2778 4050 conspectu
2811 3977 3061 4034 aliarum
3090 3978 3149 4034 in
3183 3979 3432 4036 circuitu
3480 3978 3619 4035 civi-

1973 4069 2183 4134 tatum,
2200 4070 2257 4122 et
2268 4066 2533 4122 omnium
2548 4067 2851 4123 nationum
2867 4068 3248 4124 deserendam
3270 4066 3595 4125 Jerusalem
3606 4110 3620 4123 .

1976 4168 2045 4220 Et
2070 4164 2179 4220 hoc
2208 4164 2354 4232 ﬁeri,
2388 4169 2454 4220 ut
2481 4164 2711 4221 desinat
2738 4155 3032 4235 fornicari,
3066 4169 3123 4222 et
3153 4183 3269 4223 non
3316 4166 3415 4223 det
3469 4166 3626 4222 ultra

1978 4254 2276 4309 mercedes
2309 4253 2671 4310 amatoribus
2696 4255 2841 4323 suis,
2875 4258 2932 4310 et
2952 4255 3280 4327 requiescat
3299 4253 3624 4329 indignatio

1979 4341 2101 4408 Dei,
2133 4358 2239 4397 nec
2269 4342 2560 4398 irascatur
2587 4342 2639 4398 ei
2661 4359 2837 4414 quam
2860 4360 3059 4400 amare
3088 4343 3344 4401 desierit.
3377 4343 3461 4398 Ex
3508 4358 3625 4415 quo

1980 4430 2369 4503 perspicimus
2390 4431 2670 4503 grandem
2694 4431 2975 4487 offensam
2989 4447 3519 4504 esse,nequaquam
3532 4448 3630 4488 cu-

1981 4536 2057 4575 ra;
2085 4518 2289 4575 haberi
2317 4536 2351 4574 a
2371 4519 2508 4587 Deo,
2541 4520 2641 4574 sed
2673 4520 2933 4591 permitti
2963 4519 3263 4577 hominem
3310 4520 3629 4578 sceleribus

202 4611 339 4667 data
368 4611 597 4666 dierum
626 4608 1008 4667 adolescentia
1039 4619 1167 4677 tum,
1219 4615 1269 4666 et
1317 4613 1631 4681 provocasti
1665 4628 1757 4667 me
1814 4614 1874 4666 in
1904 4599 1949 4665 D
1981 4608 2107 4664 suis
2129 4611 2302 4680 atque
2334 4607 2606 4679 peccatis.
2640 4609 2956 4678 Auferetur,
2989 4609 3203 4682 inquit,
3235 4609 3384 4665 zelus
3412 4623 3566 4664 meus
3592 4624 3630 4663 a

200 4700 469 4755 omnibus
495 4700 598 4755 his.
630 4700 967 4770 Quapropter
986 4703 1037 4755 et
1066 4715 1161 4769 ego
1192 4700 1309 4754 vias
1341 4708 1462 4754 tuas
1490 4702 1548 4754 in
1577 4702 1753 4771 capite
1788 4708 1876 4756 tuo

202 4788 364 4854 dedi,
396 4789 480 4842 ait
508 4788 770 4844 Domznus
800 4790 962 4857 Deus,
995 4796 1048 4845 et
1078 4804 1189 4844 non
1216 4788 1329 4862 feci
1363 4789 1531 4859 juxta
1549 4790 1757 4845 scelera
1786 4798 1879 4844 tua

203 4880 274 4933 in
299 4876 560 4932 omnibus
590 4877 1102 4934 abominationibus
1134 4879 1263 4933 tuis.
1318 4875 1489 4932 LXX:
1549 4881 1872 4949 Propterea,

202 4967 501 5031 nerea-22c,
530 4964 668 5021 audi
693 4966 921 5021 verbum
942 4967 1165 5022 Domzni
1183 4985 1201 5021 :
1224 4969 1363 5023 Haec
1390 4966 1522 5021 dicit
1544 4966 1756 5022 Adonai
1774 4968 1877 5023 Do-

206 5056 443 5109 minus:
506 5054 648 5123 Quia
703 5054 950 5126 eJudisti
1002 5072 1077 5111 oss
1132 5057 1310 5121 tuum,
1342 5055 1679 5110 revelabitur
1725 5057 1881 5127 igno-

204 5145 397 5198 ninia
425 5150 527 5198 tua
552 5145 617 5198 in
645 5145 1017 5213 fornicatione
1046 5149 1143 5200 tua
1164 5144 1235 5199 ad
1262 5151 1532 5200 amatores
1561 5148 1784 5211 tuos,«et
1822 5146 1883 5199 in

206 5247 407 5288 me:
423 5233 791 5304 cogitationes
810 5234 1170 5304 iniquitatum
1185 5236 1425 5300 tuarum,
1459 5239 1510 5287 et
1533 5233 1592 5287 in
1611 5234 1885 5304 sanguine

208 5322 469 5389 ﬁliorum
499 5329 745 5378 tuorum.
778 5338 910 5392 quos
937 5321 1138 5378 dedisti
1164 5323 1262 5377 eis.
1298 5322 1423 5377 Ideo
1445 5337 1564 5376 ecce
1592 5338 1690 5393 ego
1720 5338 1887 5393 super

205 5418 266 5466 ιε
292 5410 637 5481 congregabo
665 5427 854 5466 omnes
884 5415 1161 5468 amatores
1189 5415 1329 5478 tuos,
1356 5410 1554 5481 quibus
1586 5413 1886 5466 commixta

206 5515 295 5565 es,
326 5503 383 5553 et
412 5515 603 5554 ornnes
628 5515 759 5570 quos
788 5499 1036 5555 dilexisti
1062 5516 1185 5555 cum
1213 5500 1489 5554 uni-versis
1519 5514 1653 5570 quos
1673 5498 1885 5569 oderas,

210 5598 275 5645 α
302 5587 651 5660 congregabo
679 5603 766 5644 eos
794 5604 959 5661 super
988 5593 1038 5645 te
1062 5605 1162 5661 per
1191 5589 1508 5656 circuitum,
1542 5595 1591 5643 et
1641 5588 1886 5645 revelabo

210 5678 476 5735 malitia
497 5680 625 5735 tuas
650 5677 729 5733 ad
754 5693 865 5747 eos,
894 5682 945 5735 et
965 5678 1223 5735 videbunt
1243 5682 1496 5736 cunctam
1524 5678 1889 5749 ignominiam

1987 4702 2057 4765 te,
2091 4705 2140 4752 et
2171 4699 2524 4769 requiescam,
2555 4713 2656 4753 nec
2683 4698 2896 4753 irascar
2922 4699 3184 4770 amplius,
3209 4697 3379 4769 quasi
3401 4694 3627 4767 alienas,
3723 4768 3731 4777 Ι

1986 4789 2043 4841 et
2071 4802 2199 4856 quae
2229 4803 2263 4841 a
2281 4801 2372 4841 me
2400 4786 2722 4857 recesserit,
2749 4790 2805 4841 et
2827 4803 3001 4859 quam
3032 4789 3259 4842 aeterna)
3284 4782 3629 4841 tradiderim

1988 4873 2259 4930 nuditati.
2293 4873 2352 4929 Si
2386 4879 2582 4930 autem
2614 4874 2721 4930 hoc
2748 4891 2924 4948 passa
2944 4879 3036 4931 est
3088 4873 3438 4940 Jerusalem,
3494 4872 3638 4945 quia

1988 4979 2123 5019 cum
2153 4962 2325 5019 idolis
2355 4962 2641 5019 fornicata
2670 4968 2778 5035 est,
2812 4964 2950 5036 quid
2981 4980 3110 5019 eam
3140 4978 3452 5037 passuram
3473 4966 3641 5036 puta-

1990 5069 2146 5120 mus,
2180 5052 2414 5124 quando
2446 5052 2545 5109 Dei
2576 5052 2786 5108 Filium
2819 5052 3173 5109 trucidarit?
3215 5052 3286 5109 Et
3330 5052 3475 5122 hinc,
3534 5052 3639 5123 ait,

1991 5142 2265 5197 universa
2295 5140 2504 5209 fecisti,
2537 5140 2718 5197 oblita
2759 5141 3175 5198 beneﬁciorum
3231 5140 3642 5215 pristinorum,

1991 5235 2049 5287 et
2078 5247 2170 5286 me
2201 5231 2273 5286 ad
2299 5229 2664 5285 iracundiam
2698 5231 3046 5302 provocasti,
3106 5231 3227 5295 sive
3280 5229 3644 5289 contristasti

1993 5336 2107 5391 me,
2142 5336 2317 5392 quem
2350 5317 2520 5374 bonis
2551 5319 2829 5390 operibus
2859 5320 3145 5377 debueras
3177 5321 3250 5378 ad
3271 5320 3487 5394 gaudia
3511 5335 3641 5393 pro-

1992 5425 2215 5465 vocare.
2252 5412 2585 5481 Propterea,
2619 5411 2675 5461 et
2722 5424 2827 5481 ego
2878 5409 3103 5466 reddidi
3161 5409 3268 5467 tibi
3314 5425 3492 5483 opera
3543 5411 3650 5465 tua

1996 5499 2054 5554 in
2085 5501 2261 5570 caput
2288 5502 2479 5552 tuum.
2529 5496 2601 5551 Et
2647 5512 2782 5552 cum
2835 5502 2892 5554 te
2949 5500 3312 5568 subvertero,
3358 5514 3392 5554 ο
3422 5495 3652 5556 adulte-

1998 5606 2083 5654 ra,
2117 5593 2312 5643 tamen
2344 5584 2542 5641 minus
2570 5585 2631 5641 in
2678 5593 2733 5644 te
2790 5586 2889 5642 iraa
2926 5605 3066 5645 mea
3114 5588 3414 5659 exercebo,
3469 5602 3650 5661 quam

1997 5676 2262 5735 meruisti
2288 5693 2302 5733 :
2331 5691 2447 5747 quo
2478 5679 2535 5732 et
2548 5673 2614 5732 in
2644 5674 2755 5734 hoc
2784 5675 2984 5735 divina
3012 5675 3324 5735 clementia
3380 5677 3661 5736 demons-
