4052 6180
393 419 514 490 ιιι

1637 419 1702 486 S.
1747 419 2060 486 EUSEBII
2103 420 2554 486 HIERONYMI

3681 411 3802 480 152

395 561 675 624 tretur,ut
697 555 920 614 malora
938 556 1058 614 sint
1077 561 1501 630 peocataquam
1524 556 1912 628 paenzeJuxta
1933 561 2044 610 tro-
2074 559 2129 622 Α
2158 555 2300 626 quid
2321 555 2480 610 enim
2495 554 2745 610 dixerint
2767 555 2824 610 in
2843 554 3240 612 defensionem
3262 551 3428 608 illius
3450 548 3798 618 testimonii,

398 645 714 722 pologiam,
748 649 842 702 17
857 649 895 701 7
932 648 1124 703 omnis
1155 647 1352 703 anima
1381 645 1592 716 accipit
1621 662 1656 700 a
1712 650 1825 700 Deo
1880 660 2049 715 pecu-

399 735 563 801 niam
594 734 984 809 spiritualem,
1022 737 1348 792 secundum
1383 734 1529 790 illud
1559 732 1852 804 Evangelii
1885 733 2046 804 (Mat.

398 841 527 893 xxv,
563 827 689 881 Luc.
721 826 840 896 x1x)
872 827 1025 898 quod
1047 826 1263 882 dicitur
1293 825 1350 880 in
1381 822 1673 896 parabolis
1706 822 1974 894 quinque
1995 825 2052 876 et

403 915 672 983 duum,et
694 915 870 971 unius
892 914 1329 979 talentorum,ot
1345 927 1642 968 servorum
1661 911 1859 966 decem
1881 926 2050 966 mnas

403 1003 667 1076 singulas
699 1003 1131 1076 accipientium,
1157 1002 1403 1075 quicum
1418 1000 1645 1073 egerint
1668 998 2048 1071 negligenter,

405 1093 696 1152 debitores
724 1092 874 1148 ﬁunt
903 1092 1333 1166 quinquaginta
1367 1091 1470 1156 [AL
1503 1090 1728 1160 decem]
1787 1088 2050 1143 denario-

405 1197 539 1239 rum
572 1186 629 1238 et
658 1182 1136 1256 quingentorum,
1168 1187 1226 1237 et
1256 1184 1490 1252 propter
1518 1178 1627 1234 hoc
1667 1177 2052 1249 praesentibus

403 1271 790 1340 amatoribus,
823 1288 971 1343 quos
999 1272 1315 1337 daemones,
1346 1267 1789 1338 contrariasque
1808 1266 2054 1321 virtutes

405 1359 816 1431 intelligimus,
847 1359 1133 1416 reveletur
1161 1355 1487 1430 ignominia
1507 1354 1854 1424 Jerusalem,
1883 1353 1972 1410 vel
1993 1353 2053 1408 in

408 1446 501 1503 die
521 1445 752 1518 judicii,
784 1444 870 1500 vel
904 1444 964 1500 in
994 1449 1254 1516 tempore
1282 1441 1631 1515 poenitentiae
1663 1443 1897 1513 quando
1926 1459 2055 1498 cor-

408 1534 724 1608 ripiuntur.
749 1537 816 1594 Et
843 1533 1007 1606 prius
1021 1534 1257 1606 quidem
1288 1531 1450 1588 solus
1500 1531 1867 1602 omnipotens
1901 1532 2055 1587 Deus

407 1623 596 1680 cernit
623 1621 871 1688 occulta,
903 1622 1132 1678 dicente
1163 1635 1431 1677 sermone
1459 1618 1802 1691 Evangelico
1825 1639 1837 1676 :
1864 1624 2054 1677 EtPa-

406 1719 492 1770 ter
517 1713 616 1785 qui
632 1711 778 1768 videt
803 1713 864 1767 in
887 1711 1209 1768 abscondito
1265 1711 1413 1782 (Mat.
1446 1724 1522 1778 v1,
1571 1708 1648 1780 6).
1709 1710 1776 1764 Et
1831 1708 1890 1764 in
1943 1707 2056 1764 alio

405 1800 572 1858 loco:
607 1799 869 1856 Scrutaris
894 1800 1055 1856 corda
1082 1809 1134 1856 et
1163 1816 1318 1856 renes
1370 1803 1512 1858 Deus
1540 1800 1651 1871 (Ps.
1690 1817 1790 1868 vn,
1827 1799 1934 1869 10).
1989 1798 2057 1854 Et

2157 644 2268 699 hoc
2297 661 2405 699 nos
2435 643 2493 699 in
2525 644 2980 701 satisfactionem
3013 643 3314 716 praesentis
3329 641 3616 698 sermonis
3638 642 3804 714 apta-

2158 733 2382 789 bimus.

2229 821 2412 892 (Vers.
2446 822 2560 894 44.)
2591 825 2720 878 Ecce
2746 827 2924 878 omnis
2953 824 3050 894 qui
3077 822 3216 878 dicit
3243 823 3411 894 vulgo
3431 820 3804 892 proverbium,

2159 913 2216 966 in
2243 919 2291 966 te
2319 916 2558 967 assumet
2585 912 2745 983 illud,
2781 912 3007 967 dicens:
3036 911 3188 966 Sicut
3216 919 3410 980 mater,
3446 911 3525 964 ita
3583 911 3634 964 et
3686 909 3810 979 ﬁlia

2157 1000 2292 1070 ejus.
2325 999 2469 1054 Filia
2495 1002 2691 1055 matris
2719 1005 2828 1055 tuae
2848 1016 2922 1067 es,
2953 1015 3078 1071 quae
3098 1001 3322 1072 projecit
3349 1001 3530 1054 virum
3551 1013 3734 1065 suum,
3757 1001 3812 1053 et

2159 1088 2302 1158 ﬁlios
2316 1103 2459 1153 suos,
2479 1097 2532 1142 et
2561 1105 2718 1144 soror
2742 1103 2988 1144 sororum
3015 1091 3234 1142 tuarum
3263 1091 3341 1157 tu,
3391 1101 3518 1159 quae
3568 1087 3811 1157 projece-

2161 1185 2293 1232 runt
2313 1178 2455 1232 viros
2487 1187 2702 1245 suos,et
2738 1180 2882 1250 ﬁlios
2912 1195 3053 1233 suos.
3086 1177 3258 1233 LXX:
3291 1179 3417 1234 Haec
3445 1179 3574 1232 sunt
3619 1177 3812 1232 omnia

2162 1281 2288 1338 qum
2313 1265 2576 1323 dixerunt
2611 1271 2800 1323 contra
2827 1270 2880 1322 te
2908 1269 2966 1322 in
2990 1267 3274 1338 parabola,
3319 1265 3556 1321 dicentes
3588 1282 3601 1320 :
3659 1264 3813 1320 Sicut

2160 1362 2358 1420 mater,
2387 1359 2440 1410 et
2467 1357 2607 1426 ﬁlia.
2643 1357 2786 1412 Filia
2813 1358 3009 1412 matris
3039 1360 3148 1412 tua:
3172 1360 3234 1410 tu
3262 1371 3338 1422 es,
3361 1371 3479 1426 quae
3507 1353 3714 1425 repulit
3734 1354 3816 1407 vi-

2162 1464 2288 1502 rum
2313 1461 2494 1512 suum,
2533 1454 2584 1502 et
2608 1446 2749 1516 ﬁlios
2771 1461 2894 1500 suos
2919 1463 2932 1500 :
2973 1449 3026 1500 et
3040 1459 3250 1500 sorores
3271 1459 3527 1499 sororum
3578 1447 3813 1497 tuarum

2164 1554 2285 1612 quae
2305 1537 2624 1609 repulerunt
2645 1537 2790 1590 viros
2808 1550 2951 1605 suos,
2982 1541 3034 1589 et
3059 1533 3204 1604 ﬁlios
3225 1549 3368 1588 suos.
3403 1535 3540 1587 Post
3581 1527 3818 1584 κατάλο-

2164 1647 2258 1702 γον
2292 1627 2565 1683 vitiorum
2595 1629 2653 1679 et
2673 1622 3052 1696 correptionis
3075 1623 3180 1694 [Αἱ.
3202 1621 3621 1694 correptiones]
3639 1619 3818 1676 Jeru-

2164 1717 2371 1784 salem,
2404 1731 2506 1787 per
2535 1729 2713 1784 quam
2746 1711 3057 1768 retrahitur
3088 1712 3158 1767 ad
3191 1710 3466 1775 salutem,
3499 1713 3734 1780 aptatur
3761 1712 3821 1763 et

2166 1806 2370 1860 tritum
2403 1803 2561 1874 vulgi
2593 1817 2860 1858 sermone
2891 1800 3287 1872 proverbium,
3318 1799 3438 1854 sive
3474 1802 3540 1853 ut
3568 1799 3821 1870 Septua-

405 1887 468 1988 in
485 1889 710 1988 Degum
730 1887 1064 1988 volumine':
1077 1890 1146 1945 Tu
1172 1891 1320 1945 solus
1341 1894 1486 1948 nosti
1529 1889 1692 1946 corda
1735 1895 2056 1986 cunctorum
2087 1924 2136 1988 Β
2165 1893 2327 1966 ginta
2357 1891 2732 1955 transtulere,
2750 1890 3054 1962 parabola:
3090 1889 3290 1955 Qualis
3324 1894 3532 1955 mater,
3561 1886 3696 1942 talis
3758 1889 3820 1940 et

407 1978 658 2050 ﬁliorum
685 1977 926 2035 Ῑιοηῑίηίδ
953 1978 1050 2048 (Ῑν
1080 1980 1207 2049 389-
1240 1981 1384 2051 Vllll-
1421 1979 1661 2045 Quando
1691 1993 1825 2032 νθΐο
1881 1975 2057 2031 fuerit
2087 1975 2135 1988 ”
2167 1983 2307 2038 filia.
2339 1982 2522 2037 Mater
2551 1984 2746 2036 autem
2768 1978 3112 2041 Jerusalem,
3146 1977 3300 2032 sicut
3329 1982 3387 2032 et
3417 1993 3596 2049 supra
3642 1980 3700 2032 et
3758 1975 3824 2029 in

409 2066 702 2140 expletum
729 2083 741 2122 :
772 2068 891 2123 Non
915 2072 992 2124 est
1022 2068 1404 2124 absconditum
1425 2069 1577 2140 quod
1602 2083 1713 2124 non
1743 2067 2057 2136 moui/este-

409 2164 521 2225 tur,
551 2160 885 2226 etopertum
914 2157 1056 2228 quod
1077 2173 1187 2212 non
1219 2159 1491 2213 reveletur
1519 2158 1670 2228 (Luc.
1697 2173 1802 2225 xu,
1849 2154 1929 2226 2).
1990 2154 2061 2208 Et

413 2245 475 2301 in
502 2245 614 2302 alio
647 2244 770 2302 loco
800 2261 812 2299 :
848 2246 1031 2302 Nolite
1058 2254 1188 2302 ante
1217 2249 1427 2318 tempus
1447 2246 1723 2319 judicare,
1754 2245 1924 2300 donec
1978 2258 2064 2297 ve-

409 2336 534 2391 niat
558 2335 840 2402 Dominus,
865 2336 968 2406 qui
980 2335 1326 2390 illuminabit
1352 2335 1673 2391 abscondita
1689 2335 2060 2396 tenebrarum,

412 2430 464 2480 et
491 2423 867 2492 manifestabit
895 2424 1131 2479 consilia
1159 2424 1426 2495 cordium,
1459 2432 1657 2480 ettunc
1685 2426 1808 2478 laus
1843 2422 2062 2477 unicui-

413 2527 516 2586 que
543 2512 649 2568 erit
675 2513 837 2586 aDeo
871 2511 925 2584 (Ι
951 2511 1072 2568 Cor.
1107 2529 1180 2582 ιν,
1214 2513 1312 2584 5);
1359 2516 1417 2568 et
1476 2529 1610 2568 cum
1669 2509 2063 2582 corruptionis

413 2605 650 2674 tempus
675 2601 1498 2674 advenerit,tuncimp1ebitur
1527 2599 1672 2656 illud
1702 2604 1879 2656 Osee:
1907 2599 2064 2654 Num.

413 2689 888 2750 circumdederunt
917 2705 1007 2746 eos
1034 2692 1392 2760 cogitationes
1447 2705 1588 2758 suae
1623 2690 1777 2757 (Osee
1829 2705 1929 2754 vn,
1984 2688 2062 2758 2).

417 2778 490 2835 Et
517 2777 577 2833 in
609 2777 721 2834 alio
751 2777 877 2834 loco
907 2795 919 2833 :
952 2780 1101 2834 Inter
1129 2795 1186 2834 se
1206 2778 1622 2850 cogitationibus
1651 2778 2063 2842 accusantibus,

417 2865 542 2922 sive
572 2865 1006 2937 defendentibus,
1041 2869 1102 2920 in
1129 2868 1221 2922 die
1241 2867 1457 2938 quando
1487 2867 1753 2936 iudicabit
1788 2867 1924 2921 Deus
1951 2865 2068 2920 abs-

416 2953 636 3016 condita
666 2953 956 3012 hominum
984 2954 1159 3026 (Rom.
1208 2972 1269 3022 ιι,
1314 2957 1422 3027 15).
1480 2955 1550 3011 Et
1605 2970 1879 3010 rursum:
1941 2953 2070 3008 Ecce

428 3041 608 3108 homo,
641 3046 693 3098 ei
721 3058 885 3114 opera
919 3043 1038 3115 ejus
1069 3051 1196 3098 ante
1223 3045 1425 3116 faciem
1455 3044 1627 3098 illius;
1663 3043 1734 3098 Et
1788 3041 2070 3097 videbunt

422 3147 626 3188 omnes
657 3130 1081 3204 turpitudinem
1115 3133 1244 3203 ejus
1273 3133 1372 3204 qui
1407 3133 1570 3205 prius
1598 3148 1732 3186 cum
1763 3132 2072 3187 eafuerant

418 3220 713 3287 fornicati,
747 3225 803 3276 et
829 3219 992 3276 dabit
1021 3237 1150 3276 eam
1185 3222 1332 3277 Deus
1364 3221 1420 3276 in
1455 3221 1741 3293 sanguine
1774 3220 1985 3276 luroris
2015 3224 2072 3273 et

2167 2070 2664 2142 consequentibus
2685 2068 2971 2140 scriptum
3011 2071 3118 2134 est,
3159 2066 3436 2122 Chethzea
3465 2064 3824 2138 appellatur,

2167 2160 2700 2232 interpretaturque
2732 2158 3037 2225 insaniens,
3057 2154 3176 2210 sive
3189 2157 3246 2210 in
3262 2155 3562 2210 amentiam
3573 2157 3786 2210 vertens
3805 2171 3827 2208 .-

2169 2266 2273 2322 per
2302 2265 2430 2320 quae
2463 2246 2656 2303 seculi
2683 2246 2864 2317 hujus
2892 2243 3183 2300 incentiva
3217 2247 3634 2308 monstrantur,
3683 2257 3827 2313 quas

2170 2338 2460 2410 captivam
2491 2335 2748 2391 animam
2779 2335 3007 2389 ducunt
3037 2333 3109 2388 ad
3156 2331 3477 2397 interitum,
3514 2334 3572 2386 et
3601 2347 3637 2386 a
3690 2329 3823 2385 viro

2173 2431 2445 2500 separant
2473 2425 2655 2496 (haud
2685 2423 2932 2478 dubium
2961 2420 3101 2493 quin
3134 2421 3376 2476 verbum
3410 2419 3507 2475 Dei
3530 2419 3828 2474 doctrina-

2175 2531 2289 2588 que
2320 2515 2590 2584 dicatur).
2627 2513 2697 2567 Et
2727 2527 2893 2567 soror
2937 2525 3204 2566 sororum
3262 2525 3530 2574 suarum,
3583 2511 3648 2562 ut
3690 2510 3829 2578 post

2175 2602 2480 2678 paululum
2507 2601 2712 2658 lecturi
2735 2616 2964 2666 sumus,
2989 2599 3244 2654 Sodoma
3259 2602 3516 2662 vocatur,
3541 2601 3600 2654 et
3616 2596 3825 2653 Sama-

2174 2694 2264 2750 ria
2289 2707 2572 2764 :quarum
2595 2689 2777 2746 altera
2797 2687 3076 2761 gentilem
3100 2687 3279 2743 vitam
3299 2685 3714 2756 luxuriamque
3743 2684 3834 2741 si.

2176 2781 2437 2855 gnificat,
2472 2779 2654 2834 altera
2683 2777 3087 2833 hereticorum
3111 2774 3431 2848 decipulas.
3454 2775 3634 2831 Porro
3663 2773 3830 2846 quod

2177 2872 2236 2926 in
2265 2868 2644 2941 Septuaginta
2673 2866 2886 2940 legitur
2918 2883 2930 2921 :
2967 2865 3042 2937 (a)
3071 2881 3280 2922 sorores
3309 2880 3560 2920 sororum
3580 2871 3831 2940 tuarum,

2177 2975 2296 3031 quae
2329 2957 2646 3029 repulerunt
2685 2958 2830 3011 viros
2853 2970 3001 3020 suos,
3030 2957 3084 3009 et
3110 2954 3251 3024 filios
3279 2969 3422 3023 suos,
3476 2969 3594 3008 non
3645 2951 3836 3012 habet

2178 3063 2438 3104 sensum.
2465 3046 2619 3110 Quas
2649 3044 2806 3101 enim
2838 3043 2984 3098 alias
3006 3059 3234 3098 sorores
3256 3041 3552 3098 habebant
3573 3040 3835 3096 Sodoma

2178 3141 2234 3192 et
2261 3134 2545 3205 Samaria,
2582 3149 2712 3206 quae
2742 3148 2970 3189 sorores
3009 3135 3150 3187 sunt
3202 3129 3579 3186 Jerusalem?
3619 3129 3689 3186 Et
3717 3128 3832 3186 hoc

2183 3224 2582 3297 quaerendum,
2626 3224 2666 3278 l
2682 3223 2777 3277 79
2798 3237 2949 3292 quos
2977 3219 3130 3276 viros
3147 3221 3404 3277 Sodoma
3442 3218 3836 3290 Samariaque

419 3307 546 3366 zeli.
579 3309 792 3364 Plenus
823 3313 912 3364 est
933 3309 1089 3365 enim
1123 3309 1397 3366 furorviri
1423 3288 1624 3366 contra
1640 3325 1878 3364 uxorem
1903 3307 2063 3364 adul-
2101 3288 2144 3355 (ἶ
2182 3288 2530 3377 dimiserint,
2550 3288 2606 3367 et
2645 3327 2792 3383 quos
2815 3288 3198 3380 “projecerint
3254 3307 3407 3363 filios
3429 3307 3458 3361 ‘l
3512 3305 3635 3362 Nisi
3679 3288 3836 3362 forte

419 3400 628 3465 teram,
661 3401 718 3453 et
739 3396 900 3453 nullo
928 3399 1109 3470 pretio
1134 3402 1322 3470 potest
1350 3398 1578 3456 redimi.
1597 3397 1850 3469 Sanguis
1872 3401 2067 3452 autem

416 3483 675 3541 filiorum
699 3486 783 3542 sic
811 3485 1057 3559 intelligi
1092 3491 1302 3559 potest,
1339 3491 1401 3542 ut
1423 3486 1574 3543 filios
1595 3485 1957 3558 appellemus
1975 3484 2068 3539 Je-

417 3573 675 3630 rusalem
708 3571 1011 3648 λογισμούς
1042 3571 1265 3643 καλούς,
1301 3576 1356 3629 id
1387 3577 1848 3645 est,cogitationes
1880 3574 2067 3642 bonas,

418 3679 546 3734 quas
579 3680 612 3718 a
641 3664 750 3720 Deo
780 3663 1122 3720 hominibus
1153 3663 1339 3720 insitae
1371 3669 1545 3733 sunt;
1589 3681 1738 3737 quos
1792 3662 2068 3719 interficit

416 3748 702 3818 adultera,
728 3753 962 3823 quando
994 3751 1065 3807 ad
1098 3751 1254 3808 mala
1275 3769 1451 3824 opera
1467 3750 1860 3808 declinaverit.
1886 3751 2063 3806 Prod-

413 3841 504 3897 est
530 3856 764 3912 quoque
779 3841 1129 3908 Jerusalem,
1165 3846 1229 3896 ut
1251 3842 1602 3898 suti'odiatur
1631 3841 1881 3913 lupanar
1910 3842 2060 3912 ejus,

413 3929 473 3984 et
501 3929 695 3984 omnis
726 3929 1126 3988 fornicationis
1147 3931 1274 3999 ejus
1301 3930 1683 3986 seminarium
1706 3931 2060 3986 destruatur.

414 4014 562 4072 Cum
593 4017 750 4072 enim
776 4017 886 4072 hoc
917 4018 1133 4072 factum
1156 4018 1351 4089 fuerit,
1388 4019 1682 4074 mercedes
1734 4019 1888 4074 ultra
1945 4035 2062 4074 non

413 4103 598 4174 dabit,
629 4109 686 4159 et
715 4105 1040 4175 requiescet
1069 4106 1172 4160 Dei
1203 4105 1549 4178 indignatio,
1577 4111 1634 4162 et
1688 4122 2061 4178 nequaquam

414 4207 543 4248 eam
574 4191 877 4259 zelabitur,
912 4194 984 4249 de
1003 4193 1163 4249 illius
1189 4195 1455 4250 castitate
1485 4211 1727 4250 securus
1753 4211 1764 4251 :
1798 4195 2064 4251 videlicet

403 4281 578 4353 juxta
606 4296 705 4338 eos
729 4281 828 4353 qui
861 4280 920 4336 in
953 4282 1167 4338 bonam
1201 4288 1424 4354 partem
1457 4283 1753 4355 accipiunt
1787 4301 1914 4356 qua:
1975 4285 2060 4340 di-

412 4373 648 4428 cuntur.
683 4368 794 4425 Alii
825 4387 981 4438 vero,
1013 4371 1166 4426 I78
1201 4375 1264 4426 ut
1293 4388 1471 4444 supra
1501 4372 1776 4439 diximus,
1806 4373 1876 4427 ad
1924 4389 2058 4429 con-

412 4458 656 4516 trariam
671 4462 895 4530 partem
929 4459 1207 4527 referunt,
1242 4463 1306 4514 ut
1333 4477 1555 4532 magna:
1589 4461 1684 4516 irae
1715 4460 1817 4516 Dei
1844 4461 1917 4517 sit
1943 4479 2057 4518 non

413 4547 606 4618 irasci,
639 4564 773 4603 cum
796 4547 974 4603 semel
997 4549 1412 4621 contempserit
1442 4549 1845 4617 fornicantem,
1878 4555 1936 4606 et
1986 4553 2058 4607 de

2177 3401 2474 3474 possimus
2503 3400 2614 3456 hoc
2638 3399 2848 3464 dicere,
2874 3399 3032 3469 quod
3063 3413 3294 3468 semper
3321 3396 3647 3452 errantium
3678 3394 3832 3450 ﬂuc-

2177 3493 2346 3547 tuent
2375 3490 2571 3561 pedes,
2608 3504 2713 3545 nec
2743 3488 2863 3543 sint
2891 3486 3082 3542 solida
3108 3485 3352 3557 vestigia
3376 3502 3502 3557 qua
3525 3485 3604 3556 (b)
3625 3487 3838 3542 contra

2177 3579 2476 3634 veritatem
2509 3581 2680 3644 sunt;
2714 3577 2816 3632 sed
2847 3576 2962 3632 huc
2991 3575 3246 3646 illucque
3263 3574 3620 3641 discurrant,
3644 3577 3703 3629 et
3724 3573 3838 3629 cir-

2179 3668 2578 3724 cumferuntur
2607 3666 2767 3722 omni
2796 3671 2965 3722 vento
2993 3664 3290 3731 doctrina,
3323 3665 3468 3720 dum
3488 3661 3836 3719 defalsitate

2177 3761 2480 3813 transeant
2510 3757 2581 3812 ad
2614 3754 2790 3812 etiam
2825 3753 3138 3810 falsitatem
3166 3752 3379 3824 (Ephes.
3415 3754 3512 3822 ιν).
3571 3752 3640 3807 Et
3687 3767 3834 3808 cum

2178 3844 2238 3901 in
2265 3845 2472 3918 primis
2494 3846 2712 3900 frustra
2728 3859 2788 3900 se
2811 3843 3056 3900 sudasse
3077 3841 3550 3914 cognoverint,“
3569 3839 3839 3898 secunda

2178 3934 2468 4006 tertiaque
2497 3933 2932 3989 transcendant.

2247 4023 2436 4092 (Vers.
2471 4023 2538 4077 45
2566 4020 2756 4093 seqq.)
2786 4021 2954 4076 Mater
3007 4023 3186 4076 vestra
3237 4023 3464 4076 Helhaea
3518 4016 3629 4089 (Al.
3687 4017 3834 4073 Che-

2173 4112 2362 4181 thaaa),
2397 4116 2448 4166 et
2464 4119 2621 4183 pater
2654 4118 2828 4165 vester
2856 4107 3829 4178 Ammorrhxusmtsorortuamajor

2173 4199 2429 4255 Samaria
2456 4216 2467 4254 :
2493 4201 2620 4269 ipsa
2647 4203 2700 4254 et
2728 4198 2859 4268 ﬁlia:
2887 4199 3006 4267 ejus
3022 4213 3141 4267 quae
3171 4195 3420 4252 habitant
3441 4193 3511 4249 ad
3529 4196 3840 4250 sinistram

2174 4293 2348 4344 tuam.
2378 4287 2542 4342 Soror
2567 4295 2749 4342 autem
2778 4294 2875 4342 tua
2899 4286 3081 4340 minor
3109 4289 3179 4352 te,
3229 4298 3352 4355 qum
3396 4281 3602 4337 habitat
3623 4297 3659 4337 a
3687 4281 3841 4337 dea:-

2175 4378 2276 4432 tris
2296 4378 2421 4447 luis,
2450 4376 2678 4432 Sodoma
2707 4378 2757 4430 et
2785 4375 2925 4445 ﬁlim
2949 4374 3085 4446 ejus.
3111 4373 3211 4430 Sed
3237 4388 3334 4428 nec
3377 4373 3438 4427 in
3487 4371 3590 4427 viis
3630 4385 3840 4428 earum

2173 4466 2490 4537 ambulasti,
2551 4479 2726 4538 neque
2771 4464 3074 4520 secundum
3116 4464 3321 4519 scelera
3375 4477 3570 4518 earum
3641 4462 3841 4531 fecisti

2168 4555 2334 4626 paulo
2366 4553 2560 4626 [Vulg.
2590 4552 3171 4623 pauillum]minus:
3199 4566 3342 4622 pene
3367 4550 3724 4605 sceleratiora
3747 4552 3840 4621 fe-

412 4634 602 4693 salute
625 4635 787 4725 illius
806 4635 1327 4709 desperaverit.Sin
1351 4643 1546 4694 autem
1574 4637 1825 4694 haeretici
1850 4640 2060 4711 quive-
2092 4661 2141 4725 D
2168 4645 2302 4700 cisti
2329 4643 2444 4698 illis
2474 4643 2535 4696 in
2566 4642 2819 4697 omnibus
2867 4643 2970 4696 viis
3003 4642 3130 4697 tuis.
3193 4639 3374 4695 LXX:
3417 4642 3600 4695 Mater
3648 4641 3839 4696 vestra

411 4729 509 4783 tus
541 4741 656 4781 non
680 4724 966 4798 recipiunt
982 4727 1466 4795 Instrumeutum,
1491 4728 1664 4799 juxta
1685 4728 2064 4801 Septuaginta
2094 4724 2124 4725 ί
2174 4732 2443 4796 Chelhzea,
2472 4735 2524 4787 et
2548 4734 2707 4803 pater
2733 4735 2904 4786 ves/er
2932 4728 3299 4798 Amorrhzus,
3329 4743 3487 4784 soror
3507 4730 3690 4786 vestra.
3746 4744 3836 4785 κ-

411 4813 748 4882 editionem,
781 4813 841 4869 in
872 4813 981 4870 hoc
1011 4813 1136 4871 loco
1167 4815 1645 4888 reprehenderint
1700 4816 1846 4873 illud
1906 4819 2060 4890 quod

412 4899 635 4960 dictum
665 4907 789 4961 est:
822 4905 888 4960 Et
917 4905 1277 4962 constritabas
1304 4922 1392 4960 me
1441 4907 1500 4960 in
1520 4907 1774 4962 omnibus
1801 4908 1964 4975 istis;
1993 4925 2060 4964 eo

414 4993 570 5064 quod
601 4992 754 5049 Deus
796 5011 910 5049 non
944 4995 1136 5050 solum
1165 4993 1314 5050 iram
1349 4994 1608 5066 recipiat,
1635 4996 1734 5050 sed
1749 5000 1806 5052 et
1829 4997 2060 5053 mcerori

411 5079 711 5150 snbjaeeat
725 5085 898 5155 atque
919 5083 1627 5153 tristitiaeﬁnterrogemus
1647 5100 1746 5139 eos
1765 5085 2060 5156 quomodo

409 5166 558 5224 illud
581 5168 1084 5244 suscipiant,quod
1109 5178 1264 5228 certe
1281 5172 1416 5226 boni
1440 5171 1539 5227 Dei
1568 5173 1909 5237 mandatum
1931 5177 2020 5230 est
2043 5191 2056 5228 :

409 5256 587 5314 Nolite
613 5259 939 5313 contristare
968 5259 1237 5330 Spiritum
1292 5265 1545 5316 sanctum
1591 5262 1711 5327 Dei,
1748 5263 1809 5317 in
1839 5278 1942 5334 quo
1987 5263 2061 5317 si-

405 5347 564 5419 gnati
586 5346 712 5402 estis
743 5347 804 5400 in
830 5345 918 5402 die
936 5348 1322 5421 redemptionis
1341 5350 1561 5423 (Ephes.
1594 5367 1670 5418 xv,
1721 5350 1835 5421 30).
1893 5351 2062 5418 Quid-

483 5524 565 5598 (α)
585 5523 879 5598 Distinctis
907 5523 1354 5598 verbis,alioque
1377 5528 1520 5583 adeo
1543 5541 1741 5590 sensu,
1767 5526 1861 5584 hic
1883 5531 1939 5583 et
1960 5546 2056 5584 su-

384 5595 924 5670 _pra_Mar_tianmus
954 5595 1110 5668 legit,
1145 5595 1297 5670 soror
1325 5615 1397 5670 es.
1436 5598 1550 5654 Nec
1582 5598 1854 5667 difﬁteor,
1902 5601 2057 5670 quod

411 5666 469 5724 et
499 5666 728 5722 Nobilio
762 5666 1038 5723 notatum
1058 5673 1167 5732 est,
1200 5668 1257 5723 in
1291 5668 1510 5738 aliquot
1541 5670 1753 5726 Graecis
1784 5666 1970 5738 libris,
2003 5677 2060 5726 et

411 5753 590 5813 penes
620 5738 1036 5798 Theodoritum
1068 5739 1269 5799 haberi
1298 5736 1528 5817 ἀδελφή.
1547 5744 1763 5800 Verum
1785 5748 1842 5798 et
1863 5736 2056 5800 textus

2171 4824 2298 4878 nior
2328 4822 2584 4876 Samaria
2605 4838 2623 4874 :
2655 4821 2772 4876 haec
2799 4825 2851 4873 et
2867 4820 2998 4890 ﬁliae
3024 4819 3141 4890 ejus
3171 4835 3291 4889 quae
3318 4818 3575 4873 habitant
3617 4833 3654 4872 α
3684 4819 3835 4874 sini-

2169 4913 2299 4966 stris
2321 4912 2432 4965 tuis
2460 4913 2511 4964 et
2539 4925 2691 4965 soror
2719 4916 2817 4963 tua
2836 4909 3034 4978 junior
3065 4916 3133 4972 te.
3153 4922 3280 4979 quae
3307 4906 3518 4962 habitat
3549 4923 3584 4962 α
3611 4905 3839 4965 ὀρεινὰ

2169 5000 2302 5066 tuis,
2332 5000 2570 5054 Sodoma
2597 5005 2648 5052 et
2681 4997 2818 5066 ﬁliae
2845 4998 3006 5068 ejus:
3037 4999 3088 5052 et
3116 5011 3215 5052 nec
3244 4997 3324 5050 sic
3370 4995 3589 5066 quidem
3618 4995 3684 5050 in
3722 4997 3839 5052 via

2167 5085 3428 5159 ejusambulasti,nequesecunduminiquitates
3465 5085 3618 5140 illius
3654 5086 3842 5153 egisti

2165 5177 2330 5250 paulo
2359 5177 2565 5241 minus,
2595 5179 2644 5232 et
2669 5180 3008 5245 transgressa
3021 5191 3075 5230 es
3099 5190 3192 5230 eas
3224 5177 3285 5230 in
3298 5173 3550 5230 omnibus
3566 5173 3674 5230 viis
3689 5176 3839 5231 tatis.

2169 5267 2360 5338 Supra
2385 5264 2610 5321 dixerat
2633 5280 2644 5319 :
2677 5265 2841 5320 Pater
2869 5271 2993 5318 tuus
3021 5264 3392 5329 Amorrhwus,
3416 5271 3469 5318 et
3496 5269 3673 5320 mater
3733 5267 3845 5321 tuo

2171 5355 2463 5422 Chetluza;
2496 5353 2593 5409 hic
2609 5353 2810 5409 ordine
2842 5357 2899 5408 et
2917 5368 3162 5410 numero
3192 5355 3592 5410 commutato:
3655 5351 3843 5410 later

2171 5529 2302 5586 LXX
2335 5529 2592 5602 plurium
2617 5525 3225 5606 numero,uai&§s)tqiai
3269 5532 3376 5584 τῶν
3419 5525 3670 5606 ᾁδελφῶν
3689 5550 3841 5606 fon,

2168 5606 2218 5659 et
2248 5617 2458 5658 sorores
2486 5616 2731 5655 sororum
2769 5604 2990 5656 tuarum
3031 5601 3226 5667 habet,
3257 5607 3314 5658 et
3359 5601 3634 5658 subneitm
3688 5602 3845 5664 Hie-

2171 5673 2525 5745 ronymianae
2558 5670 2937 5744 expositionis
2969 5673 3152 5730 series
3182 5673 3264 5729 sic
3285 5672 3396 5745 legi
3432 5673 3720 5745 postulat.

2239 5745 2314 5818 (b)
2343 5748 2468 5802 Duo
2500 5760 2670 5811 mea,
2704 5758 2822 5816 qua
2846 5746 3074 5817 proprie
3101 5747 3349 5803 veritatis
3381 5748 3527 5801 sunt.
