4020 6186
243 327 366 394 187

885 328 1632 400 COMMENTARIORUM
1670 329 1752 394 IN
1793 320 2294 394 EZECHIELEM
2336 324 2488 389 LIB.
2532 325 2610 401 ν,
2655 321 2828 389 CAP.
2872 323 3038 391 XVI.

3537 319 3657 390 188

238 464 575 523 novissima
603 467 945 525 restituetur
959 467 1307 533 Jerusalem,
1334 485 1460 539 quas
1479 467 1898 537 majoretuerat
1923 463 1982 529 Α
2011 470 2130 517 tuos
2162 463 2302 516 sicut
2329 461 2505 531 prius,
2538 468 2589 515 et
2617 460 2963 516 consiliarios
2992 468 3111 516 tuos
3137 462 3278 517 sicut
3304 478 3337 517 a
3357 463 3655 537 principio,

234 555 562 628 iniquitate
593 558 890 629 depressa,
922 563 980 614 et
1009 558 1358 631 peccatrices
1387 573 1615 613 sorores
1663 570 1897 626 compa-

236 644 477 700 ratione
498 646 597 701 sui
611 647 805 718 justas
832 663 962 702 esse
992 649 1435 702 monstraverat.
1468 644 1571 701 Cui
1600 644 1759 701 enim
1789 643 1897 698 du-

236 733 432 802 bium,
455 735 613 806 quin
637 735 784 790 inter
799 739 919 792 tres
939 735 1479 808 peccatores,immo
1497 734 1733 806 impios,
1757 748 1897 805 gen-

234 821 428 888 tilem,
451 823 824 890 haereticnm,
857 824 1339 895 ecclesiasticum,
1372 822 1555 879 multo
1577 821 1900 894 majoribus

237 912 436 984 pcenis
466 911 690 984 dignus
713 912 812 981 sit,
839 914 943 985 qui
966 914 1208 984 majoris
1230 914 1404 969 fuerit
1423 910 1728 984 dignitatis
1748 912 1776 966 ‘I
1801 912 1900 966 Po-

237 1008 419 1056 tentes
447 1003 618 1068 enim,
651 1010 715 1056 ut
742 1001 1022 1071 diximus,
1050 1005 1299 1074 potenter
1327 1005 1603 1057 tormenta
1619 1001 1902 1072 patientur

236 1087 404 1160 (Sep.
434 1105 514 1159 vr,
542 1088 769 1159 7).‘Qui
798 1093 999 1145 autem
1030 1091 1315 1146 minimus
1345 1090 1542 1161 fuerit,
1574 1090 1791 1161 dignus
1813 1091 1903 1144 est

236 1176 674 1233 misericordia.
707 1180 785 1233 Et
814 1194 1002 1234 servus
1032 1182 1128 1251 qui
1171 1181 1275 1234 scit
1325 1180 1661 1235 voluntatem
1688 1178 1903 1233 domini

232 1268 345 1332 sui,
377 1271 433 1320 et
458 1282 577 1322 non
605 1269 747 1336 facit
772 1283 915 1338 eam,
948 1268 1237 1339 vapulabit
1265 1269 1458 1324 multis
1487 1269 1637 1339 (Luc.
1663 1285 1764 1337 χιι,
1783 1266 1896 1338 47).

237 1353 406 1409 Unde
434 1358 498 1409 et
524 1354 780 1411 Petrus:
815 1357 1059 1428 Tempus,
1082 1356 1299 1429 inquit,
1321 1365 1399 1413 est
1414 1364 1477 1412 ut
1500 1358 1736 1429 incipiat
1747 1355 1902 1427 judi-

232 1445 383 1499 cium
412 1460 449 1497 a
477 1444 645 1499 domo
671 1445 898 1500 Domzni
927 1447 974 1515 (I
996 1448 1095 1501 Pet
1113 1463 1189 1512 1v,
1224 1447 1335 1517 17).
1368 1447 1435 1501 Et
1464 1445 1524 1500 in
1557 1445 1666 1501 hoc
1695 1445 1898 1500 eodem

232 1530 531 1604 propheta
583 1532 930 1605 praecipitur
986 1550 1222 1591 secures
1271 1534 1663 1591 habentibus:
1700 1540 1751 1589 Α
1778 1550 1902 1589 san-

228 1622 499 1676 dismeis
516 1622 756 1693 incipite
772 1623 977 1693 (Supra
998 1640 1077 1691 1x,
1097 1624 1173 1693 6),
1197 1628 1264 1678 ut
1282 1622 1897 1693 extremaJerusalem,

227 1708 390 1765 185
424 1709 741 1766 sororibus
768 1715 901 1767 ante
932 1712 1226 1768 conversis
1255 1718 1313 1767 et
1341 1713 1627 1769 restitutis
1656 1713 1716 1768 in
1748 1713 1900 1784 pris-

2007 554 2059 606 et
2080 554 2206 623 post
2233 551 2349 605 haec
2380 549 2655 605 vocaberis
2683 551 2880 605 civitas
2893 551 3147 622 justitiaz,
3174 554 3354 606 mater
3372 552 3656 608 civitatum

2007 639 2184 711 ﬁdelis
2206 638 2336 695 Sion
2367 640 2492 711 (lsa.
2526 656 2567 704 ι,
2597 639 2727 709 26);
2780 642 2837 695 et
2883 642 3085 695 nostra
3136 638 3414 711 loquatur
3435 642 3653 713 Apoca-

2005 727 2191 800 lypsis
2219 730 2399 799 (Apoc.
2430 728 2587 799 1x1):
2622 728 2689 782 Et
2718 727 2895 782 David
2927 731 3158 784 cantat:
3210 731 3356 785 Bene
3401 732 3510 801 fac,
3543 732 3652 787 Do-

2007 818 2176 884 mine,
2203 817 2262 871 in
2295 817 2440 872 bona
2468 817 2748 872 voluntate
2765 819 2864 871 tua
2884 816 3037 881 Sion,
3069 821 3123 871 et
3139 817 3487 887 aediﬁcentur
3503 821 3660 876 muri

2005 907 2322 962 Jerusalem
2346 908 2459 976 (Ps.
2493 924 2546 973 L,
2577 906 2689 975 20).
2724 906 2866 960 Etin
2889 906 3002 961 alio
3020 904 3145 961 loco
3171 924 3185 962 :
3208 907 3655 979 Ediﬁcabuntur

2007 996 2255 1050 civitates
2281 995 2453 1062 Judw,
2488 999 2540 1050 et
2565 996 2911 1065 habitabant,
2948 999 2999 1049 et
3036 998 3521 1052 commorabuntur
3549 998 3650 1069 ibi,

2009 1088 2061 1140 et
2083 1099 2267 1140 semen
2287 1100 2479 1139 eorum
2496 1088 2557 1139 in
2579 1092 2853 1142 aeternum
2871 1084 3144 1152 dirigetur
3168 1086 3284 1157 (Ps.
3320 1103 3516 1154 LXVIII,
3537 1088 3652 1158 36).

2007 1178 2123 1229 Nos
2154 1177 2347 1229 autem
2376 1173 2588 1229 horum
2620 1175 2938 1246 perfectam
2960 1173 3287 1241 scientiam,
3312 1175 3414 1229 Dei
3430 1176 3654 1246 judicio

2008 1260 2434 1333 relinquentes,
2466 1263 2646 1318 immo
2680 1262 2901 1334 liquido
2949 1264 3289 1319 conﬁtentes
3334 1265 3440 1335 [Αἱ.
3474 1265 3658 1320 conti-

2009 1351 2233 1420 dentes]
2246 1355 2378 1423 post
2394 1352 2720 1407 secundum
2743 1352 3059 1407 adventum
3074 1352 3303 1406 Domini
3318 1351 3653 1420 Salvatoris,

2009 1438 2156 1494 nihil
2183 1438 3007 1509 humile,nihilfuturumesse
3021 1442 3314 1495 terrenum
3338 1428 3467 1508 ςεθᾶ
3479 1457 3660 1513 regna

2008 1526 2266 1584 cmlestia
2296 1544 2422 1599 quae
2452 1528 2710 1600 primum
2759 1529 2819 1584 in
2867 1528 3174 1600 Evangelio
3206 1528 3653 1598 promittuntur,

2008 1617 2119 1673 hoc
2148 1616 2419 1681 dicimus,
2452 1618 2606 1689 quod
2639 1618 2696 1673 in
2728 1617 2999 1673 Ecclesiae
3026 1620 3203 1684 statu,
3237 1621 3450 1673 cuncta
3496 1633 3656 1674 com-

2004 1704 2162 1778 pleta
2189 1706 2393 1773 sint,et
2421 1707 2682 1778 quotidie
2703 1706 3390 1778 compleantur.Sodoma
3414 1707 3656 1763 reverti-

226 1798 425 1897 tinum
458 1802 719 1897 statum,
751 1805 940 1871 portet
960 1800 1350 1897 ignominiam
1368 1818 1559 1870 suam,
1582 1807 1639 1858 et
1657 1802 1901 1858 confun-
1930 1832 1979 1897 Β
2007 1798 2107 1850 tur
2126 1794 2516 1897 iri-antiquum
2532 1799 2780 1897 statum,
2795 1796 3031 1895 quando
3049 1799 3274 1897 naturae.
3290 1811 3407 1897 sua;
3430 1795 3658 1897 reddita

230 1886 427 1952 datur,
461 1891 526 1942 et
554 1887 871 1943 erubescat
895 1905 1071 1961 super
1099 1889 1194 1945 his
1222 1906 1349 1962 quae
1378 1898 1731 1963 peccaverat,
1754 1895 1810 1947 et
1840 1891 1900 1947 in

229 1975 520 2030 omnibus
538 1974 1124 2033 consoletursorores
1142 1995 1302 2046 suas,
1323 1978 1466 2033 dum
1487 1979 1756 2051 graviora
1775 1996 1903 2035 sus-

228 2062 373 2118 tinet
401 2065 647 2133 (Jerem.
678 2065 781 2136 vr).
812 2064 918 2121 Vel
950 2071 1104 2122 certe
1133 2067 1263 2123 ideo
1285 2068 1678 2123 confundatur
1696 2072 1754 2124 et
1773 2085 1905 2123 eru-

228 2151 621 2225 hescat,quia
640 2153 829 2209 Deum
850 2154 923 2209 ad
945 2154 1309 2212 iracundiam
1325 2156 1667 2229 provocarit.
1685 2158 1767 2213 Ex
1788 2173 1902 2229 quo

228 2242 631 2314 perspicuum
663 2247 779 2310 est,
798 2259 918 2299 non
944 2260 1074 2300 esse
1098 2244 1428 2301 naturalem
1460 2246 1613 2301 iram
1644 2246 1767 2317 Dei,
1800 2247 1903 2303 sed

232 2332 459 2387 nostris
486 2330 657 2386 vitiis
686 2327 1215 2389 clementissimum
1246 2337 1304 2390 et
1355 2335 1903 2392 mansuetissimam

234 2422 427 2475 Deum
459 2420 537 2475 ad
571 2420 945 2477 iracundiam
976 2422 1296 2494 provocari,
1329 2423 1558 2480 dicente
1586 2424 1901 2496 Apostolo:

231 2510 317 2565 An
340 2509 599 2564 divitias
632 2509 888 2565 bonitatis
914 2512 1051 2583 ejus,
1078 2516 1133 2567 et
1148 2514 1581 2578 sustentationis,
1612 2517 1662 2568 et
1685 2516 1904 2585 patien-

233 2600 330 2655 tis
356 2600 688 2654 contemnis
703 2616 725 2652 :
754 2600 1019 2671 ignorans
1046 2602 1179 2671 quia
1199 2601 1413 2657 bonitas
1429 2602 1529 2657 Dei
1546 2602 1617 2657 ad
1632 2605 1905 2675 paeniten-

227 2690 369 2741 tiam
400 2692 462 2743 te
488 2695 755 2759 provocat
774 2691 803 2742 ?
828 2688 1137 2745 Secundum
1164 2690 1434 2746 duritiam
1451 2699 1634 2748 autem
1650 2696 1821 2759 tuam,
1852 2701 1904 2748 et

226 2777 609 2847 imp-enitens
632 2792 747 2845 cor,
780 2778 1127 2835 thesaurizas
1158 2780 1264 2835 tibi
1288 2782 1434 2835 iram
1453 2780 1629 2852 (Rom.
1652 2798 1715 2848 II,
1738 2782 1792 2849 4,
1825 2783 1904 2855 5),

225 2880 417 2936 quam
457 2865 619 2920 Deus
648 2865 999 2922 naturaliter
1027 2885 1144 2923 non
1172 2868 1370 2925 habet.
1406 2869 1569 2925 Unde
1597 2873 1654 2926 et
1700 2870 1760 2925 in
1791 2869 1902 2927 alio

222 2950 357 3009 loco
379 2952 689 3025 scriptum
711 2958 835 3009 est:
859 2955 1104 3012 Emisisti
1126 2956 1270 3012 iram
1294 2966 1468 3025 tuam,
1486 2974 1606 3029 quae
1628 2958 1906 3015 devoravit

2008 1882 2245 1955 gentilis
2276 1883 2462 1955 prius,
2494 1888 2551 1939 et
2578 1883 2763 1956 impia
2791 1883 2991 1939 anima
3009 1882 3284 1955 intelligit
3301 1883 3652 1940 Creatorem.

2009 1971 2277 2027 Samaria
2303 1971 2509 2043 recipit
2536 1971 2841 2044 antiquam
2869 1971 3321 2039 beatitudinem,
3366 1971 3660 2028 haeretico-

2009 2076 2140 2115 rum
2153 2076 2347 2116 errore
2359 2064 2775 2134 contempto,et
2776 2062 2986 2132 juncta
2997 2061 3356 2128 doctrinm,et
3369 2061 3503 2117 fidei
3520 2060 3659 2117 Chri
3688 2076 3689 2081 ‘

2010 2148 2233 2204 stianaa.
2264 2150 2529 2222 Cumque
2557 2149 2670 2205 illa;
2702 2167 2942 2205 reversae
2973 2150 3207 2219 fuerint,
3230 2154 3287 2205 et
3305 2149 3658 2219 Jerusalem,

2008 2239 2148 2294 visio
2173 2240 2348 2310 pacis,
2382 2255 2509 2311 quae
2540 2239 2953 2311 interpretatur
2981 2238 3237 2295 Ecclesia
3254 2243 3575 2295 revertetur
3599 2240 3660 2296 in

2012 2326 2328 2398 pristinum
2360 2331 2602 2384 statum.
2637 2328 2717 2383 De
2748 2344 2866 2400 qua
2887 2328 3173 2400 scriptum
3202 2332 3328 2385 est:
3362 2330 3556 2384 Factus
3582 2331 3661 2384 est

2011 2417 2074 2471 in
2096 2432 2233 2486 pace
2260 2417 2407 2472 locus
2425 2418 2735 2489 ejus(Psal.
2762 2435 2927 2485 Lxxv,
2967 2417 3065 2480 2);
3093 2421 3184 2473 et:
3208 2417 3520 2475 Jerusalem
3536 2432 3662 2490 qua?

2011 2504 2320 2575 wdiﬁcatur
2345 2509 2407 2561 ut
2432 2507 2628 2561 civitas
2647 2525 2666 2560 :
2696 2509 2859 2578 cujus
2885 2507 3246 2577 participatio
3276 2508 3396 2577 ejus
3422 2508 3486 2561 in
3509 2508 3661 2578 idip-
3692 2524 3701 2530 ·

2011 2609 2136 2648 sum
2162 2595 2279 2663 (Ps.
2320 2610 2471 2666 cxxr,
2502 2596 2597 2666 3);
2630 2598 2687 2650 et
2714 2594 2773 2649 in
2804 2593 3117 2666 Apostolo:
3151 2595 3280 2662 Quae
3306 2602 3488 2650 autem
3533 2611 3659 2649 sur-

2010 2698 2134 2737 sum
2165 2690 2246 2737 est
2274 2685 2602 2751 Jerusalem,
2636 2683 2809 2739 libera
2835 2688 2932 2753 est,
2963 2699 3085 2754 quae
3132 2688 3212 2738 est
3267 2687 3447 2739 mater
3473 2686 3661 2739 nostra

2013 2770 2214 2841 (Galat.
2249 2788 2326 2840 1v,
2360 2773 2453 2844 25)
2474 2789 2494 2834 ;
2544 2776 2608 2840 et
2664 2774 2723 2827 in
2782 2772 2985 2827 eodem
3014 2789 3027 2825 :
3089 2772 3400 2828 Accessistis
3427 2772 3497 2827 ad
3525 2772 3661 2828 Sion

2010 2865 2269 2928 montem,
2302 2864 2353 2917 et
2382 2860 2454 2916 ad
2482 2863 2760 2917 civitatem
2776 2862 2873 2916 Dei
2896 2862 3131 2916 viventis
3155 2862 3460 2917 Jerusalem
3476 2861 3660 2917 caeles-

2012 2957 2139 3019 tem,
2156 2958 2207 3005 et
2218 2951 2428 3006 militia
2443 2951 2766 3020 angelorum
2776 2952 3149 3023 frequentium
3164 2948 3275 3021 [ΑΙ.
3290 2952 3659 3022 frequentiam

2010 3039 2206 3106 (Hebr.
2239 3040 2483 3109 xrl,22).
2544 3043 2614 3094 Et
2672 3039 2982 3095 revertitur
3039 3055 3176 3094 cum
3239 3038 3475 3094 ﬁliabus
3508 3038 3657 3107 suis,

221 3058 317 3098 eos
350 3044 510 3097 sicut
538 3044 812 3114 stipulam
838 3044 1029 3115 (Exod.
1054 3062 1147 3114 xv,
1178 3045 1256 3120 7].
1276 3046 1438 3110 Quod
1461 3047 1619 3102 enim
1632 3049 1905 3119 conjunc-

220 3135 366 3186 tum
401 3135 517 3199 est,
550 3136 611 3186 et
634 3132 698 3187 in
730 3149 846 3188 uno
876 3150 1116 3205 corpore
1174 3135 1535 3207 copulatum,
1590 3137 1743 3192 mitti
1787 3154 1903 3193 non
1943 3199 1977 3207 _
2012 3142 2142 3198 quae
2166 3127 2225 3181 in
2255 3131 2375 3183 toto
2405 3128 2543 3183 orbe
2573 3128 2849 3200 disperses
2881 3131 3038 3183 sunt.
3072 3127 3153 3182 De
3182 3143 3298 3199 quo
3329 3126 3558 3199 plenius
3595 3126 3657 3183 in

222 3224 464 3292 potest,
486 3220 597 3276 sed
614 3219 761 3276 illud
785 3223 941 3293 quod
965 3199 1126 3279 extra
1155 3199 1368 3296 corpus
1388 3227 1496 3280 est.
1520 3199 1692 3281 Verbi
1715 3227 1898 3298 gratia

2014 3214 2173 3272 Isaias
2196 3199 2705 3288 explanationibus
2736 3216 3146 3272 disseruimus.

222 3307 928 3383 lancea,telum,sagitta,
945 3312 1199 3383 gladius.
1217 3312 1489 3386 Legimus
1500 3313 1628 3370 etin
1642 3319 1898 3388 Evange-

2082 3343 2266 3412 (Vers.
2298 3326 2368 3396 56
2397 3344 2587 3414 seqq.)
2617 3342 2739 3397 Non
2766 3341 2875 3412 fuit
2903 3348 3088 3396 autem
3115 3340 3349 3396 Sodoma
3376 3356 3535 3397 soror
3561 3344 3659 3397 tua

224 3398 304 3454 lio
343 3398 579 3470 (lauti.
600 3415 660 3465 x,
675 3400 766 3470 15]
793 3398 1157 3457 tolerabilius
1178 3401 1300 3457 fore
1322 3407 1487 3458 terra:
1513 3403 1898 3460 Sodomorum

2009 3428 2200 3484 audita
2229 3431 2290 3483 in
2319 3445 2412 3485 ore
2442 3398 2540 3485 tut;
2561 3431 2623 3484 in
2652 3430 2745 3485 die
2770 3430 3036 3500 atperbiaz
3055 3431 3171 3485 tum
3190 3437 3483 3499 antequam
3512 3445 3659 3485 reve-

226 3488 291 3542 in
322 3487 425 3543 die
439 3487 685 3558 jndicii,
718 3504 895 3559 quam
925 3489 979 3545 ei
1007 3506 1134 3561 quae
1149 3489 1444 3563 apostolos
1467 3509 1581 3548 non
1600 3493 1899 3566 receperit.

298 3610 501 3681 (νει-ε.
534 3612 658 3682 55.)
688 3613 755 3666 Et
781 3628 936 3669 soror
964 3617 1059 3669 tua
1084 3614 1313 3670 Sodoma
1341 3619 1393 3671 et
1420 3615 1552 3686 ﬁliae
1580 3619 1696 3687 eius
1720 3634 1900 3674 rever-

230 3703 425 3756 tentur
444 3700 519 3755 ad
540 3702 980 3772 antiquititatem
1004 3719 1183 3758 suam.
1209 3706 1272 3759 El
1288 3706 1621 3774 Samaria,et
1638 3707 1777 3777 ﬁlim
1786 3708 1903 3779 ejus

238 3792 605 3844 revertentur
632 3790 705 3844 ad
734 3792 1120 3862 antiquitatem
1147 3809 1325 3848 suam.
1358 3794 1422 3849 Et
1451 3798 1512 3849 tu
1540 3803 1591 3850 et
1616 3795 1755 3864 ﬁliae
1792 3804 1903 3853 tua?

235 3879 613 3934 revertemini
638 3877 1115 3949 [ALrevertiminz]
1151 3882 1221 3936 ad
1234 3884 1617 3953 antiquitatem
1640 3888 1897 3940 vestram.

235 3966 373 4023 LXX
400 3984 418 4020 :
456 3970 525 4023 Et
554 3982 712 4022 soror
740 3975 834 4023 tua
865 3967 1119 4037 Sodoma,
1152 3979 1202 4025 et
1230 3971 1369 4041 ﬁliae
1405 3972 1903 4043 ejus'restituentur

232 4059 381 4111 sicut
408 4058 608 4126 [erant
634 4073 672 4111 a
699 4058 973 4128 principio
992 4075 1012 4112 :
1035 4067 1086 4113 et
1105 4060 1381 4128 Samaria,
1412 4065 1464 4116 et
1509 4062 1640 4131 ﬁlia:
1667 4064 1783 4135 ejus
1812 4079 1898 4119 re-

235 4146 555 4199 stituentur
582 4145 723 4199 sicut
732 4147 961 4216 fuerant
981 4163 1016 4201 a
1028 4149 1400 4220 principio.Et
1419 4154 1476 4204 tu
1489 4157 1541 4205 et
1548 4151 1680 4221 ﬁlim
1693 4160 1799 4208 tua?
1810 4169 1898 4207 re-

242 4232 593 4299 stituemini,
622 4234 764 4289 sicut
787 4235 978 4304 fuistis
994 4235 1061 4290 ab
1083 4237 1138 4291 in
1148 4238 1264 4292 itio.
1290 4237 1477 4293 Judaai
1493 4240 1646 4295 inter
1664 4245 1901 4297 caeteras

242 4320 509 4389 fabulas,
545 4326 605 4377 et
638 4320 1106 4381 interminabiles
1153 4326 1550 4399 genealogias,
1588 4333 1647 4384 et
1688 4328 1898 4385 delira-

237 4416 449 4466 menta
466 4426 603 4483 quze
625 4410 879 4484 ﬁngunt,
904 4413 1081 4469 etiam
1104 4413 1213 4470 hoc
1236 4415 1551 4483 somniant,
1566 4416 1625 4472 in
1648 4418 1898 4474 adventu

232 4497 461 4554 Christi
492 4498 612 4565 sui,
647 4515 821 4571 quem
854 4516 962 4556 nos
989 4502 1416 4559 Antichristum
1470 4505 1711 4577 scimus,
1762 4506 1899 4562 etin

2010 3517 2221 3572 laretur
2247 3518 2467 3573 malitia
2495 3525 2607 3585 tua,
2639 3520 2779 3573 sicut
2803 3519 2901 3573 hoc
2931 3526 3170 3589 tempore
3219 3518 3279 3572 in
3303 3519 3658 3589 opprobrium

2010 3606 2261 3675 ﬁliarum
2289 3609 2497 3677 Syriae,
2531 3610 2582 3661 et
2607 3615 2935 3662 cunctarum
2951 3607 3259 3661 incircuitu
3280 3609 3372 3662 tuo
3400 3606 3649 3675 ﬁliarum

2009 3696 2462 3761 Palastinarum,
2517 3710 2647 3767 quae
2702 3696 2955 3750 ambiunt
3009 3699 3062 3749 te
3106 3711 3211 3765 per
3236 3697 3439 3765 girum.
3471 3695 3658 3750 Scelus

2006 3785 2181 3854 tuum,
2214 3789 2266 3839 et
2296 3787 2661 3853 ignominiam
2696 3788 2849 3838 tuam
2876 3787 2936 3837 tu
2978 3786 3231 3854 portasti,
3287 3784 3369 3837 ait
3391 3784 3657 3838 Dominus

2008 3872 2167 3927 Deus.
2199 3872 2381 3927 LXX:
2412 3873 2534 3927 Nisi
2561 3874 2793 3943 fuissent
2848 3871 3077 3926 Sodoma
3121 3886 3278 3925 soror
3335 3878 3427 3925 tua
3454 3870 3525 3925 ad
3553 3887 3658 3925 au-

2007 3960 2265 4015 diendum
2294 3963 2353 4016 in
2385 3977 2479 4017 ore
2508 3965 2598 4016 tuo
2626 3963 2688 4015 in
2716 3960 2905 4016 diebus
2928 3960 3195 4032 superbiae
3225 3964 3339 4016 tua?
3369 3961 3659 4031 antequam

2007 4050 2384 4106 revelarentur
2394 4052 2630 4107 malitia
2648 4054 2754 4105 tuae
2763 4092 2775 4115 ,
2793 4051 2933 4104 sicut
2942 4065 3090 4103 nunc
3101 4057 3183 4104 est
3191 4049 3442 4119 ﬁliarum
3457 4048 3655 4120 Syriae,

2007 4142 2059 4194 et
2088 4141 2204 4194 nisi
2234 4138 2333 4195 hoc
2358 4141 2573 4211 fuisset,
2592 4139 2723 4210 quid
2742 4140 2954 4209 factum
2974 4145 3110 4193 esset
3130 4138 3579 4205 tibi,etomnium
3600 4139 3659 4191 in

2007 4229 2245 4283 circuitu
2262 4236 2351 4284 tuo
2364 4229 2613 4298 ﬁliarum
2627 4228 3094 4297 alienigenarum,
3110 4242 3231 4298 quae
3246 4228 3593 4281 circumdant
3606 4234 3660 4281 te

2003 4318 2299 4388 pergirum
2315 4318 2343 4372 ‘I
2365 4320 2674 4390 impietates
2697 4322 2897 4383 tuas,et
2920 4318 3237 4389 iniquitates
3259 4320 3383 4370 tuas
3404 4323 3461 4371 tu
3471 4318 3656 4386 porta.

2008 4406 2397 4478 Symmachus
2466 4408 2624 4462 hunc
2682 4406 2875 4461 locum
2934 4406 3015 4460 ita
3060 4405 3478 4476 interpretatus
3533 4407 3653 4459 est:

2013 4497 2158 4553 187
2198 4499 2339 4567 Quia
2368 4512 2482 4552 non
2510 4497 2619 4566 fuit
2641 4494 2874 4550 Sodoma
2889 4509 3043 4550 soror
3067 4501 3163 4548 tua
3179 4494 3239 4547 in
3263 4492 3461 4547 auditu
3479 4510 3579 4564 per
3602 4508 3659 4548 os

234 4587 412 4643 mille
439 4569 731 4644 annorum
755 4605 953 4662 regno,
985 4591 1300 4648 Sodomam
1328 4608 1455 4649 esse
1476 4569 1895 4651 restituendam
1928 4569 1976 4633 D
2009 4598 2164 4646 tuum
2193 4589 2252 4643 in
2275 4586 2367 4641 die
2385 4584 2809 4656 superbiaztuaz,
2834 4586 3127 4655 antequam
3149 4582 3484 4637 revelaretur
3506 4583 3657 4648 igno-

236 4676 308 4731 in
341 4675 653 4747 antiquum
686 4681 932 4745 statum,
953 4679 1035 4734 ita
1061 4683 1126 4735 ut
1145 4681 1224 4735 sit
1249 4681 1417 4752 quasi
1442 4682 1751 4753 paradisus
1771 4683 1894 4754 Dei,

233 4769 301 4821 et
335 4763 511 4835 quasi
541 4769 691 4843 tarra
717 4766 981 4839 Egypti;
1013 4773 1068 4823 et
1086 4769 1407 4824 Samariam
1423 4770 1733 4842 pristinam
1759 4772 1900 4827 reci-

234 4851 754 4925 perefelicitatem,
770 4856 916 4911 utde
928 4856 1182 4929 Assyriis
1205 4861 1570 4914 revertantur
1589 4859 1649 4915 in
1677 4864 1895 4917 terram

233 4941 516 4998 Judaeam
539 4941 631 5011 (ιν
656 4943 805 5015 Reg.,
833 4961 971 5016 xvn,
995 4945 1176 5017 xvm).
1210 4946 1485 5018 Legimus
1506 4948 1665 5003 enim
1694 4949 1896 5005 decem

234 5031 439 5087 tribus
467 5034 673 5102 captas
705 5048 740 5087 a
770 5031 937 5103 Phul,
970 5037 1027 5088 et
1054 5032 1484 5106 Salmanassar,
1535 5040 1592 5091 et
1620 5035 1896 5110 Teglath-

235 5118 561 5192 phalassar
583 5120 824 5193 regibus
850 5122 1248 5195 Assyriorum,
1278 5127 1335 5178 et
1381 5140 1569 5196 usque
1610 5123 1785 5182 hodie
1815 5127 1896 5182 ibi

236 5223 375 5264 esse
395 5207 683 5280 captivas.
704 5208 1035 5266 Jerusalem
1058 5227 1293 5283 quoque
1313 5215 1453 5268 tunc
1465 5229 1594 5269 esse
1615 5213 1899 5271 fabrican-

239 5297 406 5365 dam,
423 5301 489 5351 et
506 5312 713 5354 omnes
728 5297 883 5354 filias
904 5299 1055 5371 ejus,
1080 5301 1257 5358 urbes
1277 5301 1565 5368 videlicet,
1580 5307 1637 5357 et
1651 5302 1894 5377 viculos,

236 5389 297 5442 et
328 5383 598 5453 castella,
633 5402 765 5458 qum
792 5387 904 5443 sub
933 5388 1122 5461 ipsius
1137 5391 1336 5446 futura
1351 5390 1471 5446 sint
1488 5393 1902 5463 potestate,tlo-

237 5472 464 5529 rituras
486 5477 557 5529 ut
575 5475 739 5546 prius
759 5476 1106 5547 ﬂoruerunt,
1131 5483 1187 5536 et
1202 5479 1391 5551 ipsam
1412 5480 1741 5536 Jerusalem
1756 5498 1897 5538 auro

238 5566 303 5618 et
334 5570 609 5634 argento,
636 5568 692 5620 et
715 5564 993 5636 pretiosis
1019 5565 1317 5640 lapidibus
1359 5569 1793 5636 exstruendam,
1825 5571 1898 5627 de

242 5667 367 5724 qua
394 5650 560 5709 18¢
586 5656 646 5709 et
669 5653 854 5712 Isaias
882 5654 1271 5715 vaticinatur:
1307 5657 1643 5715 Constituam
1695 5659 1902 5731 iudices

2005 4680 2183 4734 minia
2216 4681 2333 4742 tua,
2363 4676 2505 4729 sicut
2536 4674 2595 4727 in
2627 4676 2866 4743 tempore
2889 4671 3169 4743 opprobrii
3186 4670 3432 4739 ﬁliarum
3456 4668 3654 4739 Syriae,

2005 4776 2058 4824 et
2086 4768 2333 4823 omnium
2363 4778 2488 4835 quae
2518 4764 2578 4817 in
2599 4763 2835 4816 circuitu
2864 4769 2955 4815 tuo
2975 4767 3100 4814 sunt
3120 4759 3372 4829 ﬁliarum
3393 4758 3655 4812 Palmsti-

2004 4873 2231 4923 narum,
2264 4868 2389 4925 quae
2418 4857 2468 4909 te
2496 4852 2748 4908 ambiunt
2771 4866 2871 4921 per
2897 4864 3114 4920 gyrum.
3173 4846 3356 4901 Scelus
3410 4847 3570 4900 tuum
3605 4850 3657 4903 et

2003 4948 2162 5018 nefas
2194 4947 2351 4997 tuum
2380 4949 2438 4997 tu
2463 4936 3053 5011 portabis.Theodotio
3074 4935 3183 4990 hoc
3208 4935 3379 4990 modo
3404 4952 3418 4991 :
3450 4935 3517 4990 Et
3544 4951 3657 4991 non

2005 5038 2124 5091 erat
2154 5031 2385 5088 Sodoma
2412 5044 2565 5086 soror
2593 5037 2687 5084 tua
2717 5030 2778 5083 in.
2798 5026 2995 5082 auditu
3018 5026 3131 5081 oris
3153 5025 3255 5091 tui,
3280 5025 3342 5078 in
3362 5024 3450 5080 die
3468 5041 3658 5096 super-

2007 5126 2110 5181 bia:
2140 5132 2264 5188 tuae,
2308 5128 2600 5192 antequam.
2631 5114 3201 5173 revelareturmalitia
3218 5116 3314 5168 tua
3330 5115 3655 5170 :sicuttem-

2000 5230 2105 5286 pus
2133 5210 2415 5285 Opprobrii
2441 5209 2690 5279 ﬁliarum
2708 5205 2903 5275 Syria,
2925 5206 2977 5260 et
2992 5204 3240 5259 omnium
3254 5204 3657 5275 percircuitum

2006 5306 2122 5375 ejus
2151 5302 2395 5372 ﬁliarum
2426 5297 2885 5365 alienigenarum,
2918 5307 3045 5365 qua?
3073 5292 3468 5348 abominantur
3485 5294 3537 5346 te
3556 5307 3657 5361 per

2006 5386 2677 5464 gyrum.Fornicationcm
2705 5385 2878 5451 tuam,
2910 5387 2959 5437 et
2988 5382 3476 5439 contaminationes
3508 5383 3650 5448 tuas,

2006 5490 2064 5536 tu
2084 5478 2337 5552 portasti,
2368 5475 2502 5532 dicit
2529 5471 2742 5528 Adonei
2798 5472 3077 5527 Dominus.
3140 5469 3392 5526 Editioni
3428 5467 3651 5540 Aquila:

2006 5565 2274 5639 congruit
2302 5566 2504 5619 nostra
2519 5558 2822 5616 translatio
2846 5577 2859 5627 ;
2883 5576 3030 5630 quas
3056 5575 3260 5615 omnes
3284 5557 3474 5630 posui,
3499 5561 3565 5612 ut
3584 5575 3654 5614 ex

2008 5655 2316 5715 collatione
2337 5654 2706 5719 cunctarum,
2740 5648 2992 5721 alicujus
3023 5664 3231 5705 sensus
3249 5646 3550 5721 possimus
3567 5664 3651 5704 re-
