4020 6186
208 310 314 373 l6!

831 308 1581 375 COMMENTARIORUM
1629 309 1705 372 IN
1751 307 2249 372 EZECHIELEM
2296 303 2442 367 LIB.
2489 304 2565 378 ν,
2599 304 2771 366 CAP.
2809 298 2997 367 Χνιι.

3496 296 3619 371 {BI

202 447 255 499 in
281 446 519 499 vineam
541 458 825 515 magnam,
854 451 909 499 et
930 444 1060 514 fecit
1070 445 1418 516 propagines,
1441 451 1492 500 et
1510 442 1755 499 extendit
1773 458 1861 498 ra-
1887 444 1943 511 Α
1970 440 2127 496 rami
2150 439 2288 510 ejus,
2318 440 2387 493 ut
2402 435 2696 492 videretur
2716 434 2953 508 quidem
2979 434 3196 493 habere
3215 451 3485 511 regnum,
3510 438 3615 495 sed

195 548 315 589 nos
338 548 494 588 suos.
526 532 773 596 Quando
820 532 1114 605 prophetat
1152 532 1399 589 dicitur:
1450 536 1699 604 Propone
1723 533 1859 588 mni-

194 637 344 693 συιδ,
375 638 559 677 nat-ra
587 622 926 692 parabolam,
954 621 1077 677 sive
1106 625 1171 677 ut
1212 621 1353 677 LXX
1392 619 1857 677 transtulerunt:

194 726 365 766 acra
404 712 815 778 narrationem,
848 712 1012 766 etdic
1031 711 1376 781 parabolam,
1410 710 1739 766 ostenditur
1758 710 1859 764 ob-

194 814 442 855 scuram
474 815 614 855 esse
629 798 784 871 quod
810 798 1046 855 dicitur.
1064 797 1220 854 Nulli
1253 799 1409 854 enim
1431 797 1698 868 dubium,
1723 796 1860 852 mni-

194 900 354 960 gms,
375 891 439 942 et
459 886 806 958 parabolam
823 886 987 942 aliud
1006 888 1260 957 proferre
1286 887 1346 941 in
1368 886 1586 954 verbis,
1607 885 1765 941 aliud
1781 890 1863 940 te-

196 975 423 1032 aerein
455 976 756 1031 sensibus.
819 976 888 1031 Et
941 974 1203 1032 Salvator
1261 977 1418 1031 enim
1474 976 1547 1031 ad
1579 973 1861 1047 populum

193 1064 559 1136 loquebatur
618 1064 678 1118 in
722 1063 1045 1136 parabolis,
1102 1079 1252 1136 quas
1310 1068 1536 1120 secreto
1581 1061 1863 1135 apostolis

192 1154 548 1209 disserebat.
570 1152 728 1225 Ergo
744 1152 1017 1225 aenigma,
1041 1156 1098 1208 et
1117 1152 1451 1226 parabolam
1477 1153 1562 1208 ita
1581 1152 1864 1208 debemus

195 1240 555 1313 intelligere,
578 1240 754 1313 quasi
775 1240 1110 1313 mnigma,et
1136 1241 1644 1313 parabolamDuaa
1667 1243 1862 1295 autem

193 1331 249 1385 ia
268 1329 559 1402 praesnti
602 1328 922 1385 Ezechielis
941 1329 1253 1402 prophetia
1286 1329 1508 1402 Aquila
1528 1344 1866 1402 proponun-

193 1424 306 1473 tur.
330 1422 415 1473 De
434 1417 638 1490 prima
659 1432 821 1473 nunc
838 1418 1155 1475 dicendum
1176 1424 1269 1475 est
1292 1437 1305 1474 :
1334 1420 1405 1475 de
1440 1419 1624 1475 altera
1642 1417 1704 1473 in
1725 1432 1866 1473 cond

1968 528 2164 601 ipsum
2185 541 2433 600 regnum
2457 527 2586 597 ejus
2602 524 2825 580 humile
2841 529 3016 597 atque
3030 525 3359 597 inﬁrmum,
3374 526 3617 601 Babylo-

1969 616 2053 673 nii
2081 615 2364 687 principis
2385 617 2684 687 regeretur
2700 612 2961 669 arbitrio.
2986 613 3103 670 Hoc
3127 614 3364 672 interim
3385 617 3458 672 de
3474 628 3618 689 pras-

1971 705 2123 762 senti
2154 702 2430 775 capitulo,
2462 702 2556 757 cui
2584 702 3003 758 subnectamus
3033 708 3091 758 et
3118 702 3363 776 reliqua.

2041 793 2226 866 (Vers.
2256 792 2292 846 7
2324 791 2513 863 seqq.)
2541 792 2607 846 Et
2632 793 2780 861 facta
2805 800 2883 848 est
2917 793 3107 862 aquila
3151 794 3327 849 altera
3364 795 3614 869 grandis,

1968 884 2190 953 magnis
2218 883 2345 951 alis,
2375 882 2675 951 multisque
2690 881 2917 952 plumis.
2938 882 3003 936 Et
3019 897 3138 937 ecce
3154 884 3316 939 vinea
3332 885 3439 940 ista
3456 887 3619 958 quasi

1969 974 2191 1027 mittens
2222 970 2430 1025 radices
2453 985 2583 1025 suas
2612 971 2685 1024 ad
2703 985 2843 1039 eam,
2867 971 3121 1041 palmites
3140 987 3266 1028 suos
3284 974 3528 1029 extendit
3548 974 3618 1031 ad

1970 1061 2155 1131 illum,
2176 1064 2237 1115 ut
2256 1061 2519 1130 irrigaret
2539 1074 2657 1113 eam
2678 1058 2745 1113 de
2762 1059 2966 1113 arcolis
2978 1061 3243 1129 genuinis
3257 1064 3347 1117 sui
3353 1103 3365 1116 .
3386 1067 3454 1119 In
3468 1067 3619 1120 term

1974 1149 2132 1219 bona,
2158 1164 2327 1218 super
2351 1162 2524 1219 aquas
2551 1148 2754 1202 multas
2775 1147 2858 1218 (b)
2885 1149 3159 1218 plantavit
3177 1165 3304 1205 eam
3328 1169 3341 1207 :
3363 1159 3423 1207 ut
3438 1154 3621 1224 faciat

1970 1238 2211 1309 frondes,
2242 1245 2293 1293 et
2316 1243 2495 1308 portet
2521 1239 2778 1307 fructum,
2800 1239 2851 1291 et
2875 1235 3068 1309 [Vulg
3102 1238 3186 1309 ut]
3215 1240 3289 1294 sit
3305 1240 3365 1294 in
3396 1242 3619 1298 vineam

1972 1326 2255 1397 grandem.
2306 1326 2437 1381 Dic:
2501 1326 2626 1381 "me
2678 1324 2811 1380 dicit
2862 1326 3124 1381 Dominus
3182 1328 3367 1384 Deus:
3408 1331 3621 1402 Ergone

1971 1415 2381 1487 prosperabitur
2398 1417 2425 1467 γ
2444 1413 2634 1468 Nonne
2667 1412 2878 1468 radices
2905 1414 3022 1484 ejus
3046 1415 3256 1481 evellet,
3288 1419 3343 1471 et
3367 1417 3621 1492 fructum

190 1505 591 1579 sequentibus
608 1506 991 1563 disseremus.
1016 1507 1085 1562 Et
1110 1507 1349 1563 interim
1385 1506 1716 1579 simplicem
1737 1520 1867 1561 car-
1976 1504 2094 1575 ejus
2130 1503 2441 1571 distringet,
2471 1506 2525 1558 et
2550 1502 2777 1557 siccabit
2823 1517 3008 1557 omnes
3050 1504 3307 1574 palmites
3349 1510 3621 1577 germinis

189 1594 982 1668 puumhistoriamAquila
996 1594 1240 1667 grandis
1252 1610 1601 1667 magnarum
1616 1593 1865 1659 alarum,
1975 1591 2109 1662 ejus,
2141 1599 2195 1646 et
2220 1594 2442 1656 arescet,
2468 1595 2522 1646 et
2539 1605 2649 1646 non
2669 1592 2732 1644 in
2753 1589 2973 1645 brachio
2991 1591 3211 1661 grandi,
3243 1608 3420 1666 neque
3437 1597 3499 1650 in
3515 1612 3617 1668 ρο.

186 1684 371 1757 longo
384 1684 800 1740 membrorum
821 1684 1025 1751 ductu,
1048 1682 1221 1755 plena
1242 1683 1463 1756 plumis
1488 1689 1547 1739 et
1569 1683 1866 1753 varietate,
1972 1680 2123 1750 palis
2144 1681 2337 1735 multis
2354 1678 2546 1751 [ναις.
2579 1678 2786 1751 populo
2809 1683 2999 1747 multo]
3022 1688 3084 1737 ut
3109 1682 3359 1739 evelleret
3378 1700 3502 1739 eam
3521 1701 3619 1741 ra-

185 1773 304 1828 sive
338 1778 410 1827 ut
438 1778 672 1828 vertere
702 1771 1106 1844 Septuaginta,
1149 1773 1317 1844 plena
1344 1774 1635 1843 unguium,
1668 1772 1868 1827 Nabu-
1897 1816 1945 1883 Β
1975 1768 2175 1823 dicitus
2193 1773 2218 1821 .9
2242 1770 2371 1824 Ecce
2386 1768 2635 1851 plantata
2653 1776 2750 1833 est,
2773 1782 2972 1837 ergone
2989 1771 3449 1841 prosperabitur?
3478 1773 3622 1829 Non-

192 1862 567 1883 -ι-;-..----
590 1876 694 1883 --.-
720 1859 1121 1883 ηι-ι›..-..--...
1154 1864 1237 1883 --Δ
1290 1861 1351 1883 Δ-
1387 1876 1493 1883 ρ---
1536 1865 1589 1883 -L
1614 1861 1754 1883 rt---
1777 1859 1828 1883 ι-
1981 1874 2050 1883 ..Α
2086 1874 2197 1883 μη...
2229 1859 2472 1883 δβδέηηκέηι
2506 1873 2617 1883 ,μημ
2660 1862 2852 1883 “me...
2902 1873 3070 1883 -._...-
3142 1858 3432 1883 -2-.._L.'J-_._
3490 1866 3530 1883 ,Δ
3564 1864 3615 1883 1.-

188 1862 568 1917 chodouosor
590 1876 700 1916 rex
719 1859 1126 1916 Chaldaeorum
1150 1864 1259 1930 est,
1285 1861 1355 1916 de
1384 1876 1500 1932 quo
1534 1865 1593 1916 et
1614 1861 1757 1915 Osee
1777 1859 1866 1915 lo-
1897 1858 1945 1883 ”
1979 1874 2050 1913 ne
2078 1874 2201 1913 cum
2227 1859 2472 1928 tetigerit
2499 1873 2620 1912 eam
2660 1862 2852 1912 ventus
2901 1873 3091 1922 urens,
3136 1858 3450 1930 siccabitur,
3478 1866 3531 1918 et
3559 1864 3622 1918 in

191 1951 387 2023 quitur
408 1965 427 2004 :
452 1950 641 2018 Quasi
672 1950 863 2019 aquila
901 1963 1065 2020 super
1095 1948 1321 2005 domum
1355 1951 1453 2005 Dei
1479 1950 1599 2020 (Ose
1620 1965 1743 2018 vm,
1778 1948 1854 2019 1).
1975 1949 2124 2002 areis
2149 1948 2416 2015 germinis
2430 1948 2518 2001 sui
2536 1955 2745 2002 arescet
2763 1950 2788 1999 .9
2810 1946 2949 2001 LXX
2974 1963 2987 2000 :
3036 1948 3105 2002 Et
3138 1950 3290 2019 facta
3317 1954 3395 2006 est
3424 1951 3619 2023 aquila

190 2040 292 2095 late
333 2036 560 2093 multis
590 2038 895 2109 imperans
932 2037 1292 2105 nationibus,
1342 2043 1400 2093 et
1451 2036 1865 2093 innumerabili
1975 2038 2149 2092 altera
2167 2036 2394 2106 grandis
2412 2052 2745 2104 magnarum
2760 2036 3006 2107 alarum,
3023 2039 3290 2108 plurimis
3306 2038 3623 2111 unguibusi

188 2126 449 2183 vallatus
462 2125 759 2195 exercitu,
780 2126 941 2181 venit
965 2142 1142 2198 super
1162 2127 1406 2182 domum
1433 2126 1551 2194 Dei,
1571 2125 1727 2181 haud
1750 2126 1865 2180 du-
1975 2134 2027 2180 et
2052 2140 2172 2181 ecce
2186 2127 2355 2181 vinea
2376 2125 2495 2181 haec
2515 2125 2799 2196 implicata
2818 2130 2938 2181 erat
2958 2126 3029 2181 ad
3048 2142 3190 2197 eam,
3213 2135 3265 2183 et
3282 2129 3491 2185 radices
3505 2128 3625 2202 ejus

192 2217 348 2272 bium
358 2215 518 2289 quin
529 2214 831 2286 templum
844 2214 1162 2286 signiﬁcet:
1179 2214 1300 2269 sive
1313 2219 1547 2269 utnunc
1566 2214 1868 2286 Scriptura
1974 2214 2044 2269 ad
2064 2214 2241 2283 illam,
2264 2218 2316 2269 et
2335 2230 2520 2269 ramos
2537 2229 2663 2269 suos
2681 2213 2925 2270 extendit
2964 2214 3034 2270 ad
3065 2216 3246 2285 illam,
3267 2221 3329 2273 ut
3361 2220 3625 2291 irrigaret

194 2305 353 2371 dicit,
368 2305 446 2360 ad
469 2303 800 2370 Libanum,
823 2304 895 2360 de
915 2320 1029 2376 quo
1050 2302 1311 2375 loquitur
1330 2303 1640 2361 Zacharias
1663 2321 1677 2360 :
1700 2305 1868 2375 Aperi
1973 2319 2095 2357 eam
2113 2319 2232 2358 cum
2254 2303 2412 2373 gleba
2426 2303 2793 2374 plantationis
2814 2319 2947 2358 suis.
2974 2304 3037 2358 In
3056 2321 3249 2376 campo
3283 2307 3441 2376 bono,
3462 2322 3627 2381 super

194 2396 420 2464 libans,
446 2396 653 2465 portas
682 2401 826 2459 tuas,
857 2401 907 2448 et
934 2393 1175 2448 comedat
1204 2394 1349 2464 ignis
1378 2393 1561 2449 cedros
1589 2393 1865 2449 tuas.Ulu-
1974 2407 2176 2463 aquam
2190 2392 2420 2446 multam
2441 2393 2560 2462 ipsa
2578 2393 2927 2463 impinguata
2946 2396 3353 2465 estzut/aceret
3373 2398 3626 2466 germina

194 2484 269 2550 la,
288 2482 469 2552 abies,
492 2482 642 2554 quia
659 2480 855 2536 cecidit
873 2480 1082 2548 cedrus,
1101 2483 1360 2553 quoniam
1375 2482 1661 2551 magniﬁci
1670 2482 1875 2536 vastati

191 2571 545 2640 scutulata.
582 2569 810 2641 111,42).
850 2570 923 2625 Et
969 2570 1170 2625 crebro
1221 2569 1509 2642 templum
1560 2570 1715 2642 quod
1744 2572 1873 2626 erat
1975 2585 2039 2625 ea
2082 2568 2207 2623 die:
2252 2570 2378 2625 Haec
2421 2567 2556 2623 dicit
2597 2567 2809 2624 Adonei
2855 2570 3155 2626 Dominus:
3202 2571 3264 2627 Si
3304 2573 3626 2643 dirigetur?

196 2660 492 2731 inclytum
508 2657 1121 2731 atque(a)sublime,in
1139 2658 1455 2730 Scripturis
1472 2658 1690 2715 sanctis
1706 2658 1871 2714 Liba-
1975 2659 2163 2713 Nonne
2188 2658 2412 2713 radices
2432 2656 2823 2712 teneritudinis
2842 2660 2981 2729 eius,
3003 2666 3053 2715 et
3069 2660 3283 2730 fructus
3300 2661 3456 2717 illius
3476 2658 3629 2718 com-'

190 2767 303 2805 nus
329 2748 703 2823 appellatur.
726 2747 1002 2820 Tulitque
1021 2747 1339 2804 medullam
1355 2748 1533 2815 cedri,
1553 2752 1611 2803 et
1626 2748 1871 2804 summi-
1974 2751 2308 2819 putrescent,
2331 2754 2383 2801 et
2403 2753 2648 2801 arescent
2667 2749 2853 2802 omnia
2873 2764 2991 2820 quae
3025 2763 3097 2803 ea:
3131 2764 3196 2805 ea
3215 2753 3333 2805 orta
3353 2759 3481 2806 sunt
3499 2754 3525 2806 .9
3554 2750 3622 2806 Et

188 2845 371 2895 tatem
396 2836 717 2893 frondium
738 2836 867 2908 ejus
887 2836 1099 2906 evellit,
1130 2840 1188 2892 et
1224 2837 1640 2908 transportavit
1658 2853 1786 2892 eam
1812 2838 1868 2892 in
1977 2851 2087 2891 non
2118 2836 2178 2889 in
2218 2835 2438 2891 brachio
2467 2835 2621 2891 192
2650 2851 2868 2907 magno,
2901 2852 3071 2907 neque
3098 2838 3161 2892 in
3200 2839 3404 2911 populo
3427 2840 3620 2909 multo,

187 2934 412 2984 terram
434 2926 752 2993 Chanaan,
776 2926 835 2980 in
860 2925 1005 2981 urbe
1023 2926 1452 2998 negotiatorum
1472 2925 1866 2997 posuitillam.
1980 2928 2039 2979 ut
2067 2925 2263 2981 evellat
2284 2940 2408 2979 eam
2429 2941 2464 2979 a
2482 2924 2768 2980 radicibus
2792 2927 2947 2981 suis:
2980 2934 3032 2981 et
3068 2942 3188 2982 ecce
3223 2928 3625 3001 impinguatur.

186 3017 297 3073 Pro
316 3015 796 3086 negotiatoribus,
814 3012 934 3069 sive
949 3016 1427 3084 negotiationibus,
1442 3022 1721 3070 muratam
1730 3016 1870 3087 Sep-
1979 3014 2263 3085 Numquid
2280 3013 2550 3084 dirigetur
2572 3017 2597 3066 .9
2610 3015 2801 3070 Nonne
2813 3015 3003 3070 statim
3022 3024 3082 3070 ut
3099 3017 3344 3085 tetigerit
3360 3034 3482 3073 eam
3497 3034 3627 3075 ven-

186 3105 479 3178 tuaginta
495 3100 951 3158 transtulerunt.
977 3102 1201 3158 Iudicat
1220 3106 1414 3158 autem
1430 3102 1773 3159 Jechoniam
1790 3119 1873 3159 re-
1983 3105 2069 3156 tus
2098 3118 2285 3169 urens,
2319 3105 2540 3172 arescet,
2572 3119 2637 3157 ac
2662 3103 2959 3158 siccabitur
2994 3104 3260 3161 ariditate
3276 3125 3299 3171 ;
3325 3123 3451 3162 cum
3467 3106 3629 3179 gleba

187 3210 332 3268 gem
352 3191 539 3262 Juda,
567 3207 748 3261 quem
783 3190 937 3262 cepit
971 3190 1511 3248 Nabuchodonosor
1531 3208 1664 3247 cum
1687 3196 1873 3248 matre
1901 3183 1945 3251 C
1982 3192 2248 3259 germinis
2277 3191 2367 3244 sui
2388 3193 2640 3245 arescet?
2665 3190 2880 3262 Aquila
2908 3192 3187 3260 secunda,
3212 3193 3270 3249 id
3291 3198 3400 3261 est,
3422 3195 3625 3271 altera,

191 3299 305 3339 sua
323 3286 385 3338 et
406 3280 791 3354 principibus
810 3278 1030 3352 populi,
1053 3280 1397 3352 cunctisque
1413 3279 1625 3352 Opibus
1638 3280 1872 3337 Jerusa-
1978 3282 2035 3334 et
2063 3278 2193 3351 ipsa
2221 3294 2453 3351 magna,
2487 3278 2660 3352 plena
2689 3278 2930 3352 plumis,
2965 3280 3287 3338 multorum
3312 3286 3626 3357 unguium,

188 3372 333 3443 lem,
366 3375 435 3428 et
457 3370 633 3426 vasis
660 3368 865 3441 templi
890 3389 905 3439 ς
937 3372 997 3424 et
1037 3367 1340 3424 transtulit
1383 3368 1444 3423 in
1492 3368 1868 3441 Babylonem,
1978 3370 2212 3439 propter
2234 3367 2634 3439 rapacitatem,
2659 3373 2715 3424 ct
2734 3369 3123 3426 vastationem
3152 3372 3418 3444 gentium
3440 3374 3629 3448 pluri-

194 3474 325 3534 qua:
346 3460 532 3516 estin
550 3464 717 3514 terra
729 3457 1027 3529 Chanaan,
1044 3456 1245 3528 ibique
1261 3456 1582 3513 consenuit.
1602 3457 1682 3513 De
1698 3458 1868 3529 cujus
1979 3471 2231 3522 marum,
2258 3473 2356 3511 rex
2374 3456 2600 3530 ngypti
2649 3461 2740 3513 est
2775 3458 3022 3515 Pharao.
3062 3460 3134 3515 Et
3154 3476 3286 3517 ecce
3321 3462 3490 3519 vinea
3510 3464 3626 3522 ista

194 3556 673 3623 posteagcnere,
694 3547 847 3603 sicut
867 3545 1118 3601 Matthmi
1153 3545 1533 3618 Evangelistaa
1570 3547 1871 3618 Scriptura
1978 3545 2331 3602 subauditur
2358 3563 2457 3601 rex
2488 3546 2780 3616 Sedecias,
2813 3548 2915 3619 qui
2946 3565 2981 3603 a
3008 3547 3548 3609 Nabuchodonosor
3562 3553 3622 3610 in

193 3643 453 3694 utatur
475 3636 695 3709 (καὶαι.
717 3637 779 3706 1),
803 3635 1089 3690 Dominus
1122 3641 1179 3690 et
1198 3633 1464 3691 Salvator
1483 3638 1679 3691 noster
1694 3639 1868 3691 natus
1975 3634 2303 3691 Jerusalem
2326 3635 2515 3691 fuerat
2534 3636 2912 3705 constitutus,
2937 3637 3131 3709 coepit,
3155 3639 3370 3711 inquit,
3394 3642 3626 3700 mittere

196 3734 281 3784 est
297 3744 412 3800 per
432 3724 728 3783 Salathiel
748 3725 898 3779 lt“
926 3728 985 3779 et
1012 3722 1350 3779 Zorobabel.
1386 3722 1493 3786 Qui
1527 3724 1770 3796 protulit
1796 3725 1869 3781 de
1977 3723 2327 3797 propagines
2352 3741 2491 3780 suas
2515 3726 2588 3780 ad
2612 3740 2762 3795 eam,
2786 3724 2843 3780 id
2866 3733 2973 3793 est,
2997 3726 3068 3780 ad
3108 3742 3303 3799 regem
3332 3732 3625 3802 Egyptia-

1974 2488 2025 2535 et
2038 2481 2259 2551 afferret
2269 2482 2532 2550 fructum,
2547 2483 2597 2534 et
2608 2484 2746 2534 esset
2756 2483 2816 2534 in
2833 2483 3050 2536 vineam
3063 2499 3348 2553 grannem.
3374 2490 3628 2557 Propter‘

200 3822 465 3872 semente
485 3813 761 3886 ejusdem
783 3816 972 3876 terra,
994 3812 1052 3867 id
1076 3817 1185 3877 est,
1222 3812 1293 3868 de
1312 3811 1495 3884 stirpe
1519 3813 1697 3886 regia,
1720 3817 1868 3870 Mat-

201 3904 467 3961 thauiam
489 3907 780 3975 patruum
804 3901 1119 3968 Jechoniat,
1141 3901 1311 3971 cujus
1349 3900 1522 3956 vertit
1555 3917 1791 3970 nomen,
1812 3908 1870 3959 et

200 3994 425 4049 vocavit
434 4008 581 4048 eum
594 3989 920 4056 Sedeciam,
938 3994 996 4046 et
1012 3989 1210 4062 posuit
1224 4004 1420 4063 regem
1437 3990 1498 4045 in
1517 3990 1840 4047 Jerusalem
1852 4036 1866 4063 ,

203 4083 528 4153 multisque
563 4079 820 4152 praefecit
847 4078 1099 4152 populis.
1132 4064 1200 4134 Et
1230 4081 1425 4134 tamen
1473 4078 1533 4134 in
1564 4080 1869 4151 superﬁcie

202 4171 399 4243 posuit
422 4170 622 4236 illum,
645 4184 753 4225 nec
776 4171 1122 4240 potestatem
1143 4167 1271 4238 ejus
1293 4166 1653 4240 altaimperii
1674 4169 1869 4227 radice

204 4258 496 4316 ﬁrmavit:
521 4259 629 4314 sed
652 4257 853 4331 posuit
872 4272 1029 4326 eum,
1056 4260 1121 4311 ut
1142 4256 1550 4328 respiceretur,
1570 4262 1628 4312 et
1640 4259 1753 4314 sub
1774 4276 1870 4331 po-

202 4354 421 4404 testate
432 4345 937 4416 cssetBabylonia,
946 4346 1066 4401 sive
1080 4344 1291 4399 humili
1306 4349 1549 4410 statura,
1559 4347 1868 4419 respicien-

204 4436 361 4493 ﬁlms
382 4435 578 4492 ramis
599 4436 728 4506 ejus
750 4435 822 4490 ad
844 4451 973 4490 eam
998 4452 1012 4490 :
1043 4438 1109 4489 ut
1129 4439 1402 4505 praeesset
1422 4434 1658 4506 quidem
1681 4452 1866 4509 popu-

1978 3829 2132 3878 rum,
2160 3812 2384 3885 legatos
2413 3813 2685 3885 dirigere,
2719 3819 2776 3867 et
2805 3814 2876 3869 ab
2921 3829 2987 3868 eo
3027 3819 3230 3870 contra
3277 3832 3494 3890 regem,
3530 3818 3624 3873 cui

1977 3900 2254 3957 subditus
2302 3907 2444 3972 erat,
2496 3901 2778 3956 auxilium
2830 3901 3150 3974 postulare.
3191 3903 3308 3961 Hoc
3348 3911 3437 3963 est
3464 3907 3624 3963 enim

1977 3990 2130 4063 quod
2155 3990 2461 4063 Scriptura
2482 4007 2635 4045 nunc
2657 3989 2821 4057 dicit,
2847 3994 2913 4046 ut
2932 3991 3201 4065 irrigaret
3223 4010 3351 4050 eam
3377 3996 3447 4052 de
3468 4012 3626 4052 areo-

1976 4079 2048 4134 lis
2068 4078 2350 4151 germinis
2372 4078 2485 4135 sui.
2509 4079 2642 4143 Quae
2668 4078 2727 4133 in
2751 4083 2907 4135 terra
2930 4081 3084 4137 bona
3112 4081 3629 4142 aNabuchodono—

1977 4184 2074 4223 sor
2102 4167 2361 4240 plantala
2382 4172 2525 4236 erat,
2550 4172 2616 4223 ut
2650 4168 2864 4224 faceret
2899 4169 3157 4237 frondes,
3182 4174 3238 4226 et
3257 4172 3487 4229 afferret
3503 4175 3623 4230 fru-

1977 4262 2158 4327 ctum,
2183 4261 2241 4312 et
2264 4261 2549 4313 cresceret
2575 4257 2634 4312 in
2686 4257 2914 4314 vineam
2963 4257 3267 4315 latiorem:
3294 4266 3624 4335 'proptcrea

1968 4346 2213 4417 jubetur
2240 4346 2559 4418 prophetae,
2592 4352 2658 4403 ut
2698 4346 2977 4420 loquatur
3023 4349 3095 4404 ad
3145 4349 3396 4421 vineam,
3430 4366 3559 4423 quae
3590 4364 3626 4407 a

1975 4434 2515 4490 Nabuchodonosor
2544 4435 2807 4507 plantata
2836 4437 3043 4505 fuerat,
3077 4442 3131 4493 et
3163 4454 3359 4495 ramos
3389 4455 3526 4496 suos
3547 4437 3621 4495 ad

200 4524 273 4582 lis
296 4525 651 4617 Iudaeorum
680 4541 693 4591 ;
720 4523 820 4579 sed
845 4522 1265 4617 respiceret-ad
1288 4521 1592 4617 Babylonii
1601 4525 1866 4617 jubentis
1894 4550 1946 4617 Β
1976 4523 2233 4617 aquilam
2251 4525 2575 4617 Aigyptiam
2594 4524 2863 4581 miserat:
2879 4526 3167 4597 numquid
3182 4528 3627 4600 prosperabitur

200 4612 551 4687 imperium.
581 4615 702 4668 Hoc
723 4615 813 4668 est
832 4612 993 4667 enim
1032 4611 1189 4682 quod
1224 4609 1525 4682 Scriptura
1559 4612 1737 4669 dicit:
1761 4616 1868 4671 Hu-

200 4705 333 4758 mili
352 4706 601 4766 statura,
621 4700 1038 4773 respicientibus
1058 4701 1230 4756 ramis
1250 4701 1367 4771 ejus
1388 4699 1458 4755 ad
1477 4716 1620 4769 eam,
1653 4704 1868 4760 subau-

200 4791 439 4859 dialur,
460 4790 736 4860 aquilam.
758 4790 919 4854 Quod
944 4788 1204 4861 apertius
1238 4792 1430 4845 vetere
1466 4790 1863 4864 Septuaginta,

200 4884 510 4951 ortumque
533 4884 610 4934 est
646 4879 791 4952 quod
814 4880 1128 4951 plantatum
1155 4879 1358 4950 fuerat,
1389 4886 1439 4934 et
1464 4880 1671 4949 factum
1699 4891 1778 4939 est
1805 4885 1867 4938 in

200 4970 429 5025 vineam
456 4967 742 5036 inﬁrmam
766 4976 819 5024 et
846 4968 1136 5039 parvulam
1169 4983 1182 5023 :
1213 4972 1277 5023 ut
1305 4973 1521 5024 tantum
1542 4975 1868 5042 apparerent

268 5130 353 5199 (ο)
382 5136 584 5202 Atque
613 5128 738 5185 haec
767 5128 1004 5254 quidem
1042 5143 1301 5209 congrua
1348 5130 1539 5211 magis
1575 5134 1667 5213 est
1692 5132 1862 5202 ratio,

268 5202 597 5254 Inmohrem
618 5203 775 5254 temn
801 5216 835 5254 ο
854 5216 915 5254 1n
938 5198 1236 5254 nronhetis
1255 5216 1404 5254 saepe
1422 5200 1622 5254 Libani
1648 5219 1860 5254 nomen

202 5198 597 5271 quamobrem
612 5198 835 5271 templo
854 5201 915 5254 in
938 5198 1236 5271 prophetis
1255 5216 1404 5270 saepe
1422 5198 1623 5256 Libani
1648 5198 1861 5260 nomen

201 5270 544 5327 tribuatur:
573 5270 727 5327 sicut
744 5270 899 5344 enim
924 5270 1201 5344 contigue
1226 5271 1457 5344 nivibus
1493 5271 1859 5344 splendebat,

201 5348 590 5424 eratquepra
609 5340 1041 5424 omnibus‘aliis
1077 5340 1396 5424 Palaestinae
1436 5340 1738 5401 mo’ntibus
1761 5340 1861 5424 sp;

200 5412 403 5470 blimis
434 5412 721 5486 Libanus,
752 5417 817 5467 ut
836 5412 1131 5486 .Theodor‘.
1165 5416 1327 5486 notat
1356 5413 1417 5467 in
1447 5429 1537 5485 ps.
1568 5431 1717 5485 LXXI,
1750 5416 1857 5486 16;

202 5485 283 5558 sic
320 5483 623 5558 templum
657 5482 951 5558 Josephus
979 5482 1176 5558 tradit,
1217 5482 1858 5558 eminus—conspectum

202 5554 637 5628 instarniontig
655 5554 995 5628 procerrimi
1028 5560 1086 5628 et
1121 5554 1308 5622 nivei;
1344 5556 1465 5628 sive
1498 5554 1866 5628 splendentis

204 5628 581 5706 appamisso.
599 5624 929 5688 [ti-datum
955 5626 1022 5687 in
1054 5624 1208 5687 hanc
1246 5640 1371 5689 rem
1407 5626 1481 5688 ab
1510 5624 1863 5711 Eiaouymo

1977 4612 2115 4684 quia
2142 4611 2252 4667 hoc
2290 4612 2479 4668 facere
2517 4618 2726 4669 conata
2763 4618 2873 4681 est,
2919 4619 2976 4670 et
3025 4631 3140 4670 non
3190 4616 3389 4671 statim
3420 4633 3623 4673 omnes

1976 4700 2326 4773 propagines
2356 4702 2503 4772 ejus,
2537 4706 2594 4756 et
2613 4701 2887 4774 palmites
2928 4701 3309 4758 siccabuntur
3332 4703 3359 4757 ?
3387 4705 3455 4758 Et
3482 4720 3621 4774 non,

1975 4789 2186 4861 inquit,
2221 4791 2279 4844 in
2312 4780 2548 4845 brachio
2578 4790 2807 4862 grandi,
2842 4806 3031 4863 neque
3061 4791 3121 4846 in
3152 4790 3367 4863 populo
3388 4790 3574 4847 multo
3595 4788 3625 4846 ‘t

1976 4878 2227 4950 Fugiens
2249 4880 2405 4934 enim
2428 4880 2719 4948 Sedecias,
2748 4884 2805 4935 et
2823 4879 2978 4953 regis
3014 4878 3262 4952 Aigyptii
3284 4878 3501 4935 auxilio
3522 4879 3623 4937 de-

1975 4968 2236 5035 stitutus,
2257 4983 2292 5021 a
2310 4968 2560 5023 ducibus
2578 4968 3119 5025 Nabuchodonosor
3136 4968 3196 5023 in
3219 4968 3466 5025 desertis
3487 4968 3619 5027 Hie-

1973 5128 2260 5202 Zachariae
2291 5125 2484 5202 locum
2517 5130 2719 5202 eadem
2770 5129 3175 5202 convenientia
3206 5131 3293 5202 ad
3326 5130 3616 5202 templum

1975 5200 2281 5272 usurpavit
2297 5200 2537 5274 Rabban
2558 5199 2860 5255 Jochanan
2882 5199 3001 5274 Ben
3018 5201 3240 5268 Zaccai,
3252 5218 3393 5274 cum
3410 5199 3624 5274 sponte

1975 5270 2262 5345 reseratas
2281 5270 2485 5341 templi
2512 5270 2665 5345 fore_s
2693 5271 3074 5345 conspiceret,
3111 5270 3620 5345 quodportentum

1972 5343 2264 5416 Josephus
2291 5358 2525 5414 quoque
2546 5346 2603 5396 et
2617 5341 2856 5416 Tacitus
2880 5341 3150 5416 narrant';
3178 5341 3498 5416 praidicens
3516 5343 3623 5416 im-

1976 5413 2199 5488 minere
2214 5413 2469 5485 tempus,
2492 5428 2604 5483 quo
2625 5413 2776 5468 aedes
2797 5429 2963 5469 sacra
2982 5413 3369 5488 conﬂagraret
3391 5432 3406 5471 :
3427 5414 3618 5486 Aperi,

1976 5502 2009 5541 ο
2047 5485 2313 5564 Liberior.
2360 5492 2555 5564 portas.
2574 5488 2721 5564 ίααεν
2740 5489 2804 5541 αι
2822 5485 3452 5564 φῑιιςιίπιαρίρῇέδεράνοδ
3468 5485 3621 5564 ινα-εί

2046 5557 2119 5632 (1))
2149 5556 2369 5614 Victor.
2396 5557 2651 5631 plantata
2674 5565 2768 5627 est,
2785 5557 2859 5616 ad
2889 5556 3155 5636 Vulgata
3178 5557 3511 5621 lectionem.
