3996 6182
459 291 578 353 163

1716 291 1797 354 ’8.
1845 292 2154 356 EUSEBII
2200 292 2639 359 HIERONYMI

3743 294 3851 362 164

457 422 762 481 richontiis
803 422 908 494 [Αι.
932 420 1350 494 Hierichuntis]
1389 423 1848 496 comprehensus
1892 429 2018 481 est:
2051 428 2109 481 et
2136 428 2191 495 Α
2221 427 2505 484 auxilium
2535 446 2547 483 :
2582 445 2698 484 non
2717 417 2839 500 quo
2868 427 3093 486 Pharao
3131 444 3266 485 eum
3305 428 3732 501 expugnaverit,
3762 429 3849 486 vel

458 512 652 568 cuncti
684 513 811 583 ejus
838 512 979 567 socii
1008 511 1123 567 huc
1154 511 1411 585 illucque
1458 512 1711 585 dispersi
1760 516 1920 581 sunt,
1953 513 2105 569 sicut

457 600 515 654 in
544 600 838 655 volumine
871 599 1091 670 Regum
1122 604 1179 655 et
1210 599 1715 673 Paralipomenon,
1758 604 1813 657 et
1840 601 2103 657 Jeremiaa

455 688 736 760 scriptum
772 692 860 743 est
884 687 982 758 (IV
1013 690 1139 757 Reg.
1172 707 1302 756 XXV,
1333 694 1522 745 Jerem
1565 691 1778 761 XXXIX).

525 777 707 848 (Vers.
742 777 801 830 11
840 776 1041 848 seqq.)
1074 782 1140 833 Et
1167 782 1379 849 factum
1406 783 1486 834 est
1518 768 1745 834 verbum
1781 779 2005 834 Domini
2033 778 2103 834 ad

450 883 556 931 me,
586 866 809 921 dicens:
846 866 944 920 Dic
987 866 1060 921 ad
1102 867 1323 923 domum
1370 876 1823 940 exasperantem:
1872 868 2102 922 Nescitis

450 954 582 1024 quid
610 955 711 1009 ista
742 956 1046 1025 signiﬁcent
1069 959 1095 1009 .9
1122 958 1258 1011 Dic:
1294 959 1427 1012 Ecce
1471 959 1622 1013 venit
1661 973 1766 1011 rex
1808 956 2102 1027 Babylonis

447 1044 763 1115 Jerusalem,
796 1052 847 1099 et
875 1053 1116 1100 assumat
1145 1062 1329 1116 regem
1358 1054 1408 1101 et
1450 1046 1735 1118 principes
1763 1048 1900 1117 ejus,
1925 1050 1977 1101 et
2003 1045 2101 1123 ad-

448 1131 603 1188 ducet
639 1148 726 1188 eos
757 1132 828 1188 ad
864 1135 1225 1205 semetipsum
1251 1137 1312 1189 in
1342 1136 1695 1207 Babylonem.
1746 1137 1812 1189 Et
1860 1135 2008 1191 tollet
2036 1135 2101 1191 de

446 1223 656 1277 semine
683 1223 859 1292 regni,
880 1224 1149 1293 ferietque
1176 1239 1301 1277 cum
1329 1240 1389 1279 eo
1407 1224 1603 1294 fcedus,
1625 1232 1681 1280 et
1698 1224 1930 1293 accipiet
1950 1224 2018 1278 ab
2038 1240 2098 1280 eo

437 1311 844 1382 jusjurandum
867 1328 880 1364 :
912 1311 1002 1365 sed
1030 1320 1083 1367 et
1109 1314 1278 1383 fortes
1309 1317 1470 1367 terrae
1493 1312 1667 1377 tollet,
1690 1316 1753 1366 ut
1770 1313 1841 1366 sit
1864 1328 2099 1382 regnum

445 1400 673 1465 humile,
706 1404 761 1454 et
787 1415 897 1455 non
924 1401 1182 1465 etevetur,
1212 1400 1304 1456 sed
1335 1401 1609 1457 custodiat
1634 1405 1857 1472 pactum
1875 1402 2015 1472 ejus,
2046 1410 2098 1457 et

445 1491 619 1544 servet
646 1487 807 1542 illud.
843 1488 948 1555 Qui
976 1488 1225 1544 recedens
1255 1489 1322 1544 ab
1343 1505 1425 1554 eo,
1458 1491 1611 1545 misit
1636 1491 1862 1545 nuntios
1911 1489 1981 1544 ad
2008 1492 2098 1544 1E-

443 1580 692 1647 gyptum,
715 1584 775 1630 ut
794 1576 947 1631 daret
974 1577 1083 1631 sibi
1110 1593 1272 1649 equos
1292 1582 1341 1633 et
1368 1579 1632 1649 populum
1652 1579 1909 1633 multum.
1933 1579 2099 1633 Num-

448 1666 580 1737 quid
583 1680 844 1736 prospera
852 1666 1098 1737 bitur,(a)
1120 1666 1201 1721 vel
1216 1670 1571 1737 consequetur
1579 1667 1829 1736 salutem,
1844 1668 1944 1737 qui
1966 1668 2098 1737 fecit

444 1755 555 1809 haec
573 1758 624 1862 Υ)
639 1755 703 1853 Et
746 1756 842 1862 q'ui
886 1754 1047 1853 solvit
1063 1758 1337 1862 npactum,
1369 1755 1639 1856 numquid
1680 1755 1941 1862 effugiet?
1972 1754 2096 1811 Vivo
2124 1796 2172 1862 B

443 1858 560 1914 ego,
590 1842 723 1896 dicit
761 1843 1023 1897 Dominus
1053 1842 1197 1898 Deus
1220 1862 1238 1896 :
1287 1844 1545 1914 quoniam
1594 1845 1655 1898 in
1686 1844 1797 1899 loco
1826 1845 1971 1913 regis
2001 1846 2096 1914 qui

443 1933 725 1986 constituit
736 1947 860 1985 eum
874 1946 1051 2001 regem
1062 1974 1074 1998 ,
1094 1933 1250 2004 cujus
1262 1932 1391 1998 fecit
1402 1934 1630 1987 irritum
1632 1931 2030 2002 juramentum,
2046 1940 2097 1988 et

441 2020 830 2091 solvitpactum
852 2020 991 2089 quod
1005 2020 1235 2075 habebat
1250 2036 1467 2087 cumeo,
1496 2022 1556 2075 in
1589 2021 1763 2075 mc-Jz'o
1798 2020 2093 2090 Babylonis

442 2108 777 2161 morietur]
788 2106 960 2161 93m
971 2123 1079 2162 non
1093 2109 1151 2161 in
1163 2108 1410 2162 exercitu
1420 2108 1624 2176 grandi
1630 2124 1819 2179 ,neque
1832 2112 1888 2162 in
1894 2108 2092 2179 populo

442 2195 616 2249 multo
635 2196 799 2262 faciet
820 2198 1009 2250 contra
1037 2212 1162 2250 eum
1197 2197 1414 2251 Pharao
1433 2197 1695 2267 prwlium
1723 2199 1780 2251 in
1804 2197 1963 2268 jactu
1991 2214 2091 2266 ag-

440 2285 609 2355 geris,
635 2285 685 2338 et
717 2284 777 2338 in
816 2286 1157 2339 extructione
1196 2285 1491 2353 vallorum,
1540 2290 1599 2340 ut
1637 2287 1935 2349 interﬁciat
1963 2286 2088 2341 ani-

442 2388 564 2427 mas
592 2371 808 2427 multas.
843 2371 1131 2444 Spreverat
1156 2374 1304 2428 enim
1325 2374 1728 2445 juramentum,
1768 2382 1832 2430 ut
1858 2375 2091 2429 solveret

440 2461 714 2533 fcedus.Et
742 2476 859 2516 ecce
887 2461 1037 2516 dedit
1056 2478 1285 2517 manum
1303 2479 1463 2517 suam
1486 2479 1498 2517 :
1523 2471 1718 2519 etcum
1742 2464 1935 2519 omnia
1971 2465 2090 2521 lure

438 2551 653 2621 fecerit,
684 2565 794 2605 non
823 2552 1066 2622 effugiet.
1118 2550 1233 2606 Hoc
1282 2555 1372 2607 est
1412 2551 1679 2625 aenigma,
1714 2552 1836 2608 haec
1866 2556 1955 2608 est
1984 2569 2087 2625 pa-

443 2638 666 2708 rabola,
700 2639 855 2711 quod
878 2639 988 2695 sub
1021 2639 1251 2695 duabus
1282 2640 1495 2712 aquilis
1525 2646 1584 2697 et
1610 2641 1799 2707 vinea,
1831 2642 1979 2696 duos
2004 2656 2089 2697 re-

440 2743 542 2800 ges
566 2727 874 2799 Babylonis
891 2730 947 2782 et
961 2728 1189 2799 XEgypti
1207 2729 1506 2800 Scriptura
1527 2733 1879 2785 monstraret
1898 2748 1911 2788 :
1928 2734 1984 2785 et
2005 2747 2089 2785 re-

440 2831 570 2886 gem
586 2815 907 2884 Sedeciam,
926 2816 1027 2885 qui
1042 2817 1935 2886 contrajusjurandum,descrta
1947 2818 2085 2872 ami-

439 2903 577 2957 citia
594 2902 1233 2970 Nabuchodonosor,ose
1250 2903 1322 2958 ad
1339 2919 1534 2976 regem
1551 2906 1881 2977 [Egyptium
1898 2910 2088 2962 trans-

438 2989 592 3046 tulit.
627 2991 836 3060 Feriet,
867 2991 1078 3062 inquit,
1122 3007 1255 3047 cum
1287 3008 1353 3048 eo
1402 2992 1612 3061 foedus,
1643 2999 1700 3049 et
1739 2995 1985 3067 accipiet
2012 2996 2084 3050 ab

438 3096 504 3136 eo
518 3080 965 3151 jusjurandum,
995 3085 1059 3135 ut
1079 3081 1371 3137 custodiat
1390 3085 1625 3153 pactum
1647 3084 1795 3153 ejus,
1820 3088 1878 3139 et
1897 3088 2085 3140 servet

2152 512 2155 515 ’
2215 517 2325 573 hoc
2356 517 2569 572 alicubi
2599 516 2898 590 Scriptura
2926 522 3172 575 testatur
3195 536 3209 586 ;
3233 518 3335 575 sed
3366 534 3479 590 quo
3508 519 3850 590 expugnatio

2214 605 2769 672 Nabuchodonosor,
2818 623 2921 679 per
2969 606 3330 663 occasionem
3379 606 3456 678 sit
3502 606 3658 662 facta
3705 608 3851 680 regis

2211 693 2499 768 Egyptii:
2534 710 2640 750 nec
2678 695 2788 751 iste
2833 696 2993 752 visus
3015 696 3091 751 sit
3132 711 3462 768 expugnare
3504 694 3848 767 Jerusalem,

2212 783 2311 855 qui
2342 782 2665 855 obsidebat,
2698 785 2801 840 sed
2832 784 2927 839 ille
2958 784 3018 839 in
3050 800 3164 855 quo
3187 784 3457 840 Sedecias
3480 783 3702 840 frustra
3727 801 3852 857 spe-

2213 877 2455 928 raverat.
2511 873 2675 940 Ecce,
2725 873 2939 945 inquit,
2986 874 3141 928 194
3186 872 3346 927 dedit
3392 888 3637 927 manum
3689 890 3853 929 suam

2211 960 2331 1033 regi
2386 961 2634 1033 Egypti,
2695 966 2754 1017 et
2809 961 3054 1017 tradidit
3101 977 3200 1029 se;
3252 965 3309 1016 et
3357 961 3603 1033 perjurii
3653 967 3853 1018 contra

2209 1048 2395 1105 Deum
2412 1050 2709 1105 commisit
2726 1049 3121 1123 sacrilegium.
3136 1049 3456 1121 Numquid,
3475 1049 3579 1116 ait,
3600 1051 3854 1122 proderit

2208 1137 2308 1193 ei?
2336 1139 2402 1193 Et
2429 1154 2562 1193 cum
2596 1137 2794 1194 omnia
2821 1138 2943 1194 haec
2974 1139 3191 1207 fecerit,
3234 1154 3350 1193 non
3380 1137 3643 1210 effugiet.

2279 1229 2466 1294 (Vers.
2526 1228 2592 1281 19
2648 1228 2797 1299 seq.)
2843 1229 3133 1298 Propterea
3205 1226 3323 1284 haec
3391 1225 3530 1282 dicit
3597 1226 3854 1282 Dominus

2206 1315 2377 1370 Deus:
2411 1316 2536 1371 Vivo
2581 1331 2695 1387 ego,
2742 1318 3008 1387 quoniam
3032 1317 3415 1387 juramentum
3456 1314 3606 1385 quod
3633 1316 3849 1387 sprevit,

2204 1406 2256 1458 et
2281 1403 2457 1474 fcedus
2485 1404 2623 1474 quod
2647 1405 3047 1475 praevaricatus
3077 1408 3174 1471 est,
3201 1420 3407 1476 ponam
3443 1404 3507 1458 in
3525 1407 3693 1475 caput
3712 1407 3849 1475 ejus.

2205 1493 2270 1548 Et
2313 1493 2602 1550 extendam
2634 1491 2862 1566 ~[Vulg.
2934 1493 3257 1565 expendam]
3331 1509 3496 1564 super
3570 1508 3696 1547 eum
3748 1500 3853 1550 rete

2204 1598 2406 1650 meum,
2437 1586 2490 1637 et
2518 1582 3004 1654 comprehendetur
3030 1599 3237 1651 sagena
3283 1598 3444 1639 mea:
3490 1587 3548 1638 et
3591 1581 3852 1639 adducam

2204 1685 2327 1724 eum
2368 1671 2427 1723 in
2455 1670 2806 1741 Babylonem,
2837 1676 2890 1725 et
2911 1669 3169 1741 judicabo
3198 1670 3362 1726 illum
3391 1672 3471 1725 ibi
3499 1672 3563 1725 in
3590 1672 3854 1743 praevari-

2203 1759 2418 1813 catione
2440 1775 2549 1829 qua
2575 1758 2815 1829 despexit
2841 1775 2947 1814 me.
2979 1761 3043 1814 Et
3072 1775 3256 1815 omnes
3292 1761 3522 1831 profugi
3559 1760 3699 1831 ejus,
3729 1777 3848 1816 cum

2204 1849 2454 1903 universo
2469 1848 2692 1916 agmine
2712 1845 2906 1919 [Vulg.
2927 1847 3090 1903 addit
3103 1846 3225 1920 suo]
3248 1849 3306 1903 in
3328 1848 3516 1916 gladio
3535 1848 3747 1917 cadent,
3765 1864 3848 1904 re-

2201 1935 2455 2006 siduique
2475 1936 2536 1990 in
2552 1951 2767 1991 omnem
2784 1945 3011 1991 ventum
3020 1935 3433 2008 dispergentur:
3447 1941 3502 1991 et
3518 1938 3703 1993 scietis
3723 1939 3850 2008 quia

2201 2040 2297 2094 ego
2329 2026 2592 2080 Dominus
2622 2025 2829 2080 locutus
2855 2042 2996 2080 sum.
3030 2024 3331 2081 Sententia
3376 2024 3680 2082 saecularis
3723 2030 3843 2083 est:

2470 2113 2646 2173 dolus,
2678 2127 2746 2162 an
2779 2114 2964 2172 virtus,
2995 2112 3115 2177 quis
3145 2114 3203 2162 in
3245 2113 3400 2163 hoste
3427 2115 3709 2178 requirat?

2200 2195 2385 2259 Quam
2425 2192 2615 2249 solent
2663 2192 2831 2249 nobis
2880 2209 3193 2265 opponere,
3244 2194 3347 2266 qui
3395 2194 3600 2273 dicunt
3650 2194 3846 2251 hostes

2199 2282 2403 2338 fraude
2416 2280 3664 2354 decipiendos.Cuiutacquiescamus,multo
3677 2284 3843 2354 pejus

2198 2371 2333 2427 fecit
2348 2370 2645 2426 Sedecias:
2662 2387 2779 2426 non
2790 2370 2945 2426 enim
2962 2371 3189 2426 hostem
3202 2371 3571 2443 decepit,sed
3584 2370 3837 2427 amicum

2198 2459 2522 2515 cuifmdere
2542 2459 2773 2515 Domini
2811 2460 3001 2515 fuerat
3034 2459 3360 2531 copulatus.
3398 2461 3547 2532 Ergo
3580 2459 3834 2531 quandiu

2198 2566 2313 2605 non
2323 2549 2509 2620 jures,
2532 2553 2589 2603 et
2609 2554 2843 2620 pactum
2868 2565 2983 2603 non
3007 2548 3170 2604 ineas
3191 2548 3303 2603 sub
3326 2548 3568 2604 nomine
3589 2546 3840 2615 Domini,

2197 2638 2517 2709 prudentia;
2547 2643 2654 2707 est,
2687 2642 2743 2694 et
2774 2635 3154 2705 fortitudinis,
3182 2636 3271 2692 vel
3302 2637 3596 2709 decipere,
3638 2634 3726 2692 vel
3747 2652 3841 2693 su-

2195 2742 2397 2798 perare
2417 2726 2815 2782 adversarium
2838 2732 3155 2797 utcumque
3171 2724 3451 2797 potueris.
3480 2725 3635 2781 Cum
3656 2728 3840 2781 autem

2194 2819 2251 2870 te
2282 2814 2698 2870 constrinxeris
2739 2814 3100 2884 juramento,
3147 2829 3523 2885 nequaquam
3582 2814 3841 2869 adversa-

2195 2903 2339 2967 rius,
2372 2903 2473 2958 sed
2505 2906 2731 2958 amicus
2762 2907 2851 2957 est
2880 2902 2982 2973 qui
3012 2902 3115 2957 tibi
3149 2900 3433 2957 credidit:
3466 2905 3524 2958 et
3553 2903 3673 2958 sub
3694 2918 3845 2957 occa-

2194 2990 2730 3061 sionejusjurandi,
2754 2990 2812 3045 id
2834 2997 2920 3046 est
2944 2990 3044 3047 Dei
3075 2990 3531 3062 nuncupatione,
3568 2992 3842 3063 deceptus

2192 3084 2299 3135 est.
2333 3080 2636 3151 Propterea
2666 3079 2966 3151 Scriptura
3001 3096 3154 3135 nunc
3198 3078 3376 3135 dicit:
3427 3079 3837 3136 Juramentum

438 3167 608 3223 illud.
634 3168 741 3232 Qui
762 3167 1049 3239 dissolvit,
1073 3169 1172 3237 ait,
1196 3174 1453 3242 pactum,
1482 3171 1769 3242 numquid
1800 3172 2082 3245 effugiet?
2111 3159 2154 3226 C
2194 3170 2348 3241 quod
2382 3170 2623 3241 sprevit,
2656 3173 2714 3225 et
2746 3169 2930 3225 foedus
2970 3169 3123 3240 quod
3167 3167 3585 3240 pravaricatus
3607 3172 3713 3237 est,
3744 3184 3839 3241 po-

439 3257 519 3311 EX
549 3273 663 3328 quo
695 3257 1003 3328 discimus,
1034 3257 1207 3312 etiam
1239 3258 1393 3313 inter
1422 3257 1621 3314 hostes
1651 3261 1998 3315 servandam
2024 3260 2084 3314 fi-

440 3345 594 3416 dem,
626 3350 685 3400 et
714 3362 830 3399 non
860 3345 1353 3401 considerandum
1389 3347 1505 3418 cui,
1538 3348 1638 3402 sed
1673 3364 1776 3419 per
1804 3350 2085 3420 quemju-

439 3434 677 3490 raveris.
718 3433 900 3489 Multo
936 3434 1089 3490 enim
1134 3434 1360 3490 fidelior
1396 3435 1665 3492 inventus
1703 3440 1790 3492 est
1825 3436 1945 3503 ille,
1981 3438 2081 3509 qui

439 3527 676 3596 propter
706 3539 916 3578 nomen
941 3522 1041 3579 Dei
1065 3522 1168 3578 tibi
1190 3523 1454 3591 credidit,
1477 3529 1536 3580 et
1572 3526 1850 3597 deceptus
1886 3530 1998 3594 est,
2027 3531 2083 3582 te

440 3611 540 3683 qui
584 3628 685 3684 per
731 3612 1097 3667 occasionem
1146 3612 1353 3667 divina:
1399 3613 1725 3683 majestatis
1772 3613 1927 3669 hosti
1958 3619 2079 3686 tuo,

437 3699 620 3756 immo
642 3701 769 3772 jam
801 3699 1006 3771 amico,
1059 3717 1120 3755 es
1171 3700 1408 3756 molitus
1457 3700 1724 3757 insidias.
1772 3703 2079 3770 Quoniam,

436 3787 650 3860 inquit,
680 3788 738 3844 in
765 3788 888 3844 loco
921 3788 1073 3862 regis
1105 3788 1203 3861 qui
1235 3788 1538 3844 constituit
1564 3806 1699 3845 eum
1740 3806 1957 3862 regem,
1982 3807 2082 3846 cu-

432 3879 535 3949 jus
556 3878 690 3933 fecit
709 3878 937 3934 irritum
954 3880 1384 3949 juramentum,
1407 3881 1463 3933 et
1482 3876 1653 3933 solvit
1672 3884 1909 3950 pactum
1928 3880 2081 3951 quod

440 3966 691 4022 habebat
721 3984 854 4021 cum
885 3983 974 4033 eo,
1007 3967 1065 4021 in
1097 3965 1289 4022 medio
1319 3965 1627 4039 Babylonis
1659 3968 1957 4023 morietur.
1985 3969 2085 4024 Le-

440 4054 638 4127 gimus
668 4054 825 4110 enim
851 4055 1150 4111 Sedeciam
1182 4058 1443 4127 captum,
1474 4056 1716 4111 ductum
1746 4056 1954 4113 essein
1980 4057 2085 4114 Re-

439 4141 1197 4214 blatha,ibiqueinterf'ectis
1211 4141 1348 4198 filiis
1362 4145 2085 4212 excecatummtinstarfe-

438 4247 513 4286 rat
531 4230 798 4286 clausum
813 4247 1005 4296 cavea,
1024 4230 1373 4287 translatum
1392 4232 1449 4287 in
1468 4232 1817 4305 Babylonem
1838 4234 1935 4306 (IV
1950 4239 2079 4304 Reg.

436 4320 589 4392 xxv).
624 4318 786 4374 Unde
806 4324 863 4375 et
886 4319 1188 4391 Scriptura
1209 4336 1343 4374 cum
1364 4320 1630 4375 videatur
1649 4320 1762 4376 sibi
1796 4338 1925 4377 esse
1946 4339 2082 4378 con-

420 4408 637 4479 traria,
659 4412 856 4463 tamen
876 4407 933 4462 in
954 4412 1200 4479 utroque
1218 4407 1527 4464 verissima
1546 4414 1653 4465 est.
1679 4410 1903 4466 Dictum
1925 4412 2082 4467 enim

437 4497 643 4554 eratad
661 4496 768 4552 Sed
778 4496 960 4552 eciam
978 4512 990 4550 :
1006 4497 1068 4551 Et
1083 4497 1317 4591 intrabis
1332 4498 1745 4591 Babylonem.et
1756 4516 1865 4591 non
1876 4500 2083 4556 videbis
2112 4526 2159 4591 Β

435 4602 557 4642 eam
587 4587 806 4659 (Jerem.
855 4602 1045 4653 XXXIV,
1076 4586 1152 4654 4).
1196 4586 1433 4641 Intravit
1461 4587 1639 4653 enim,
1682 4587 1821 4659 quia
1869 4590 2082 4645 ductus

435 4680 526 4732 est
553 4673 927 4747 Babylonem,
959 4678 1016 4729 et
1046 4691 1159 4729 non
1183 4674 1348 4744 vidit,
1373 4675 1511 4747 quia
1530 4676 1720 4732 fuerat
1741 4682 2079 4734 excaecatus.

436 4762 553 4822 Hoc
574 4768 769 4821 autem
793 4763 948 4836 quod
976 4763 1243 4834 sequitur
1264 4781 1277 4818 :
1302 4766 1363 4819 Et
1384 4780 1495 4820 non
1516 4767 1576 4820 in
1592 4768 1839 4822 exercitu
1859 4767 2080 4836 grandi,

433 4870 607 4928 neque
619 4856 677 4909 in
684 4854 883 4927 p0puto
893 4853 1065 4908 multo
1074 4854 1241 4923 faciet
1250 4861 1440 4910 contra
1450 4855 1799 4910 eumPharao
1819 4857 2084 4928 praetium

436 4944 498 4997 in
504 4945 657 5014 jactu
678 4944 912 5014 aggeris,
943 4946 995 4998 et
1015 4944 1077 4997 in
1092 4944 1461 4999 exstructione
1493 4941 1794 5013 vatlorum,
1820 4948 1882 5001 ut
1909 4947 2082 5001 inter-

435 5030 589 5101 ficiat
620 5032 835 5087 animas
852 5031 1054 5086 multas
1076 5047 1095 5084 :
1117 5029 1431 5102 dupliciter
1450 5030 1816 5105 intelligitur,
1843 5033 1962 5090 sive
1987 5050 2085 5091 rex

436 5118 743 5192 [Egyptius
762 5123 964 5176 contra
983 5119 1522 5177 Nabuchodonosor
1542 5136 1738 5193 regem
1770 5121 2083 5195 Babylonis

435 5207 719 5275 veniens,,
751 5224 866 5264 non
914 5208 1128 5281 poterit
1176 5208 1447 5281 praeliari,
1501 5225 1690 5282 neque
1737 5226 1871 5266 cum
1904 5227 2082 5283 parvo

437 5296 692 5357 exercitu
723 5299 897 5352 tanta;
928 5298 1200 5354 resistere
1230 5298 1631 5356 multitudini:
1666 5298 1783 5356 sive
1828 5299 1953 5372 ipse
1981 5304 2081 5357 Se-

438 5388 632 5447 decias
661 5385 1092 5459 expugnabitur
1133 5404 1167 5443 a
1214 5387 1535 5458 Pharaone,
1586 5406 1621 5446 a
1667 5405 1783 5461 quo
1828 5390 2085 5461 speravit

2194 3275 2330 3314 nam
2353 3257 2412 3312 in
2436 3262 2610 3330 caput
2628 3258 2777 3328 ejus.
2802 3265 2884 3313 Ac
2908 3273 2979 3313 ne
2998 3261 3343 3328 putaremus
3358 3257 3769 3328 juramentum
3785 3260 3839 3313 et

2194 3347 2401 3415 fmdus,
2425 3350 2484 3402 et
2505 3351 2763 3418 pactum,
2789 3345 2943 3417 regis
2968 3360 3097 3401 esse
3119 3344 3443 3417 Babylonii,
3465 3344 3553 3400 vel
3597 3345 3838 3402 Sedeciae

2192 3435 2293 3508 qui
2343 3435 2575 3491 fecerat.
2620 3433 2924 3505 sequitur:
2976 3435 3040 3490 In
3081 3434 3521 3506 prevaricatione
3588 3451 3697 3505 qua
3739 3434 3838 3490 de-

2189 3526 2368 3596 spexit
2393 3539 2499 3579 me.
2534 3524 2682 3595 Ergo
2711 3521 2812 3594 qui
2843 3522 3170 3578 contemnit
3206 3522 3644 3592 juramentum,
3675 3521 3838 3578 illum

2191 3612 2439 3685 despicit
2467 3628 2570 3685 per
2599 3627 2774 3682 quem
2797 3610 3057 3681 juravit:
3100 3609 3304 3682 illique
3351 3609 3491 3667 facit
3535 3609 3837 3683 injuriam,

2192 3703 2361 3773 cujus
2393 3700 2617 3758 nomini
2656 3698 2903 3755 credidit
2951 3698 3340 3755 adversarius.
3391 3699 3635 3772 Propter
3661 3715 3836 3772 quam

2192 3808 2431 3847 causam
2462 3789 2813 3862 expandam,
2845 3787 3059 3860 inquit,
3093 3804 3271 3861 super
3300 3806 3435 3845 eum
3466 3793 3586 3845 rete
3618 3804 3835 3853 meum,

2193 3884 2250 3936 et
2269 3878 2795 3953 comprehendetur
2814 3893 3028 3950 sagena
3047 3893 3195 3947 mea,
3214 3878 3286 3933 ad
3311 3878 3601 3934 adducam
3623 3893 3759 3934 eum
3780 3876 3838 3931 in

2193 3968 2569 4041 Babylonem,
2592 3971 2651 4023 et
2677 3966 2951 4038 judicabo
2989 3982 3125 4021 eum
3165 3965 3306 4021 illic.
3341 3966 3635 4039 Quidquid
3664 3966 3841 4039 igitur

2192 4062 2394 4115 contra
2414 4057 2715 4112 Sedeciam
2739 4056 2875 4111 fecit
2894 4054 3449 4121 Nabuchodonosor,
3470 4073 3583 4112 non
3604 4054 3734 4111 suis
3754 4053 3840 4108 fe-

2192 4148 2273 4202 cit
2299 4146 2543 4213 viribus,
2590 4144 2692 4200 sed
2742 4143 2828 4198 ira
2877 4141 3003 4209 Dei,
3051 4141 3111 4196 in
3162 4142 3333 4212 cujus
3374 4142 3611 4197 nomine
3653 4143 3841 4199 fuerat

2192 4238 2538 4310 pejeratum.
2571 4230 2906 4287 Secundum
2939 4244 3281 4300 anagogem,
3314 4227 3447 4284 licet
3473 4229 3733 4286 violenta
3753 4230 3842 4287 vi—

2192 4319 2833 4392 deaturinterpretatio,
2858 4318 2967 4373 hoc
3006 4316 3333 4387 sciendum,
3357 4316 3513 4389 quod
3541 4320 3843 4389 quomodo

2192 4418 2400 4469 caetera
2420 4408 2763 4476 animantia,
2786 4411 2844 4463 et
2863 4406 2935 4462 ad
2958 4406 3173 4461 bonam
3196 4409 3252 4461 et
3275 4406 3348 4461 ad
3370 4405 3589 4462 malam
3609 4411 3842 4479 partem

2192 4502 2392 4559 referri
2416 4499 2642 4566 solent;
2672 4497 2752 4552 ita
2776 4501 2835 4552 et
2862 4496 2934 4551 de
2965 4495 3182 4568 aquila,
3214 4499 3274 4551 et
3314 4495 3384 4551 de
3413 4494 3600 4552 leone.
3640 4495 3707 4552 In
3739 4496 3840 4552 bo-

2194 4609 2330 4649 nam
2363 4596 2585 4663 parlem
2637 4585 2888 4643 dicitur:
2942 4584 3168 4640 Catulus
3218 4585 3391 4640 leonis
3435 4585 3575 4641 Iuda
3623 4583 3837 4655 (Genes.

2192 4699 2341 4737 XLIX.
2370 4680 2447 4748 9).
2482 4679 2544 4734 In
2574 4675 2923 4733 contrariam
2954 4691 2966 4729 :
3001 4673 3360 4730 Adversarius
3386 4678 3573 4730 noster
3591 4672 3839 4729 diabolus

2191 4771 2351 4843 quasi
2364 4772 2445 4824 leo
2456 4768 2682 4837 rugiens
2697 4764 3344 4837 circuit(IIPetr.v,8).Et
3358 4762 3501 4818 illud
3515 4762 3575 4817 in
3588 4761 3833 4836 psalmo:

2191 4859 2496 4915 Insidiatur
2550 4856 2613 4910 in
2668 4854 2816 4911 I95
2878 4852 3226 4920 absconditis,
3269 4854 3411 4908 sicut
3458 4853 3542 4909 leo
3581 4854 3640 4908 in
3667 4850 3839 4907 cubili

2189 4964 2324 5005 suo:
2359 4946 2658 5003 insidiatur
2704 4947 2764 4999 ut
2810 4943 2995 5013 rapiat
3039 4956 3335 5013 pauperem
3384 4941 3497 5013 (Ps.
3551 4959 3627 5013 1X,
3657 4941 3737 5013 9).
3771 4940 3834 4994 In

2192 5039 2407 5095 bonam
2437 5038 2664 5107 partem
2696 5032 2768 5088 de
2800 5031 2997 5104 aquila
3026 5030 3268 5098 dicitur,
3289 5030 3660 5102 quodjustus
3676 5027 3834 5084 dives

2192 5127 2432 5185 effectus
2454 5122 2630 5181 faciat
2647 5121 2758 5178 sibi
2775 5120 2898 5177 alas
2921 5120 3074 5177 sicut
3093 5118 3324 5191 aquilae,
3346 5122 3413 5175 ut
3426 5118 3614 5191 possit
3628 5115 3834 5173 reverti

2191 5218 2251 5273 in
2272 5217 2513 5272 domum
2537 5210 2907 5286 praecessoris
2929 5210 3043 5267 sui.
3067 5210 3134 5264 Et
3154 5209 3214 5264 in
3239 5208 3390 5265 Isaia
3424 5208 3708 5281 scriptum
3723 5208 3833 5271 est,

2190 5306 2347 5379 quod
2361 5303 2513 5376 justi
2535 5317 2756 5376 pennas
2770 5299 3015 5356 afferant
3031 5298 3408 5371 sicutaquilaa
3418 5300 3550 5367 (Isa.
3565 5297 3655 5368 XL)
3675 5313 3687 5352 :
3704 5310 3833 5351 cur-

2190 5399 2317 5451 rant
2345 5398 2403 5451 et
2433 5409 2549 5449 non
2590 5389 2922 5447 lassentur:
2952 5387 3275 5458 ambulent,
3310 5391 3367 5444 et
3396 5402 3512 5443 non
3543 5383 3827 5443 esuriant.

511 5610 588 5701 (α)
617 5612 747 5676 Haec
775 5613 968 5685 antea,
1000 5610 1171 5688 quasi
1200 5607 1317 5672 alia
1344 5612 1417 5672 ab
1446 5611 1705 5689 Hebraeo,
1739 5612 2142 5691 interpretatio
2169 5618 2421 5693 inclusa,
2451 5616 2687 5694 alioque
2714 5618 2843 5678 erat
2869 5614 3200 5679 charactere
3226 5616 3568 5691 praenotata.
