3996 6182
250 220 375 287 168

867 220 1611 291 COMMENTARIORUM
1658 228 1741 290 IN
1782 223 2281 289 EZEGHIELEM
2326 226 2631 329 LIB..VI,
2660 226 2832 292 CAP.
2877 226 3066 291 XVII.

3551 227 3669 290 168

254 360 438 415 Recte
465 360 668 414 autem
697 357 796 414 ille
825 359 925 431 qui
949 359 1174 415 dixerat
1205 378 1218 416 :
1255 361 1596 417 Fortitudine
1621 363 1915 432 faciam,et
1940 361 1999 427 Α
2027 376 2163 415 nare
2189 362 2333 426 facio
2363 372 2579 431 tignum
2609 361 2847 418 aridum.
2865 363 2974 433 Ego
3002 362 3265 417 Dominus
3291 340 3499 416 locutus
3544 376 3669 416 sum

248 447 539 518 sapientia
552 446 944 516 intelligentia:
958 450 1211 518 auferam
1227 451 1488 504 termmos
1503 449 1827 517 gentium,et
1838 449 1914 503 vi-

250 551 344 591 res
367 534 957 607 emandeprsedabor:
978 544 1030 591 et
1051 536 1385 593 commovebo
1404 538 1652 592 civitates
1671 552 1798 609 quae
1816 537 1916 592 ha-

252 625 533 691 bitantur,
566 628 617 679 et
644 624 826 680 orbem
854 628 1132 681 terrarum
1160 627 1482 680 universum
1511 624 1916 697 apprehendam

248 730 433 768 manu
482 715 645 785 quasi
682 712 899 781 nidum,
930 719 981 769 et
1027 716 1168 770 sicut
1195 716 1478 783 confracta
1506 729 1608 769 ova
1636 714 1835 785 (Ibid.,,
1856 731 1913 785 x,

252 802 342 871 13,
365 803 657 870 H),nunc
684 803 796 857 sub
818 800 1068 874 persena
1089 802 1297 875 aquilae
1326 803 1680 858 describitur
1712 820 1724 857 :
1759 803 1914 874 quod

254 905 643 961 nequaquam
674 888 815 945 velit
845 890 918 945 de
947 890 1187 957 Libano,
1210 890 1308 962 qui
1342 890 1768 962 interpretatur
1793 908 1919 946 can-

252 978 385 1043 dor,
418 982 476 1034 et
505 979 758 1034 refertur
787 980 860 1035 ad
892 979 1236 1052 thymiama,
1253 979 1494 1052 parvula
1513 984 1688 1052 atque
1716 980 1917 1036 humi-

257 1068 348 1122 lia
360 1066 614 1140 virgulta
634 1068 1049 1141 perstringere,
1066 1069 1164 1124 sed
1192 1068 1566 1125 summitates
1588 1070 1916 1139 cedrorum,

260 1161 323 1213 et
371 1157 443 1211 de
485 1156 879 1229 principibus,
912 1174 980 1213 ac
1025 1158 1097 1213 de
1125 1157 1305 1229 stirpe
1352 1158 1532 1230 regia,
1556 1159 1728 1230 juxta
1772 1159 1919 1215 illud

256 1246 495 1301 Abacuc
530 1263 545 1300 :
600 1246 754 1302 Em
803 1247 923 1317 ejus
949 1246 1134 1303 electae
1157 1246 1365 1317 ((Abac.
1400 1264 1441 1313 1,
1475 1248 1583 1318 16).
1635 1248 1922 1319 Ponitque

252 1336 715 1401 testamentum,
749 1350 882 1389 cum
913 1333 1007 1389 his
1039 1350 1187 1406 quos
1225 1335 1459 1406 ceperit,
1493 1340 1558 1391 ut
1585 1336 1705 1409 regi
1736 1337 1920 1409 Baby-

250 1422 417 1479 lonio
448 1421 606 1479 colla
620 1422 997 1490 submittant,
1021 1427 1076 1478 et
1108 1422 1559 1494 impleantillud
1590 1425 1747 1496 quod
1770 1429 1920 1496 Apo-

256 1511 453 1568 stolus
479 1510 784 1582 loquitur:
821 1512 965 1579 Quos
993 1511 1203 1566 tradidi
1233 1510 1557 1581 Satanae,ut
1583 1512 1922 1569 discantnon

255 1599 648 1671 blasphemare
669 1599 715 1669 (Ι
745 1600 882 1655 Tim.
908 1617 948 1667 ι,
975 1600 1087 1671 20).
1120 1600 1188 1655 Et
1216 1601 1277 1655 in
1299 1600 1414 1656 alio
1444 1600 1568 1657 loco
1602 1618 1616 1658 :
1650 1602 1921 1670 Quostra-

256 1687 850 1759 didi,inquil,Satanae
864 1690 925 1743 in
938 1689 1231 1744 intericum
1240 1691 1734 1761 carnis,utspiritus
1742 1692 1924 1747 salvus
1953 1725 2002 1790 Β

251 1779 360 1849 ﬁat
384 1779 434 1847 (1
455 1778 590 1833 Cor.
621 1779 704 1845 v).
736 1775 860 1832 Non
884 1777 1169 1833 debemus
1196 1778 1421 1851 ergo,si
1450 1779 1693 1835 forsitan
1723 1780 1797 1835 ob
1817 1779 1921 1835 ali-

251 1865 418 1936 quod
440 1869 753 1937 peccatum
772 1866 843 1920 de
856 1864 1304 1938 congregatione
1317 1866 1563 1922 fratrum
1581 1870 1639 1922 et
1657 1868 1727 1923 de
1749 1869 1923 1924 domo

256 1954 356 2009 Dei
391 1953 699 2025 ejieimur,
732 1952 1003 2009 reluctari
1039 1972 1052 2009 :
1086 1955 1188 2010 sed
1219 1971 1384 2027 aequo
1426 1955 1621 2011 animo
1651 1955 1830 2012 latam
1862 1957 1921 2012 in

254 2058 367 2097 nos
422 2042 586 2097 ferre
640 2041 1016 2109 sententiam,
1078 2048 1135 2099 et
1195 2042 1386 2099 dicere
1443 2060 1579 2099 cum
1638 2045 1926 2117 Propheta

256 2130 449 2203 (lich.
510 2147 623 2197 vn,
681 2130 757 2201 9),
818 2136 972 2187 Iram
1025 2133 1248 2187 Domini
1311 2132 1607 2198 sustinebo,
1665 2137 1927 2206 quoniam

258 2220 366 2291 (Al.
403 2219 530 2292 qui]
556 2221 787 2291 peccavi
812 2222 887 2291 ei,
918 2221 1088 2276 donec
1103 2221 1369 2292 justiﬁcet
1396 2238 1621 2277 causam
1646 2239 1845 2289 meam,
1868 2228 1927 2280 et

264 2313 494 2364 caetera.
530 2308 610 2363 Et
656 2308 992 2381 frequenter
1036 2309 1246 2380 evenit,
1280 2314 1347 2365 ut
1381 2310 1548 2367 alteri
1600 2312 1820 2367 subditi
1851 2314 1925 2368 ad

265 2394 522 2453 alterum
576 2400 974 2469 transeamus,
1010 2398 1108 2468 qui
1140 2398 1311 2453 nobis
1354 2415 1529 2455 suum
1561 2401 1928 2471 repromittat

262 2485 560 2541 auxilium
581 2502 717 2554 ;nec
736 2486 909 2542 faciat
923 2487 978 2542 in
994 2487 1245 2559 pristina
1256 2488 1550 2544 sententia
1564 2505 1924 2560 permanere.

264 2575 435 2639 Quod
466 2575 635 2631 omni
668 2576 894 2631 ratione
925 2576 1229 2632 vitandum
1251 2580 1360 2643 est,
1383 2593 1457 2633 ne
1489 2577 1782 2633 siccentur
1804 2578 1926 2650 pal-

262 2664 448 2719 mites
475 2663 673 2719 nostri
705 2667 762 2718 et
804 2664 1070 2735 germina
1119 2670 1386 2721 arescant
1419 2682 1431 2720 :
1465 2670 1522 2721 et
1561 2670 1764 2722 contra
1801 2683 1931 2739 pac-

260 2755 393 2805 tum
429 2750 537 2806 Dei
573 2750 761 2806 facere
791 2752 1118 2807 credemur.

336 2838 535 2909 (Vere.
570 2842 645 2894 22
682 2843 870 2911 seqq.)
900 2842 1023 2896 Haec
1048 2840 1185 2896 dicit
1229 2843 1493 2898 Dominus
1525 2843 1717 2916 [Vulg
1766 2845 1932 2900 addit

266 2929 439 2999 Deus]
473 2947 488 2983 :
521 2930 595 2983 Et
621 2945 841 2984 sumam
868 2945 963 2998 ego
1014 2929 1081 2986 de
1106 2930 1352 2986 medulla
1398 2932 1551 2987 cedri
1574 2933 1848 3003 sublimis,
1879 2944 1932 2991 et

260 3032 476 3088 ponam
506 3016 579 3071 de
605 3018 813 3073 vertice
830 3033 1107 3073 ramorum
1140 3019 1256 3089 ejus
1269 3036 1291 3080 ;
1312 3027 1559 3075 tenerum
1579 3021 1929 3093 distringam,

2018 456 2069 503 et
2097 449 2261 518 facio.
2290 448 2408 504 Hoc
2451 451 2605 521 quod
2638 450 2697 504 in
2729 450 3111 522 Septuaginta
3141 448 3354 521 legitur
3387 465 3400 503 :
3432 450 3500 504 Et
3532 448 3669 505 dabo

2019 537 2089 593 de
2115 540 2288 608 capite
2313 554 2595 593 ramorum
2613 540 2751 610 ejus,
2774 539 2845 593 de
2864 538 3279 595 Theodotionis
3298 537 3553 594 editione
3570 537 3669 592 ad-

2022 624 2211 680 ditum
2234 629 2341 681 est.
2367 630 2743 698 Rursumque
2763 627 2917 699 quod
2948 627 3215 699 sequitur
3248 643 3260 682 :
3292 628 3356 681 Et
3384 627 3531 682 rami
3550 629 3668 698 ejus

2023 700 2403 781 restituentur,
2437 714 2602 770 obolo
2650 716 3091 786 praenotandum
3122 720 3231 784 est,
3267 713 3407 785 quia
3452 713 3512 769 in
3556 718 3669 770 He-

2026 802 2219 858 braico
2250 819 2362 858 non
2396 802 2664 859 habetur.
2695 803 2879 858 Verus
2911 803 3446 859 Nabuchodonosor
3494 820 3667 875 prop-

2024 895 2182 947 terea
2212 891 2393 946 sumit
2438 892 2508 947 de
2558 890 2816 948 medulla
2848 892 3002 947 cedri
3033 891 3329 957 sublimis,
3360 892 3432 947 de
3459 892 3674 948 vertice

2028 996 2325 1035 ramorum
2366 980 2520 1049 ejus,
2550 985 2614 1034 ut
2644 981 2721 1034 sit
2749 996 2993 1052 regnum
3016 981 3144 1051 ejus
3194 979 3435 1049 humile,
3468 984 3526 1035 et
3555 996 3671 1036 non

2026 1067 2298 1124 elevatur.
2332 1069 2617 1125 Dominus
2649 1076 2846 1124 autem
2879 1070 3037 1125 Deus
3066 1070 3233 1125 Pater
3277 1070 3669 1142 omnipotens,

2029 1155 2127 1227 qui
2168 1156 2400 1213 locutus
2428 1161 2518 1213 est
2548 1158 2621 1213 ad
2669 1158 3046 1229 Ezechielem,
3076 1158 3226 1213 tollit
3254 1158 3326 1213 de
3355 1158 3537 1230 stirpe
3583 1174 3672 1214 re—

2029 1243 2142 1317 gia,
2175 1250 2233 1301 et
2263 1247 2334 1302 de
2366 1261 2575 1318 genere
2605 1246 2781 1301 David
2813 1272 2827 1313 ;
2863 1251 2919 1302 et
2949 1246 3174 1318 plantat
3203 1262 3381 1318 super
3409 1251 3671 1303 montem

2028 1333 2323 1389 excelsum
2354 1338 2411 1390 et
2456 1336 2837 1403 eminentem,
2867 1335 2968 1405 qui
3017 1336 3278 1407 loquitur
3306 1335 3366 1392 in
3396 1336 3624 1408 psalmo
3659 1353 3674 1391 :

2030 1423 2137 1493 Ego
2158 1427 2338 1478 autem
2358 1426 2684 1480 constitutus
2702 1441 2826 1479 sum
2845 1440 2946 1479 rea:
2974 1426 3041 1479 ab
3070 1441 3129 1480 eo
3159 1441 3323 1496 super
3351 1424 3482 1481 Sion
3512 1441 3669 1481 mon-

2031 1518 2139 1567 tem
2167 1516 2417 1567 sanctum
2464 1513 2581 1584 ejus
2614 1515 2724 1583 (Ps.
2760 1530 2822 1578 ιι,
2850 1514 2927 1580 6).
2964 1512 3260 1569 Defecerat
3308 1513 3465 1569 enim
3515 1513 3677 1585 priu-

2031 1617 2167 1672 ceps
2214 1600 2285 1655 de
2316 1601 2484 1671 Juda,
2519 1605 2576 1655 et
2621 1601 2739 1655 dux
2769 1602 2839 1656 de
2870 1600 3069 1667 Israel,
3104 1602 3284 1657 donec
3326 1601 3553 1658 veniret
3581 1601 3678 1657 cui

2032 1689 2352 1759 repositum
2398 1694 2531 1745 est:
2581 1694 2639 1745 et
2686 1690 2812 1762 ipse
2860 1690 2971 1745 erit
3013 1690 3364 1762 exspectatio
3412 1691 3677 1763 gentium

2034 1778 2241 1849 (Genes.
2265 1779 2438 1850 xmx).
2459 1780 2569 1834 Iste
2597 1779 2860 1850 erupitin
2882 1795 3142 1851 germen,
3170 1784 3227 1835 et
3239 1780 3373 1835 fecit
3392 1780 3670 1851 fructum,

2032 1871 2090 1922 et
2126 1867 2329 1922 cedros
2360 1883 2564 1922 omnes
2604 1883 2712 1922 sua
2741 1867 3104 1923 sublimitate
3136 1869 3430 1939 superavit
3456 1884 3470 1923 :
3504 1868 3586 1924 ita
3615 1872 3682 1923 ut

2035 1956 2297 2011 habitent
2327 1956 2437 2010 sub
2466 1972 2533 2010 eo
2558 1971 2761 2011 omnes
2791 1955 3054 2012 volucres
3075 1956 3221 2023 ccali,
3254 1960 3311 2012 et
3339 1962 3551 2013 cuneta
3577 1973 3680 2012 vo-

2031 2043 2217 2099 latilia
2265 2043 2425 2100 illius
2470 2049 2853 2117 protegantur
2881 2044 3245 2101 umbraculo.
3278 2045 3359 2101 De
3391 2062 3507 2117 quo
3535 2044 3678 2100 dicit

2034 2133 2263 2188 Abacuc
2299 2149 2311 2188 ;
2347 2132 2566 2189 Cornua
2598 2136 2659 2188 in
2688 2134 2942 2189 manibus
2972 2136 3108 2205 ejus,
3143 2135 3224 2190 ibi
3254 2134 3571 2191 abscondita
3599 2138 3682 2190 est

2032 2220 2293 2291 fortitudo
2322 2221 2436 2292 ejus
2479 2221 2661 2292 (Abac.
2696 2224 2815 2293 ιιι);
2848 2225 2905 2277 et
2934 2222 3033 2293 qui
3064 2238 3419 2295 congregare
3450 2222 3680 2278 deside-

2034 2315 2123 2365 rat
2152 2310 2321 2381 quasi
2351 2309 2571 2383 gallina
2600 2310 2791 2382 pullos
2822 2327 2962 2367 suos
2992 2311 3103 2366 sub
3136 2310 3261 2367 alas
3290 2328 3431 2367 suas
3462 2312 3672 2383 (Matth.

2035 2399 2195 2468 χχιιι)
2221 2417 2234 2454 :
2262 2403 2324 2453 ut
2344 2398 2541 2454 omnia
2562 2398 2815 2470 regionis
2832 2398 2992 2470 ligna
3003 2404 3355 2471 cognoscant
3376 2401 3530 2471 quod
3556 2400 3683 2472 ipse

2035 2487 2113 2542 sit
2142 2486 2446 2542 Dominus.
2478 2486 2851 2559 Tropologice
2883 2488 2955 2543 de
2982 2488 3352 2543 credentibus
3382 2488 3629 2558 loquens
3664 2504 3679 2542 :

2037 2576 2151 2630 Iste
2179 2580 2268 2629 est
2296 2576 2397 2646 qui
2428 2573 2604 2630 Is'rael
2625 2576 2920 2645 quondam
2945 2575 3198 2631 sublime
3228 2575 3455 2647 lignum
3486 2575 3684 2631 humi-

2038 2663 2217 2733 liavit,
2250 2667 2306 2719 et
2335 2663 2607 2719 exultavit
2635 2663 2918 2719 humilem
2950 2664 3214 2736 gentium
3246 2663 3550 2736 populum,
3576 2663 3677 2736 qui

2037 2752 2349 2808 exsiccavit
2376 2751 2602 2824 lignum
2634 2751 2813 2807 viride
2842 2752 3203 2819 Judaeorum,
3228 2752 3442 2807 ﬂorens
3470 2756 3528 2807 et
3554 2767 3680 2823 ger-

2038 2841 2272 2897 minans
2329 2842 2386 2895 in
2449 2841 2598 2913 Lege
2647 2845 2704 2896 et
2750 2840 3089 2913 Prophetis;
3130 2844 3188 2895 et
3238 2840 3506 2895 frondere
3552 2840 3689 2895 fecit

2036 2931 2265 3003 lignum
2288 2930 2516 2985 aridum
2550 2930 2891 2985 nationum:
2918 2934 2983 2984 ut
3011 2929 3165 3001 quod
3198 2944 3429 3001 semper
3453 2929 3685 2984 locutus

2045 3024 2155 3084 est,
2186 3035 2358 3090 opere
2388 3017 2722 3089 compleret.
2757 3018 2873 3073 Hoc
2922 3018 3079 3073 idem
3111 3016 3446 3090 signiﬁcant
3474 3017 3581 3090 (Al.
3615 3017 3691 3072 si-

264 3114 322 3161 et
350 3106 630 3177 plnntabo
656 3110 1071 3177 supermontem
1100 3109 1373 3164 ercelsum
1394 3113 1443 3166 et
1472 3112 1845 3166 eminentem:
1875 3091 1935 3169 in
1964 3091 2009 3159 (ἶ
2045 3107 2351 3179 gniﬁcans]
2410 3106 2667 3162 Simonis
2716 3107 2776 3161 in
2820 3104 3124 3178 Evangelio
3162 3106 3338 3161 verba
3386 3104 3635 3161 dicentis
3670 3123 3684 3161 :

268 3199 477 3249 monte
516 3194 745 3250 sublimi
792 3196 961 3252 Israel
988 3197 1264 3265 plantabo
1293 3198 1450 3254 illud.
1482 3201 1549 3254 Et
1592 3205 1836 3272 erumpet
1874 3203 1934 3257 in

266 3298 525 3352 germen,
542 3287 597 3338 et
622 3282 796 3357 faciet
821 3286 1084 3355 fructum,
1103 3294 1157 3341 et
1183 3288 1290 3342 erit
1315 3290 1376 3343 in
1402 3288 1626 3343 cedrum
1652 3306 1929 3361 magnam,

266 3381 319 3427 et
350 3372 692 3428 habitabant
710 3372 809 3427 sub
829 3388 895 3428 ea
913 3390 1096 3429 omnes
1124 3376 1403 3432 volucres:
1434 3378 1755 3433 universum
1777 3380 1932 3435 vola-

269 3463 365 3517 tile
402 3461 512 3517 sub
564 3461 766 3516 umbra
802 3462 1086 3533 frondium
1134 3465 1253 3535 ejus
1294 3464 1624 3535 nidiﬁcabit.
1659 3468 1724 3521 Et
1765 3470 1936 3525 scient

274 3551 467 3603 omnia
498 3550 661 3619 ligna
691 3551 953 3619 regionis,
976 3553 1108 3623 quia
1133 3568 1227 3624 ego
1259 3554 1521 3609 Dominus
1549 3556 1935 3612 humiliarili-

273 3655 453 3707 gnum
478 3638 742 3706 sublime,
765 3646 817 3694 et
843 3640 1053 3696 elevavi
1082 3642 1277 3714 [Vulg.
1310 3644 1574 3714 excitavi]
1608 3644 1823 3715 lignum
1841 3647 1938 3701 hu-

268 3730 438 3796 mile,
460 3732 520 3783 et
550 3729 759 3782 siccavi
789 3728 1003 3799 lignum
1026 3730 1220 3796 viride,
1242 3738 1294 3785 et
1316 3732 1573 3803 frondere
1599 3734 1706 3804 feci
1723 3735 1938 3805 lignum

267 3818 528 3887 aridum,
542 3832 640 3886 ego
670 3817 933 3872 Dominus
954 3826 1165 3875 locutus
1192 3837 1317 3875 sum
1348 3822 1502 3877 196
1532 3830 1586 3877 et
1612 3825 1737 3894 feci.
1757 3823 1895 3878 LXX
1919 3840 1932 3879 :

273 3908 427 3974 Quia
457 3905 580 3959 haec
605 3904 739 3961 dicit
765 3906 977 3962 Adonai
1028 3908 1291 3964 Dominus
1320 3927 1339 3963 :
1370 3911 1437 3964 Et
1464 3912 1716 3980 auferam
1743 3928 1841 3983 ego
1869 3913 1939 3968 de

270 3996 461 4049 electis
506 3993 661 4048 cedri
706 3995 775 4050 de
820 3998 1015 4051 vertice
1142 4000 1192 4052 et
1238 3998 1385 4054 dabo
1431 3998 1496 4054 de
1539 4002 1718 4071 capite
1759 4017 1938 4057 ramo-

271 4100 409 4137 rum
434 4084 555 4154 ejus
588 4085 636 4151 ’,
665 4083 906 4153 decorde
934 4100 1121 4139 eorum
1135 4087 1409 4157 auferam,
1423 4076 1475 4142 et
1499 4088 1755 4159 plantabo
1774 4105 1938 4160 super

272 4180 525 4226 montem
543 4171 841 4239 excelsum,
862 4180 916 4227 et
931 4173 1256 4244 suspendam
1273 4175 1416 4230 illud
1432 4177 1493 4230 in
1515 4185 1698 4233 monte
1711 4178 1937 4233 sublimi

274 4261 533 4326 Israhel
542 4260 883 4332 planlabo,et
892 4261 1081 4332 afferet
1099 4278 1324 4333 germen
1335 4272 1404 4329 ,et
1428 4266 1595 4335 faciet
1618 4267 1940 4338 fructum,et

275 4351 383 4402 erit
415 4350 480 4401 in
527 4347 753 4403 cedrum
780 4366 1061 4420 magnam,
1093 4354 1146 4405 et
1188 4353 1481 4423 requiescet
1521 4353 1620 4408 sub
1648 4370 1711 4410 ea
1749 4357 1937 4410 omnis

2041 3198 2174 3251 Ecce
2185 3197 2274 3251 hic
2283 3196 2488 3267 positus
2499 3203 2580 3250 est
2603 3197 2661 3249 in
2695 3196 2940 3262 ruinam,
2957 3198 3007 3249 et
3021 3196 3469 3251 resurrectionem
3488 3195 3692 3250 multo-

2044 3302 2169 3340 rum
2197 3286 2348 3357 (Luc.
2366 3302 2428 3352 ιι,
2449 3283 2560 3355 34).
2577 3283 2643 3338 Et
2653 3299 2901 3357 granum
2920 3283 3165 3355 sinapis,
3184 3284 3338 3355 quod
3357 3300 3491 3339 cum
3515 3283 3692 3339 mini-

2044 3390 2207 3429 mum
2221 3372 2583 3429 sitomnibus
2598 3372 3264 3444 seminibus,postquam
3279 3373 3427 3427 I97
3448 3373 3693 3429 creverit

2043 3461 2238 3518 avium
2264 3461 2662 3518 habitaculum
2686 3465 2774 3517 est
2800 3461 3011 3530 (Matth.
3044 3478 3163 3530 xm,
3183 3462 3295 3531 32).
3311 3460 3559 3524 Quidam
3578 3459 3690 3516 ali-

2044 3553 2131 3605 ter
2162 3550 2641 3623 interpretantur,
2672 3549 2899 3621 lignum
2921 3549 3175 3606 sublime
3206 3548 3605 3621 humiliatum,
3633 3554 3691 3605 et

2045 3639 2268 3695 humile
2297 3639 2964 3704 exaltatum,referentes
2995 3639 3066 3693 ad
3090 3637 3423 3709 passionem
3455 3638 3690 3694 Domini

2044 3728 2384 3784 Salvatoris.
2400 3729 2506 3797 Qui
2519 3745 2644 3783 cum
2660 3730 2720 3783 in
2733 3729 2919 3797 forma
2934 3728 3036 3781 Dei
3050 3734 3203 3791 esset,
3216 3741 3328 3780 non
3342 3730 3419 3779 est
3432 3728 3689 3796 rapinam

2045 3818 2352 3872 arbitratus
2380 3818 2648 3888 (equalem
2667 3832 2722 3870 se
2747 3831 2858 3870 esse
2877 3817 3012 3870 Deo:
3027 3814 3121 3870 sed
3143 3815 3453 3870 exinanirit
3468 3829 3547 3875 se.
3566 3816 3686 3886 for-

2045 3923 2172 3960 nam
2184 3908 2328 3961 servi
2337 3903 2895 3976 accipiens(Philipp.
2912 3904 3190 3973 vm,6,7);
3213 3908 3270 3958 et
3292 3907 3695 3975 postresurre-

2045 3995 2319 4059 ctionem,
2333 3994 2530 4065 ipsum
2544 3992 2770 4065 lignum
2784 3996 2985 4065 postea
3000 3991 3384 4048 sublimatum
3410 3995 3518 4058 est,
3535 3991 3693 4063 quod

2046 4083 2198 4139 198
2231 4083 2395 4156 prius
2422 4082 2639 4150 virens,
2664 4087 2851 4138 morte
2877 4082 3183 4150 siccatum,
3202 4087 3260 4137 et
3307 4088 3512 4153 postea
3552 4081 3693 4137 revi-

2044 4173 2293 4241 viscens,
2322 4171 2641 4244 pristinum
2691 4170 2972 4242 receperit
3002 4169 3271 4225 virorem.
3301 4168 3415 4224 Alii
3452 4169 3695 4225 Judaice

2046 4267 2362 4334 utrumque
2387 4260 2645 4317 referunt
2685 4260 2756 4315 ad
2788 4257 2967 4315 Israel
2990 4277 3009 4315 :
3030 4259 3186 4331 quod
3218 4259 3407 4331 primo
3438 4259 3688 4314 adventu

2044 4349 2389 4407 humiliatus
2419 4349 2495 4406 sit
2523 4354 2581 4405 et
2609 4349 2897 4405 arefactus
2923 4364 2935 4402 :
2969 4351 3026 4403 et
3055 4347 3312 4403 secundo
3345 4346 3689 4403 restituatur

273 4441 476 4507 ams,et
486 4453 655 4493 omne
670 4438 890 4493 volatile
903 4439 1003 4494 sub
1016 4439 1211 4495 umbra
1222 4441 1641 4512 ejusrequiescet
1660 4448 1774 4508 eaet
1792 4447 1939 4501 rami
1966 4455 2015 4520 Β
2045 4440 2105 4495 in
2123 4439 2439 4513 pristinum
2461 4442 2704 4503 statum,
2720 4436 2959 4509 impleto
2981 4436 3081 4493 illo
3103 4437 3259 4508 quod
3282 4435 3425 4492 dicit
3441 4437 3688 4507 Aposto-

274 4528 400 4597 βίω
422 4527 794 4581 restituentur
821 4528 867 4597 ’,
894 4531 948 4581 et
977 4530 1145 4583 scient
1172 4529 1358 4585 omnia
1382 4531 1542 4599 ligna
1568 4534 1769 4603 campi,
1804 4536 1938 4604 quia

274 4630 376 4683 ego
409 4614 682 4669 Dominus
707 4616 807 4686 qui
834 4616 1070 4672 humilio
1110 4618 1324 4688 lignum
1350 4620 1647 4688 excelsum,
1678 4625 1729 4676 et
1756 4623 1938 4678 exalto

280 4702 506 4769 lignum
530 4701 740 4757 humile
769 4722 786 4756 :
818 4707 871 4759 et
898 4706 1144 4774 arefacio
1174 4706 1389 4776 lignum
1428 4708 1625 4775 viride,
1656 4716 1710 4765 et
1734 4712 1939 4780 germi-

2047 4529 2140 4585 lus
2167 4527 2381 4585 Paulus
2415 4544 2428 4583 :
2465 4529 2597 4583 Cum
2637 4528 2927 4581 intraverit
2952 4525 3234 4597 plenitudo
3261 4526 3529 4596 gentium,
3560 4528 3694 4579 tunc

2047 4620 2225 4675 omnis
2254 4617 2425 4674 Israel
2450 4618 2635 4672 salvus
2662 4617 2755 4686 ﬁet
2783 4616 2961 4684 (Deut.
2992 4632 3048 4681 v,
3078 4615 3135 4679 9,
3170 4614 3282 4685 10).

1469 4944 1888 5040 LIBER
1958 4943 2508 5041 SEXTUS.

352 5267 705 5325 107-108
733 5269 1020 5326 Putabam
1065 5272 1240 5343 quod,
1274 5272 1466 5329 medio
1496 5278 1765 5347 serpente
1796 5290 1935 5331 con-

278 5358 463 5428 fosso,
498 5373 618 5413 non
649 5357 1057 5415 reviviscerent
1076 5359 1270 5434 hydrae
1301 5361 1527 5418 novella
1548 5363 1859 5435 plantaria,
1879 5367 1939 5419 et

274 5447 449 5518 juxta
466 5445 705 5503 fabulas
725 5451 1055 5520 poetarum,
1072 5449 1263 5523 Scylla
1292 5455 1545 5522 mortua,
1561 5468 1937 5526 nequaquam

280 5535 342 5592 in
373 5551 471 5594 me
501 5534 724 5611 Scyllaei
756 5536 1027 5597 saevirent
1060 5555 1252 5613 canes,
1286 5540 1388 5615 qui
1417 5540 1630 5602 latrare
1661 5558 1778 5603 non
1810 5558 1928 5601 ces-

2047 5277 2180 5331 sant
2211 5291 2223 5329 :
2257 5276 2313 5331 et
2362 5269 2650 5327 haereticis
2694 5267 2792 5324 Dei
2842 5265 3140 5340 percussis
3170 5282 3371 5337 manu,
3405 5282 3478 5321 ne
3506 5268 3692 5321 tenta-

2048 5368 2269 5432 rentur,
2296 5362 2346 5419 si
2376 5360 2499 5417 ﬁeri
2531 5362 2739 5431 potest,
2764 5356 2939 5413 etiam
2964 5355 3131 5412 electi
3164 5356 3259 5411 Dei
3284 5355 3490 5427 (Matth.
3514 5354 3691 5425 xxxv),

2047 5450 2285 5508 haeresis
2316 5451 2446 5523 ipsa
2472 5464 2590 5503 non
2622 5445 2892 5518 moritur,
2925 5442 3308 5501 hereditariis
3354 5444 3556 5498 contra
3584 5457 3691 5499 nos

2048 5541 2312 5600 odiorum
2335 5552 2579 5602 suorum
2601 5533 2809 5595 catulis
2831 5532 3147 5605 derelictis,
3170 5532 3270 5610 qui
3291 5533 3495 5591 nostra
3513 5530 3695 5591 simu-
