4052 6180
378 226 497 294 18⁸1

1647 224 1715 289 S.
1760 220 2075 289 EUSEIII
2114 220 2560 289 HEROle

3671 217 3781 293 168

377 361 593 431 lentes,
618 359 920 434 genitricis
951 319 1230 434 antiquae,
1261 364 1319 418 et
1347 357 1589 434 pellacis
1608 358 1832 432 Ulyssis
1859 373 2028 415 vene-
2053 359 2111 427 Α
2139 358 2322 417 alium
2343 374 2601 432 peccare,
2629 360 2688 415 et
2714 356 2896 415 alium
2919 357 3079 417 luere
3099 360 3357 433 peccata.
3381 358 3439 414 Si
3458 358 3621 417 enim
3649 360 3782 419 red-

377 467 457 508 na
482 460 599 506 non
630 451 910 507 deserunt
938 468 953 507 :
985 449 1260 523 labiaque
1286 452 1515 506 tantum
1538 448 1710 505 melle
1730 447 2023 503 circumli-

296 558 305 565 '
377 543 560 607 nunt;
591 542 649 594 et
677 538 842 609 iuxta
869 538 1106 611 eloquia
1121 538 1558 611 Scripturarum
1589 537 1701 608 (Ps.
1725 536 2024 609 uv),mol-

375 627 778 685 lieruntverba
792 644 901 683 sua
931 643 1109 700 super
1137 627 1333 685 oleum
1367 645 1380 683 :
1416 627 1530 699 ipsi
1563 630 1763 682 autem
1786 626 2024 697 suntja-

376 715 528 787 cula,
561 719 617 771 et
638 715 840 787 jacula
857 715 1061 788 ignita,
1087 733 1215 788 qua
1247 719 1411 773 scuto
1441 714 1575 771 ﬁdei
1598 712 1931 787 repellenda
1950 713 2024 770 si-

376 804 501 861 mul
515 808 573 861 et
585 804 1009 876 exstinguenda
1023 805 1448 861 sunt.Haacdixi
1460 803 1537 871 ,lil
1548 802 1597 858 ia
1611 802 1930 859 Eustocbiu
1941 817 2018 872 m,

375 898 441 951 ut
469 893 836 950 laborantem
861 892 921 948 in
952 910 1045 949 me
1074 910 1247 965 opere
1266 891 1613 966 prophetali,
1645 895 1704 948 et
1731 890 2020 947 haereticis

373 983 766 1052 resistentem,
800 982 1162 1038 orationibus
1184 983 1377 1053 juves,
1399 986 1456 1037 et
1483 986 1713 1038 sextum
1744 979 2018 1037 volumen

371 1071 858 1145 Explanationum
879 1071 941 1126 in
971 1070 1254 1143 Ezechiel,
1279 1087 1407 1127 meo
1430 1087 1549 1136 ore,
1572 1086 1680 1126 suo
1710 1086 1888 1126 sensu
1907 1069 2017 1125 Do-

370 1162 571 1218 minus
623 1159 914 1233 explicet:
955 1160 1337 1232 ejusdemque
1391 1159 1606 1231 Spiritu
1657 1158 1864 1231 gratia,
1900 1173 2016 1230 quo

371 1250 672 1323 prophetis
702 1248 953 1306 revelata
981 1255 1123 1305 sunt
1151 1265 1280 1322 quae
1309 1249 1528 1322 scripta
1547 1247 1822 1321 legimus,
1848 1246 2016 1303 nobis

374 1356 609 1412 quoque
618 1338 1043 1395 disserentibus
1062 1337 1785 1410 revelentur,utpossimus
1800 1336 2011 1392 dicere:

373 1428 442 1485 0s
493 1444 676 1484 meum
710 1429 923 1499 aperui,
953 1431 1007 1482 et
1050 1429 1262 1483 attraxi
1304 1429 1566 1499 spiritum
1606 1427 1776 1498 (Psal.
1817 1441 2012 1494 cxvm,

374 1517 521 1589 131).

439 1699 597 1768 (Cap.
630 1693 825 1749 XVIII.
850 1725 918 1735 —
947 1693 1109 1749 Vers.
1137 1695 1187 1760 1,
1211 1695 1291 1761 2.)
1309 1695 1381 1747 Et
1407 1695 1590 1764 factus
1616 1700 1697 1748 est
1713 1707 1890 1748 sermo
1911 1693 2012 1748 Do-

367 1783 513 1839 mini
528 1781 600 1837 ad
617 1794 727 1847 me,
740 1779 924 1837 dicens
952 1798 971 1835 :
1002 1780 1145 1849 Quid
1172 1784 1251 1837 est
1268 1780 1407 1852 quod
1423 1781 1567 1835 inter
1584 1796 1674 1835 vos
1690 1779 2013 1852 parabolam

366 1872 579 1927 vertitis
608 1872 666 1925 in
695 1870 1045 1941 proverbium
1072 1868 1217 1925 istud
1245 1870 1305 1924 in
1336 1874 1486 1925 terra
1513 1869 1706 1939 Israel,
1734 1868 1971 1924 dicentes
1994 1886 2013 1923 :

365 1961 558 2016 Patres
586 1958 930 2014 comederunt
956 1974 1124 2013 uvam
1170 1959 1443 2023 acerbam,
1477 1960 1529 2013 et
1558 1958 1739 2013 dentes
1769 1957 2013 2027 ﬁliorum

366 2049 759 2120 obstupuerunt
806 2046 999 2118 [Vulg.
1035 2046 1479 2118 obstupescunt]?
1509 2046 1645 2101 LXX
1681 2062 1693 2101 :
1726 2047 1794 2101 Et
1834 2050 2015 2116 [actus

366 2140 445 2193 est
470 2152 648 2193 sermo
697 2136 919 2191 Domini
947 2135 1019 2191 ad
1058 2151 1164 2202 me,
1193 2135 1380 2191 dicens
1411 2153 1431 2190 :
1461 2142 1517 2201 -ἓ
1561 2136 1673 2190 Fili
1716 2136 1960 2191 hominis
1989 2154 2009 2190 :

365 2242 485 2298 qua
514 2232 595 2282 est
618 2224 890 2296 parabola
916 2225 1031 2279 haec
1056 2225 1117 2279 in
1143 2225 1288 2295 filios
1315 2225 1487 2280 Israel
1515 2223 1817 2279 dicentium
1847 2243 1865 2279 :
1896 2226 2008 2279 Pa-

363 2322 478 2372 tres
495 2313 841 2370 comederunt
861 2329 1029 2369 uvam
1047 2314 1321 2380 acerbam,
1345 2321 1396 2368 et
1414 2313 1604 2369 dentes
1621 2312 1874 2384 ﬁliorum
1893 2313 2011 2369 obs-

365 2404 666 2474 tupuerunt
683 2405 709 2456 .9
726 2406 847 2457 Hoc
869 2402 1025 2474 quod
1062 2401 1444 2475 Septuaginta
1484 2401 1775 2469 dixerunt,
1801 2402 1888 2472 ﬁli
1914 2402 2010 2457 ho-

362 2492 557 2560 minis,
576 2490 636 2546 in
667 2490 948 2547 Hebraico
964 2506 1081 2545 non
1103 2489 1577 2545 habetur.Monet
1600 2496 1794 2545 autem
1816 2489 2012 2545 divina

364 2580 667 2653 Scriptura
683 2578 827 2634 illud
861 2579 1017 2650 quod
1047 2580 1105 2634 in
1130 2579 1319 2634 Exodo
1349 2572 1726 2641 dictum°,est:
1750 2581 1869 2649 Ego
1888 2595 2008 2635 sum

362 2670 627 2725 Dominus
652 2670 792 2724 Deus
813 2672 960 2738 tuus,
982 2668 1123 2723 Deus
1150 2668 1459 2737 aemulator,
1483 2669 1579 2739 qui
1597 2667 1761 2722 reddo
1785 2674 2012 2738 peccata

358 2765 583 2829 patrum
610 2772 773 2826 super
798 2755 1141 2826 ﬁlios,usque
1165 2755 1235 2809 ad
1265 2757 1488 2811 tertiam
1505 2760 1557 2810 et
1576 2758 1830 2826 quartam
1847 2772 2010 2826 gene-

2133 448 2219 505 dit
2239 453 2477 521 peccata
2488 452 2722 520 patrum
2745 448 3083 520 superﬂlios
3106 448 3167 505 in
3188 448 3423 505 tertiam
3437 452 3494 506 et
3511 454 3780 522 quartam

2131 538 2587 610 generationem,
2618 537 2909 608 injustum
2939 536 3166 594 videtur
3193 542 3260 593 ut
3288 536 3441 595 alius
3472 541 3695 611 peccet,
3728 536 3783 596 et

2132 626 2285 682 alius
2315 626 2611 699 puniatur.
2629 626 2742 682 Sed
2771 642 2840 682 ex
2858 641 2926 682 eo
2955 627 3109 698 quod
3129 626 3397 699 sequitur
3422 644 3437 683 :
3470 628 3555 683 his
3574 629 3679 700 qui
3698 642 3785 684 me

2130 714 3011 784 oderunt,comminationis,sive
3023 715 3290 788 praecepti
3307 715 3652 773 scandalum
3665 715 3783 773 sol-

2127 803 2299 860 vitur.
2332 803 2458 859 Non
2493 804 2649 859 enim
2679 802 2809 859 ideo
2830 804 3161 875 puniuntur
3188 804 3248 859 in
3278 803 3452 861 tertia
3482 807 3539 861 et
3569 809 3784 878 quarta

2129 890 2523 965 generatione,
2556 890 2695 962 quia
2742 889 3119 962 deliquerunt
3150 895 3344 964 patres
3383 906 3611 959 eorum,
3643 904 3779 950 cum

2128 985 2322 1053 patres
2353 981 2547 1053 potius
2576 979 2677 1052 qui
2703 980 2940 1036 fuerunt
2966 983 3300 1052 peccatores
3329 980 3527 1054 puniri
3559 980 3779 1039 debue-

2127 1069 2281 1138 rint;
2314 1069 2416 1125 sed
2470 1068 2608 1140 quia
2637 1072 2872 1139 patrum
2919 1068 3269 1124 exstiterunt
3297 1068 3687 1141 aemulatores,
3722 1073 3781 1127 et

2126 1158 2375 1213 oderunt
2420 1157 2605 1213 Deum
2635 1155 2998 1212 hereditario
3052 1155 3225 1226 malo,
3254 1160 3316 1213 et
3359 1157 3664 1229 impietate
3713 1157 3779 1215 in

2125 1261 2322 1301 ramos
2352 1261 2585 1316 quoque
2630 1245 2702 1299 de
2728 1242 2925 1300 radice
2973 1249 3286 1302 crescente.
3319 1244 3521 1302 Solent
3566 1245 3627 1302 in
3660 1246 3778 1303 hoc

2124 1334 2252 1391 loco
2264 1333 2646 1405 haeretici,qu
2662 1337 2828 1389 vetus
2844 1348 2958 1388 non
2975 1333 3086 1388 reci
3094 1333 3264 1405 piunt
3280 1334 3611 1391 Instrumen
3620 1339 3776 1404 tum,

2123 1427 2327 1480 contra
2348 1427 2668 1478 creatorem
2681 1422 2899 1479 dicere:
2921 1424 3107 1488 Quam
3132 1422 3323 1478 bonus
3339 1423 3605 1494 etjustus
3618 1423 3779 1482 Deus

2122 1512 2290 1585 Legis
2321 1516 2380 1568 et
2408 1510 2853 1583 Prophetarum,
2886 1510 2985 1582 qui
3036 1510 3364 1583 quiescens,
3397 1515 3456 1567 et
3481 1511 3667 1569 silens
3698 1512 3774 1570 ad

2123 1604 2362 1674 peccata
2409 1603 2663 1672 patrum,
2696 1598 2888 1654 reddit
2916 1597 3010 1654 his
3057 1599 3159 1671 qui
3191 1614 3307 1656 non
3346 1605 3770 1673 peccaverunt;

2120 1689 2304 1745 immo
2333 1688 2631 1761 quantain
2660 1703 2728 1743 eo
2759 1686 3178 1754 crudelitas,ut
3210 1688 3357 1744 iram
3390 1705 3561 1745 suam
3582 1705 3775 1762 usque
3880 1736 3899 1741 -

2122 1779 2194 1835 ad
2224 1778 2456 1834 tertiam
2489 1781 2546 1832 et
2576 1781 2846 1848 quartam
2878 1777 3152 1832 extendat
3183 1777 3257 1850 (b)
3287 1778 3767 1849 generationem!

2121 1867 2345 1933 Quibus
2375 1882 2483 1921 nos
2512 1864 3020 1937 respondebimus,
3035 1870 3094 1921 et
3122 1865 3183 1920 in
3207 1864 3317 1921 hoc
3346 1865 3446 1921 Dei
3476 1865 3772 1925 Creatoris

2122 1954 2490 2012 clementiam
2513 1954 2923 2010 demonstrari.
2943 1954 3066 2010 Non
3089 1954 3247 2010 enim
3265 1953 3633 2013 truculentiae
3653 1960 3764 2026 est,

2120 2050 2179 2101 et
2206 2043 2550 2114 severitatis,
2565 2042 2715 2099 iram
2738 2047 2933 2099 tenere
2955 2058 3143 2114 usque
3171 2044 3243 2099 ad
3260 2043 3492 2099 tertiam
3516 2050 3573 2100 et
3597 2061 3770 2117 quar-

2118 2138 2239 2190 tam
2264 2131 2820 2206 generationem,sed
2840 2131 3076 2205 signum
3100 2132 3509 2189 misericordia
3524 2148 3763 2206 poenam

2119 2223 2349 2279 differre
2398 2221 2635 2294 peccati.
2662 2221 2907 2287 Quando
2954 2220 3110 2276 enim
3138 2220 3283 2276 dicit
3312 2237 3326 2277 :
3356 2220 3582 2277 Domine
3616 2222 3766 2279 Deus

2120 2314 2425 2379 miserator,
2439 2314 2491 2367 et
2507 2311 2836 2379 misericors,
2848 2311 3064 2382 patiens
3075 2310 3327 2367 etmultse
3342 2309 3722 2367 miserationis
3742 2328 3760 2381 ;

2119 2406 2178 2456 et
2206 2401 2416 2455 infert:
2450 2399 2606 2456 προ
2634 2397 2861 2454 reddens
2890 2399 3238 2470 iniquitatem
3257 2401 3477 2469 patrum
3495 2414 3660 2470 super
3681 2396 3763 2469 ﬁ-

2121 2492 2242 2556 lios,
2272 2492 2327 2544 et
2354 2489 2499 2559 ﬁlios
2527 2488 2916 2558 ﬁtiorum,boc
2946 2486 3186 2554 indicat,
3206 2487 3363 2558 quod
3395 2490 3567 2542 tanta
3589 2486 3763 2543 mise-

2118 2579 2379 2635 ricordiae
2409 2578 2505 2645 sit,
2537 2581 2605 2632 ut
2633 2592 2750 2632 non
2789 2575 2987 2631 statim
3019 2576 3241 2647 puniat,
3274 2574 3377 2631 sed
3405 2574 3763 2632 sententiam

2119 2668 2349 2723 differat
2377 2664 2678 2738 puniendi.
2711 2664 2812 2719 Sin
2862 2670 3059 2720 autem
3088 2663 3347 2719 vindicta
3390 2664 3767 2735 peccantium

2120 2755 2457 2813 diiI‘erturin
2485 2754 2718 2810 tertiam
2731 2754 2855 2808 etin
2871 2756 3134 2825 quartam
3154 2753 3612 2825 generationem,
3627 2767 3766 2809 cum

362 2847 632 2901 rationem
651 2844 738 2898 his
766 2844 864 2913 qui
881 2842 1300 2908 oderuntme,et
1326 2845 1470 2914 facio
1489 2844 1928 2900 misericordiam
1949 2848 2006 2900 in
2111 2845 2296 2918 justis
2324 2843 2662 2914 sanctisque
2693 2841 2832 2916 quid
2866 2840 3119 2913 amplius
3150 2840 3306 2897 facit.
3339 2840 3622 2913 Sequitur
3650 2859 3666 2898 :
3699 2843 3771 2898 Et

359 2934 545 2989 millia
574 2932 664 2987 his
682 2933 778 3003 qui
805 2931 1044 3003 diligunt
1061 2947 1167 2999 me,
1182 2935 1234 2986 et
1260 2932 1575 2987 custodiunt
1592 2941 1865 3004 praecepta
1887 2949 2009 2989 mea

2116 2951 2339 2992 servans
2371 2934 2642 2999 iustitiam
2660 2939 2711 2988 et
2728 2930 3166 2987 misericordiam
3184 2932 3246 2985 in
3262 2930 3660 2999 multamillia,
3678 2930 3770 2988 his

362 3022 553 3095 (Εωοά.
602 3039 659 3093 x,
689 3021 763 3089 5;
797 3022 950 3076 Deut.
984 3037 1039 3088 ν,
1081 3019 1135 3090 9,
1187 3022 1293 3089 10).
1328 3022 1396 3076 Et
1442 3021 1651 3077 iterum
1686 3038 1699 3077 :
1734 3022 2013 3078 Descendit
2118 3027 2214 3097 qui
2230 3023 2543 3080 custodiunt
2564 3020 2829 3076 mandata
2850 3022 3042 3089 eius,et
3055 3020 3273 3088 faciunt
3287 3020 3762 3092 praeceptaittius.

362 3114 631 3169 Dominus
662 3112 724 3166 in
744 3111 892 3165 nube
918 3117 970 3165 et
1004 3111 1178 3164 astitit
1198 3109 1368 3180 juxta
1396 3110 1630 3182 Moysen,
1661 3119 1712 3165 et
1737 3112 2010 3168 invocavit
2036 3096 2081 3161 C
2120 3112 2411 3185 Scriptum
2441 3115 2533 3167 est
2560 3110 2619 3165 in
2652 3110 2976 3165 Proverbiis
3008 3125 3022 3164 :
3056 3108 3207 3164 Sicut
3225 3125 3329 3164 uva
3360 3109 3552 3165 acerba
3574 3109 3765 3166 denti-

360 3204 578 3273 Moyses
605 3214 802 3254 nomen
825 3199 1065 3266 Domini,
1078 3202 1130 3253 et
1146 3200 1371 3254 transiit
1386 3200 1649 3255 Dominus
1668 3203 1795 3255 ante
1808 3201 2008 3272 faciem

361 3290 501 3360 ejus,
518 3291 569 3343 et
586 3288 854 3343 invocavit
875 3286 952 3359 (a)
968 3301 1111 3357 eum,
1133 3287 1320 3342 dicens
1335 3305 1354 3342 :
1374 3288 1603 3343 Domine
1616 3289 1756 3343 Deus
1770 3290 2007 3345 misera-

361 3381 449 3433 tor
475 3384 529 3433 et
571 3376 903 3445 misericors,
933 3377 1149 3447 patiens
1179 3379 1231 3431 et
1273 3376 1468 3433 multae
1512 3376 1928 3443 misericordiae,
1957 3386 2009 3434 et

363 3482 553 3535 verax,
565 3466 910 3523 etJustitiam
937 3480 1181 3534 servans,
1193 3468 1245 3519 et
1263 3465 1700 3521 misericordiam
1723 3467 1784 3521 in
1801 3466 2005 3538 millia,

364 3558 622 3627 auferens
651 3555 987 3625 iniquitates,
1011 3556 1065 3608 et
1094 3554 1418 3624 injustitias,
1451 3557 1503 3610 et
1531 3558 1751 3623 peccata
1780 3574 1798 3609 :
1829 3559 1879 3610 et
1900 3570 2009 3610 non

363 3643 681 3700 emundabit
703 3643 855 3698 ιω)
886 3643 1206 3714 iniquitates
1231 3647 1457 3713 patrum
1484 3659 1648 3714 super
1665 3642 1809 3713 ﬁlios
1838 3652 1888 3699 et
1914 3661 2008 3700 su«

360 3749 460 3806 per
487 3733 630 3804 ﬁlias
656 3733 994 3803 ﬁtiorum,in
1015 3734 1234 3788 tertiam
1262 3735 1313 3787 et
1341 3740 1595 3803 quartam
1604 3733 2010 3801 generationem

362 3822 556 3892 (Exod.
587 3839 780 3889 XXXIV,
808 3822 845 3876 5
872 3824 1031 3893 seq.),
1064 3821 1151 3877 sic
1196 3820 1382 3893 accipi
1413 3821 1642 3890 debere,
1675 3822 1844 3894 quasi
1874 3839 2008 3894 pro-

360 3910 651 3977 verbium,
681 3914 738 3967 et
780 3909 1142 3983 parabolam,
1178 3915 1239 3965 ut
1268 3907 1427 3965 aliud
1475 3911 1535 3965 in
1587 3911 1777 3967 verbis
1819 3917 2005 3980 sonet,

364 3999 523 4057 aliud
540 3999 599 4055 in
618 4016 794 4056 sensu
810 4003 1006 4055 teneat
1026 4016 1039 4067 ;
1068 3999 1223 4070 quod
1246 3999 1305 4053 in
1323 3998 1599 4071 parabola
1613 4016 1840 4071 quoque
1862 4002 2002 4056 dua-

362 4105 495 4145 rum
516 4088 841 4160 aquilarum
864 4104 1043 4159 supra
1072 4087 1349 4143 diximus.
1383 4088 1549 4143 Unde
1568 4092 1626 4143 et
1645 4087 1930 4143 Dominus
1948 4089 2006 4144 in

363 4177 794 4251 septuagesimo
817 4176 1069 4247 septimo
1086 4174 1314 4247 psalmo
1347 4191 1360 4229 :
1400 4177 1684 4246 Aperiam,
1717 4175 1926 4248 inquit,
1947 4178 2009 4232 in

355 4266 639 4338 parabolis
667 4281 725 4322 os
744 4280 929 4320 meum
949 4282 968 4319 :
999 4264 1195 4336 loquar
1208 4264 1603 4335 propositiones
1619 4264 1688 4318 ab
1714 4266 1872 4321 initio
1894 4266 2003 4336 (Ps.

362 4371 571 4426 Lxxvn,
603 4354 711 4426 15).
746 4353 895 4409 Etin
927 4351 1237 4425 Evangelio
1259 4351 1598 4424 parabolam
1629 4353 1931 4421 sementis,
1952 4359 2010 4411 et

2118 3205 2213 3259 bus
2242 3203 2413 3257 noxia
2441 3208 2536 3267 est,
2569 3207 2620 3255 et
2665 3201 2854 3270 fumus
2883 3199 3056 3254 oculis
3081 3215 3101 3253 :
3127 3199 3210 3254 sic
3254 3199 3524 3271 iniquitas
3550 3200 3638 3254 his
3664 3200 3769 3271 qui

2117 3300 2346 3348 utuntur
2363 3307 2428 3346 ea
2447 3291 2700 3362 (Promx,
2718 3289 2832 3360 26).
2864 3289 2944 3343 Ex
2973 3303 3089 3359 quo
3118 3286 3494 3359 perspicuum
3517 3291 3627 3356 est,
3642 3299 3762 3345 non

2117 3381 2365 3438 aliorum
2396 3377 2591 3434 dolere
2620 3378 2825 3433 dentes
2855 3381 2913 3432 et
2961 3377 3390 3447 obstupescere,
3422 3376 3524 3432 sed
3556 3390 3765 3433 eorum

2118 3470 2220 3543 qui
2241 3485 2415 3524 uvam
2437 3467 2708 3523 acerbam
2730 3465 3218 3522 comederint.Est
3237 3468 3432 3521 autem
3452 3463 3563 3521 loci
3587 3463 3767 3522 istius

2117 3559 2212 3615 hic
2241 3573 2488 3625 sensus;
2521 3556 2816 3628 quomodo
2865 3554 2915 3611 si
2946 3554 3082 3626 quis
3109 3552 3251 3609 velit
3298 3554 3489 3610 dicere
3522 3571 3536 3608 :
3568 3556 3771 3612 Patres

2116 3664 2279 3704 uvam
2321 3647 2574 3702 acerbam
2615 3643 2980 3712 comederunt,
3010 3646 3064 3698 et
3092 3642 3275 3698 dentes
3314 3643 3561 3716 ﬁliorum
3588 3644 3772 3700 obsta-

2116 3738 2371 3811 puerunt,
2386 3733 2697 3790 ridiculum
2717 3736 2825 3799 est,
2841 3736 2897 3787 et
2914 3731 3135 3787 nullam
3160 3731 3384 3787 habens
3405 3746 3770 3805 consequen-

2116 3828 2259 3883 tiam
2294 3843 2307 3881 :
2341 3825 2426 3880 sic
2446 3823 2715 3895 iniquum
2739 3827 2828 3878 est
2852 3826 3026 3893 atque
3046 3835 3382 3893 perversum
3405 3830 3642 3894 peccare
3656 3837 3766 3895 pa-

2116 3920 2256 3984 tres,
2273 3919 2331 3970 et
2351 3911 2503 3968 ﬁlios
2523 3916 2879 3984 nepotesque
2901 3910 3170 3966 cruciari.
3195 3909 3342 3966 Sunt
3362 3910 3465 3983 qui
3479 3911 3584 3967 hoc
3600 3906 3761 3983 quod

2118 4005 2175 4060 in
2204 4004 2394 4059 Exodo
2424 4001 2707 4074 scriptum
2754 4004 2843 4056 est
2874 4017 2886 4055 :
2923 3999 3161 4056 Reddens
3193 4000 3513 4071 iniquitates
3536 4007 3766 4072 patrum

2114 4109 2280 4166 super
2305 4094 2449 4164 ﬁlios
2480 4093 2539 4146 in
2568 4092 2789 4146 tertiam
2817 4093 2870 4145 et
2909 4093 3167 4162 quartam
3213 4091 3646 4160 generationem,
3675 4088 3769 4146 ita

2115 4183 2460 4247 edisserant,
2483 4183 2550 4235 ut
2569 4180 2639 4235 ad
2665 4180 2922 4234 animam
2943 4183 3264 4234 humanam
3286 4177 3632 4234 sententiam
3660 4193 3771 4234 re-

2115 4272 2323 4341 ferant,
2355 4272 2581 4341 patrem
2612 4267 2672 4322 in
2701 4266 2870 4323 nobis
2900 4265 3087 4323 levem
3110 4265 3439 4340 [Al.lenem]
3463 4270 3766 4338 punctum

2114 4374 2396 4415 sensuum
2428 4354 3073 4412 etincentivavitiorum
3105 4370 3235 4412 esse
3251 4356 3508 4412 dicentes
3531 4372 3544 4423 ;
3564 4352 3771 4411 ﬁlium

362 4443 506 4511 lolii,
539 4447 596 4499 et
642 4441 886 4515 sinapis,
920 4442 1075 4512 quod
1108 4456 1243 4497 cum
1276 4439 1353 4496 sit
1384 4441 1696 4497 minimum
1741 4441 2005 4499 omnium
2038 4464 2083 4528 D
2113 4464 2269 4516 vero,
2304 4447 2352 4503 si
2385 4444 2655 4517 cogitatio
2686 4447 2989 4517 peccatum
3020 4445 3385 4517 conceperit;
3427 4448 3689 4517 nepotes,
3716 4438 3776 4501 si

362 4532 681 4599 seminum,
710 4531 772 4587 in
820 4546 1095 4603 magnam
1141 4530 1443 4602 consurgit
1488 4530 1753 4587 arborem
1782 4533 2004 4603 (Matth.

361 4621 510 4694 xm),
529 4619 611 4676 ita
631 4621 923 4693 proponit,
941 4625 1007 4675 ut
1023 4619 1184 4676 aliud
1208 4618 1529 4691 praetendat
1544 4618 1600 4674 in
1614 4619 1827 4689 verbis,
1846 4619 2004 4676 aliud

359 4711 421 4767 in
451 4709 728 4767 sensibus
748 4713 960 4766 teneat.
986 4710 1173 4764 Etnos
1201 4707 1460 4779 usquein
1485 4713 1827 4780 praesentem
1850 4709 2005 4765 diem

359 4801 714 4871 putabamus
747 4801 862 4855 duo
895 4797 1234 4855 testimonia
1264 4798 1459 4865 Exodi,
1491 4814 1621 4869 quae
1665 4815 1845 4871 supra
1870 4800 2001 4871 (Isti.

360 4890 516 4957 XXIX)
541 4889 852 4960 posuimus
874 4905 989 4944 non
1011 4904 1141 4944 esse
1161 4885 1521 4959 parabolam,
1544 4886 1644 4942 sed
1674 4887 2003 4961 simplicem

360 4973 649 5046 explicare
661 4978 1033 5034 sententiam.
1048 4977 1119 5032 Et
1139 4992 1497 5048 quamquam
1517 4992 1629 5031 non
1654 4976 2004 5035 auderemus

361 5061 665 5135 quidpiam
680 5065 889 5135 dicere,
904 5083 1010 5122 nec
1031 5084 1132 5122 vas
1150 5064 1487 5136 ﬁctileloqui
1511 5068 1712 5121 contra
1733 5065 1999 5139 figulum,

360 5167 542 5225 quare
573 5151 675 5219 ita,
705 5153 793 5208 vel
815 5154 896 5210 ita
924 5171 1018 5212 me
1050 5156 1236 5212 fecisti
1271 5172 1284 5212 :
1317 5159 1511 5211 tamen
1536 5153 1875 5211 scandalum
1900 5172 2001 5227 pa-

357 5241 654 5298 tiebamur
699 5241 1013 5314 occultum,
1046 5246 1202 5316 quod
1246 5244 1494 5315 inductio.
1537 5242 1828 5301 videretur
1884 5244 2000 5317 Dei,

429 5474 508 5545 (a)
530 5473 687 5548 Duas
709 5488 1034 5548 voces,e_um
1053 5474 1403 5548 dicens,cum
1427 5490 1616 5548 neque
1640 5488 1817 5548 penes
1840 5473 1998 5548 LXX,

360 5559 553 5623 neque
566 5546 627 5607 in
642 5545 878 5608 Hebrmo
899 5545 1021 5605 sint
1046 5547 1264 5616 codice,
1279 5545 1572 5608 Victorius
1590 5545 1834 5608 suorum
1855 5545 2000 5626 quo-

2117 4537 2273 4611 quod
2298 4532 2642 4608 cogitaveris
2673 4538 2845 4605 atque
2876 4533 3232 4606 conceperis,
3263 4549 3436 4605 opere
3465 4538 3778 4606 perpetra-

2113 4625 2264 4683 veris
2288 4643 2300 4693 ;
2328 4626 2706 4697 pronepotem
2731 4626 2948 4684 autem.
2972 4621 3082 4677 hoc
3103 4626 3495 4693 est,quartam
3522 4638 3780 4695 genera-

2115 4713 2354 4781 tionem,
2370 4712 2420 4769 si
2452 4729 2568 4768 non
2600 4709 2791 4767 solum
2810 4710 3016 4766 feceris
3038 4710 3193 4782 quod
3217 4710 3442 4767 malum
3464 4715 3552 4767 est
3573 4714 3630 4766 et
3644 4726 3783 4768 sce-

2113 4802 2349 4869 lestum,
2380 4801 2483 4856 sed
2516 4801 2575 4854 in
2606 4799 2725 4855 tuis
2754 4799 3078 4856 sceleribus
3110 4798 3399 4871 glorieris,
3428 4800 3778 4857 secundum

2113 4891 2255 4946 illud
2280 4889 2435 4961 quod
2458 4889 2744 4960 scriptum
2776 4893 2864 4945 est
2884 4888 3064 4961 (Ibid.,
3085 4906 3246 4960 xvui,
3263 4890 3321 4959 3)
3355 4906 3367 4943 :
3401 4890 3611 4960 Impius
3637 4905 3781 4946 cum

2112 4982 2189 5035 im
2205 4976 2543 5050 profundum
2554 4977 2823 5033 malorum
2836 4976 3381 5049 venerit,contemnitf
3388 4979 3462 5033 .41
3470 5020 3482 5032 .
3499 4981 3778 5034 contem-

2113 5067 2252 5139 net].
2273 5066 2427 5122 Deus
2445 5065 2625 5139 igitur
2636 5064 2857 5137 primos
2874 5070 2927 5121 et
2941 5066 3229 5122 secundos
3251 5064 3523 5122 stimulos
3541 5066 3780 5139 cogita-

2110 5156 2360 5223 tionum,
2386 5171 2534 5227 quas
2564 5153 2745 5210 Graeci
2775 5152 3105 5229 προπαθείας
3136 5158 3364 5227 vocant,
3392 5154 3518 5212 sine
3542 5154 3783 5228 quibus

2111 5244 2310 5302 nullus
2330 5244 2638 5299 hominum
2664 5259 2795 5300 esse
2820 5248 3409 5317 potest,nequaquam
3429 5245 3630 5317 punit;
3656 5244 3782 5303 sed

2110 5493 2223 5551 que
2250 5475 2489 5551 adjutus
2520 5488 2666 5551 mss,
2691 5474 2999 5551 suffragio,
3034 5479 3212 5537 delet.

2180 5549 2258 5625 (b)
2285 5546 2508 5607 Vitiosa
2536 5548 2805 5607 Martian.
2837 5546 3057 5626 legerat
3082 5551 3555 5629 gubernationem.
