3996 6182
219 325 323 383 Π3

801 319 1549 384 COMMENTARIORUM
1593 314 1673 380 IN
1719 315 2215 380 EZECHIELEM
2261 315 2409 379 LIB.
2457 316 2558 378 Vl.
2604 317 2775 379 CAP.
2819 315 3030 380 XVIII.

3495 311 3616 374 174

213 470 325 512 335°
355 457 741 528 Pmceptum,
769 458 836 509 ιη
866 455 937 510 ab
969 454 1295 510 amicorum
1319 471 1424 509 n03
1453 453 1858 508 abstineamus
1888 454 1942 520 Α
1974 469 2252 526 Romanis
2273 469 2609 525 conciliaret
2629 468 2891 524 auribus.
2914 467 3406 540 Sequiturinloco
3431 462 3614 537 septi-

214 546 359 602 ιω
407 545 738 613 uxoribus;
788 542 1164 599 inimicorum
1213 560 1366 614 vero,
1414 548 1472 597 et
1518 543 1846 614 ignotorum

211 636 483 705 conjuges
533 633 713 688 libere
743 631 1100 704 polluamus.
1153 631 1458 686 Proximus
1490 647 1626 702 ergo
1660 629 1851 685 omnis

209 729 370 785 homo
405 729 672 785 hominis
694 729 1093 800 accipiendus,
1116 730 1287 799 juxta
1311 728 1647 800 parabolam
1676 729 1854 782 Evan-

202 817 342 891 gelii,
388 835 527 890 quas
553 835 588 873 a
615 818 912 874 Salvatore
933 819 1296 890 proponitur,
1331 818 1638 888 cujusdam
1663 816 1852 872 homi-

204 908 285 963 nis
312 908 414 979 qui
446 907 682 963 Jericho
714 908 820 977 (Al.
857 907 1217 978 Hierichum]
1263 907 1647 971 descendens,
1698 922 1731 960 a
1761 904 1851 960 1a-

200 997 467 1052 tronibus
490 995 831 1052 vulneratus
860 1001 951 1051 est
982 1012 997 1052 :
1030 997 1264 1066 quando
1296 997 1618 1068 interrogat
1648 993 1851 1049 Phari-

199 1111 364 1158 szeus,
401 1093 502 1164 qui
532 1093 713 1148 fuerit
742 1093 1045 1165 proximus
1076 1095 1223 1164 ejus,
1270 1094 1484 1148 docens
1522 1091 1688 1147 illum
1723 1107 1851 1147 esse

200 1182 552 1252 proximum,
585 1182 688 1252 qui
720 1183 866 1238 bene
898 1182 1114 1237 iecerit.
1161 1183 1355 1237 Potest
1375 1183 1546 1252 juxta
1576 1182 1851 1253 mysticos

197 1269 524 1325 intellectus
557 1286 706 1325 uxor
737 1270 990 1342 intelligi
1023 1271 1211 1326 sancti
1241 1271 1371 1335 viri,
1419 1270 1727 1342 sapientia,
1763 1268 1850 1324 di-

198 1371 347 1422 cente
380 1365 704 1422 Salomone
746 1385 758 1422 :
799 1369 944 1422 Ama
982 1367 1160 1436 illam,
1195 1369 1244 1422 el
1285 1368 1698 1439 amplexabitur
1745 1370 1797 1421 te
1831 1383 1843 1421 :

194 1455 348 1523 dilige
380 1456 569 1526 illam,
607 1459 655 1510 et
684 1455 946 1510 custodiet
977 1459 1029 1510 te
1058 1457 1238 1526 (Prov.
1274 1473 1350 1522 1v,
1383 1456 1461 1526 6).
1495 1456 1679 1519 Quam
1712 1472 1848 1510 con-

192 1543 476 1598 taminare
526 1543 848 1612 desiderat,
902 1545 1001 1615 qui
1035 1543 1285 1598 aliorum
1316 1532 1622 1600 benedicta
1650 1560 1848 1616 repre-

191 1633 413 1699 hendit,
446 1637 502 1687 et
530 1632 763 1687 facibus
795 1648 1079 1689 accensus
1112 1633 1360 1700 invidiaa,
1408 1639 1611 1689 sancta
1649 1632 1846 1702 violat,

1963 575 2057 612 mo
2083 575 2094 612 :
2134 559 2203 614 Et
2233 558 2532 613 hominem
2563 574 2679 612 non
2711 556 3157 622 contristaverit,
3194 556 3331 623 sive,
3374 557 3439 610 ut
3467 552 3610 609 LXX

1961 647 2407 714 transtulerunt,
2440 663 2556 702 non
2589 646 2946 718 oppresserit
2976 662 3079 718 per
3106 643 3449 716 potentiam.
3486 643 3609 706 Quo

1961 737 2100 791 vitio
2146 740 2321 808 atque
2351 740 2586 808 peccato
2617 735 2811 790 nescio
2845 734 2978 806 quis
3005 733 3233 789 alienus
3266 733 3360 789 sit.
3413 732 3482 787 Et
3509 731 3609 786 1E-

1960 822 2145 894 gyptii
2176 823 2334 878 enim
2379 822 2790 894 opprimebant
2832 822 3100 877 Hebraeos
3131 837 3234 893 per
3262 819 3605 894 potentiam.

1960 910 2122 966 Unde
2152 915 2208 966 et
2239 912 2472 966 Abacuc
2503 911 2790 984 queritur,
2841 925 3020 982 quare
3051 909 3272 981 impius
3319 907 3612 981 opprimat

1952 1000 2181 1071 justum
2215 1000 2398 1072 (Abac.
2433 1001 2494 1071 1).
2529 1003 2716 1072 Atque
2749 999 2976 1055 utinam
3007 999 3078 1054 de
3107 997 3247 1054 solis
3273 998 3365 1053 his
3393 997 3610 1052 dicere-

1959 1092 2057 1143 tur
2086 1089 2186 1159 qui
2217 1088 2357 1144 foris
2389 1093 2546 1156 sunt,
2581 1093 2637 1144 et
2681 1105 2796 1143 non
2827 1088 2898 1143 de
2938 1087 3033 1142 his
3065 1087 3166 1159 qui
3196 1087 3378 1143 intus.
3413 1085 3613 1142 Solent

1959 1177 2115 1231 enim
2146 1181 2203 1232 et
2234 1177 2525 1249 principes
2570 1176 2960 1232 Ecclesiarum
3007 1176 3334 1249 opprimere
3383 1174 3611 1247 plebem

1959 1280 2061 1335 per
2083 1265 2444 1336 superbiam.
2484 1267 2557 1320 De
2580 1265 2798 1336 quibus
2821 1264 3105 1336 scriptum
3135 1268 3266 1320 est:
3295 1264 3613 1334 Principem

1959 1359 2010 1409 te
2053 1357 2472 1424 constituemnt,
2521 1370 2590 1409 ne
2639 1354 2870 1410 elevet-is
2899 1371 2917 1407 :
2961 1358 3070 1410 esto
3119 1355 3270 1408 inter
3312 1369 3400 1408 eos
3449 1352 3613 1424 quasi

1957 1459 2099 1496 unus
2144 1459 2212 1497 ex
2255 1445 2388 1513 ipsis
2419 1443 2607 1514 (Ecoli.
2640 1459 2816 1513 xxxu,
2852 1442 2925 1512 1).
2981 1442 3048 1496 Et
3093 1441 3348 1497 salvator
3393 1455 3612 1512 praece-

1958 1531 2044 1602 pit
2071 1549 2082 1586 :
2119 1533 2225 1599 Qui
2258 1533 2372 1586 vult
2401 1534 2548 1587 inter
2576 1547 2664 1586 vos
2683 1547 2793 1586 esse
2807 1532 3046 1602 primus,
3078 1531 3150 1585 sit
3169 1531 3419 1586 omnium
3437 1531 3609 1586 mini-

1954 1636 2076 1674 mus
2126 1619 2240 1690 (Al.
2273 1621 2622 1690 novissimus]
2666 1619 2881 1691 (Matth.
2915 1637 3008 1685 xx,
3039 1619 3153 1690 27).
3201 1619 3364 1682 Quod
3410 1622 3607 1676 autem

190 1735 346 1786 casta
367 1730 719 1802 corrumpit,
754 1747 902 1802 pura
937 1731 1313 1786 contaminat.
1345 1731 1584 1786 Sextum
1618 1735 1744 1786 est:
1780 1734 1849 1785 Et
1946 1709 3610 1802 ᾶυκιδΗςψτειίοαωἀὲοίιυττεεἢοηιίηφηοησοηέτίξιαυεζνίζ»

188 1819 247 1873 δά
275 1796 631 1885 munerem;
654 1796 772 1873 Sf“;
803 1835 1041 1874 uxorem
1065 1823 1491 1874 menstruatam
1517 1836 1630 1874 non
1656 1835 1848 1874 uoces,
1878 1825 1926 1891 Β
1956 1796 2290 1868 Apostolico
2305 1797 2574 1869 congruit
2590 1797 2946 1853 testimonio:
2966 1797 3477 1852 Nolitecontristare
3490 1796 3608 1868 Spi-

193 1907 334 1962 serit.
371 1911 491 1962 Per
521 1884 790 1979 singulos
823 1923 1075 1973 menses,
1122 1906 1322 1980 gravia
1350 1911 1526 1979 atque
1555 1907 1854 1980 torpentia
1878 1884 1921 1891 —
1964 1887 2132 1980 ξ’ίίξξπτ
2155 1893 2424 1980 sanetum.
2450 1885 2775 1980 qifi‘habi‘f‘f
2796 1886 2855 1980 ξπ
2879 1884 3369 1980 υοὺίξ-(Ερὴθιξχίνν
3400 1886 3511 1956 30)-
3543 1885 3610 1941 Et

198 1996 517 2051 mulierum
537 2012 804 2067 corpora,
823 1995 1114 2051 immundi
1138 1996 1444 2070 sanguinis
1465 1997 1746 2052 effusione
1768 2011 1854 2051 re-

192 2084 483 2139 levantur.
533 2084 662 2148 Quo
701 2088 962 2157 tempore
992 2083 1041 2140 si
1073 2085 1161 2139 vir
1191 2085 1391 2140 coierit
1420 2101 1553 2140 cum
1586 2085 1850 2157 muliere,

192 2182 464 2238 dicuntur
487 2182 760 2254 concepti
783 2182 957 2238 fmtus
988 2182 1061 2254 (a)
1083 2181 1290 2237 vitium
1314 2182 1560 2238 seminis
1582 2182 1846 2240 trahere:

193 2271 265 2325 ita
300 2277 366 2325 ut
413 2269 646 2342 leprosi
689 2274 747 2325 et
776 2268 1164 2342 elephantiaci
1210 2288 1278 2325 ex
1320 2270 1429 2326 hac
1475 2272 1853 2340 conceptione

193 2365 535 2426 nascantur,
574 2362 636 2414 et
666 2358 818 2413 fceda
845 2358 905 2412 in
931 2363 1177 2429 utroque
1199 2374 1338 2415 sexu
1367 2375 1628 2430 corpora,
1662 2359 1851 2431 parvi-

189 2452 297 2502 tate
350 2446 468 2518 (Al.
524 2447 838 2519 pravitate]
898 2446 987 2502 vel
1037 2448 1379 2504 enormitate
1427 2450 1849 2514 membrorum,

190 2547 368 2601 sanies
406 2549 697 2618 corrupta
745 2546 1074 2618 degeneret.
1124 2547 1464 2618 Prazcipitur
1505 2562 1642 2618 ergo
1688 2546 1850 2617 viris,

189 2643 375 2691 utnon
403 2635 613 2690 solum
640 2635 700 2689 in
725 2634 930 2689 alienis
954 2634 1324 2704 mulieribus,
1357 2636 1456 2691 sed
1480 2636 1540 2690 in
1564 2636 1690 2692 suis
1713 2652 1852 2707 quo-

190 2723 468 2796 que,quib
480 2740 550 2778 us
565 2721 979 2794 videnturlege
992 2724 1265 2795 conjungi
1282 2723 1580 2796 Scriptura
1593 2724 1847 2780 dicente:

187 2815 418 2868 Crescite
437 2816 495 2868 et
524 2812 1009 2883 multiplicamini,
1045 2815 1094 2866 et
1128 2813 1330 2883 replete
1349 2821 1554 2868 terram
1576 2814 1786 2884 (Genes.
1810 2831 1849 2881 ι,

183 2914 286 2980 Ξὶί),
333 2916 507 2967 certa
551 2910 901 2965 concubitus
935 2911 1132 2965 norint
1160 2915 1443 2981 tempora,
1493 2911 1724 2982 quando
1756 2927 1851 2966 co-

186 3001 483 3065 eundum,
500 2999 740 3069 quando
757 2999 830 3053 ab
849 2999 1127 3054 uxoribus
1146 2998 1558 3053 abstinendum
1578 3000 1672 3054 sit.
1689 2999 1850 3064 Quod

1961 1974 2020 2028 in
2036 1974 2345 2045 Evangelio
2364 1975 2518 2045 quod
2534 1975 2705 2045 juxta
2721 1975 2989 2030 Hebrwos
3003 1973 3258 2030 Nazareni
3273 1973 3464 2046 legere
3479 1990 3586 2029 con
3598 2004 3612 2015 -

1965 2068 2300 2132 sueverunt,
2333 2063 2484 2117 inter
2515 2063 2772 2118 maxima
2802 2063 3038 2135 ponitur
3063 2063 3331 2128 crimina,
3363 2062 3465 2134 qui
3496 2062 3612 2118 fra-

1961 2151 2068 2206 tris
2087 2152 2180 2206 sui
2228 2151 2504 2223 spiritum
2522 2151 2969 2208 contristaverit.
2990 2151 3050 2206 Si
3066 2156 3264 2207 autem
3281 2150 3520 2207 tristitia
3535 2149 3615 2207 aI-

1961 2239 2144 2295 terius
2173 2239 2449 2295 interﬁcit
2478 2240 3091 2312 contristantem,quid
3121 2241 3191 2296 de
3222 2239 3528 2312 iniquitate
3557 2243 3616 2296 et

1962 2329 2263 2401 tyrannica
2293 2334 2486 2384 mente
2516 2329 2830 2385 dicendum
2861 2334 2968 2396 est,
3004 2329 3097 2384 cui
3127 2328 3271 2384 illud
3304 2329 3609 2384 convenit:

1963 2418 2108 2485 Quid
2135 2419 2408 2488 gloriatur
2436 2423 2580 2473 terra
2612 2422 2666 2472 et
2693 2419 2835 2472 cinis
2866 2418 3054 2488 (Eecli.
3086 2435 3142 2484 x,
3168 2418 3266 2488 9)?
3295 2422 3361 2472 ut
3390 2417 3611 2474 oblitus

1962 2505 2312 2561 conditionis
2333 2523 2451 2560 sua:
2475 2506 2767 2577 quomodo
2789 2505 3000 2576 plenus
3021 2504 3269 2576 pituitis,
3290 2505 3442 2570 felle,
3462 2510 3613 2561 ster-

1962 2594 2220 2662 coribus,
2250 2597 2302 2649 et
2327 2598 2459 2666 post
2483 2593 2789 2666 paululum
2811 2594 3109 2650 vermibus
3131 2593 3480 2664 exarandus,
3505 2610 3610 2666 po-

1961 2687 2063 2738 nat
2103 2683 2161 2737 in
2192 2683 2402 2738 caelum
2433 2699 2498 2738 os
2528 2699 2726 2748 suum,
2772 2688 2828 2737 et
2857 2682 3059 2754 lingua
3087 2683 3216 2753 ejus
3249 2686 3612 2755 pertranseat

1961 2787 2151 2843 usque
2183 2772 2242 2827 in
2275 2774 2513 2839 terram,
2547 2775 2605 2826 et
2635 2770 2789 2826 dicat
2818 2788 2951 2826 cum
2982 2788 3114 2826 vero
3143 2770 3612 2828 Nabuchodono-

1961 2878 2060 2916 sor
2095 2879 2107 2916 ε
2162 2860 2462 2916 Ascendam
2491 2862 2552 2915 in
2583 2861 2795 2928 cwlum,
2837 2877 3002 2931 super
3043 2860 3226 2915 sidera
3258 2861 3379 2915 caeli
3401 2877 3610 2932 ponam

1963 2951 2224 3005 thronum
2244 2966 2450 3018 meum,
2482 2954 2532 3004 et
2552 2966 2648 3004 ero
2670 2951 2874 3004 similis
2893 2950 3172 3005 Altissimo
3199 2950 3326 3021 (Isa.
3349 2967 3465 3020 xrv,
3494 2950 3606 3021 12).

1961 3040 2239 3095 Octavum
2262 3044 2350 3094 est
2374 3056 2386 3093 :
2423 3039 2638 3111 Pignus
2660 3038 2908 3094 debitori
2930 3039 3265 3094 reddiderit.
3300 3039 3425 3094 Non
3449 3040 3611 3094 omni

1961 3127 2228 3197 debitori,
2263 3126 2519 3198 alioquin
2553 3126 2756 3182 multis
2778 3128 3003 3184 occasio
3025 3127 3493 3200 recipiendorum
3515 3128 3609 3200 pi-

1957 3234 2230 3290 gnorum,
2279 3217 2378 3272 ﬁet
2402 3207 2738 3272 divitiarum
2770 3217 3015 3272 materia
3047 3234 3059 3272 :
3109 3217 3208 3272 sed
3249 3215 3300 3271 ei
3333 3215 3606 3285 debitori,

1959 3307 2028 3361 de
2061 3323 2176 3378 quo
2209 3306 2266 3360 in
2301 3305 2426 3377 lege
2461 3305 2758 3376 scribitur,
2802 3305 2957 3377 quod
2989 3321 3209 3377 pauper
3240 3305 3335 3373 sit,
3382 3313 3438 3360 et
3468 3321 3609 3376 pro-

182 3090 434 3160 quidem
465 3093 524 3141 et
548 3086 863 3158 Apostolus
895 3092 951 3142 et
979 3087 1356 3143 Ecclesiastes
1389 3092 1600 3143 sonant
1631 3104 1645 3144 :
1700 3090 1849 3143 Tem-

177 3195 273 3248 pus
313 3177 711 3247 amplexandi,
753 3185 805 3231 et
837 3181 1046 3248 tempus
1077 3178 1231 3247 longe
1260 3177 1384 3246 ﬁeri
1410 3194 1444 3232 a
1473 3178 1846 3248 complexibus
1876 3187 1918 3253 ρ

183 3277 408 3345 ﬁcales.
441 3291 528 3344 ιη,
553 3275 632 3344 6).
666 3274 874 3330 Caveat
894 3291 1028 3345 ergo
1055 3278 1111 3330 et
1131 3292 1292 3339 uxor,
1327 3291 1397 3329 ne
1429 3275 1503 3346 (b)
1527 3276 1671 3329 forte
1701 3274 1849 3329 victa

181 3364 480 3465 ῗεδξάθτίθ
504 3363 756 3462 δοξδίωάί
781 3362 984 3419 illidat
1007 3364 1221 3463 Virum?
1251 3369 1308 3418 et
1330 3364 1600 3465 maritus,
1635 3381 1705 3418 ne
1959 3362 2153 3465 prium
2187 3362 2526 3465 opposuerit
2554 3362 3007 3461 vestimentum:
3021 3399 3077 3449 et
3107 3362 3239 3449 ante
3270 3362 3414 3449 solis
3442 3362 3608 3448 o‘cca-

186 3455 360 3508 faciat
407 3451 612 3518 uxori,
656 3456 872 3522 putans
904 3452 1062 3507 omni
1092 3456 1353 3523 tempore
1383 3453 1706 3523 subjectam
1739 3452 1850 3507 sibi
1959 3451 2094 3538 gum
2149 3451 2579 3554 opgﬁmentum
2639 3482 2892 3554 recipere
2951 3451 3157 3538 debeat
3207 3482 3382 3553 (Deut.
3430 3479 3609 3551 XXIV),

183 3567 312 3605 esse
343 3551 565 3605 debere
597 3549 854 3621 conjugii
885 3548 1266 3620 voluptatem.
1317 3550 1480 3605 Unde
1510 3555 1566 3605 et
1594 3550 1848 3606 Paulus:

1963 3571 2115 3628 208
2139 3548 2208 3627 ne
2230 3572 2526 3627 cruciatus
2551 3548 2782 3643 frigore,
2811 3572 3025 3626 clamet
3051 3572 3120 3626 ad
3143 3548 3482 3636 Dominum,
3507 3548 3610 3640 qui

188 3641 244 3694 Et
275 3642 518 3708 noverit,
569 3639 786 3708 inquit,
839 3641 1212 3709 unusquisque
1250 3639 1527 3711 possidere
1569 3657 1664 3694 vas
1692 3657 1849 3694 suum

1964 3660 2121 3716 ultor
2149 3664 2238 3715 est
2266 3661 2394 3730 ejus
2427 3639 2677 3731 injuriae.
2711 3639 2814 3714 Sin
2848 3664 3043 3715 autem
3066 3662 3236 3730 juxta
3265 3675 3333 3714 ea
3363 3675 3489 3730 quae
3520 3639 3612 3712 se-

187 3731 242 3821 ἶῖδ
271 3731 590 3821 “fta?”
623 3727 1271 3821 ϐίρῗίάίθίίίαίῙΪὴῗῖςδς
1306 3746 1380 3794 ¹ν’
1414 3728 1767 3821 4)·ΔΡ-υῙθδτθ
1795 3728 1856 3821 in
1967 3755 2250 3821 quuntur,
2273 3727 2788 3820 panem—esurienti
2811 3749 2949 3803 dare
2971 3727 3275 3818 debemus,
3308 3751 3365 3802 et
3382 3727 3616 3801 nudum

189 3816 349 3915 Χῐείξ
367 3815 756 3913 Ργιὺαεᾳτίοί
775 3815 1143 3915 εθηῖξδηῐίοῙίεξ
1160 3817 1402 3915 digitm“
1419 3817 1859 3915 ῥάυιιθξυεειω)
1970 3815 2194 3910 operire
2222 3815 2568 3893 vestimento
2596 3837 2793 3908 (Exod.
2829 3840 2894 3906 u)
2922 3855 2934 3893 :
2971 3840 3188 3908 quanto
3220 3815 3409 3908 magis
3440 3849 3619 3890 suum

193 3907 388 3961 αιῧτίε
436 3905 722 3977 Propriae:
777 3909 1002 3960 amator
1045 3906 1358 3961 ardentm”-
1413 3905 1594 3968 Quem
1643 3904 1860 3961 librum
1971 3904 2233 3993 reddere,
2276 3927 2324 3981 si
2368 3931 2564 3982 tamen
2603 3904 2892 3981 debitoris
2937 3904 3271 3980 indubitata
3308 3904 3623 3997 paupertas

199 4004 442 4073 quidam
471 4003 533 4056 in
559 4002 826 4057 Latinam
853 4002 1113 4074 linguam
1140 4003 1286 4058 207
1318 4003 1695 4073 transferens,
1717 4019 1866 4058 mar—
1974 4018 2063 4071 est
2088 4014 2116 4068 ‘1
2161 4014 2481 4070 possumus
2529 4029 2761 4085 quoque
2809 4014 3024 4086 pignus
3069 4013 3309 4069 reddere
3352 4010 3623 4083 debitori,

203 4093 346 4162 tyris
368 4091 526 4146 Xisti
552 4090 794 4145 nomine
813 4089 994 4146 voluit
1014 4089 1308 4146 illustrare
1327 4107 1340 4148 :
1359 4108 1474 4146 non
1492 4091 1867 4147 considerans
1977 4103 2212 4176 quando
2235 4102 2307 4169 ei,
2342 4103 2435 4157 cui
2461 4101 2772 4158 dilectione
2793 4103 3227 4175 conjungimur’
3260 4106 3318 4158 et
3337 4101 3436 4174 qui
3458 4099 3627 4156 nobis

200 4179 254 4233 in
289 4186 416 4236 toto
449 4179 780 4246 volumine,
813 4179 969 4250 quod
1003 4179 1061 4234 in
1095 4180 1240 4234 duas
1272 4185 1466 4251 partes
1489 4179 1706 4235 frustra
1726 4179 1849 4235 divit

1979 4193 2148 4247 debet
2169 4195 2436 4246 mutuam
2465 4191 2832 4260 cbaritatem,
2867 4191 3168 4247 reddimus
3189 4190 3404 4263 pignus
3427 4205 3626 4256 suum,

197 4270 293 4338 είίε
326 4270 557 4325 Christi
584 4284 799 4323 nomen
825 4272 880 4323 et
904 4269 1313 4338 ΑροεῒΟΙΟΓυΠι
1349 4268 1588 4324 omnino
1619 4268 1868 4324 Feticel‘i-
1981 4279 2131 4334 nihil
2161 4279 2339 4334 debiti
2371 4280 2499 4349 ejus
2530 4280 2686 4351 apud
2719 4296 2826 4335 nos
2850 4279 3006 4336 ultra
3026 4279 3363 4336 retinentes.
3395 4279 3631 4334 Nonum

193 4365 308 4421 Nec
338 4367 601 4435 mirum,
636 4366 682 4420 si
714 4364 994 4436 gentilem
1027 4365 1442 4437 philosophum
1475 4365 1532 4420 in
1558 4370 1871 4438 martyrem
1981 4368 2240 4440 possidet
2273 4368 2466 4423 locum
2497 4386 2508 4422 :
2545 4369 2652 4423 Per
2679 4368 2798 4423 vim
2830 4368 2976 4423 nihil
3005 4369 3282 4440 rapuerit,
3317 4367 3436 4423 sive
3458 4367 3630 4438 juxta

196 4456 262 4509 Et
284 4456 585 4512 Romanae
617 4454 782 4509 urbis
803 4454 1140 4525 episcopum
1166 4455 1539 4510 transtulerit
1563 4472 1574 4509 :
1609 4471 1742 4510 cum
1769 4455 1876 4509 Eu-
1985 4456 2659 4528 Septuaginta,rapinam
2676 4474 2794 4513 non
2809 4457 3085 4529 rapuerit.
3102 4457 3180 4512 De
3196 4456 3530 4528 raptoribus
3569 4457 3628 4510 et

196 4545 346 4599 sebii
396 4559 648 4616 quoque
689 4541 1064 4598 Cazsariensis
1108 4542 1364 4615 primum
1397 4560 1500 4614 pro
1531 4543 1776 4616 Origene
1804 4543 1872 4597 li-
1905 4551 1950 4615 ι)
1980 4545 2292 4618 Apostolus
2338 4544 2616 4616 loquitur,
2662 4545 2818 4616 quod
2850 4545 3003 4600 inter
3030 4549 3268 4601 caeteros
3299 4548 3633 4617 peccatores
3713 4551 3718 4556 '

193 4633 402 4701 brum,
441 4630 742 4704 Pamphili
773 4631 1046 4703 martyris
1070 4631 1354 4686 vocabulo
1381 4631 1776 4699 commutarit,
1808 4635 1873 4686 ut
1981 4651 2053 4690 ne
2072 4633 2427 4689 vescendum
2449 4633 2686 4703 quidem
2704 4649 2837 4688 cum
2854 4633 3263 4705 hujuscemodi
3283 4633 3385 4687 sit:
3411 4629 3633 4686 omnis-

189 4721 570 4776 faciliustali
594 4720 899 4775 laudatore
922 4719 1656 4794 librosimpiissimosuapt
1678 4719 1868 4794 ἀρχῶν
1985 4740 2098 4795 que
2148 4720 2354 4793 rapina
2403 4722 2584 4776 mixta
2629 4722 2915 4778 violentiae
2961 4727 3049 4779 est
3098 4723 3145 4793 (Ι
3193 4721 3314 4777 Cor.
3364 4720 3464 4791 v1).
3509 4715 3635 4773 Nisi

265 4828 355 4901 (qi
401 4823 533 4880 Huc
562 4828 718 4882 refer
747 4824 908 4901 illam
931 4829 1120 4901 ίῈξηρξε
1143 4825 1420 4901 Gazensis
1442 4826 1793 4901 sententiam
1819 4828 1876 4901 in
1989 4846 2102 4901 quo
2135 4827 2382 4901 laborat,
2415 4831 2744 4901 menstruo.

185 4889 458 4969 Dialogo
487 4902 625 4970 ante
652 4898 938 4967 medium,
981 4895 1094 4970 ἐπεὶ
1125 4895 1214 4970 κᾳὶ
1243 4899 1351 4970 saw
1383 4889 1643 4970 Ἑϐραίων
1675 4897 1764 4970 se.
1798 4897 1849 4950 vd

2005 4889 2022 4901 ⁸
2062 4900 2130 4968 (o)
2165 4898 2244 4951 De
2277 4889 2385 4952 hoc
2414 4898 2574 4970 Xysti
2598 4897 2818 4964 libello,
2853 4916 3026 4970 quem
3051 4899 3299 4953 Ruﬁnus
3327 4896 3522 4970 Latine
3543 4912 3639 4952 ex-

191 4989 318 5043 ξννῃ
341 4967 679 5043 permissu},
718 4975 852 5036 etc.,
889 4986 1018 5043 quae
1048 4969 1130 5023 sic
1163 4967 1380 5022 habent
1412 4967 1641 5043 Latine,
1663 4969 1802 5023 Nam
1830 4973 1884 5043 et
1991 4967 2254 5043 pli’cavit,
2287 4967 2625 5043 recole—quae
2649 4970 2704 5024 in
2730 4967 2908 5041 Epist.
2948 4972 3069 5043 133,
3104 4987 3262 5043 num.
3298 4971 3352 5035 3,
3383 4972 3439 5023 et
3466 4969 3643 5023 Com-

191 4989 298 5034 ;yn
341 4986 679 5040 rgenszam,
718 4986 852 5036 etc.,
880 4986 1018 5093 (quae
1048 4986 1130 5023 sic
1163 4986 1380 5022 nanent
1412 4986 1632 5036 natiue,
1663 4986 1802 5023 nam
1830 4986 1883 5025 et
1991 4986 2254 5043 pucavrt,
2287 4986 2471 5024 recole
2498 4986 2625 5040 quae
2649 4987 2704 5024 in
2731 4986 2908 5041 Epist.
2948 4986 3069 5039 15:5,
3104 4987 3262 5024 num.
3298 4986 3352 5035 ό,
3383 4986 3439 5023 et
3466 4986 3642 5023 uom-

187 5041 602 5114 liarbrzorum
637 5042 876 5114 legemua
912 5043 1092 5114 mitto,
1134 5053 1507 5114 quaeporpore
1530 5040 1674 5114 frede
1703 5042 1886 5114 vitiati
1994 5046 2174 5096 ment.
2213 5040 2516 5114 in_Jerem.
2550 5057 2675 5114 cap.
2710 5059 2848 5111 xxu,
2876 5041 3201 5114 replicatS.
3233 5041 3452 5114 doctor,
3485 5056 3642 5114 quae-

185 5110 452 5166 }wminis
482 5119 711 5185 patrem
745 5111 1095 5182 adjudioavit
1135 5110 1481 5185 lapidationi,
1528 5110 1587 5166 eo
1633 5112 1776 5182 quod
1824 5112 1886 5168 ob
1997 5129 2108 5185 que
2137 5128 2244 5185 nos
2277 5111 2358 5166 ibi
2392 5110 2994 5185 annotavimus.'Qu?e
3039 5112 3166 5185 haec,
3200 5113 3327 5182 ejus
3371 5110 3647 5185 laudatur

187 5183 711 5254 intemperantiam
743 5185 1126 5254 purgationem
1153 5182 1890 5253 conjugisnonexspectave-
2000 5182 2288 5240 sententia
2339 5183 2448 5237 sub
2502 5200 2744 5237 numero
2796 5185 2915 5250 138,
2961 5185 3042 5238 ita
3094 5183 3374 5238 effertur:
3425 5183 3648 5237 Adulter

187 5257 286 5317 rit,
328 5253 488 5309 unde
519 5256 784 5308 materia:
813 5253 1200 5325 redundantia,
1242 5261 1291 5307 et
1322 5255 1674 5323 turpissimus
1712 5255 1890 5325 prolis
2000 5257 2169 5311 etiam
2196 5257 2433 5325 propria:
2464 5256 2654 5308 uxoris
2674 5259 2753 5309 est
2774 5255 3082 5325 impudicus
3111 5257 3307 5325 omnis,
3336 5255 3420 5309 vel
3437 5256 3651 5308 amator

183 5329 432 5398 morbus
465 5328 706 5380 exstitit.
729 5325 893 5398 AVid.
931 5324 1108 5398 Lev‘it.
1143 5341 1237 5398 xx,
1278 5325 1358 5378 18.
1597 5395 1604 5398 Α
1712 5324 1724 5325 ί
1817 5396 1825 5398 Α
2005 5324 2312 5398 ardentior.
2355 5325 2742 5398 Pariahabet
2768 5324 3167 5398 Athenagoras
3200 5324 3514 5398 Legatione
3542 5339 3648 5395 pro

259 5399 354 5466 (b)
396 5397 596 5476 H_unc,
641 5395 849 5476 ubihse
874 5395 1086 5476 cundis
1117 5393 1272 5476 curis
1305 5395 1647 5476 recognovit
1665 5396 1895 5476 martia-
2006 5397 2372 5476 Christianis,
2391 5393 3212 5476 Aet_Clemens_AlexanHrmus
3239 5393 3311 5476 in"
3334 5393 3651 5476 Paedagpgo

259 5411 354 5466 0)
397 5411 596 5466 nunc,
641 5411 743 5451 UDl
786 5412 849 5452 se
874 5411 1086 5450 cunnis
1117 5411 1272 5448 θυι-ιε
1305 5411 1637 5476 recognovn
1665 5411 1895 5451 martxa-
2006 5411 2372 5462 unrlsuams,
2414 5411 2470 5450 et
2497 5411 2760 5451 utemens
2791 5411 3212 5454 Alexandrinus
3239 5415 3295 5452 1n
3334 5411 3651 5522 raeuaglggo

185 5483 394 5537 usus,
431 5470 634 5546 locum
665 5468 727 5546 in
759 5468 883 5546 S_up
912 5466 1204 5546 plemento
1237 5469 1365 5546 post
1397 5471 1537 5546 tom}
1558 5467 1899 5546 vPrzefatiof
2007 5487 2069 5534 ιι,
2103 5485 2227 5539 cap.
2268 5469 2348 5520 lO.
2384 5466 2533 5546 Quin
2555 5467 2892 5546 _et_Publius
2924 5470 3103 5546 Syrus
3133 5486 3201 5546 ex
3221 5467 3491 5546 ethnicis.
3577 5482 3655 5523 lc-

180 5555 362 5610 nem,
413 5555 485 5594 ex
519 5539 652 5594 cod.
685 5537 966 5594 Corbéien
995 5538 1045 5593 si
1079 5537 1288 5592 litteris
1320 5537 1795 5610 Lougobardicis,
1837 5543 1904 5594 ut
2010 5547 2138 5597 tum
2167 5537 2400 5610 quoque
2429 5537 2573 5592 illud
2606 5539 2676 5594 de
2707 5539 2931 5596 Othone
2963 5537 3342 5596 notissimum
3372 5541 3482 5606 est,

181 5609 322 5681 ipse
353 5617 560 5678 vocat,
598 5618 825 5681 exarato
858 5615 1002 5666 ante
1041 5625 1228 5681 annos
1251 5609 1636 5681 octingentos,
1669 5610 1902 5681 sicmu-

175 5677 302 5757 tit,
343 5699 432 5742 ne
459 5677 737 5742 desiderio
764 5681 1002 5742 coeundi
1055 5680 1198 5740 celet
1222 5677 1447 5740 virum?
1486 5680 1557 5741 de
1585 5697 1652 5741 eo
1683 5680 1908 5742 scilicet
2192 5677 2398 5740 Uxoris
2427 5679 2692 5744 moechus
2722 5687 2974 5760 coeperat
2998 5697 3126 5769 eam
3150 5697 3289 5746 suae.
