4052 6180
409 314 525 386 1-75

1653 315 1718 376 S.
1762 312 2074 377 EUSEBII
2115 313 2559 402 HIERONYMI

3685 303 3799 371 176

410 451 568 507 enim
589 448 676 506 vis
695 449 868 505 tuerit
888 446 1069 516 illata,
1092 445 1297 519 rapina
1321 463 1436 502 non
1460 447 1710 520 proﬁcit.
1735 453 1833 504 Est
1855 453 2049 503 autem
2080 452 2134 516 Α
2161 449 2340 520 panis.
2374 447 2492 502 Hoc
2523 448 2676 519 quod
2705 447 3020 518 loquimur,
3055 443 3104 501 si
3130 446 3326 500 tamen
3352 438 3568 498 Christi
3593 456 3796 498 sumus

410 538 466 599 θ’(
485 543 688 600 sancta
704 537 998 606 violentia,
1021 536 1342 610 rapinaque
1363 535 1656 609 optabilis,
1683 537 1754 592 de
1774 554 1890 609 qua
1911 537 2050 592 scri-

410 627 498 684 bit
525 631 584 683 et
622 624 1038 698 Evangelium:
1084 625 1124 680 A
1173 625 1364 681 diebus
1391 627 1620 682 Joannis
1667 627 1924 698 Baptistae
1972 643 2052 682 re-

409 733 582 786 gnum
603 716 860 772 cazlorum
891 715 981 770 vin
1009 717 1244 786 patitur,
1275 718 1326 771 et
1355 717 1582 772 violenti
1607 715 1883 788 diripiunt
1909 716 2053 772 illud

409 804 617 874 (Matth.
651 821 729 871 x1,
775 804 884 874 12).
929 803 1008 860 De
1041 820 1158 875 qua
1195 809 1253 860 et
1279 804 1462 859 Judas
1509 804 1686 859 frater
1723 804 1926 860 Jacobi
1968 803 2050 860 lo-

414 892 649 965 quitur:
685 893 751 948 Et
780 893 920 949 alios
951 893 1170 965 quidem
1195 892 1261 948 de
1289 895 1418 962 igne
1447 893 1522 964 (a)
1552 895 1726 964 rapite
1745 911 1763 947 :
1806 894 2054 948 aliorum

411 997 536 1038 vero
568 984 664 1056 qui
685 981 1010 1053 judicantur
1038 982 1376 1037 miseremini
1405 980 1583 1053 (Iuda?
1609 983 1721 1050 23).
1755 983 1824 1037 Et
1853 999 1883 1036 e
1913 999 2055 1037 con-

413 1071 594 1127 trario
637 1069 981 1126 adversariae
1025 1073 1338 1140 potestates
1383 1069 1442 1124 in
1492 1070 1806 1142 perniciem
1852 1088 2052 1127 eorum

417 1175 566 1232 quos
587 1158 842 1230 rapiunt,
869 1159 1122 1231 praedam
1147 1174 1347 1230 rapere
1373 1158 1670 1215 festinant.
1697 1161 1858 1225 Quod
1880 1159 2058 1230 signi-

415 1238 552 1304 ficat
593 1251 650 1304 ct
693 1247 896 1318 Jacoh,
946 1247 1143 1302 dicens
1176 1265 1190 1302 :
1241 1249 1418 1302 Bestia
1447 1248 1600 1303 mala
1628 1249 1855 1304 comedit
1893 1265 2056 1304 eum:

414 1336 586 1402 bestia
619 1334 778 1392 mala
807 1337 993 1406 rapuit
1022 1334 1214 1407 Ioseph
1243 1335 1449 1406 (Genes,
1480 1354 1700 1392 xxxvn.
1735 1337 1844 1408 33).
1895 1337 2058 1392 Unde

411 1429 470 1482 et
497 1441 630 1482 oves
664 1423 887 1480 Domini
909 1440 1037 1495 qua:
1061 1429 1395 1496 sequuntur
1415 1441 1570 1493 eum,
1605 1443 1719 1480 non
1748 1427 2060 1498 rapiuntur

410 1515 482 1571 de
525 1513 798 1568 manibus
829 1513 978 1583 ejus.
1025 1513 1094 1568 Et
1124 1513 1247 1584 ipse
1282 1514 1425 1569 dicit
1456 1531 1469 1570 :
1521 1519 1688 1570 Pater
1725 1516 1874 1587 quod
1911 1515 2060 1570 dedit

409 1603 572 1674 mihi,
605 1602 858 1656 omnibus
877 1601 1056 1672 majus
1074 1605 1170 1668 est,
1195 1606 1247 1656 et
1271 1618 1426 1658 nemo
1445 1606 1614 1674 potest
1635 1621 1830 1676 rapere
1852 1603 1920 1658 de
1939 1621 2058 1659 ma-

413 1706 492 1744 nu
521 1687 632 1760 [ΑΙ.
667 1687 831 1743 addit
859 1688 1000 1758 mea]
1031 1688 1216 1742 Patris
1243 1690 1356 1743 mei
1390 1689 1570 1760 (Joan.
1602 1708 1658 1758 Χ,
1689 1692 1801 1763 29).
1838 1693 1916 1747 Ex
1945 1708 2058 1763 quo

415 1775 786 1852 perspicitur,
819 1792 938 1831 una
961 1775 1148 1831 Patris
1178 1775 1421 1848 Filiique
1449 1783 1728 1850 potestas,
1759 1779 1945 1833 virtus
1974 1783 2060 1834 at-

417 1883 532 1940 que
561 1863 911 1922 substantia.
963 1863 1016 1919 Si
1058 1864 1214 1919 enim
1246 1865 1318 1921 de
1350 1865 1477 1920 Filii
1510 1883 1710 1936 manu,
1744 1884 1871 1940 qua:
1901 1868 2063 1922 dedit

416 1957 607 2024 Pater,
642 1969 814 2010 nemo
848 1957 1040 2026 potest
1069 1970 1288 2026 rapere,
1323 1958 1380 2010 et
1409 1953 1531 2010 haec
1562 1956 1765 2010 eadem
1789 1955 1848 2010 in
1871 1957 2063 2012 Patris

418 2061 598 2100 manu
628 2048 769 2099 sunt
797 2059 924 2114 quae
955 2059 1070 2097 non
1104 2041 1412 2114 rapiuntur
1441 2045 1513 2098 ab
1543 2061 1630 2111 eo,
1661 2043 1884 2117 liquido
1912 2060 2063 2099 com-

417 2133 718 2207 probatur,
770 2131 970 2187 omnia
1016 2131 1204 2186 Patris
1251 2136 1309 2186 et
1355 2131 1484 2186 Filii
1533 2149 1660 2188 esse
1705 2133 2060 2198 communia,

416 2225 474 2279 et
527 2221 587 2276 in
653 2219 783 2277 Filii
848 2235 1028 2275 manu
1085 2223 1282 2275 tenere
1342 2221 1594 2286 Patrem,
1658 2223 1810 2278 sicut
1876 2221 2062 2276 Patris

419 2327 600 2366 manu
654 2313 928 2366 teneatur
985 2325 1114 2381 qua!
1172 2309 1301 2364 Filii
1345 2315 1504 2366 sunt.
1565 2311 1867 2366 Decimum
1925 2315 2058 2366 est:

419 2399 636 2456 Panem
667 2414 844 2454 suum
874 2397 1152 2453 esurienti
1183 2398 1426 2455 dederit.
1471 2399 1576 2454 Per
1601 2401 1757 2472 quod
1790 2400 2068 2456 docemur

420 2487 850 2560 eleemosynam
873 2504 988 2543 non
1011 2487 1230 2542 saturis
1257 2487 1604 2557 faciendam,
1639 2490 1740 2545 sed
1763 2487 2069 2544 esurienti-

422 2579 572 2636 bus:
607 2593 711 2633 nec
741 2576 1004 2632 dandum
1037 2592 1246 2648 panem
1291 2576 1383 2632 his
1413 2578 1511 2650 qui
1560 2583 1789 2634 ructant
1820 2577 2066 2650 plenitu-

423 2667 580 2738 dine,
631 2667 734 2722 sed
781 2665 872 2721 his
921 2667 1021 2737 qui
1068 2665 1349 2720 inanitate
1398 2667 1752 2721 cruciantur.
1803 2669 1867 2721 In
1917 2684 2068 2739 pane

425 2760 624 2812 autem
653 2753 845 2809 omnis
877 2752 1208 2808 continetur
1238 2753 1422 2809 cibus.
1457 2754 1526 2810 Et
1556 2755 1952 2826 signiﬁcanter
1979 2755 2067 2810 di-

428 2845 599 2912 citur,
629 2857 792 2898 suum
813 2859 832 2896 :
865 2857 938 2896 ne
967 2841 1039 2895 de
1059 2841 1300 2912 rapinis,
1331 2847 1388 2896 et
1409 2843 1607 2897 usuris
1629 2849 1686 2898 et
1707 2843 1893 2900 alieno
1915 2843 2070 2900 malo

428 2929 740 3004 quaesitum
766 2945 996 3001 panem,
1029 2933 1324 2984 vertamus
1351 2929 1409 2984 in
1436 2931 1899 2988 misericordiam
1925 2951 1938 2990 :
1973 2935 2069 2988 Ile-

427 3021 791 3092 demptionem
853 3019 1004 3074 enim
1068 3019 1270 3074 animae
1333 3021 1446 3074 viri
1510 3021 1690 3092 (Prov.
1759 3039 1906 3088 xm,
1971 3025 2068 3092 7),

431 3109 585 3167 209
595 3109 798 3181 proriae
809 3107 1202 3172 dz'vitia3.Quod
1224 3106 1438 3163 multos
1456 3109 1640 3164 facere
1655 3111 2070 3182 conspicimus,

2158 537 2341 592 immo
2354 535 2509 608 quod
2522 534 2805 608 propheta
2817 537 3234 590 commemorat
3246 531 3415 604 panis
3426 529 3801 597 credentium,

2159 629 2249 680 est
2277 629 2334 680 et
2363 623 2771 680 esurientium.
2805 623 2910 688 Qui
2934 621 3170 678 omnino
3193 637 3308 676 non
3329 619 3560 676 dandus
3579 622 3669 676 est
3688 618 3802 685 his,

2168 713 2268 786 qui
2299 713 2800 768 manducaverunt
2819 717 2877 768 et
2905 712 3180 768 biberunt
3206 714 3264 765 et
3292 707 3539 765 saturati
3569 711 3729 774 sunt,
3749 711 3806 764 et

2161 801 2468 858 incrassati
2491 801 2964 867 calcitraverunt,
2987 801 3056 856 de
3079 799 3294 872 quibus
3321 797 3566 853 dicitur:
3596 802 3689 854 γε
3709 799 3808 868 qui

2161 893 2401 946 saturati
2431 893 2562 946 estis
2591 908 2758 958 nunc,
2809 892 2942 962 quia
2986 890 3235 946 esurietis
3273 889 3428 960 (Luc.
3461 905 3543 954 v1,
3577 886 3692 958 25),
3737 901 3807 942 ne

2163 983 2438 1035 evomant
2466 979 2654 1046 illum,
2690 980 2916 1035 dicente
2947 976 3292 1034 Salomone:
3335 977 3551 1032 Evomet
3577 977 3727 1032 enim
3755 982 3808 1032 et

2163 1070 2559 1123 contaminabit
2575 1084 2848 1124 sermones
2878 1071 2995 1122 tuos
3027 1068 3186 1122 bonos
3211 1067 3396 1138 (Prov.
3427 1067 3615 1134 xxm.)
3647 1065 3810 1130 Quod

2167 1157 2299 1213 aliis
2329 1158 2521 1212 verbis
2549 1151 2812 1212 Salvator
2838 1155 3098 1228 loquitur
3131 1173 3142 1210 :
3179 1155 3252 1210 Ne
3279 1154 3413 1210 detis
3439 1156 3696 1208 sanctum
3713 1169 3810 1209 ca-

2165 1247 2326 1302 nibus
2354 1265 2372 1301 :
2402 1262 2575 1317 neque
2602 1247 2834 1301 mittatis
2873 1245 3206 1316 margaritas
3232 1247 3440 1299 vestras
3469 1246 3596 1298 ante
3618 1257 3810 1314 porcos

2167 1335 2376 1406 (Matth.
2405 1353 2504 1400 vn,
2537 1336 2614 1406 6).
2651 1334 3036 1390 Undecimum
3068 1333 3322 1405 possidet
3352 1331 3584 1386 locum:
3616 1331 3687 1386 Et
3710 1348 3814 1387 nu-

2166 1425 2308 1479 dum
2334 1425 2562 1495 operuit
2580 1425 2947 1478 vestimento.
2967 1422 3074 1488 Qui
3099 1437 3289 1476 sermo
3303 1421 3474 1492 juxta
3489 1419 3809 1492 superioris

2165 1510 2438 1568 versiCuli
2457 1511 2948 1584 explanationem,
2968 1509 3279 1583 dupliciter
3295 1509 3672 1566 disserendus
3688 1512 3810 1564 est:

2169 1607 2236 1656 ut
2265 1607 2322 1657 et
2352 1601 2526 1656 nudis
2556 1601 2888 1656 tribuamus
2919 1599 3370 1671 operimentum,
3403 1597 3693 1654 Salvatore
3719 1598 3814 1653 di-

2169 1694 2366 1746 cente:
2399 1690 2586 1746 Nudus
2609 1707 2786 1760 eram,
2815 1693 2865 1744 et
2889 1689 3180 1760 operuistis
3208 1704 3294 1742 me
3313 1686 3542 1756 (Matth.
3573 1687 3726 1758 xxv),
3758 1689 3819 1742 et

2169 1779 2346 1836 nudis
2377 1779 2489 1834 ﬁde
2509 1784 2683 1850 atque
2704 1779 3016 1834 virtutibus
3041 1777 3374 1832 tribuamus
3395 1775 3818 1833 vestimentum

2167 1868 2399 1939 Christi,
2425 1869 2496 1923 de
2517 1885 2632 1939 quo
2655 1867 2939 1939 scriptum
2963 1871 3082 1922 est:
3116 1869 3386 1936 Quotquot
3406 1867 3555 1920 enim
3577 1867 3636 1919 in
3663 1864 3820 1920 Chri-

2167 1965 2249 2012 sto
2280 1957 2545 2028 baptizati
2575 1958 2722 2020 estis,
2757 1955 3032 2010 Christum
3061 1955 3321 2010 induistis
3349 1953 3548 2026 (Galat.
3583 1971 3668 2021 III,
3697 1954 3816 2026 27).

2171 2047 2289 2102 Hoc
2309 2046 2653 2101 vestimento
2678 2045 2873 2100 nudus
2886 2045 3196 2108 210erat,
3213 2043 3313 2115 qui
3333 2046 3553 2098 vestem
3576 2059 3693 2098 non
3713 2041 3822 2098 ha-

2172 2136 2316 2191 bens
2348 2133 2696 2205 nuptialem,
2730 2133 3026 2204 projectus
3057 2137 3145 2188 est
3174 2133 3246 2186 de
3275 2131 3554 2187 convivio.
3601 2130 3680 2186 De
3709 2130 3824 2186 hac

2173 2223 2460 2291 nuditate,
2483 2227 2540 2277 et
2562 2223 2631 2277 ad
2657 2220 2984 2277 Jerusalem
3009 2221 3288 2276 Dominus
3308 2219 3588 2292 loquitur:
3616 2221 3688 2274 Tu
3709 2236 3826 2274 au—

2175 2323 2282 2369 tem
2311 2328 2434 2367 eras
2464 2311 2615 2366 nuda
2649 2319 2702 2366 et
2726 2312 3044 2382 confusione
3092 2309 3200 2383 [AL
3248 2307 3605 2381 confusionis]
3650 2308 3830 2379 plena

2177 2401 2375 2475 (Supra
2394 2417 2508 2471 xvx,
2533 2401 2610 2470 7).
2647 2399 3066 2454 Duodecimum
3093 2414 3407 2453 numerum
3433 2400 3624 2453 tenet:
3656 2396 3728 2451 Et
3747 2397 3826 2452 ad

2179 2505 2416 2546 usuram
2448 2505 2562 2543 non
2595 2487 3069 2552 commodaverit,
3102 2487 3222 2544 sive
3253 2491 3317 2542 ut
3347 2486 3482 2541 LXX
3503 2483 3824 2541 transtule-

2177 2583 2334 2650 runt,
2354 2578 2658 2651 pecuniam
2681 2593 2850 2632 suam
2869 2577 2940 2632 ad
2963 2593 3202 2632 usuram
3230 2592 3344 2631 non
3363 2573 3611 2630 dederit.
3637 2575 3697 2629 In
3716 2573 3829 2629 He-

2175 2669 2373 2723 hraico
2404 2671 2746 2722 cunctarum
2779 2665 3105 2738 specierum
3137 2681 3322 2721 usura
3345 2663 3730 2737 prohibetur;
3762 2662 3828 2718 in

2179 2757 2323 2812 LXX
2343 2761 2574 2812 tantum
2596 2754 2875 2828 pecunia}.
2901 2755 3082 2810 Juxta
3100 2755 3255 2825 quod
3279 2753 3414 2810 etin
3438 2757 3647 2826 quarto
3669 2751 3832 2808 deci-

2180 2862 2276 2901 mo
2329 2845 2553 2918 psalmo
2583 2843 2867 2915 scriptum
2899 2848 2988 2899 est
3013 2860 3026 2898 :
3076 2843 3182 2911 Qui
3207 2843 3500 2914 pecuniam
3528 2859 3688 2897 suam
3715 2856 3833 2896 non

2179 2935 2324 2991 dedit
2354 2934 2424 2989 ad
2455 2950 2682 2990 usuram
2711 2933 2883 3004 (Psat.
2905 2950 3022 2997 xxv,
3052 2933 3134 3003 5).
3167 2933 3236 2986 Et
3258 2931 3552 3004 quomodo
3574 2929 3790 2985 dicitur
3815 2943 3831 2984 :

2180 3026 2338 3081 Fatri
2397 3028 2487 3078 tuo
2543 3039 2654 3078 non
2708 3023 3000 3092 fenerabis,
3069 3022 3252 3076 alieno
3304 3024 3489 3076 autem
3551 3019 3834 3090 [onerabis

2185 3119 2366 3181 (Deut.
2401 3129 2490 3177 xv,
2521 3113 2575 3173 6,
2609 3117 2659 3166 et
2685 3128 2845 3178 χχιιι,
2880 3111 2988 3182 10).
3037 3110 3145 3166 Sed
3177 3110 3306 3165 vide
3337 3109 3658 3182 profectum
3697 3123 3710 3162 :
3763 3106 3834 3162 In

435 3197 675 3254 clientes
699 3201 756 3252 et
778 3211 1085 3268 pauperes,
1117 3201 1174 3251 et
1195 3197 1512 3268 agricolas:
1548 3203 1611 3252 ut
1631 3203 1850 3254 taceam
1875 3201 1945 3257 de
1968 3201 2076 3256 mi-
2109 3185 2151 3251 Ο
2190 3201 2476 3275 principio
2499 3201 2668 3272 Legis
2689 3217 2722 3254 a
2743 3199 3022 3256 fratribus
3042 3202 3271 3254 tantum
3298 3199 3466 3253 fenus
3485 3196 3734 3264 tollitur;
3767 3195 3838 3252 in

435 3286 734 3342 litantium
763 3289 822 3340 et
843 3285 1116 3355 judicum
1144 3285 1439 3352 violentia,
1473 3287 1572 3358 qui
1605 3288 1944 3360 opprimunt
1972 3308 2075 3363 per

435 3374 778 3448 potentiam,
801 3373 888 3429 vel
911 3373 1066 3429 furta
1084 3374 1480 3442 committunt,
1500 3381 1564 3430 ut
1585 3377 1654 3432 de
1677 3377 1878 3434 multis
1900 3397 2076 3452 parva

434 3464 791 3539 pauperibus
807 3462 1089 3534 tribuant,
1109 3468 1166 3518 et
1184 3463 1241 3517 in
1261 3463 1384 3518 suis
1403 3464 1716 3521 sceleribus
1733 3467 2074 3538 glorientur.

435 3555 515 3610 Pu
527 3553 790 3625 bliceque
810 3552 1092 3607 diaconus
1113 3551 1171 3606 in
1194 3551 1468 3608 Ecclesiis
1492 3555 1690 3610 recitet
1711 3557 2076 3614 offerentium

439 3643 512 3716 (b)
543 3641 810 3698 nomina:
834 3644 1064 3696 tantum
1087 3641 1255 3696 offert
1275 3640 1394 3705 illa,
1419 3646 1644 3698 tantum
1669 3643 1764 3700 ille
1785 3645 2077 3718 pollicitus

437 3736 544 3803 est,
563 3729 908 3804 placentque
921 3729 1032 3785 sibi
1046 3730 1116 3785 ad
1136 3730 1408 3802 plausum
1423 3731 1644 3804 populi,
1661 3738 1966 3806 torquente
1978 3753 2077 3792 eos

435 3819 814 3878 conscientia.
846 3820 1183 3892 Damusque
1215 3820 1519 3876 materiam
1551 3822 1802 3889 miseris,
1842 3827 1908 3878 ut
1936 3841 2077 3896 gau—

436 3910 632 3977 deant,
658 3909 730 3964 ad
753 3925 820 3964 ea
841 3925 966 3980 quae
986 3908 1275 3974 tribuunt,
1296 3913 1352 3964 et
1374 3926 1485 3964 non
1509 3909 1746 3982 lugeant
1769 3913 1840 3967 ad
1865 3931 1931 3968 ea
1954 3931 2082 3985 quae

436 3997 756 4069 rapuerint.
791 3995 1000 4052 Melius
1031 4001 1226 4052 autem
1253 4002 1342 4053 est
1368 4003 1429 4052 ut
1449 3998 1848 4071 intelligamus
1871 4018 2080 4073 panem

431 4085 582 4156 justi
617 4101 751 4140 eum
783 4101 911 4140 esse
942 4085 1038 4156 qui
1071 4085 1248 4141 dicit:
1283 4087 1396 4154 Ego
1423 4104 1545 4142 sum
1569 4091 1736 4160 panis
1769 4091 1942 4160 vivus,
1989 4093 2085 4162 qui

440 4173 509 4230 de
536 4174 666 4230 caelo
691 4173 942 4229 descendi
969 4174 1145 4245 (Joan.
1179 4192 1257 4242 vn,
1288 4176 1417 4246 51):
1449 4181 1506 4231 et
1536 4194 1708 4248 quem
1742 4178 1798 4231 in
1823 4178 2084 4234 oratione

441 4263 614 4319 nobis
628 4261 807 4318 tribui
825 4262 1170 4334 deprecamu
1181 4281 1231 4318 r:
1252 4263 1322 4336 (ο)
1342 4265 1547 4321 Panem
1561 4269 1809 4320 nostrum
1823 4267 2082 4323 substan-

441 4355 633 4422 tivum,
674 4351 794 4408 sive
819 4356 1277 4424 superventurum
1307 4355 1378 4408 da
1408 4353 1562 4409 nobis
1591 4353 1797 4422 (Matth.
1831 4373 1908 4424 v1,
1955 4356 2042 4428 11)
2067 4374 2080 4424 ;

442 4447 507 4497 ut
536 4458 708 4512 quem
753 4448 955 4514 postea
985 4458 1218 4513 semper
1247 4443 1538 4514 accepturi
1571 4460 1800 4514 sumus,
1849 4444 1909 4498 in
1941 4463 2084 4518 prae-

2181 3289 2467 3364 prOpheta
2485 3290 2555 3344 ab
2577 3289 2850 3344 omnibus
2868 3304 3047 3343 usura
3067 3287 3429 3360 prohibetur,
3445 3286 3670 3342 dicente
3689 3286 3808 3342 Eze
3821 3315 3840 3328 -

2183 3378 2366 3435 chiele
2395 3397 2408 3434 :
2457 3378 2752 3433 Pecuniam
2779 3393 2936 3431 suam
2954 3392 3062 3433 non
3093 3375 3238 3431 dedit
3267 3375 3338 3430 ad
3362 3391 3610 3431 usuram.
3644 3377 3836 3430 Porro

2185 3470 2245 3524 in
2275 3466 2583 3539 Evangelio
2614 3466 2844 3521 virtutis
2882 3470 3262 3538 augmentum
3307 3469 3417 3530 est,
3461 3462 3845 3536 praecipiente

2187 3555 2433 3613 Domino
2457 3571 2470 3610 :
2503 3557 2858 3611 Feneramini
2887 3555 2976 3610 his
3006 3573 3039 3610 a
3068 3555 3263 3626 quibus
3289 3570 3400 3610 non
3424 3553 3660 3624 speratis
3691 3551 3844 3608 reei-

2186 3663 2312 3717 pere
2353 3647 2502 3713 (Luc.
2534 3661 2610 3710 v1,
2644 3644 2754 3715 35).
2807 3643 3082 3714 Sequitur
3111 3643 3168 3698 in
3199 3642 3368 3709 tertio
3397 3641 3626 3698 decimo
3656 3639 3791 3697 loco
3823 3657 3842 3696 :

2191 3735 2257 3790 Et
2286 3733 2542 3804 amplius
2572 3749 2684 3787 non
2715 3731 3018 3803 acceperit.
3064 3735 3281 3786 Putant
3313 3730 3554 3803 quidam
3588 3745 3848 3786 usuram

2189 3828 2415 3879 tantum
2447 3837 2575 3878 esse
2605 3821 2664 3876 in
2700 3821 2965 3892 pecunia.
2999 3820 3160 3886 Quod
3189 3819 3511 3891 praevidens
3531 3818 3853 3890 Scriptura

2189 3912 2408 3979 divina,
2431 3911 2624 3966 omnis
2645 3910 2724 3966 rei
2752 3910 2938 3965 aufert
2961 3892 3585 3980 superabundantiam,
3611 3912 3676 3962 ut
3693 3905 3848 3978 plps

2191 4019 2306 4058 non
2339 4000 2584 4072 recipias
2607 4016 2782 4071 quam
2806 3998 3038 4070 dedisti.
3064 3997 3264 4064 Solent
3285 3998 3345 4053 in
3372 3997 3532 4069 agris
3557 3995 3860 4052 frumenti

2191 4089 2427 4156 etmilii,
2442 4088 2581 4160 vini,
2599 4087 2797 4153 etolei,
2817 4092 3277 4159 caeterarumque
3297 4085 3623 4160 specierum
3645 4101 3860 4140 usuras

2193 4179 2362 4250 exigi,
2401 4177 2523 4233 sive
2555 4182 2621 4232 ut
2650 4175 2903 4249 appellat
2932 4191 3123 4231 sermo
3141 4175 3402 4245 divinus,
3433 4172 3802 4229 abundantiae
3836 4191 3860 4228 :

2190 4266 2350 4324 verbi
2381 4266 2588 4338 gratia,
2622 4255 2688 4320 iit
2719 4265 2946 4338 hyemis
2973 4270 3233 4345 tempore
3261 4265 3462 4320 demus
3484 4263 3688 4318 decem
3713 4277 3864 4319 mo-

2195 4356 2342 4424 dios,
2387 4360 2445 4410 et
2473 4355 2532 4409 in
2564 4371 2756 4410 messe
2800 4354 3149 4425 recipiamus
3179 4350 3533 4425 quindecim,
3581 4349 3698 4406 hoc
3729 4355 3869 4420 est,

2197 4445 2448 4518 amplius
2462 4449 2686 4516 partem
2701 4443 2976 4498 mediam.
2995 4442 3518 4514 Quijustissimum
3531 4455 3594 4496 se
3606 4443 3876 4512 putave-

443 4529 594 4586 senti
619 4529 830 4586 szeculo
857 4531 1117 4602 quotidie
1141 4546 1469 4586 mereamur
1489 4530 1766 4602 accipere.
1803 4537 1962 4588 nunc
1985 4551 2085 4605 pa-
2118 4553 2165 4617 D
2197 4536 2292 4602 rit,
2324 4539 2590 4604 quartam
2624 4532 2756 4604 plus
2788 4531 3033 4604 accipiet
3063 4531 3409 4603 portionem,
3445 4534 3502 4586 et
3531 4528 3726 4585 solent
3755 4546 3873 4586 ar-

443 4636 576 4676 nem
594 4620 796 4691 justus
814 4619 1210 4674 esurientibus
1231 4619 1454 4687 tribuit,
1479 4621 1550 4675 de
1571 4621 1787 4692 quibus
1805 4622 2087 4694 scriptum

441 4714 566 4766 est:
600 4710 755 4765 Beati
791 4710 888 4780 qui
918 4710 1168 4764 esuriant
1197 4717 1248 4764 et
1276 4711 1474 4764 sitiunt
1503 4710 1712 4780 (Matth.
1744 4728 1798 4776 ν,
1831 4711 1906 4783 6).
1948 4694 2093 4776 Quia

393 4847 398 4855 .
445 4801 543 4871 qui
571 4801 772 4870 justus
803 4803 911 4870 est,
941 4815 1316 4866 communem
1351 4799 1615 4854 omnium
1648 4816 1880 4872 panem,
1915 4818 2091 4857 suum

445 4887 584 4942 facit
627 4887 950 4960 proprium,
1001 4887 1100 4960 qui
1133 4888 1419 4943 defecerat
1450 4887 1508 4942 in
1539 4889 1758 4960 Judaea,
1809 4891 2094 4964 propheta

449 4969 714 5032 dicente:
748 4977 1010 5048 Ait/eram
1039 4977 1106 5032 ab
1133 4978 1213 5033 eis
1240 4977 1637 5047 fortitudinem,
1688 4979 1807 5036 sive
1840 4982 2095 5036 baculum

519 5133 598 5217 (a)
629 5137 1172 5218 Penes-Rabanum,
1203 5137 1270 5192 de
1299 5139 1425 5208 igne
1445 5139 1734 5208 rapientes,
1761 5140 1890 5194 aliis
1911 5143 2094 5195 autem

447 5212 788 5261 miseremini
811 5212 870 5261 in
898 5212 1111 5264 timore.

521 5275 786 5358 (bn)Qua_m
801 5276 1283 5358 hjcl-lieronymus
1296 5279 1570 5358 suggillet
1585 5279 2066 5358 consuetudinem
2078 5323 2092 5348 ,

451 5347 1143 5422 recitandi_oil‘erentium
1194 5347 1452 5416 nomina,
1499 5352 1674 5407 etiam
1723 5367 1825 5422 per
1868 5351 1923 5406 id
1977 5352 2092 5408 fere

449 5419 732 5500 temporis
745 5418 1118 5500 innocentius
1137 5425 1150 5478 l
1166 5424 1393 5500 epistol.
1411 5418 2021 5500 adDecentium,num.
2036 5425 2090 5493 5,

450 5491 820 5563 improbavit,
847 5491 1080 5563 edicens
1103 5500 1168 5548 ut
1189 5491 1448 5550 fidelium
1471 5493 1796 5549 oblationes
1819 5495 1940 5560 Deo,
1978 5491 2091 5548 non

449 5562 687 5635 populo,
723 5580 827 5635 nec
859 5562 1090 5634 publica
1121 5565 1347 5622 diaconi
1374 5565 1734 5632 recitatione,
1785 5565 1883 5620 sed
1914 5566 2094 5620 tacita

451 5633 768 5694 sacerdotis
785 5633 1028 5693 oratione
1049 5639 1496 5695 commendeutu
1507 5653 1547 5694 r.
1572 5637 1714 5710 Ejus
1740 5641 2093 5712 praeceptum

2202 4621 2530 4698 gumentari
2561 4637 2626 4676 ac
2657 4621 2846 4676 dicere
2873 4637 2886 4676 ξ
2919 4619 3059 4675 Dedi
3094 4637 3278 4675 unum
3313 4619 3598 4685 modium,
3629 4617 3732 4691 qui
3765 4635 3882 4674 sa-

2202 4719 2297 4767 tus
2330 4711 2462 4767 fecit
2493 4711 2691 4765 decem
2719 4709 2966 4764 modios.
3001 4709 3202 4763 Nonne
3226 4710 3458 4776 justum
3489 4712 3600 4777 est,
3633 4711 3701 4763 ut
3727 4722 3881 4765 me-

2203 4800 2365 4856 dium
2401 4799 2661 4854 modium
2687 4799 2756 4853 de
2783 4814 2910 4852 meo
2937 4797 3070 4869 plus
3101 4797 3406 4870 accipiam,
3439 4813 3575 4852 cum
3603 4795 3699 4852 ille
3720 4811 3882 4852 mea

2201 4887 2570 4956 liberalitate,
2608 4903 2812 4944 novem
2843 4893 2900 4942 et
2921 4887 3102 4942 semis
3123 4887 3194 4942 de
3218 4903 3346 4942 meo
3377 4885 3636 4942 habeat?
3667 4884 3884 4940 Nolite

2203 4995 2410 5046 errare,
2455 4977 2645 5048 inquit
2671 4976 3003 5049 Apostolus,
3037 4977 3175 5031 Deus
3205 4992 3318 5032 non
3347 4975 3614 5032 irridetur
3643 4972 3882 5046 (ϐαιοὶ.

2205 5137 2717 5195 Francofordiense
2735 5134 3044 5191 concilium
3063 5153 3157 5190 an.
3171 5133 3662 5199 794instauravit,
3693 5132 3894 5192 edito

2201 5212 2450 5279 decreto,
2481 5209 2544 5264 de
2574 5226 2684 5265 non
2713 5208 3006 5264 reeitandis
3039 5209 3355 5262 nominibus
3379 5216 3675 5277 antequam
3695 5205 3894 5261 obla-

2204 5285 2276 5339 tio
2305 5283 2586 5354 offeratur.

2273 5350 2757 5420 (c)'Substan.timtm
2774 5350 2806 5402 b
2819 5351 2868 5404 ic
2887 5355 3054 5404 vocat
3070 5354 3125 5403 et
3136 5354 3591 5420 superventurum
3610 5361 3862 5418 panem
3875 5392 3895 5418 ,

2205 5441 2376 5494 quem
2421 5423 2554 5478 alibi
2581 5422 3556 5494 snpcrsubstantialem,peculiarem,
3575 5421 3902 5492 praecipu-

2203 5492 2362 5552 umet
2381 5492 2685 5550 crastinum
2705 5492 3001 5562 intelligit.
3028 5493 3168 5547 Vide
3191 5493 3296 5548 hac
3323 5493 3392 5547 de
3414 5509 3476 5548 re
3493 5497 3909 5562 commenta-

2203 5567 2355 5624 rium
2377 5565 2840 5624 eruditissimum
2864 5564 2920 5618 in
2941 5565 3189 5620 Matthzsi
3215 5568 3389 5638 caput
3409 5567 3642 5628 sextum
3661 5561 3902 5624 MART.
