4006 6180
287 320 411 391 183

1526 335 1591 397 S.
1638 332 1947 399 EUSEBll
1990 332 2435 399 HIEBONYMI

3565 324 3697 391 184

286 485 415 545 quae
447 470 665 543 scripta
690 472 847 538 sunt,
880 468 1053 526 refert
1081 468 1153 526 ad
1184 468 1506 526 contrarias
1536 469 1928 536 fortitudines,
1958 471 2012 539 Α
2042 472 2099 524 et
2125 467 2185 524 in
2217 469 2380 525 fovea
2409 474 2705 543 caperent,
2753 475 2811 528 et
2838 469 3138 527 mitterent
3165 484 3301 526 eum
3330 461 3394 525 in
3422 480 3680 539 caveam,

286 564 344 616 et
386 559 448 614 in
498 559 713 617 caelesti
765 559 1086 616 Jerusalem
1129 559 1327 615 leones
1355 564 1412 615 et
1441 559 1592 615 bella
1620 558 1929 614 describit:

286 650 579 723 quomodo
602 647 748 705 alter
793 666 993 705 eorum
1036 654 1240 722 captus
1271 649 1369 720 sit,
1402 653 1458 704 et
1488 665 1722 704 rursum
1756 648 1816 703 in
1850 646 1931 703 lo-

286 756 419 795 cum
442 739 569 810 ejus
600 738 750 793 alius
781 738 1466 811 constitutus,multaque
1487 738 1649 809 ponit
1669 737 1933 792 testimo-

286 828 425 885 nia:
473 827 796 895 diabolum,
847 832 905 883 et
954 829 1196 883 comites
1244 829 1393 899 ejus,
1426 828 1621 884 leones
1654 824 1932 898 appellari

288 917 567 984 solere,ut
594 921 684 972 est
715 916 860 971 illud
907 918 979 972 de
1033 916 1296 989 apostolo
1336 917 1539 972 Petro:
1576 916 1933 971 Adversarius

287 1014 469 1063 noster
489 1006 745 1062 diabolus
776 1009 934 1078 quasi
949 1008 1028 1061 leo
1051 1008 1276 1075 rugiens
1296 1007 1569 1075 circuit,et
1595 1006 1791 1077 qumrit
1809 1018 1935 1073 quo-

287 1095 449 1152 modo
492 1098 663 1167 possit
692 1098 907 1151 intrare
957 1094 1001 1167 (Ι
1032 1098 1180 1149 Petr.
1216 1112 1271 1160 ν,
1305 1094 1393 1165 8);
1450 1099 1505 1150 et
1533 1094 1603 1149 de
1644 1091 1933 1147 Psalmis:

289 1185 367 1241 Ne
414 1185 606 1241 tradas
665 1187 850 1241 bestiis
896 1186 1144 1239 animam
1194 1185 1541 1255 conﬁtentem
1594 1182 1697 1238 tibi
1764 1181 1933 1253 (Psal.

291 1291 487 1341 Lxxm,
523 1274 632 1346 19).
667 1274 830 1330 Certe
858 1274 955 1328 ubi
1005 1274 1075 1329 ad
1110 1273 1411 1328 historiam
1458 1271 1633 1339 venit,
1668 1268 1809 1325 dicit
1835 1270 1934 1325 Jo-

290 1363 489 1419 hanan
516 1362 702 1419 ﬁlium
720 1364 907 1419 Careae
930 1364 1171 1417 ductum
1195 1362 1255 1417 in
1285 1363 1592 1434 Egyptum
1626 1378 1637 1416 :
1670 1360 1766 1430 qui
1791 1375 1934 1430 quo-

290 1454 465 1510 modo
493 1452 722 1524 fugiens
751 1468 883 1506 cum
933 1451 1135 1523 paucis
1185 1450 1273 1506 leo
1304 1448 1630 1522 appellatus
1661 1449 1759 1515 sit,
1788 1445 1938 1503 scire

290 1559 407 1599 non
439 1558 681 1613 possum
708 1559 720 1596 :
757 1544 813 1596 et
842 1539 1087 1596 alterum
1137 1539 1365 1595 leonem
1398 1539 1720 1603 Sedeciam,
1748 1535 1849 1608 qui
1881 1540 1938 1590 et

286 1631 414 1704 ipse
435 1630 647 1685 ductus
669 1629 727 1683 in
751 1628 1103 1701 Babylonem
1128 1628 1223 1683 sit.
1247 1628 1364 1683 Nos
1384 1632 1578 1682 autem
1601 1624 1936 1681 istiusmodi

287 1716 965 1792 explanationeslectoris
983 1717 1222 1780 arbitrio
1244 1715 1934 1788 relinquentes,dicemus

283 1809 618 1883 captivitate
646 1809 855 1875 vicina,
887 1807 1233 1880 prophetam
1267 1822 1380 1863 non
1410 1809 1529 1860 tam
1564 1805 1759 1861 futura
1786 1803 1934 1858 vati-
1965 1849 2013 1915 B

283 1900 488 1968 cinari,
514 1915 691 1972 quam
726 1914 962 1953 narrare
1010 1895 1318 1970 praeterita.
1353 1894 1489 1950 Post
1519 1898 1748 1949 sextum
1779 1893 1938 1949 enim

284 1988 532 2047 Sedeciaz
555 2004 777 2043 annum
799 1985 1111 2058 (siquidem
1135 1984 1332 2040 statim
1358 1985 1416 2039 in
1440 1983 1936 2054 consequentibus

287 2078 578 2152 legimus:
636 2078 699 2131 Et
745 2078 949 2146 factum
997 2083 1073 2130 est
1118 2076 1175 2129 in
1207 2091 1352 2129 anno
1379 2074 1624 2144 septimo,
1658 2075 1719 2126 in
1748 2073 1937 2143 quinto

288 2167 715 2236 mense,decima
726 2164 948 2233 mensis)
964 2162 1287 2219 assumitur
1299 2161 1567 2234 planctus
1585 2178 1761 2233 super
1783 2160 1938 2233 prin-

291 2256 471 2329 cipes,
496 2253 582 2310 vel
624 2253 946 2328 principem
982 2250 1176 2318 Israel,
1206 2255 1263 2306 et
1282 2250 1532 2306 dicitur:
1559 2254 1744 2322 Quare
1764 2256 1939 2304 mater

289 2350 388 2401 tua
408 2347 577 2400 leaena
606 2345 750 2400 inter
778 2344 956 2398 leones
984 2339 1534 2396 eubavit?Planctus
1562 2338 1743 2411 igitur
1764 2354 1940 2408 super

290 2433 587 2510 principes
616 2436 726 2498 est,
758 2447 961 2487 omnes
1006 2428 1273 2485 videlicet
1324 2429 1423 2502 qui
1456 2429 1527 2483 de
1561 2426 1731 2483 Josiae
1759 2429 1939 2498 stirpe

292 2522 551 2597 generati
574 2525 730 2577 sunt.
754 2520 935 2576 Mater
956 2518 1286 2592 principum
1300 2516 1619 2573 Jerusalem
1642 2516 1819 2571 leaena
1835 2532 1936 2586 ap-

291 2611 562 2687 pellatur,
617 2628 747 2683 quse
782 2609 1086 2665 leunculos
1126 2609 1278 2664 219
1331 2607 1535 2680 genuit
1571 2611 1627 2661 et
1660 2605 1934 2660 nutrivit:

290 2717 595 2773 unumque
615 2701 686 2755 de
713 2697 1003 2755 leunculis
1033 2698 1158 2753 suis
1190 2696 1409 2759 eduxit,
1438 2699 1494 2750 et
1526 2694 1659 2749 fecit
1688 2694 1934 2761 leonem,

288 2790 540 2846 Joachaz
560 2787 900 2860 signiﬁcans
924 2785 1109 2840 filium
1132 2784 1326 2850 Josize,
1347 2799 1520 2854 quem
1544 2781 1772 2837 Nechao
1792 2781 1937 2836 Pha-

291 2895 393 2934 rao
424 2877 591 2933 duxit
611 2877 671 2931 in
692 2879 1019 2947 )Egyptum,
1054 2877 1109 2927 et
1139 2888 1241 2943 pro
1273 2888 1338 2926 eo
1369 2870 1936 2927 constituitJoacim.

294 2970 419 3035 Quo
450 2970 702 3032 mortuo,
734 2961 1045 3019 Jechonias
1086 2960 1243 3016 filius
1272 2961 1399 3031 ejus
1431 2976 1529 3014 rex
1559 2958 1937 3029 constitutus,

295 3073 430 3114 cum
462 3059 649 3111 matre
671 3057 727 3109 ct
748 3050 1133 3125 optimatibus
1159 3050 1407 3104 civitatis
1429 3066 1461 3103 ιι
1482 3047 1941 3103 Nabuchodono-

296 3163 395 3203 sor
415 3146 628 3201 ductus
651 3146 739 3198 est
758 3142 817 3195 in
841 3139 1192 3212 Babylonem
1219 3155 1231 3193 :
1266 3138 1462 3209 dequo
1486 3137 1748 3193 nascitur
1777 3135 1937 3192 Sala-

2041 561 2098 613 et
2126 557 2185 612 in
2209 563 2465 629 catenas,
2498 576 2614 614 non
2645 560 2799 630 quod
2829 559 2938 616 hoc
2994 558 3287 616 Jechonias
3339 559 3557 614 factum
3587 556 3684 625 sit,

2041 646 2166 718 ipse
2191 648 2346 703 enim
2366 665 2426 703 se
2451 648 2691 704 tradidit
2715 649 2831 721 regi
2857 648 3254 722 Babylonio,et
3284 648 3342 703 in
3372 646 3690 704 Chaldeam

2043 741 2376 808 asportatus
2425 742 2553 803 est;
2606 740 2705 793 sed
2758 743 2823 794 ut
2861 738 3047 794 leonis
3072 742 3333 793 servetur
3359 736 3690 803 translatio,

2044 826 2144 896 qui
2166 825 2396 896 capitur
2418 826 2478 881 in
2500 827 2697 897 foveis,
2724 828 3064 898 catenisque
3090 826 3531 900 constringitur,
3554 830 3613 882 et
3632 826 3691 880 in

2044 914 2235 969 caveis
2289 922 2635 972 reservatur.
2684 916 2958 988 Alioquin
3002 917 3171 987 juxta
3208 915 3551 972 historiam:
3583 915 3690 970 hoc

2043 1003 2114 1059 de
2146 1003 2386 1059 Sedecia
2404 1003 2783 1077 legimus,qui
2810 1010 2940 1076 post
2958 1005 3299 1061 Jechoniam
3322 1022 3421 1061 rex
3448 1004 3689 1061 Jerusa-

2045 1092 2157 1149 lem
2190 1093 2541 1149 oonstitutus
2570 1098 2679 1149 est.
2716 1095 2782 1149 Et
2812 1094 2931 1149 haec
2982 1094 3118 1149 fecit
3160 1093 3405 1159 occasio,
3457 1098 3524 1148 ut
3552 1093 3692 1166 quia

2044 1185 2260 1238 catenae
2282 1181 2575 1254 leguntur,
2599 1186 2655 1238 et
2676 1199 2878 1252 caveae,
2905 1188 2962 1239 et
2981 1199 3179 1238 carcer
3198 1183 3559 1249 nominatur,
3591 1183 3692 1239 Se-

2044 1270 2268 1326 deciam
2293 1271 2486 1343 potius
2509 1288 2686 1344 quam
2700 1271 3042 1327 Jechoniam
3056 1272 3316 1344 plerique
3331 1270 3688 1343 intelligant.

2045 1359 2318 1415 Servatus
2348 1359 2526 1431 igitur
2544 1359 2603 1414 in
2626 1376 2854 1416 carcere
2875 1365 2982 1431 est,
3015 1362 3169 1418 220
3192 1378 3297 1416 nec
3325 1359 3687 1432 interfectus,

2044 1453 2101 1503 et
2130 1449 2540 1504 tantummodo
2597 1449 2868 1505 sublatus
2896 1467 2926 1505 e
2976 1467 3170 1523 regno.
3205 1450 3487 1506 Caeterum
3516 1450 3691 1506 Sede-

2045 1536 2196 1591 ciam
2228 1553 2445 1594 caecum
2476 1537 2717 1593 ductum
2750 1538 2809 1593 in
2852 1538 3224 1611 Babylonem,
3258 1539 3458 1610 ibique
3487 1538 3691 1595 statim

2045 1626 2326 1690 occisum,
2358 1631 2559 1682 narrat
2585 1627 2849 1683 historia.

2117 1714 2301 1787 (Vers.
2341 1717 2408 1770 10
2456 1716 2642 1788 seqq.)
2699 1717 2870 1772 Mater
2915 1720 3010 1773 tua
3061 1719 3223 1789 quasi
3270 1720 3429 1774 vinea
3474 1718 3533 1772 in
3562 1733 3691 1772 san-

2044 1807 2210 1876 guine
2240 1813 2331 1861 tuo
2362 1822 2524 1876 super
2553 1822 2754 1876 aquam
2775 1807 3061 1878 plantata:
3083 1809 3297 1877 fructus
3324 1809 3441 1879 ejus
3462 1814 3513 1862 et
3539 1805 3694 1879 fron-

2044 1892 2137 1948 des
2167 1896 2285 1966 ejus
2313 1899 2602 1950 creverunt
2652 1912 2722 1950 ex
2750 1898 2909 1968 aquis
2959 1897 3164 1951 multis.
3202 1901 3272 1952 Et
3297 1898 3457 1968 factm
3484 1899 3614 1952 sunt
3640 1897 3695 1952 ei

2045 1985 2222 2054 virgw
2248 1984 2441 2040 solidae
2472 1986 2531 2038 in
2555 1989 2765 2056 sceptra
2795 1984 3222 2054 dominantium,
3245 1994 3297 2041 et
3322 1986 3566 2042 exaltata
3614 1993 3694 2041 est

2043 2074 2254 2127 statura
2282 2074 2399 2140 eius
2428 2073 2504 2145 (a)
2537 2075 2595 2127 in
2618 2074 2856 2145 frondes.
2898 2075 2963 2128 Et
2994 2074 3129 2129 vidit
3158 2075 3506 2131 altitudinem
3533 2091 3694 2130 suam

2046 2162 2105 2214 in
2137 2161 2497 2215 multitudine
2512 2162 2809 2233 palmitum
2836 2168 3161 2219 suorum.'et
3179 2165 3367 2219 evulsa
3395 2165 3551 2220 estin
3580 2165 3691 2230 ira,

2046 2251 2106 2304 in
2134 2254 2448 2321 terramque
2466 2252 2726 2321 projecta,
2758 2259 2808 2306 et
2829 2261 3015 2307 ventus
3036 2268 3200 2307 urens
3210 2252 3428 2307 siccabit
3443 2254 3691 2323 fructum

2044 2340 2161 2411 ejus
2184 2357 2201 2393 :
2228 2348 2689 2410 emarcuerunt,et
2710 2342 2968 2411 are/actae
2996 2350 3121 2395 sunt
3137 2343 3303 2410 virgre
3325 2342 3533 2397 roboris
3545 2340 3694 2411 ejus,

2046 2429 2193 2496 ignis
2221 2428 2451 2484 comedit
2496 2445 2636 2484 eam.
2673 2432 2736 2485 Et
2784 2446 2931 2485 nunc
2968 2431 3369 2500 transplantata
3397 2433 3480 2486 est
3506 2431 3569 2485 in
3595 2429 3694 2484 de-

2046 2522 2259 2573 sertum
2284 2519 2344 2571 in
2375 2526 2523 2573 terra
2552 2520 2704 2574 invia
2732 2526 2783 2574 et
2807 2521 3037 2575 sitienti.
3070 2522 3146 2575 Et
3169 2535 3410 2589 egressus
3437 2521 3514 2574 est
3548 2519 3694 2588 ignis

2047 2607 2111 2662 de
2141 2609 2295 2677 virga
2326 2623 2616 2663 ramorum
2660 2610 2797 2680 ejus,
2831 2610 2927 2679 qui
2970 2611 3181 2680 fructus
3216 2609 3332 2680 ejus
3359 2607 3613 2674 comedit,
3644 2610 3698 2662 et

2046 2712 2158 2751 non
2185 2698 2295 2767 fuit
2344 2698 2405 2751 in
2433 2713 2497 2751 ea
2542 2698 2693 2767 virga
2738 2699 2915 2769 fortis,
2946 2703 3227 2769 sceptrum
3253 2696 3694 2752 dominantium:

2042 2786 2297 2858 planctus
2344 2794 2439 2853 est,
2492 2794 2544 2841 et
2589 2789 2694 2841 erit
2740 2789 2801 2841 in
2842 2788 3147 2858 planctum.
3195 2785 3373 2841 LXX:
3402 2785 3572 2842 Mater
3599 2793 3698 2841 tua

2048 2876 2207 2947 quasi
2226 2876 2553 2940 vinea,sicut
2579 2877 2677 2945 ﬂos
2704 2878 2765 2931 in
2795 2876 2960 2930 malis
2988 2877 3238 2943 grauatis
3268 2877 3329 2930 in
3359 2891 3502 2947 aqua
3524 2875 3698 2947 plan-

2048 2965 2179 3018 tata.
2208 2964 2435 3017 Fructus
2463 2965 2579 3034 ejus
2607 2966 2659 3017 et
2688 2980 2908 3033 germen
2940 2966 3094 3019 illius
3122 2969 3329 3036 factum
3357 2968 3526 3020 estea:
3552 2980 3699 3035 aqua

2050 3052 2313 3107 multa.Et
2337 3054 2485 3123 facta
2512 3055 2589 3107 est
2616 3054 2672 3107 ei
2697 3054 2855 3121 virga
2883 3053 3237 3123 fortitudinis
3265 3055 3326 3108 in
3353 3053 3561 3108 tribum
3588 3052 3698 3108 du-

2048 3157 2172 3195 cum
2190 3158 2203 3196 :
2224 3144 2275 3196 et
2300 3141 2551 3197 excitata
2572 3146 2651 3196 est
2669 3142 3057 3210 magnitudine
3075 3158 3176 3198 sua
3204 3144 3265 3196 in
3294 3143 3474 3197 medio
3500 3158 3700 3215 propa-

294 3233 460 3305 thiel,
492 3236 657 3306 pater
684 3228 1021 3293 Zorobabel,
1054 3228 1152 3299 qui
1184 3244 1251 3282 ex
1280 3244 1345 3282 eo
1379 3226 1533 3299 quod
1560 3227 1619 3281 in
1651 3224 1941 3297 Babylone
1971 3233 2013 3294 α
2049 3232 2261 3300 ginum.
2293 3232 2359 3285 Et
2387 3230 2528 3285 vidit
2570 3230 3006 3300 magnitudinem
3059 3248 3221 3287 suam
3249 3234 3309 3286 in
3338 3232 3699 3290 multitudine

299 3326 475 3379 natus
525 3324 633 3388 est,
668 3336 882 3375 nomen
943 3317 1166 3389 accepit
1195 3317 1291 3389 (IV
1339 3319 1465 3387 Reg.
1495 3317 1679 3387 XXIII).
1716 3313 1942 3385 Perspi-

299 3427 594 3484 cuumque
623 3414 713 3465 est
742 3408 852 3463 sub
884 3406 1224 3477 metaphora
1255 3405 1466 3475 leaenae,
1512 3402 1944 3468 leunculorum,

300 3506 359 3558 et
387 3500 595 3566 leonis,
628 3513 983 3569 rursumque
1039 3495 1278 3552 alterius
1330 3494 1533 3561 leonis,
1567 3493 1667 3549 illa
1697 3491 1948 3548 describi

2049 3320 2347 3390 palmitum
2375 3335 2617 3387 suorum,
2651 3328 2701 3375 et
2736 3319 3021 3392 confracta
3048 3322 3127 3374 est
3157 3321 3215 3373 in
3242 3327 3465 3390 furore:
3495 3322 3556 3375 in
3586 3327 3698 3375 ter-

2056 3424 2174 3461 ram
2200 3408 2442 3479 projecta
2469 3417 2567 3475 est,
2600 3413 2650 3463 et
2682 3413 2871 3464 ventus
2902 3425 3066 3464 urens
3097 3410 3317 3479 are/ecit
3345 3410 3519 3465 electa
3553 3410 3694 3480 ejus.

2061 3497 2331 3552 Viudicati
2356 3501 2504 3562 sunt,
2538 3506 2588 3553 et
2615 3500 2855 3568 arefacta
2884 3506 2962 3553 est
3002 3500 3160 3567 virga
3186 3498 3529 3570 fortitudinis
3556 3499 3697 3571 ejus.

302 3609 431 3667 qua:
462 3608 528 3647 eo
560 3594 821 3661 tempore
842 3589 966 3659 jam
1001 3586 1152 3642 facta
1179 3588 1364 3651 erant,
1390 3601 1504 3655 quo
1525 3583 1644 3638 haec
1667 3582 1947 3655 propheta
2054 3588 2201 3655 Ignis
2231 3588 2579 3659 comsumpsit
2610 3603 2751 3653 eam,
2802 3589 2853 3641 et
2892 3602 3041 3641 nunc
3064 3586 3451 3657 plantaverunt
3479 3602 3599 3642 eam
3637 3588 3701 3642 in

302 3682 551 3740 dicebat.
576 3680 892 3750 Postquam
922 3675 1077 3731 enim
1108 3673 1427 3730 Jerusalem
1450 3672 1650 3728 eduxit
1674 3673 1743 3727 de
1765 3672 1946 3743 stirpe
2050 3676 2261 3732 deserto
2283 3678 2343 3731 in
2365 3679 2513 3731 terra
2532 3677 2651 3731 sine
2671 3684 2897 3748 aqua,et
2911 3676 3081 3731 exivit
3104 3677 3252 3745 ignis
3271 3676 3700 3747 devirgaelecto-

301 3771 463 3845 regia
488 3768 743 3826 Joachaz
773 3766 956 3821 filium
988 3763 1180 3829 Josiaz,
1213 3768 1270 3819 et
1300 3762 1604 3818 constituit
1633 3761 1690 3815 in
1723 3777 1940 3833 regem,

297 3865 421 3919 tam
472 3856 723 3915 crudelis
769 3856 830 3911 in
878 3853 1034 3909 brevi
1093 3851 1312 3908 exstitit
1370 3856 1650 3924 tempore,
1714 3854 1779 3905 ut
1817 3855 1939 3907 tro-

296 3947 559 4023 pologioe
610 3945 835 4018 cepisse
890 3942 1133 4015 praedas,
1189 3945 1246 3995 et
1301 3941 1568 3995 homines
1635 3940 1941 3997 devorasse

286 4040 663 4094 memoretur.
696 4034 781 4088 Ad
834 4047 1008 4103 quem
1041 4047 1174 4085 cum
1207 4029 1461 4085 venisset
1488 4030 1810 4102 Egyptius,
1844 4046 1936 4085 ce-

287 4127 373 4183 dit
400 4142 534 4182 eum
565 4140 681 4180 non
712 4122 935 4192 absque
967 4118 1332 4183 vulneribus,
1384 4118 1504 4174 sive
1552 4118 1610 4172 in
1642 4119 1823 4183 fovea,
1874 4123 1940 4173 ut

287 4215 521 4290 proprie
576 4213 637 4268 in
714 4208 993 4266 Hebraico
1066 4206 1454 4262 continetur:
1520 4211 1585 4261 ut
1641 4210 1940 4263 conservet

285 4301 708 4376 tropologicam
736 4298 1062 4370 captionem
1096 4295 1478 4367 leonuni,qua
1507 4312 1739 4367 semper
1768 4295 1828 4350 in
1864 4296 1938 4351 fo-

287 4394 410 4450 veis
449 4390 576 4463 capi
609 4388 813 4445 solent.
845 4388 915 4445 Et
946 4385 1186 4439 adduxit
1217 4401 1348 4439 eum
1380 4383 1439 4437 in
1471 4383 1679 4439 chamo
1732 4384 1850 4439 sive
1877 4386 1937 4440 in

291 4482 511 4539 catenis
554 4480 612 4533 in
666 4483 880 4532 terram
934 4474 1182 4546 Egypti,
1251 4473 1446 4545 ibique
1497 4478 1763 4529 mortuus
1826 4479 1934 4531 cst.

290 4570 456 4640 Quod
507 4584 641 4623 cum
699 4565 940 4620 vidisset
993 4568 1178 4618 mater
1229 4564 1356 4633 ejus
1400 4562 1749 4628 Jerusalem,
1809 4580 1935 4635 quas

288 4676 424 4718 eum
490 4658 791 4730 genuerat,
858 4670 984 4724 quae
1052 4650 1355 4719 nutrierat,
1425 4666 1551 4722 quae
1618 4652 1937 4708 constitue-

289 4753 381 4806 rat
408 4747 470 4803 in
499 4761 769 4817 regnum,
803 4742 957 4814 quod
991 4740 1239 4812 perisset
1276 4740 1594 4809 expectatio
1623 4740 1773 4809 ejus,
1804 4740 1911 4797 tuli

291 4838 362 4893 de
384 4836 513 4891 aliis
544 4833 779 4906 regibus
799 4826 1355 4894 Jechoniamdilium
1376 4828 1620 4894 Joacim,
1644 4834 1699 4885 et
1720 4830 1933 4886 consti-

288 4923 407 4981 tuit
429 4925 490 4978 in
521 4939 737 4995 regem.
772 4919 879 4985 Qui
903 4923 959 4974 et
978 4918 1104 4990 ipse
1128 4916 1494 4989 praecossoris
1515 4918 1778 4974 imitatus
1802 4936 1933 4975 cru-

290 5011 609 5078 delitatem,
641 5012 751 5066 sub
775 5008 961 5065 leonis
993 5006 1218 5063 feritate
1238 5005 1607 5074 describitur,
1642 5009 1797 5079 quod
1830 5009 1931 5065 ho-

291 5099 480 5157 mines
513 5096 1052 5164 devorarit,multas
1071 5094 1277 5150 viduas
1307 5094 1603 5163 fecerit,ad
1636 5097 1930 5151 desertum

286 5185 593 5246 adduxerit
637 5185 935 5252 civitates;
979 5188 1035 5240 et
1070 5184 1139 5240 ad
1174 5200 1368 5239 vocem
1404 5184 1630 5255 rugitus
1660 5186 1788 5255 ejus
1818 5189 1931 5239 ter-

287 5279 400 5336 rita
430 5276 507 5333 sit
558 5273 833 5330 universa
887 5273 1199 5345 provincia,
1251 5273 1331 5327 ita
1360 5277 1425 5326 ut
1456 5274 1829 5329 convenirent
1857 5275 1929 5329 ad

286 5384 421 5425 eum
453 5369 679 5439 gentes,
709 5365 767 5417 et
796 5362 1187 5432 expenderent
1212 5378 1389 5433 super
1418 5378 1550 5417 eum
1584 5365 1702 5417 rete
1732 5378 1929 5432 suum,

2051 3781 2178 3819 rum
2204 3767 2339 3838 ejus,
2372 3768 2422 3820 et
2440 3765 2673 3820 comedit
2689 3781 2829 3830 eam,
2852 3768 2902 3819 et
2922 3782 3031 3821 non
3049 3774 3170 3821 erat
3190 3767 3247 3820 in
3272 3782 3343 3821 ea
3364 3766 3518 3837 virga
3534 3766 3698 3836 forti-

2050 3854 2276 3911 tudinis.
2304 3856 2490 3910 Tribus
2514 3857 2570 3908 in
2596 3855 2917 3925 parabolam
2950 3855 3356 3910 lumentationis
3385 3862 3485 3923 est,
3511 3858 3564 3909 et
3588 3854 3700 3909 erit

2047 3945 2109 3999 in
2124 3944 2427 4015 planctum.
2451 3942 2706 3998 Diversis
2727 3942 3095 3999 sermonibus
3120 3961 3237 3999 una
3258 3959 3350 3999 res
3371 3942 3601 3999 dicitur.
3624 3942 3696 3997 Et

2046 4033 2340 4103 quomodo
2355 4033 2412 4087 in
2426 4048 2492 4088 su
2502 4032 2829 4103 perioribus
2840 4030 3090 4105 legimus
3100 4031 3426 4089 Jerusalem
3438 4030 3696 4104 pulchras

2047 4120 2277 4176 mulieri
2309 4125 2731 4194 comparatam,
2762 4127 2819 4176 et
2842 4138 3078 4177 rursum
3109 4121 3299 4177 leaenae
3330 4137 3455 4192 quae
3508 4121 3569 4176 in
3600 4137 3707 4177 cu—

2045 4208 2145 4263 bili
2179 4226 2285 4265 suo
2339 4209 2537 4267 leones
2590 4209 2881 4277 nutrierit,
2941 4210 3024 4265 sic
3057 4227 3214 4265 nunc
3250 4210 3348 4265 viti
3377 4207 3464 4265 vel
3511 4208 3703 4265 vineae

2046 4298 2452 4371 pulcherrimae
2483 4303 3013 4371 comparatur,quaz
3035 4316 3212 4372 super
3234 4314 3414 4371 aquas
3440 4295 3714 4370 plantata

2046 4388 2122 4443 sit
2140 4388 2442 4458 multas,et
2472 4387 2685 4443 idcirco
2718 4387 2963 4443 humore
2984 4387 3188 4443 nutriti
3210 4386 3558 4461 palmitesin
3573 4390 3711 4441 tan-

2047 4481 2173 4531 tum
2229 4475 2595 4548 increverint,
2636 4480 2700 4531 ut
2729 4492 2883 4532 unus
2914 4476 3160 4549 palmes,
3194 4493 3369 4549 quem
3401 4474 3716 4549 Scriptura

2045 4566 2269 4639 virgam
2302 4566 2742 4629 solidissimam,
2796 4566 2917 4621 sive
2966 4565 3345 4621 fortissimam
3373 4568 3709 4652 nuncupat,

2046 4655 2352 4727 profecerit
2374 4656 2431 4709 in
2465 4659 2694 4726 sceptra
2725 4654 3176 4710 dominantium.
3205 4654 3311 4711 Pro
3343 4670 3458 4727 quo
3485 4658 3711 4709 vertere

2044 4745 2513 4816 Septuaginta,in
2544 4744 2753 4799 tribum
2781 4742 3074 4814 ducum,ut
3091 4742 3313 4799 scilicet
3368 4758 3535 4817 reges
3551 4758 3622 4798 ex
3639 4758 3710 4798 ea

2046 4834 2256 4889 (ierint.
2287 4833 2482 4887 Tantae
2505 4836 2697 4887 autem
2722 4836 2845 4887 erat
2867 4832 2995 4905 ipsa
3016 4832 3182 4887 vinea
3202 4831 3379 4904 pulch
3401 4831 3704 4902 ritudinis,

2043 4921 2396 4993 nteplendor
2415 4921 2623 4976 viroris
2644 4921 3041 4991 ejus,ﬂoribus
3056 4919 3190 4975 mali
3216 4920 3413 4992 punici
3436 4936 3702 4991 coaequa-

2042 5013 2222 5077 retur,
2258 5010 2413 5082 quod
2451 5009 2511 5064 in
2546 5009 2827 5064 Hebraico
2871 5008 3087 5064 dicitur
3127 5009 3551 5081 quasivineain
3570 5023 3706 5062 san-

2041 5099 2218 5172 guine
2242 5099 2585 5163 tuo,rubore
2602 5097 2810 5153 ﬂorum
2834 5097 3108 5170 sanguini
3129 5094 3708 5170 comparato,exalta-

2040 5192 2102 5242 ta
2114 5188 2260 5243 221
2280 5203 2417 5258 ergo
2442 5186 2608 5242 vinea
2628 5192 2818 5242 erecta
2843 5205 2854 5242 :
2890 5187 3033 5255 Quia
3051 5187 3297 5259 superbis
3315 5187 3454 5242 Deus
3480 5186 3699 5252 resistit,

2039 5276 2336 5331 humilibus
2364 5279 2547 5331 autem
2576 5276 2668 5331 dat
2698 5277 2941 5345 gratiam
2990 5278 3124 5347 (Jac.
3158 5293 3235 5343 IV,
3266 5277 3344 5346 6),
3377 5272 3581 5329 evulsa
3609 5277 3704 5329 est

2039 5364 2099 5419 in
2132 5365 2325 5420 furore
2374 5365 2607 5421 Domini
2640 5365 2700 5419 in
2722 5368 3057 5437 terramque
3088 5367 3366 5438 projecta,
3402 5367 3467 5419 ut
3493 5360 3705 5419 ruinas

357 5589 433 5663 (a)
460 5588 651 5678 Pro
667 5585 1358 5678 Victor._iziterjregcribiit
1373 5602 1468 5678 ex
1484 5587 1662 5678 illebr.
1695 5572 1889 5678 ττι-ὃν,
1913 5591 1971 5645 et
2006 5586 2177 5661 Vulg.
2202 5589 2517 5661 Graecoque
2549 5586 2600 5643 ἐν
2638 5588 2808 5663 μέσῳ.
2835 5589 3013 5647 Paulo
3039 5605 3273 5664 quoque
3290 5590 3424 5662 post
3449 5586 3694 5655 siccwit,

286 5657 391 5737 pro
417 5657 669 5729 'siccabit,
697 5657 1197 5731 quemadmodum
1231 5662 1287 5714 et
1318 5658 1613 5717 Rabanus.
