3996 6182
811 323 1557 399 COMMENTARIORUM
1595 325 1678 390 IN
1718 316 2216 388 EZECHIELEM
2259 316 2410 381 LIB.
2455 315 2558 381 VI.
2606 313 2778 379 CAP.
2822 312 2960 380 XX.

3460 301 3601 372 {80'

181 461 789 540 lanealem,elegan5
802 468 936 525 vitis
951 466 1259 524 translatio
1276 461 1831 525 custodiret.0uam-
1859 460 1916 525 Α
1942 454 2004 511 in
2033 470 2152 527 qua
2178 451 2301 510 solo
2331 455 2474 521 crte,
2507 467 2575 540 ea
2616 466 2743 522 quae
2772 448 3262 540 germinaverant,
3285 451 3578 540 aestuave-

181 555 267 611 vis
298 557 456 611 enim
488 536 735 629 pulchra
766 558 842 613 sit
869 556 1058 626 vinea,
1101 560 1159 611 et
1185 554 1375 626 longis
1406 550 1829 625 propaginibus
1937 547 2099 614 vunt,
2144 546 2201 598 et
2242 546 2478 613 repente
2507 539 2723 595 siccata
2751 542 2890 594 sunt
2908 540 3101 629 (Marc.
3136 538 3247 610 iv);
3282 537 3459 629 itaut
3483 536 3580 591 vix

182 646 559 713 extendatur,
616 647 665 701 si
722 646 960 701 hastilia
1015 645 1389 715 calamosque
1447 638 1827 703 subtraxeris,

184 737 341 788 terra
354 735 604 805 juncta,
622 735 831 790 arescit
846 734 1056 800 calore,
1075 733 1326 788 maxime
1342 732 1392 787 si
1408 735 1618 786 ventus
1634 745 1831 794 urens,

186 838 356 894 quem
407 822 599 878 Graeci
641 821 908 895 καύσωμα
953 828 1178 889 vocant,
1211 821 1531 904 .siccaverit
1578 820 1834 873 fructum

185 912 330 982 ejus,
354 916 423 966 ut
442 916 828 977 emarcescat,
854 916 914 967 et
933 911 1102 983 quasi
1124 910 1278 983 ignis
1303 914 1595 965 cremetur
1615 904 1836 962 ardori-

184 1000 320 1055 bus.
337 1000 505 1064 Quod
528 1006 730 1056 autem
751 1002 808 1055 in
823 1000 1205 1073 Septuaginta
1225 999 1489 1054 additum
1510 1003 1627 1053 est:
1658 996 1839 1053 Vindi-

184 1090 299 1143 cati
312 1093 464 1157 sunt,
486 1105 590 1161 pro
610 1105 678 1146 eo
696 1090 853 1161 quod
874 1090 934 1144 in
948 1089 1227 1144 Hebraico
1245 1087 1528 1159 scriptum
1546 1091 1841 1155 est,emar-

183 1186 446 1242 eueniat,
474 1195 656 1250 quam
689 1179 1167 1251 consequentiam
1198 1178 1409 1232 habere
1455 1176 1658 1248 possit,
1692 1173 1842 1229 scire

186 1283 299 1323 non
332 1267 525 1323 valeo.
562 1266 667 1323 Illa
697 1266 877 1339 igitur
902 1267 1073 1323 vinea
1102 1271 1274 1322 tanta:
1304 1265 1612 1330 ubertatis,
1641 1268 1699 1320 et
1728 1263 1843 1317 fru-

187 1362 415 1423 ctuum,
468 1361 770 1429 tantisque
817 1355 1297 1428 pulchritudinis,
1347 1355 1640 1427 quomodo
1689 1368 1845 1407 nunc

186 1446 629 1518 transplantata
657 1450 747 1501 est
776 1446 837 1500 in
867 1446 1189 1512 desertum,
1222 1445 1280 1500 in
1312 1448 1467 1500 terra
1494 1443 1653 1499 invia
1680 1446 1737 1497 et
1765 1441 1843 1497 si-

187 1536 357 1592 tienti
378 1540 409 1591 Υ
438 1535 749 1607 Significat
776 1539 975 1589 autem
1000 1538 1215 1590 terram
1244 1532 1551 1606 Babylonis
1572 1533 1643 1587 ad
1667 1547 1843 1602 quam

187 1625 475 1682 translati
498 1632 659 1689 sunt,
694 1623 782 1678 vel
805 1628 1140 1696 Egyptum,
1173 1638 1289 1693 quo
1309 1622 1715 1693 confugerunt,
1749 1623 1851 1674 aut

186 1715 388 1787 ipsam
405 1719 620 1769 terram
632 1712 895 1767 Judeeam
906 1752 919 1777 ,
934 1712 994 1766 in
1008 1728 1125 1783 qua
1142 1710 1310 1782 pauci
1330 1725 1615 1782 pauperes
1628 1725 1851 1764 reman-

188 1808 416 1869 serunt,
451 1801 679 1872 quibus
710 1800 1015 1872 praefectus
1042 1804 1166 1855 erat
1194 1798 1466 1855 Godolias
1497 1799 1602 1869 (At.
1637 1797 1849 1853 Gotho-

191 1892 347 1958 lies],
403 1894 480 1945 ut
524 1893 906 1962 congregaret
949 1893 1007 1944 et
1054 1892 1277 1960 regeret
1320 1886 1596 1959 reliquias
1651 1884 1851 1959 populi

194 1981 283 2049 (IV
310 1982 453 2048 Reg.
488 1979 647 2049 xxv).
679 1982 890 2034 Contra
909 1993 1083 2049 quem
1106 1976 1357 2032 surrexit
1379 1976 1450 2031 de
1469 1976 1651 2039 stirpe
1673 1974 1850 2046 regia,

192 2076 246 2126 et
273 2070 348 2125 de
379 2068 559 2139 virga
590 2082 890 2122 ramorum
920 2065 1100 2120 vineae
1141 2064 1370 2130 Ismae],
1419 2065 1520 2136 qui
1569 2064 1857 2119 interfecit

196 2175 331 2215 eum
362 2158 429 2213 in
466 2155 719 2227 Maspha
747 2156 852 2226 [AL
888 2154 1208 2225 Masepha],
1254 2158 1311 2208 et
1339 2154 1593 2209 comedit
1620 2169 1855 2210 omnem

200 2250 463 2304 fructum
499 2245 710 2309 vineae,
743 2248 803 2298 et
828 2242 1036 2298 exinde
1061 2260 1175 2298 non
1199 2242 1309 2298 fuit
1328 2243 1387 2297 in
1411 2243 1540 2315 ipsa
1559 2243 1726 2299 vinea
1744 2244 1857 2298 vir-

197 2354 279 2409 ga
293 2334 486 2400 fortis,
501 2337 563 2389 et
576 2337 877 2404 sceptrum
896 2332 1326 2387 dominantium
1346 2334 1558 2400 (Jerem.
1574 2349 1645 2386 XL
1657 2335 1709 2387 et
1724 2332 1857 2400 xm).

196 2425 414 2482 Nullus
426 2423 596 2478 enim
612 2421 896 2477 remansit
908 2421 979 2476 de
992 2420 1226 2492 regibus
1239 2422 1337 2493 qui
1357 2420 1637 2493 pOpulum
1657 2421 1864 2493 guber-

197 2518 387 2583 naret,
440 2511 547 2566 sed
597 2526 733 2565 cum
763 2509 1050 2565 Joannam
1080 2508 1201 2564 tilio
1231 2510 1419 2566 Careae
1450 2510 1522 2564 ad
1553 2509 1863 2581 {Egyptum

201 2603 630 2674 confugerunt.
649 2599 869 2654 Idcirco
886 2598 1155 2670 planctus
1168 2602 1275 2669 est,
1291 2603 1348 2653 et
1358 2597 1637 2670 parabola
1650 2615 1868 2654 lamen-

200 2689 476 2752 tationis,
509 2692 579 2742 ut
611 2686 925 2759 plangatur
954 2687 1181 2759 regium
1202 2703 1387 2759 genus
1409 2687 1560 2757 quod
1587 2686 1647 2741 in
1667 2686 1871 2743 Judaea

200 2780 363 2836 ultra
390 2776 676 2841 cessavit,
713 2775 894 2831 donec
922 2776 1144 2832 veniret
1172 2775 1265 2831 cui
1296 2775 1616 2847 repositum
1647 2779 1772 2831 est:
1805 2778 1872 2831 Et

202 2874 323 2941 ipse
372 2875 502 2923 erat
548 2866 856 2935 expectatio
900 2867 1145 2932 gentium
1186 2864 1400 2931 (Genes.
1446 2882 1593 2930 xux,
1641 2865 1749 2935 10).
1791 2865 1873 2919 Ex

200 2975 324 3031 quo
340 2954 739 3029 perspicuum
756 2957 867 3020 est,
882 2958 939 3008 et
955 2952 1311 3024 superiorem
1330 2952 1633 3008 lectionem
1645 2996 1658 3021 ,
1673 2953 1732 3007 in
1756 2970 1874 3025 qua

198 3048 435 3105 dicitur
457 3062 475 3099 :
505 3044 691 3112 Quare
718 3045 893 3097 mater
920 3048 1021 3097 tua
1051 3043 1230 3099 lewna
1257 3044 1401 3097 inter
1419 3043 1596 3098 leones
1620 3042 1878 3098 cubavit?

199 3142 259 3193 et
296 3135 469 3190 hanc
496 3133 554 3187 in
586 3148 706 3203 qua
732 3130 1016 3202 scriptum
1046 3136 1170 3186 est:
1205 3132 1372 3186 Mater
1400 3135 1495 3186 tua
1524 3132 1683 3203 quasi
1713 3134 1876 3187 vinea

1940 636 2405 689 ramaneatunus
2418 647 2449 686 e
2464 629 2804 701 palmitibus
2820 628 2917 701 qui
2932 629 3311 701 consurgatin
3326 627 3575 699 virgam,

1941 727 1998 778 et
2018 721 2231 793 dignus
2253 719 2454 793 p0puli
2484 718 2754 792 princeps
2776 718 2893 773 fiat.
2928 719 3088 783 Quod
3113 717 3241 774 aliis
3269 718 3465 774 verbis
3493 717 3577 773 lo-

1943 811 2144 884 quitur
2169 812 2345 865 Amos
2370 828 2386 863 :
2417 808 2672 864 Inducam
2692 807 2901 881 famem
2918 811 2970 862 et
2986 809 3138 863 sitim
3156 823 3317 879 super
3336 811 3543 863 terram
3563 826 3582 862 :

1942 917 2051 956 non
2080 902 2281 970 famem
2308 900 2469 969 panis
2498 906 2553 952 et
2576 899 2727 952 sitim
2756 912 2936 969 aquae,
2968 898 3069 952 sed
3096 899 3299 967 famem
3321 896 3585 953 audiendi

1943 1004 2213 1044 sermones
2266 989 2364 1042 Dei
2392 989 2588 1057 (Amos
2607 1004 2731 1049 VIII,
2768 988 2876 1057 1ι).
2912 987 3071 1043 Unde
3104 988 3385 1043 debemus
3415 987 3583 1059 plan-

1949 1093 2102 1150 gere,
2149 1082 2205 1132 et
2236 1076 2543 1132 lamentari
2574 1092 2751 1147 super
2778 1076 3070 1148 principes
3100 1076 3297 1144 Israel,
3331 1094 3582 1149 quorum

1948 1166 2087 1222 vitio
2110 1170 2166 1222 et
2190 1165 2466 1237 superbia
2485 1164 2686 1221 Judzea
2706 1166 2959 1234 deserta,
2982 1170 3041 1221 et
3059 1170 3228 1237 capta
3247 1171 3338 1223 est
3353 1167 3588 1224 Jerusa-

1949 1254 2086 1311 lem.

2025 1344 2183 1415 (Cap.
2241 1344 2360 1399 XX.
2392 1374 2460 1382 —-
2488 1343 2653 1399 Vers.
2684 1344 2760 1415 1.)
2790 1344 2852 1398 Et
2881 1345 3090 1416 factum
3120 1354 3196 1403 est
3221 1350 3283 1403 in
3311 1365 3458 1406 anno
3475 1366 3596 1422 sep-

1955 1435 2106 1503 timo,
2129 1435 2186 1487 in
2209 1436 2417 1504 quinto,
2442 1435 2502 1488 in
2526 1432 2737 1488 decima
2756 1437 2981 1504 mensis,
3013 1441 3276 1492 venerunt
3296 1440 3407 1493 viri
3425 1438 3491 1495 de
3510 1455 3598 1494 se-

1953 1522 2203 1577 nioribus
2225 1523 2413 1587 Israel,
2434 1530 2493 1577 ut
2513 1523 2922 1591 interrogath
2940 1525 3251 1596 Dominum,
3272 1535 3323 1582 et
3347 1528 3422 1598 (b)
3447 1527 3595 1584 sede-

1958 1611 2087 1667 bant
2114 1628 2297 1668 coram
2324 1628 2429 1668 me.
2482 1613 2617 1668 Post
2648 1613 2918 1669 undecim
2951 1632 3204 1682 menses,
3251 1621 3308 1673 et
3335 1618 3597 1691 quinque

1958 1701 2083 1756 dies
2105 1700 2695 1773 superiorisvisionis,
2711 1720 2946 1759 rursum
2970 1721 3162 1761 sermo
3180 1708 3245 1762 Iit
3266 1708 3336 1763 ad
3354 1709 3599 1781 prophe-

1958 1793 2099 1859 tam,
2142 1795 2454 1862 postquam
2484 1795 2765 1847 venerunt
2793 1792 2901 1847 viri
2930 1794 3001 1849 de
3029 1795 3356 1854 senioribus
3386 1799 3599 1855 domus

1961 1877 2157 1945 Israel,
2173 1883 2238 1933 ut
2254 1879 2679 1951 interrogarent
2709 1882 3019 1938 Dominum
3037 1888 3093 1939 et
3111 1887 3387 1942 sederunt
3406 1904 3601 1944 coram

1961 1983 2048 2023 eo.
2072 1967 2231 2022 Hanc
2251 1971 2447 2023 autem
2472 1968 2654 2024 fuisse
2677 1972 3160 2028 consuetudinem
3184 1975 3383 2048 populi
3407 1977 3604 2045 Israel,

1963 2063 2028 2112 ut
2057 2056 2344 2128 quidquid
2379 2058 2528 2114 scire
2556 2060 2868 2130 cupiebant
2897 2078 2931 2115 a
2971 2064 3231 2133 Domino,
3284 2071 3610 2137 quaererent

1967 2162 2069 2217 per
2094 2145 2426 2217 prophetas,
2455 2147 2641 2203 multa
2663 2149 2930 2223 exempla
2953 2155 3262 2210 testantur.
3291 2154 3430 2211 Saul
3453 2173 3606 2228 quae-

1968 2252 2102 2291 rens
2122 2235 2341 2301 asinas,
2376 2236 2564 2308 pergit
2586 2238 2656 2291 ad
2679 2237 3032 2309 Samuelem,
3065 2244 3400 2316 accepitque
3420 2246 3611 2303 consi-

1970 2323 2117 2379 lium
2149 2341 2183 2379 a
2216 2340 2390 2392 puero
2424 2329 2488 2380 ut
2518 2326 2722 2382 offerat
2753 2329 3044 2399 prophetae
3086 2336 3357 2403 quartam
3388 2339 3613 2406 partem

1972 2412 2121 2468 sicli.
2149 2417 2483 2484 2Egrotante
2513 2414 2630 2470 filio
2658 2415 2988 2485 Jeroboam,
3022 2419 3282 2476 mittitur
3300 2422 3359 2477 in
3386 2422 3520 2495 Sylo
3543 2424 3614 2479 ad

1973 2501 2215 2557 Achiam
2249 2502 2356 2572 (Al.
2384 2502 2613 2573 Abiam]
2639 2504 2983 2576 prophetam
3006 2523 3150 2563 uxor
3168 2510 3315 2580 ejus,
3348 2511 3617 2567 deferens

1976 2589 2348 2659 munuscula,
2381 2607 2562 2662 panes
2583 2596 2640 2646 et
2659 2591 2973 2661 colliridas,
3004 2612 3147 2652 uvas
3165 2603 3222 2653 et
3241 2598 3616 2670 lagunculam

1978 2679 2191 2747 mellis,
2224 2682 2289 2734 ut
2317 2679 2388 2734 de
2419 2679 2523 2733 ﬁlii
2553 2680 2893 2737 inﬁrmitate
2916 2694 3287 2756 cognosceret
3319 2688 3363 2760 (Ι
3392 2690 3619 2759 Beg.1x,

1979 2769 2054 2823 III
2086 2770 2213 2838 Reg.
2244 2769 2382 2839 XIV).
2417 2768 2592 2823 David
2616 2787 2849 2842 quoque
2870 2773 3154 2845 propheta
3172 2775 3355 2831 alium
3378 2777 3625 2835 interro-

1980 2862 2079 2931 gat
2099 2859 2253 2915 223
2276 2858 2616 2930 prophetam
2641 2860 2891 2928 Nathan,
2910 2867 3103 2920 utrum
3127 2866 3413 2939 templum
3434 2868 3627 2925 Domi-

1982 2964 2056 3002 no
2087 2947 2371 3003 aediﬁcare
2401 2948 2606 3003 debeat
2636 2950 2707 3020 (II
2736 2953 2858 3021 Reg.
2893 2952 3017 3022 νη).
3051 2955 3118 3009 Et
3144 2955 3340 3011 Achab
3362 2956 3621 3014 sciscita-

1981 3039 2078 3091 tur
2098 3037 2377 3092 ascendat
2392 3054 2465 3092 an
2487 3054 2602 3092 non
2621 3038 2679 3092 in
2704 3042 2948 3096 Ramoth
2967 3042 3179 3098 Galaad
3200 3045 3299 3114 (III
3317 3046 3444 3117 Reg.
3458 3047 3621 3119 xxn).

1986 3126 2049 3181 In
2076 3125 2227 3180 Isaia
2246 3142 2479 3197 quoque
2500 3130 2626 3196 (Isa.
2651 3130 2885 3200 xxxvn),
2916 3136 2974 3187 et
2998 3131 3057 3187 in
3082 3133 3303 3205 Regum
3326 3136 3624 3195 volumine

198 3230 259 3280 is
291 3223 581 3294 sanguine
605 3200 700 3277 tuo
727 3200 892 3292 super
916 3236 1115 3290 aquam
1138 3220 1413 3291 plumata,
1447 3221 1518 3275 ad
1531 3200 1869 3276 derusalem
1901 3200 1943 3267 C
1982 3212 2080 3286 (IV
2099 3215 2381 3283 lteg..x1x),
2402 3232 2527 3287 quae
2545 3216 2937 3275 Sennacherib
2955 3200 3197 3278 ventura
3213 3225 3331 3280 sint
3348 3227 3625 3284 nuntian-

203 3312 535 3387 Pertinere,
572 3326 705 3381 qua;
734 3308 989 3379 perdidit,
1018 3309 1214 3364 leones
1245 3313 1301 3364 et,
1325 3307 1594 3380 palmites
1626 3325 1785 3379 suos,
1819 3312 1878 3364 et,
1983 3305 2098 3357 tur.
2150 3303 2263 3358 Nec
2309 3303 2523 3359 mirum
2554 3306 2603 3361 si
2636 3306 2694 3361 in
2724 3309 2903 3363 veteri
2933 3310 3326 3382 Testamento,
3378 3316 3630 3390 singulis

205 3420 323 3460 non
345 3398 650 3458 remansit
668 3397 728 3452 in
750 3414 818 3453 ea
836 3396 1000 3469 virga
1016 3414 1144 3468 quaz
1162 3400 1542 3469 consurgeret
1556 3396 1616 3453 in
1630 3397 1840 3452 tribum

1987 3407 2113 3462 qua:
2143 3397 2388 3481 ventura
2417 3397 2555 3449 sunt
2585 3395 2876 3467 propheta:
2908 3401 3280 3469 annuntient,
3312 3420 3447 3460 cum
3478 3412 3628 3481 Aga-

1985 3481 2128 3535 bum
2152 3480 2467 3553 legerimus
2491 3499 2617 3554 quaa
2640 3483 2818 3540 Paulo
2838 3492 3010 3542 ventu
3022 3506 3078 3542 ra
3102 3495 3258 3562 sunt,
3284 3480 3633 3565 prophetare

1986 3569 2124 3640 (Act.
2156 3570 2295 3641 xxx).
2345 3570 2635 3643 Scriptum
2666 3577 2757 3629 cst
2794 3575 2852 3629 in
2893 3576 3338 3636 Deuteronomio
3373 3600 3386 3638 :
3443 3582 3634 3642 Gentes

1987 3674 2119 3728 quas
2162 3660 2477 3729 perditurus
2505 3669 2585 3716 est
2620 3663 2884 3718 Dominus
2930 3666 2993 3719 in
3037 3673 3323 3737 conspectu
3352 3678 3464 3738 tuo,
3515 3675 3633 3728 istae

1988 3750 2059 3813 (ο)
2088 3751 2302 3802 somnia
2326 3758 2377 3803 et
2407 3749 2771 3806 divinationes
2798 3753 3062 3809 audient:
3089 3755 3195 3810 tibi
3221 3762 3407 3814 autem
3423 3775 3534 3816 non
3553 3764 3635 3818 sic

1987 3834 2135 3890 dedit
2162 3836 2421 3891 Dominus
2448 3838 2589 3892 Deus
2614 3842 2744 3894 tuus
2786 3840 2963 3912 (Deut.
2996 3860 3154 3910 xvm,
3199 3846 3307 3917 14).
3359 3847 3634 3907 Gentium

1990 3925 2146 3980 enim
2179 3929 2267 3981 est
2289 3926 2451 3982 adire
2471 3926 2791 3996 Chaldaeos,
2826 3929 3101 3997 harialos,
3137 3935 3455 4007 aruspices,
3488 3939 3634 3996 divi-

1992 4031 2118 4083 nos,
2134 4015 2459 4088 sortilegos,
2474 4016 2713 4073 oracula
2728 4018 3082 4089 demonum,
3103 4023 3320 4094 quibus
3342 4029 3522 4084 errori
3542 4045 3635 4086 ea-

1991 4121 2122 4161 rum
2154 4103 2439 4160 illuditur.
2477 4104 2635 4160 Unde
2664 4111 2722 4161 et
2750 4125 2906 4164 nunc
2938 4109 3196 4169 seniores
3225 4114 3403 4171 Israel
3424 4118 3635 4190 probe-

1991 4198 2111 4249 tam
2144 4194 2380 4262 adeunt,
2422 4198 2488 4249 ut
2517 4195 2879 4269 interrogent
2910 4215 3014 4270 per
3041 4216 3174 4255 eum
3208 4201 3547 4273 Dominum,
3580 4211 3637 4263 et

1989 4288 2187 4340 tamen
2209 4283 2280 4338 de
2300 4282 2751 4356 interrogatione
2772 4286 2966 4354 silent,
2992 4288 3122 4359 ipso
3144 4292 3240 4361 qui
3270 4291 3635 4368 interrogan-

206 3495 326 3549 sive
353 3491 421 3546 in
457 3491 704 3559 sceptra
732 3485 1186 3542 dominantium.
1211 3488 1257 3541 A
1286 3485 1522 3557 planctu
1554 3486 1709 3542 enim
1740 3486 1878 3540 inci-

206 3581 313 3654 pit,
343 3584 406 3635 et
440 3576 661 3632 ﬁnitur
688 3574 747 3629 in
780 3575 1039 3647 planctu.
1090 3578 1330 3631 Assume
1372 3575 1670 3647 planctum
1702 3591 1879 3647 super

210 3669 519 3742 principes
572 3663 774 3720 Israel.
825 3664 943 3719 Hoc
971 3668 1080 3733 est,
1121 3665 1179 3719 in
1223 3664 1508 3736 principio
1547 3670 1604 3720 et
1632 3665 1879 3731 nuncin

211 3759 342 3829 ﬁne,
377 3756 672 3830 planctus
700 3757 826 3821 est;
858 3757 917 3808 et
934 3752 1368 3819 lamentatione,
1402 3752 1758 3825 planctuque
1783 3770 1880 3825 pa-

212 3847 427 3903 rabolae
465 3844 658 3915 stirps
686 3841 847 3914 regia
874 3842 1302 3913 prosequenda.
1352 3842 1527 3898 Porro
1556 3842 1880 3898 secundum

213 3937 365 3994 222
394 3947 762 4005 anagogem,
787 3931 941 4002 quod
973 3930 1073 3986 alii
1104 3931 1175 3986 ad
1198 3930 1492 3986 ccelestem
1515 3933 1773 3987 referunt
1790 3921 1883 3987 Je-

216 4026 510 4087 rusalem,
554 4027 623 4075 ut
652 4019 851 4075 dicant
878 4036 947 4075 ex
974 4036 1044 4075 ea
1072 4020 1129 4075 in
1158 4020 1328 4076 istam
1361 4019 1568 4076 vallem
1598 4020 1882 4093 lacryma-

218 4131 347 4171 rum
370 4112 681 4186 plurimos
703 4109 1012 4175 corruisse,
1041 4114 1099 4164 et
1120 4125 1285 4182 reges
1310 4126 1439 4165 esse
1464 4109 1706 4175 desisse,
1731 4115 1787 4165 et
1808 4108 1884 4164 vi-

214 4218 389 4259 num
422 4198 739 4272 quondam
777 4197 1237 4270 pulcherrimam
1267 4202 1437 4253 vento
1469 4203 1671 4254 urente
1699 4199 1883 4254 sicca-

210 4296 354 4359 tam,
379 4291 472 4347 ita
490 4293 565 4345 ut
586 4287 790 4343 nullus
813 4286 872 4342 in
900 4304 967 4343 ea
987 4286 1297 4343 virentium
1315 4287 1626 4360 palmitum
1651 4305 1882 4344 reman-

210 4382 379 4447 serit,
398 4394 594 4452 quam
615 4376 1315 4448 posteasuburbisﬁgura
1331 4376 1882 4449 plangatJeremias,
1990 4373 2101 4427 dus
2132 4377 2256 4428 erat
2284 4371 2501 4428 sciente
2531 4373 2671 4444 quid
2701 4375 3146 4448 interrogarent,
3180 4382 3245 4434 ut
3265 4384 3319 4434 et
3348 4380 3407 4436 in
3438 4399 3503 4439 eo
3530 4384 3638 4439 mi-

208 4487 319 4527 nos
350 4466 761 4538 intelligimus
794 4465 1012 4536 (Matth.
1047 4466 1201 4537 xxxv)
1231 4481 1409 4537 super
1438 4464 1774 4537 Ecclesiam,
1814 4482 1881 4522 eo
1991 4461 2255 4518 raculum
2283 4461 2361 4516 sit
2387 4462 2538 4518 scire
2562 4479 2667 4518 cur
2694 4464 2976 4532 venerint,
3007 4471 3064 4521 et
3085 4468 3157 4522 ad
3187 4485 3255 4524 ea
3286 4473 3637 4543 respondere

206 4558 372 4630 quod
395 4558 461 4612 in
484 4553 816 4611 novissimo
840 4559 1104 4624 tempore
1133 4552 1524 4624 multiplicata
1546 4553 1878 4625 iniquitate,
1909 4569 1958 4633 D
1991 4567 2117 4622 quae
2150 4551 2368 4608 tacitus
2397 4567 2590 4608 sermo
2623 4553 2682 4607 in
2713 4555 2910 4609 animo
2941 4556 3294 4612 continebat.

204 4646 569 4717 refrigescat
587 4641 1066 4713 [Al.refrigescet]
1081 4641 1335 4697 charitas
1354 4642 1805 4698 multorumzita
1821 4647 1885 4699 ut
2062 4640 2244 4713 (Vers.
2295 4641 2348 4707 2,
2394 4642 2474 4709 3.)
2521 4645 2587 4697 Et
2626 4643 2803 4713 factus
2842 4647 2921 4698 est
2960 4660 3140 4700 sermo
3179 4648 3407 4702 Domini
3432 4648 3502 4702 ad
3527 4664 3633 4717 me,

202 4733 553 4806 probentur
577 4730 625 4786 si
656 4731 786 4787 fieri
817 4735 1008 4804 potest
1036 4731 1216 4788 etiam
1246 4730 1412 4787 electi
1442 4730 1560 4798 Dei,
1585 4736 1641 4787 et
1666 4732 1882 4805 princi-
1991 4730 2173 4785 dicens
2196 4748 2214 4784 :
2245 4731 2355 4785 Fili
2382 4730 2641 4799 hominis,
2677 4732 2895 4802 loquere
2920 4736 3231 4789 senioribus
3258 4735 3451 4803 Israel,
3481 4740 3533 4791 et
3552 4736 3637 4792 di-

206 4841 327 4897 pes
347 4822 484 4894 ejus
503 4822 817 4895 capiantur
841 4822 1060 4877 retibus
1084 4821 1321 4890 diaboli,
1346 4822 1443 4894 qui
1466 4839 1581 4878 non
1606 4822 1682 4877 sit
1707 4823 1883 4879 unius
1991 4836 2079 4874 aes
2115 4820 2194 4874 ad
2240 4835 2327 4874 eos
2358 4837 2377 4873 :
2422 4820 2549 4875 Haec
2571 4819 2703 4875 dicit
2732 4821 2992 4876 Dominus
3023 4823 3159 4876 Deus
3186 4839 3204 4876 :
3250 4824 3525 4894 Numquid
3569 4824 3640 4880 ad

204 4911 381 4985 regis
401 4910 677 4983 captione
703 4912 1032 4978 contentus,
1056 4910 1157 4966 sed
1181 4909 1441 4982 quotidie
1463 4926 1627 4982 reges
1648 4915 1706 4966 et
1725 4910 1882 4981 prin-
1995 4908 2443 4978 interrogandum
2470 4924 2557 4963 me
2584 4924 2673 4964 vos
2710 4911 2933 4964 venistis
2953 4914 2979 4962 γ
3030 4913 3152 4965 Vivo
3189 4927 3306 4980 ego,
3353 4913 3485 4984 quia
3524 4930 3638 4971 non

208 5002 385 5074 cipes
430 5015 645 5071 capere
691 4998 946 5068 festinet,
999 5000 1325 5055 secundum
1360 4997 1503 5053 illud
1536 4999 1691 5070 quod
1742 4998 1883 5054 scri-
1992 4996 2320 5068 respondebo
2348 4997 2517 5068 vobis,
2550 4999 2631 5053 ait
2660 4999 2923 5054 Dominus
2952 5000 3114 5054 Deus.
3157 5000 3385 5057 Sanctis
3415 5005 3473 5057 et
3501 5020 3638 5059 con-

204 5094 395 5162 ptum
422 5094 558 5145 est:
591 5088 744 5145 Escae
770 5088 888 5160 ejus
915 5087 1100 5144 electae
1145 5088 1329 5159 (Abas.
1376 5104 1416 5155 ι,
1450 5088 1558 5159 16).
1610 5088 1886 5144 Palmites
1994 5085 2837 5159 gruainterrogantibusdatur
2856 5089 3643 5164 promissio,adhucloquen-

208 5194 466 5251 quoque
494 5177 771 5233 Ecclesiae
803 5177 904 5248 qui
934 5177 1159 5233 dudum
1191 5176 1435 5231 ﬂoribus
1461 5181 1516 5231 et
1536 5177 1733 5232 rubori
1756 5194 1884 5232 san-

204 5267 428 5342 guinis
445 5266 859 5338 aequabantur,
874 5270 1075 5338 postea
1092 5270 1263 5321 vento
1281 5265 1357 5337 (a)
1372 5265 1681 5321 siccentur.
1699 5266 1885 5329 Quam

204 5355 660 5431 expositionem
691 5359 749 5411 et
778 5354 1059 5428 Evangilii
1089 5371 1321 5427 quoque
1369 5354 1646 5426 parabole
1693 5357 1883 5423 sonat,

1995 5261 2081 5318 les
2128 5265 2365 5318 fuerunt
2412 5264 2671 5318 seniores
2721 5264 2916 5332 Israel,
2968 5271 3026 5321 et
3053 5283 3305 5338 quorum
3338 5268 3555 5324 scelera
3580 5268 3641 5323 in

1995 5352 2491 5424 consequentibus
2526 5352 2810 5424 propheta
2837 5353 3135 5422 describit,
3168 5374 3283 5412 non
3316 5358 3491 5413 datur
3520 5371 3643 5413 res-

270 5514 375 5585 (a)
406 5512 590 5569 Addit
615 5528 749 5585 cum
782 5512 1020 5585 Biabano
1047 5510 1236 5567 Vatic.
1278 5528 1390 5567 ms.
1424 5519 1634 5585 urente.

274 5582 369 5658 (ὁ)
408 5584 710 5641 Victorias
725 5585 798 5641 ab
812 5582 1076 5658 Vulgata
1094 5587 1336 5654 textum,
1350 5583 1631 5640 sederunt.
1650 5582 1886 5640 Hebrai-

200 5673 271 5717 ce
302 5659 418 5716 est
441 5664 640 5717 τιτθή.

2067 5508 2136 5598 (ε)
2170 5510 2417 5598 Repopit
2436 5511 2665 5598 'Yictor.
2699 5515 2909 5581 omnia,
2958 5530 3062 5585 pro
3091 5517 3325 5586 somnia,
3361 5533 3430 5598 ex
3459 5515 3641 5598 Graec.

1992 5579 2401 5665 ult‘qaovw—udw.
2429 5582 2755 5665 .chraicus
2786 5579 3020 5658 queque
3047 5579 3391 5665 augureset
3418 5589 3616 5661 prusti

1994 5657 2467 5728 giatoresﬁsonat.
2931 5657 2938 5658 '
3117 5659 3125 5666 ‘

1994 5179 2051 5229 te
2079 5180 2136 5230 te
2161 5175 2349 5230 dicam
2377 5191 2389 5229 :
2427 5182 2557 5232 Ecce
2586 5175 2797 5230 adsum.
2831 5176 3239 5233 Peccatoribus
3261 5162 3642 5251 autem,—qua-
3730 5162 3747 5167 g
