4006 6180
189 284 296 345 ml

777 281 1527 344 COMMENTARIORUM
1572 280 1651 340 IN
1697 278 2200 342 EZECHIELEM
2245 280 2393 341 LIB.
2441 280 2574 341 VII.
2622 281 2790 342 CAP.
2837 282 2995 343 XXI.

3466 282 3586 344 202

184 415 380 488 giant;
413 413 514 469 alii
557 414 865 486 suppliciis
914 416 1221 470 tradantur
1260 414 1513 469 aeternis.
1548 414 1831 483 Quodque
1861 416 1915 479 Α
1945 411 2138 483 [Vulg.
2175 414 2238 469 Ut
2264 414 2422 483 scias]
2453 414 2603 468 omni
2630 429 2777 483 caro,
2808 416 2939 485 quia
2987 430 3085 485 ego
3132 416 3394 472 Dominus
3421 415 3589 472 eduxi

184 503 358 559 infert
385 521 401 558 :
432 504 514 557 Ab
541 504 738 560 Austro
766 519 933 574 usque
962 503 1039 559 ad
1070 503 1415 574 Aquilonem,
1446 502 1555 557 hoc
1586 501 1825 568 indicat,

1934 501 2182 572 gladium
2208 518 2388 557 meum
2409 500 2515 572 [ΑΙ.
2545 502 2710 558 abest
2727 504 2927 575 meum]
2949 502 3015 559 de
3034 506 3236 575 vagina
3256 520 3359 561 sua
3379 507 3588 562 irrevo‘

184 594 258 650 ab
282 591 614 649 Jerusalem
645 609 835 664 usque
863 593 935 648 ad
984 591 1341 664 Babylonem
1376 608 1388 646 :
1425 595 1490 647 ut
1518 608 1689 647 omne
1721 591 1830 646 iter
1937 591 2187 645 cabilem.
2224 591 2361 646 LXX
2394 608 2406 646 :
2437 593 2505 647 Et
2549 592 2727 662 factus
2772 597 2853 648 est
2897 609 3072 650 sermo
3102 596 3325 650 Domini
3373 595 3444 650 ad
3481 610 3590 666 me,

185 681 554 755 pergentium
586 681 645 736 in
675 681 1091 753 captivitatem,
1125 681 1338 754 gladio,
1370 680 1832 752 fame,pestilen-

1939 678 2122 734 dicens
2155 696 2167 733 :
2200 680 2410 735 Idcirco
2456 681 2776 751 vaticinare,
2807 682 2894 751 ﬁli
2939 683 3178 738 hominis
3206 700 3225 737 :
3256 687 3309 739 et
3360 683 3593 754 obﬁrma

183 771 263 827 tia
292 770 595 826 mentium
625 770 1011 843 compleatur.
1038 770 1138 827 His
1157 770 1312 826 enim
1336 770 1438 842 qui
1460 769 1520 825 in
1541 768 1834 841 Babylone
1939 769 2140 837 faciem
2170 771 2321 823 tuam
2340 776 2528 830 contra
2556 769 2885 840 Jerusalem,
2908 776 2960 825 et
2988 772 3170 842 aspice
3196 771 3267 827 ad
3293 776 3484 827 sancta
3501 787 3591 829 eo-

180 865 340 928 sunt,
373 858 706 916 Jerusalem
751 860 824 915 ad
884 865 1161 914 Austrum
1211 859 1325 915 sita
1377 862 1503 927 est;
1538 858 1833 930 quomodo

184 966 216 1006 e
243 949 538 1005 contrario
550 947 666 1003 olla
682 947 1008 1003 inJeremia
1026 964 1152 1019 quae
1172 947 1466 1020 significat
1482 946 1833 1009 Jerusalem,

185 1054 221 1093 a
242 1037 389 1093 facie
421 1035 754 1109 Aquilonis,
778 1036 837 1091 id
862 1040 969 1103 est,
999 1034 1309 1108 Babylonis
1326 1036 1703 1091 succenditur
1728 1034 1836 1106 (Je-

186 1143 321 1183 rem.
356 1126 417 1197 1).
449 1126 523 1181 Et
558 1124 803 1198 pulchre
850 1125 907 1180 in
944 1125 1228 1196 principio
1263 1142 1277 1180 :
1307 1126 1488 1193 stilla,
1520 1124 1733 1196 inquit,
1768 1124 1839 1179 ad

184 1216 474 1285 Africum,-
508 1218 575 1268 ut
606 1230 724 1269 non
772 1217 895 1269 tota
922 1213 1024 1269 Dei
1055 1213 1142 1268 ira
1188 1213 1457 1269 videatur
1501 1214 1703 1283 effusa,
1738 1213 1838 1268 sed

182 1302 338 1360 stilla
365 1303 642 1375 quaedam
674 1306 734 1358 et
760 1319 919 1375 pars.
942 1303 1041 1358 Sin
1071 1307 1272 1357 autem
1295 1302 1453 1358 stilla
1483 1306 1659 1357 tanta:
1684 1301 1840 1357 erevi-

183 1392 269 1448 tie
298 1397 389 1448 est
419 1408 434 1447 :
471 1391 617 1464 quid
647 1391 706 1446 in
738 1392 877 1447 totis
928 1390 1219 1447 imbribus
1249 1391 1665 1448 aestimandum
1704 1395 1791 1446 est
1822 1407 1837 1445 :

186 1481 256 1537 Ut
298 1481 504 1536 omnis
554 1496 709 1544 caro,
755 1497 886 1552 quae
931 1480 1130 1535 visura
1170 1484 1260 1536 est
1308 1479 1563 1536 salutare
1601 1480 1843 1551 Dei,per

184 1570 464 1627 silvarum
514 1569 855 1625 incendium
890 1574 947 1625 ct
983 1570 1302 1636 flammam,
1336 1586 1463 1641 quae
1496 1568 1717 1625 nullius
1746 1585 1841 1624 ex-

183 1658 511 1731 stinguitur
533 1658 764 1725 auxilio,
780 1663 1099 1731 cognoscat
1120 1659 1270 1729 quod
1294 1658 1420 1730 ipse
1437 1658 1514 1714 sit
1534 1658 1839 1715 Dominus.

1942 872 2087 924 rum,
2118 860 2174 911 et
2199 857 2467 927 propheta
2492 872 2661 929 super
2681 861 2884 913 terram
2912 860 3102 927 Israel,
3129 868 3182 915 et
3209 859 3354 917 dices
3389 862 3463 917 ad
3481 864 3593 916 ter-

1943 962 2067 1000 ram
2116 944 2299 1001 Israel
2331 962 2343 1000 :
2376 947 2504 1003 Haec
2531 946 2664 1001 dicit
2710 949 2973 1003 Dominus
3022 949 3160 1004 Deus
3192 965 3205 1003 :
3239 951 3369 1006 Ecce
3396 965 3491 1021 ego
3522 949 3594 1005 ad

1945 1043 2015 1101 te,
2040 1039 2091 1090 et
2114 1035 2339 1090 educam
2371 1035 2621 1103 gladium
2640 1052 2821 1091 meum
2840 1038 2908 1092 de
2940 1039 3141 1106 vagina
3160 1054 3283 1106 sua,
3302 1043 3355 1095 el
3376 1038 3592 1109 interﬁ-

1945 1126 2087 1179 ciam
2118 1140 2186 1179 ea:
2212 1129 2263 1179 te
2282 1126 2537 1195 iniquum
2559 1133 2608 1180 et
2627 1126 2910 1197 injustam.
2935 1126 3025 1182 Sic
3046 1126 3356 1196 egredietur
3376 1127 3594 1199 gladius

1945 1229 2097 1269 meus
2125 1213 2189 1268 de
2214 1215 2415 1282 vagina
2460 1230 2561 1269 sua
2588 1231 2753 1286 super
2796 1231 3011 1271 omnem
3039 1232 3263 1272 carnem
3304 1232 3340 1272 a
3376 1215 3599 1272 Meridie

1947 1318 2118 1372 usque
2144 1302 2214 1357 ad
2242 1302 2578 1373 Aquilonem,
2603 1306 2654 1357 et
2681 1312 2957 1374 cognoscet
2984 1306 3162 1360 amris
3188 1319 3317 1361 caro
3346 1304 3477 1377 quia
3502 1318 3598 1374 ego

1948 1393 2210 1447 Dominus
2238 1392 2403 1447 eduxi
2425 1391 2672 1461 gladium
2692 1410 2874 1448 meum
2900 1394 2964 1449 de
2992 1395 3197 1463 vagina
3216 1410 3317 1449 sua
3337 1412 3356 1449 :
3387 1410 3499 1450 non
3518 1410 3602 1451 re-

1951 1484 2193 1536 vertetur
2221 1482 2388 1536 ultra.
2427 1480 2570 1544 Quia
2610 1498 2789 1554 supra
2819 1483 3043 1539 dixerat
3075 1500 3088 1538 :
3126 1483 3243 1555 Ipsi
3291 1483 3497 1539 dicunt
3526 1484 3599 1539 de

1952 1586 2065 1637 me,
2100 1570 2387 1641 numquid
2421 1585 2536 1625 non
2568 1586 2671 1641 per
2719 1571 3028 1643 parabolas
3056 1571 3318 1644 loquitur
3347 1572 3458 1628 iste
3483 1571 3512 1626 ‘I
3540 1575 3602 1629 et

1954 1663 2214 1730 apertam
2246 1658 2828 1732 populus‘ﬂagitabat
2867 1661 3218 1717 sententiam
3246 1678 3261 1716 :
3295 1660 3510 1718 idcirco
3540 1660 3602 1717 id

182 1750 346 1814 Quod
399 1747 746 1846 intelligens
800 1747 1089 1819 Propheta
1134 1747 1456 1819 respondit,
1501 1748 1592 1818 ah,
1625 1747 1718 1814 ah,
1748 1748 1840 1813 ah,
1876 1782 1923 1846 B
1955 1749 2111 1819 quod
2145 1748 2427 1804 Dominus
2448 1766 2551 1821 per
2574 1749 2978 1821 metaphoram
3007 1749 3127 1806 sive
3155 1750 3514 1822 parabolam,
3546 1752 3606 1806 et

182 1839 416 1893 Domine
443 1838 590 1893 Deus
612 1855 632 1892 :
662 1835 750 1892 vel
782 1840 847 1891 ut
871 1836 1253 1909 Septuaginta
1275 1836 1724 1901 transtulerunt,
1749 1851 1845 1891 ne-

182 1943 490 1999 quaquam,
530 1927 776 1993 Domine,
809 1927 1055 1981 Domine.
1080 1926 1149 1980 Et
1175 1924 1355 1980 infert
1388 1942 1400 1980 :
1433 1930 1506 1980 Et
1533 1926 1639 1996 ipsi
1658 1925 1848 1981 dicunt

182 2016 251 2070 ad
278 2031 371 2070 me
400 2034 420 2070 :
450 2014 739 2086 Numquid
766 2030 879 2070 non
896 2031 992 2085 per
1013 2014 1307 2086 parabolas
1327 2015 1573 2084 loquitur
1591 2016 1731 2070 iste?
1756 2013 1847 2069 vel

182 2105 453 2177 parabola
470 2108 552 2160 est
568 2105 677 2159 ista
706 2119 833 2175 quae
852 2104 1062 2159 dicitur
1080 2108 1104 2157 .9
1134 2104 1202 2158 Et
1221 2108 1311 2159 est
1332 2120 1543 2159 sensus
1568 2121 1580 2158 :
1607 2103 1849 2159 Planius

185 2194 446 2266 loquere,
481 2210 602 2249 non
652 2192 1042 2265 intelligimus
1082 2209 1184 2264 per
1224 2192 1563 2264 parabolam
1596 2192 1734 2264 quid
1763 2192 1846 2248 lo-

188 2283 421 2354 quaris:
439 2287 645 2354 aperto
668 2298 939 2338 sermone
960 2281 1059 2337 Dei
1082 2282 1251 2337 nobis
1267 2282 1458 2353 pande
1473 2282 1844 2337 sententiam.

194 2372 393 2428 Potest
416 2377 614 2428 autem
644 2371 1003 2445 tropologice
1032 2371 1314 2427 Themam
1344 2375 1402 2426 et
1430 2371 1627 2426 Nabeb
1660 2374 1716 2426 et
1745 2370 1849 2426 Da-

192 2477 349 2529 rom,
385 2461 456 2532 (α)
488 2461 766 2534 Egyptus
790 2459 1037 2532 intelligi
1065 2477 1077 2515 :
1102 2459 1354 2533 legimus
1374 2459 1530 2515 enim
1553 2459 1614 2537 in
1646 2459 1848 2515 Daniel

189 2549 401 2606 crebro
454 2553 739 2605 Austrum
797 2566 900 2621 pro
956 2550 1198 2621 Egypto
1250 2549 1433 2620 accipi
1492 2549 1665 2621 (Dan.
1726 2549 1846 2620 x1).

187 2639 475 2711 Εεγριιιε
500 2643 701 2693 autem
726 2638 973 2694 refertur
987 2638 1060 2693 ad
1095 2638 1299 2692 mundi
1323 2637 1497 2693 istius
1518 2637 1846 2709 angustias.

189 2727 509 2799 Prophetat
537 2727 720 2800 igitur
756 2725 1017 2782 Ezechiel
1050 2742 1175 2797 quae
1207 2726 1426 2781 mundo
1459 2716 1702 2781 ventura
1733 2725 1851 2781 sint

192 2816 370 2883 mala,
404 2832 586 2888 quem
632 2814 853 2871 saltum
884 2818 1070 2882 vocat,
1102 2815 1419 2885 pomiferas
1462 2814 1699 2870 arbores
1730 2831 1847 2870 non

192 2904 656 2973 habentem,sed
683 2904 1085 2960 habitaculum
1110 2903 1454 2959 bestiarum.
1480 2903 1560 2959 De
1578 2920 1693 2975 quo
1715 2903 1847 2959 etin

191 2995 478 3067 vigesimo
491 2993 648 3050 243
664 2996 864 3049 octavo
878 2992 1103 3065 psalmo
1114 2992 1329 3048 dicitur
1343 3009 1355 3048 :
1378 2994 1488 3049 νοω
1497 2994 1715 3048 Domini
1731 3009 1851 3064 per-

191 3085 433 3154 ﬁcienti:
450 3099 657 3148 cervos,
666 3086 717 3138 et
731 3083 999 3138 relevabit
1019 3083 1292 3137 condensa
1310 3081 1845 3152 silvarum(Vers.9).

1958 1841 2023 1890 ut
2054 1837 2152 1892 alii
2190 1842 2429 1905 vertere,
2457 1839 2828 1909 proverbium,
2862 1840 3017 1895 244
3046 1843 3137 1895 est
3163 1838 3413 1911 locutus,
3448 1854 3604 1895 nunc

1958 1926 2332 1982 manifestius
2354 1926 2635 1998 loquitur,
2660 1927 2846 1983 saltus
2862 1928 3056 2000 Nageb
3074 1932 3131 1983 et
3160 1932 3365 1984 Darem
3385 1932 3442 1984 et
3461 1929 3610 1985 The-

1958 2030 2094 2070 man
2126 2032 2252 2071 esse
2281 2015 2698 2083 Jerusalem,et
2731 2015 3012 2089 templum
3045 2015 3226 2087 illius,
3246 2020 3451 2073 sancta
3470 2033 3614 2074 san-

1958 2107 2269 2174 ctorum,et
2287 2121 2520 2160 omnem
2543 2108 2756 2160 terram
2778 2105 2984 2160 ludam
3001 2104 3458 2177 {ﬂammamque
3479 2121 3609 2178 qua

1960 2193 2343 2249 combustura
2373 2193 2449 2248 sit
2478 2193 2718 2263 saltum,
2752 2193 3001 2267 intelligi
3032 2193 3293 2262 gladium
3325 2194 3607 2250 devoran-

1957 2285 2097 2351 tem,
2122 2281 2219 2353 qui
2252 2282 2497 2337 eductus
2528 2283 2692 2338 sitde
2720 2282 2933 2354 vagina
2962 2299 3088 2351 sua,
3109 2287 3173 2337 ut
3194 2282 3504 2338 interficiat
3515 2283 3611 2355 ju-

1961 2373 2117 2424 stum
2152 2374 2209 2424 et
2237 2370 2507 2442 impium.
2540 2375 2658 2427 Hoc
2689 2376 2777 2427 est
2807 2372 2963 2427 enim
2985 2370 3213 2444 lignum
3245 2370 3425 2427 viride
3454 2374 3510 2427 et
3538 2370 3610 2426 li-

1958 2474 2141 2528 gnum
2173 2459 2426 2514 aridum.
2462 2459 2625 2515 Unde
2655 2464 2712 2515 et
2754 2458 3036 2516 Dominus
3067 2476 3081 2514 :
3116 2460 3176 2515 Si
3205 2462 3266 2515 in
3300 2458 3470 2531 ligno,
3504 2459 3608 2530 ait,

1956 2548 2126 2601 viridi
2151 2551 2306 2602 tanta
2333 2549 2586 2618 faciunt:
2609 2550 2666 2603 in
2697 2551 2836 2604 sicco
2866 2549 2998 2619 quid
3024 2549 3234 2619 facient
3263 2547 3414 2619 (Luc.
3446 2564 3605 2617 mn,

1956 2636 2046 2707 31)
2067 2635 2095 2690 ?
2121 2635 2227 2691 Pro
2257 2653 2392 2707 quo,
2423 2636 2618 2693 nescio
2651 2637 2791 2709 quid
2823 2637 3104 2705 volentes,
3126 2637 3262 2692 LXX
3284 2638 3540 2708 iniquum
3559 2637 3611 2692 et

1957 2726 2227 2796 injustam
2258 2725 2620 2798 interpretati
2644 2729 2817 2781 sunt:
2856 2726 3025 2797 quasi
3049 2742 3163 2781 non
3193 2725 3348 2781 idem
3379 2727 3608 2780 utrum-
3636 2768 3643 2773 .

1958 2830 2071 2885 que
2103 2814 2412 2887 significet.
2446 2814 2726 2886 Quodque
2759 2814 2840 2870 ibi
2875 2815 3116 2871 dixerat.
3146 2815 3213 2870 Et
3240 2813 3446 2870 videbit
3474 2814 3609 2869 uni-

1959 2919 2109 2958 versa
2133 2919 2280 2969 caro,
2308 2905 2439 2974 quia
2467 2920 2560 2975 ego
2599 2905 2862 2959 Dominus
2893 2904 3154 2960 succendi
3180 2921 3322 2971 eam,
3356 2903 3466 2959 hoc
3498 2906 3608 2975 est,

1958 2990 2189 3059 silvam,
2221 2991 2338 3047 sive
2387 2992 2708 3063 flammam,
2742 3009 2841 3048 nec
2886 2995 3258 3065 extinguetur,
3292 2992 3429 3048 hinc
3477 2991 3608 3048 aliis

1957 3080 2148 3136 verbis
2178 3079 2436 3153 loquitur
2461 3098 2473 3135 :
2512 3084 2574 3139 Ut
2601 3084 2746 3138 sciat
2770 3084 2949 3138 omnis
2968 3098 3116 3151 caro,
3149 3084 3280 3153 quia
3308 3098 3402 3153 ego
3424 3082 3610 3138 Domi-

194 3152 320 3228 Istaa
351 3176 499 3227 sunt
519 3169 699 3234 silvai,
736 3174 793 3226 et
825 3169 1028 3235 saltus,
1052 3170 1153 3241 qui
1186 3170 1319 3242 plus
1342 3170 1763 3226 devoraverunt
1785 3169 1845 3225 in
1877 3152 1919 3218 (ἶ
1957 3186 2061 3225 nus
2090 3152 2519 3242 eduxigladium
2538 3187 2722 3226 meum
2742 3172 2805 3227 de
2822 3174 3028 3241 vagina
3045 3152 3605 3227 suaiirrevocabilem.

194 3262 393 3334 praelia
426 3261 499 3315 de
532 3260 787 3316 exercitu
821 3259 1160 3323 Abessalon,
1194 3275 1372 3330 quam
1404 3259 1694 3315 interfecit
1722 3260 1849 3332 gla-

192 3352 323 3407 dius
354 3350 430 3420 (II
456 3352 585 3420 Reg.
618 3348 804 3419 xvm).
828 3347 1332 3419 Succenditurque
1353 3347 1413 3403 in
1446 3347 1695 3404 saltibus
1729 3349 1847 3421 pri—

195 3456 357 3496 mum
390 3439 626 3511 lignum
651 3437 853 3506 viride,
877 3444 931 3493 et
962 3437 1045 3493 sic
1075 3437 1326 3505 aridum,
1360 3437 1421 3491 hi
1443 3438 1543 3509 qui
1568 3437 1848 3493 vivuntin

194 3528 370 3600 male,
397 3534 456 3585 et
484 3527 550 3583 hi
581 3526 684 3599 qui
708 3527 953 3599 justitim
978 3526 1193 3582 mortui
1218 3531 1374 3582 sunt.
1408 3527 1688 3598 Quodque
1710 3527 1852 3582 dici-

194 3624 287 3674 tur
317 3636 332 3674 :
362 3619 433 3672 Et
462 3616 818 3674 comburetur
848 3618 909 3670 in
933 3632 997 3672 ea
1025 3616 1203 3671 omnis
1241 3616 1410 3682 facies
1440 3615 1507 3669 ab
1538 3615 1730 3671 Austro
1760 3631 1850 3670 us-

194 3723 296 3779 que
324 3706 398 3762 ad
452 3706 802 3777 Aquilonem,
838 3704 946 3760 hoc
976 3704 1117 3759 dicit
1153 3721 1163 3758 :
1197 3704 1283 3759 Ab
1316 3703 1407 3758 his
1456 3704 1557 3774 qui
1598 3704 1853 3760 fervente

197 3797 411 3868 spiritu
440 3795 815 3861 videbantur,
838 3808 1025 3865 usque
1056 3793 1127 3848 ad
1159 3808 1257 3848 eos
1289 3792 1393 3864 qui
1422 3797 1719 3847 crescente
1744 3791 1852 3847 ini-

194 3885 453 3957 quitate,
481 3888 542 3939 et
561 3883 904 3956 refrigerata
928 3882 1210 3938 charitate
1234 3881 1577 3951 multorum,
1601 3880 1853 3937 calorem

197 3972 527 4045 pristinum
548 3971 957 4043 perdiderunt;
976 3972 1059 4026 ita
1088 3969 1362 4025 utomnis
1386 3986 1517 4025 caro
1541 3969 1857 4041 perspiciat

198 4061 513 4116 flammam
542 4059 773 4116 Domini
806 4076 921 4114 non
953 4058 1264 4131 exstingui.
1302 4059 1689 4129 Precaturque
1723 4074 1854 4129 pro-

198 4149 383 4222 pheta
414 4165 485 4204 ne
516 4148 619 4205 fiat
649 4149 804 4220 quod
837 4148 1124 4204 Dominus
1154 4146 1549 4202 comminatus
1580 4150 1668 4202 est
1699 4162 1712 4201 :
1747 4146 1857 4203 hoc

194 4244 306 4306 est,
342 4254 419 4294 ne
448 4237 846 4295 succendatur
877 4235 1086 4307 saltus,
1120 4240 1177 4292 et
1206 4235 1368 4308 ligna
1396 4236 1594 4291 omnia
1623 4251 1857 4291 concre-

197 4333 439 4384 mentur
466 4344 482 4394 ;
518 4332 585 4381 ut
603 4330 707 4382 aut
734 4325 928 4382 adhuc
949 4325 1238 4397 accipiant
1266 4324 1459 4381 locum
1486 4324 1856 4397 pmnitentire,

195 4421 299 4472 aut
326 4415 445 4472 sibi
477 4432 598 4471 non
630 4414 972 4487 imponatur
987 4414 1308 4469 necessitas
1338 4412 1530 4469 tristia
1552 4413 1856 4469 nutiandi:

1956 3259 2105 3314 Vere
2123 3259 2279 3314 enim
2311 3262 2512 3314 contra
2530 3259 2850 3315 Jerusalem
2871 3277 2985 3316 non
3010 3264 3099 3316 est
3123 3261 3363 3315 ﬂamma
3391 3259 3604 3331 sopita,

1960 3364 2064 3403 nec
2096 3348 2451 3403 exstinctum
2485 3349 2843 3417 incendium,
2878 3366 2985 3406 nec
3011 3352 3315 3404 revocatus
3344 3347 3604 3419 gladius,

1959 3436 2099 3507 quia
2127 3436 2423 3492 modicum
2445 3440 2679 3509 tempus
2710 3438 2769 3493 in
2800 3438 3012 3506 medio,
3036 3442 3094 3493 et
3122 3436 3448 3493 Jerusalem
3470 3451 3606 3491 cum

1958 3524 2176 3597 templo
2207 3542 2335 3596 suo,
2370 3526 2685 3599 Babylonio
2716 3528 2849 3600 igne
2877 3543 3161 3582 succensa
3186 3530 3295 3582 est.

2033 3614 2219 3682 (Vers.
2248 3617 2302 3683 6,
2332 3615 2411 3686 7.)
2440 3617 2505 3671 Et
2532 3623 2610 3677 tu,
2643 3616 2730 3686 ﬁli
2773 3616 3030 3685 hominis,
3063 3617 3363 3686 ingemisce
3390 3616 3451 3669 in
3480 3629 3609 3671 con-

1959 3705 2187 3759 tritione
2210 3703 2544 3774 lumborum,
2567 3712 2619 3759 et
2643 3705 2701 3758 in
2729 3704 3195 3759 amaritudinibus
3215 3705 3507 3773 ingemisce
3524 3717 3609 3757 co-

1962 3809 2085 3847 ram
2113 3795 2214 3847 eis.
2251 3792 2491 3863 Cumque
2512 3793 2765 3848 dixerint
2793 3792 2863 3847 ad
2886 3797 2939 3848 te
2962 3810 2980 3847 :
3005 3793 3182 3860 Quare
3201 3795 3262 3847 tu
3290 3793 3460 3863 gemis
3479 3790 3507 3846 ‘I
3532 3790 3616 3846 di-

1962 3896 2045 3935 ces
2077 3897 2090 3937 :
2125 3881 2233 3935 Pro
2265 3879 2477 3947 auditu,
2511 3882 2643 3951 quia
2678 3883 2849 3951 venit,
2879 3885 2931 3937 et
2980 3882 3206 3936 tabescet
3236 3897 3394 3937 omne
3421 3896 3534 3947 cor,
3565 3886 3618 3936 et

1964 3969 2326 4025 dissolventur
2342 3971 2610 4027 universae
2625 3976 2903 4038 manus,et
2916 3970 3296 4042 inﬁrmabitur
3305 3971 3483 4027 omnis
3502 3970 3619 4041 spi-

1964 4061 2127 4125 ritus,
2159 4066 2211 4113 et
2238 4074 2338 4128 per
2384 4069 2581 4114 cuncta
2610 4076 2788 4129 genua
2817 4062 2990 4130 ﬂuent
3024 4076 3201 4131 aqua.
3234 4060 3367 4115 Ecce
3393 4058 3543 4115 venit
3570 4060 3622 4115 et

1964 4149 2072 4219 ﬁet,
2109 4148 2191 4201 ait
2240 4147 2500 4202 Dominus
2547 4148 2738 4221 [Vulg.
2770 4149 2934 4205 addit
2986 4150 3145 4219 Deus]
3198 4148 3343 4204 LXX
3378 4166 3390 4205 :
3425 4149 3489 4204 Et
3536 4155 3618 4217 tu,

1972 4237 2058 4305 ﬁli
2088 4235 2346 4302 hominis,
2379 4238 2669 4308 ingemisce
2698 4240 2756 4292 in
2804 4240 3134 4294 contritione
3163 4237 3471 4294 lumborum
3502 4239 3625 4291 tuo-

1969 4342 2115 4395 rum,
2130 4330 2182 4380 et
2213 4327 2272 4380 in.
2301 4325 2579 4381 doloribus
2604 4343 2759 4396 gemo
2775 4328 2831 4382 in
2854 4334 3140 4398 conspectu
3166 4342 3373 4381 eorum.
3396 4325 3624 4396 Eritque

1968 4417 2019 4470 si
2046 4414 2294 4469 dicerint
2322 4414 2392 4469 ad
2422 4419 2473 4471 te
2502 4433 2514 4471 :
2548 4416 2726 4484 Quare
2754 4424 2814 4471 tu
2849 4417 3022 4487 gemis
3041 4420 3066 4470 .9
3092 4420 3143 4470 et
3170 4414 3313 4470 dices
3347 4431 3360 4469 :
3395 4415 3627 4485 Propter

198 4505 529 4577 praesrtim
563 4519 699 4560 cum
722 4494 975 4576 populus
1003 4519 1072 4558 ea
1104 4519 1219 4558 non
1240 4500 1549 4573 intelligat,
1570 4506 1622 4557 et
1656 4502 1863 4557 obscu-
1892 4522 1938 4587 Ι)
1968 4506 2246 4567 nuntium,
2280 4506 2411 4575 quia
2438 4506 2610 4571 venit,
2642 4508 2694 4559 et
2722 4504 3210 4576 comprehendetur
3236 4518 3437 4576 pavore
3465 4517 3623 4558 omne

203 4594 376 4649 ritate
407 4594 728 4658 dictorum,
762 4591 950 4664 magis
985 4592 1057 4646 ad
1088 4591 1381 4647 insaniam
1415 4595 1776 4663 provocetur.

277 4685 433 4754 (Cap.
465 4682 608 4738 XXI.
634 4712 703 4722 —
730 4681 891 4737 Vers.
931 4682 955 4735 1
993 4680 1143 4752 seq.)
1164 4682 1230 4735 Et
1256 4683 1433 4751 factus
1458 4684 1536 4734 est
1563 4696 1739 4735 sermo
1761 4681 1866 4735 Do-

204 4772 356 4826 mini
379 4773 454 4827 ad
479 4787 591 4838 me,
621 4770 807 4825 dicens
842 4787 855 4825 :
890 4771 1005 4825 Fili
1034 4769 1297 4834 hominis,
1319 4785 1458 4839 pone
1483 4771 1685 4840 faciem
1711 4772 1866 4824 tuam

201 4859 279 4913 ad
300 4861 632 4931 Jerusalem,
663 4867 714 4914 et
738 4860 888 4915 stilla
915 4859 984 4913 ad
1013 4860 1349 4922 sanctuaria,
1378 4861 1429 4913 et
1448 4859 1715 4929 propheta
1734 4874 1867 4914 con-

200 4956 291 5003 tra
336 4951 573 5004 humum
604 4950 797 5017 Israel,
828 4950 878 5003 et
918 4947 1061 5003 dices
1099 4950 1267 5003 terra:
1315 4947 1529 5001 Israel:
1563 4947 1687 5003 Haec
1734 4946 1871 5002 dicit

206 5040 477 5095 Dominus
515 5040 664 5093 Deus
693 5055 712 5092 :
746 5038 878 5093 Ecce
918 5052 1012 5107 ego
1059 5036 1130 5091 ad
1180 5043 1247 5104 te,
1280 5044 1330 5091 et
1360 5036 1580 5106 ejiciam
1624 5035 1873 5106 gladium

207 5143 389 5184 meum
419 5128 487 5183 de
517 5130 722 5197 vagina
755 5144 877 5192 sua,
910 5135 961 5181 et
989 5124 1236 5181 occidam
1284 5141 1344 5179 τη
1375 5133 1427 5180 te
1446 5126 1660 5196 justum
1688 5128 1737 5181 et
1768 5127 1874 5180 im-

208 5219 387 5288 pium.
402 5218 513 5272 Pro
527 5232 592 5271 eo
605 5225 787 5272 autem
810 5214 952 5288 quod
971 5215 1149 5271 occidi
1168 5214 1227 5269 in
1246 5218 1298 5269 te
1302 5215 1515 5285 justum
1530 5222 1580 5269 et
1600 5216 1837 5283 impium
1857 5233 1878 5269 :

214 5306 432 5363 idcirco
458 5306 775 5378 egredietur
800 5304 1019 5374 gladius
1050 5320 1199 5360 meus
1229 5302 1296 5358 de
1326 5306 1523 5374 vagina
1549 5320 1653 5359 sua
1683 5303 1752 5359 ad
1771 5320 1890 5360 om-

1974 4608 2083 4660 cor,
2117 4597 2169 4646 ct
2199 4593 2573 4648 dissolventur
2594 4596 2872 4650 universae
2895 4601 3184 4659 manus,el
3214 4591 3629 4647 exanimabitur

1977 4683 2155 4736 omnis
2176 4698 2301 4737 caro
2331 4690 2385 4736 et
2400 4684 2579 4737 omnis
2597 4684 2844 4754 spiritus,
2858 4685 2907 4738 et
2938 4684 3125 4737 omnia
3143 4683 3356 4751 femora
3370 4679 3626 4750 polluen-

1980 4778 2070 4825 tur
2098 4769 2341 4826 humore.
2376 4772 2506 4825 Ecce
2552 4773 2701 4827 venit
2748 4775 2798 4827 et
2828 4773 2954 4837 erit,
2987 4770 3119 4825 dicit
3169 4770 3435 4824 Dominus
3464 4769 3628 4824 Deus.

1984 4857 2242 4912 Primum
2278 4858 2502 4915 dixerat
2535 4876 2548 4915 :
2581 4862 2905 4925 valicinare,
2937 4858 3022 4914 vel
3051 4856 3217 4913 stilla
3247 4858 3318 4913 ad
3352 4858 3632 4927 Austrum,

1986 4947 2231 5017 Africum
2252 4952 2303 5002 et
2334 4948 2634 5015 Meridiem,
2658 4954 2707 5003 et
2737 4949 2806 5004 ad
2825 4946 3033 5003 saltum
3057 4947 3447 5003 meridianum.
3472 4947 3636 5012 Quod

1988 5034 2126 5107 quia
2146 5034 2448 5091 videbatur
2468 5036 2811 5105 obscurum,
2825 5042 2882 5092 et
2897 5036 3054 5093 dicta
3074 5037 3368 5109 prophetae
3386 5036 3641 5110 populus

1991 5124 2306 5190 nesciebat,
2328 5127 2585 5181 secundo
2617 5126 2856 5199 ponitur
2877 5126 3244 5183 manifestius
3274 5126 3489 5183 saltum
3520 5141 3641 5182 me-

1994 5208 2287 5269 ridianum
2318 5231 2445 5270 esse
2461 5215 2809 5281 Jerusalem,
2825 5221 2881 5271 et
2902 5231 3107 5272 omnes
3128 5216 3525 5273 infructuosae
3547 5230 3644 5270 ar-

2000 5305 2167 5360 bores
2198 5305 2269 5359 ad
2300 5319 2550 5375 quarum
2574 5304 2798 5360 radices
2818 5305 3042 5362 securis
3063 5305 3256 5378 posita
3285 5305 3362 5362 sit
3386 5304 3532 5376 (Mat.
3558 5319 3645 5372 ιιι,

222 5411 353 5452 nem
377 5412 631 5462 carnem,
665 5395 734 5450 ab
762 5396 964 5450 Austro
996 5408 1167 5467 usque
1194 5390 1264 5448 ad
1289 5392 1632 5465 Aquilonem.
1664 5394 1729 5449 Et
1758 5395 1891 5451 sciet
2000 5395 2124 5450 Luc.
2155 5394 2259 5465 ιιι),
2291 5391 2536 5467 intelligi
2562 5392 2860 5453 habitores
2882 5395 3438 5469 ejus:gladiumque
3467 5392 3651 5452 inter-

298 5630 377 5706 (a)
392 5626 692 5687 Interserit
703 5626 1005 5698 Rabanus,
1020 5626 1169 5703 quod
1182 5625 1549 5704 Septuaginta
1564 5637 1891 5703 posuerunt.

559 5754 828 5823 Panos.
894 5756 1080 5824 XXV.
