4006 6180
348 309 463 370 203

1584 312 1649 369 S.
1697 308 2008 372 EUSEBII
2054 311 2516 372 HIERONYMI.

3622 301 3741 365 2οι

342 440 558 511 pretari
576 440 987 512 proincendio.
1008 438 1461 511 Tertiojubetur
1482 440 1792 511 prophetae,
1822 449 1883 494 ut
1906 446 1985 495 ta-
2014 444 2070 508 Α
2100 441 2352 497 maxime
2382 441 2481 497 ubi
2511 447 2612 496 aut
2640 441 2801 496 nulla
2831 445 2932 496 aut
2960 454 3137 513 parva
3174 436 3457 493 distantia
3485 440 3593 491 est.
3624 434 3741 489 Po-

252 602 267 607 -
340 528 608 584 centibus
620 527 737 585 illis
750 545 854 584 nec
867 529 1499 601 interrogantibus,cur
1510 528 1623 584 ista
1637 528 1984 585 vaticinatus

340 614 419 672 sit
441 615 614 671 faciat
635 633 873 689 parquae
887 617 1362 689 interrogetur,et
1374 618 1723 689 respondeat
1739 633 1866 689 quae
1882 617 1988 673 Do-

344 703 547 759 minus
576 703 810 760 locutus
840 708 947 761 est.
983 705 1325 779 Ingemisce,
1347 707 1496 763 245
1522 705 1982 777 inquit-,ejulare,

335 808 453 847 non
470 791 579 848 levi
603 808 759 863 voce,
775 809 879 850 nec
892 792 1093 850 dolore
1110 794 1428 863 moderato,
1447 794 1549 850 sed
1562 794 1620 849 in
1635 794 1984 851 contritione

332 878 695 949 lumborum,
732 885 796 936 ut
838 882 1095 955 gemitus
1124 887 1262 938 tuus
1311 898 1380 937 ex
1410 881 1545 937 imis
1573 866 1896 938 visceribus
1925 885 1985 938 et

334 968 731 1025 amaritudine
761 969 943 1026 animi
974 971 1321 1043 proferatur.
1354 974 1419 1025 Et
1449 970 1557 1025 hoc
1580 969 1754 1025 facies
1785 986 1980 1025 coram

332 1056 418 1113 eis
452 1074 463 1114 :
498 1061 564 1113 ut
610 1074 746 1113 cum
776 1062 832 1114 te
882 1058 1365 1131 interrogaverint
1395 1075 1498 1114 cur
1544 1062 1707 1113 tanto
1754 1057 1978 1130 gemitu

334 1146 676 1216 conferaris,
707 1152 765 1202 et
809 1147 949 1219 quid
979 1148 1085 1203 tibi
1116 1146 1254 1202 mali
1302 1147 1579 1203 acciderit
1606 1151 1671 1201 ut
1701 1147 1782 1202 sic
1815 1148 1978 1219 inge-

334 1234 569 1304 miscas,
604 1240 669 1291 tu
712 1236 796 1292 eis
847 1252 976 1292 meo
1010 1252 1277 1292 sermone
1323 1236 1677 1308 respondeas
1713 1254 1725 1290 :
1760 1236 1977 1291 Idcirco

332 1322 630 1396 plango,et
648 1324 906 1381 dolorem
922 1325 1112 1380 cordis
1135 1324 1248 1380 mei
1261 1323 1635 1381 dissimulare
1658 1341 1772 1379 non
1790 1323 1973 1390 valeo,

333 1412 472 1484 quia
499 1413 736 1468 auditus
769 1413 870 1485 qui
902 1430 1133 1485 semper
1163 1413 1310 1469 meis
1342 1413 1583 1469 auribus
1613 1414 1976 1483 insonuerat,

331 1516 502 1572 opere
531 1502 855 1573 completur
893 1506 949 1557 et
978 1502 1133 1557 venit
1166 1519 1178 1557 :
1214 1502 1531 1557 imminens
1561 1501 1830 1557 videlicet
1870 1502 1975 1556 Ba-

330 1587 547 1661 bylonii
581 1588 828 1645 furentis
851 1590 1159 1646 exercitus.
1193 1592 1299 1656 Qui
1325 1607 1457 1646 cum
1481 1592 1701 1646 venerit
1721 1595 1777 1645 et
1805 1589 1978 1645 valla-

326 1676 473 1732 verit
502 1676 849 1748 Jerusalem,
882 1682 1021 1734 tunc
1054 1680 1306 1734 tabescet
1342 1695 1515 1735 omne
1543 1695 1659 1748 cor,
1680 1683 1735 1733 et
1764 1677 1973 1733 dissol-

325 1768 535 1821 ventur
556 1767 838 1823 universae
862 1783 1109 1824 manus:
1138 1773 1218 1837 ut,
1241 1772 1559 1839 occupante
1584 1784 1792 1840 pavore
1817 1783 1973 1822 men-

321 1858 410 1910 tes
426 1854 968 1923 hominum,nullus
982 1857 1193 1912 audeat
1207 1872 1551 1928 repugnare.
1572 1856 1975 1911 lnfirmabitur

320 1943 475 1999 enim
498 1943 766 2000 omnium
785 1942 1132 2001 bellatorum
1165 1945 1431 2017 spiritus,
1456 1948 1512 2000 et
1542 1950 1706 2001 tanta
1731 1949 1971 2000 cunctos

322 2032 630 2105 occupabit
658 2032 970 2105 trepidatio
1002 2038 1177 2105 atque
1210 2034 1481 2101 formido,
1517 2038 1602 2102 ut,
1636 2034 1845 2090 timore
1874 2050 1968 2088 co-

323 2125 696 2193 gente,artus
727 2126 784 2177 et
805 2122 1027 2178 viscera
1048 2122 1462 2191 dissolvantur,
1487 2128 1544 2179 et
1561 2124 1749 2178 vesica
1773 2123 1977 2178 humo-

324 2226 447 2266 rem
478 2214 674 2266 tenere
706 2226 820 2266 non
844 2209 1068 2267 valeat:
1103 2211 1183 2267 ita
1202 2217 1267 2266 ut
1298 2212 1467 2266 urina
1485 2228 1677 2283 genua
1706 2211 1972 2284 polluan-

256 2304 261 2310 ’
322 2301 440 2355 tur.
474 2298 753 2354 Naturale
778 2304 867 2354 est
888 2300 1149 2367 enim,ut
1176 2301 1387 2356 timore
1408 2301 1878 2371 cogente,vesica
1900 2299 1976 2355 la-

324 2393 515 2454 xetur,
544 2392 601 2443 et
629 2388 909 2444 adversus
952 2389 1209 2445 hominis
1243 2389 1601 2445 voluntatem
1635 2390 1849 2445 humor
1878 2390 1975 2445 de-

326 2476 488 2532 ﬂuat.
523 2476 686 2541 Quod
717 2476 956 2548 quidem
1005 2482 1062 2534 et
1090 2478 1150 2534 in
1184 2479 1521 2535 morborum
1573 2478 1977 2551 magnitudine

324 2563 586 2620 accidere
614 2564 780 2633 solet,
813 2571 877 2621 ut
908 2564 1217 2640 postquam
1252 2568 1403 2623 vires
1433 2568 1752 2623 defecerint
1790 2583 1973 2637 aegro-

321 2653 597 2725 tantium,
610 2672 725 2710 non
748 2656 939 2711 solum
962 2673 1175 2728 genua,
1191 2658 1291 2712 sed
1315 2662 1371 2711 et
1390 2656 1589 2712 lectuli
1614 2655 1974 2727 polluantur.

321 2747 485 2810 Ecce,
536 2742 750 2814 inquit,
777 2744 957 2811 venit,
990 2747 1145 2817 quod
1193 2762 1344 2816 saepe
1386 2744 1648 2816 praedixi,
1701 2749 1759 2799 et
1805 2760 1979 2815 opere

322 2830 649 2902 completur
672 2848 738 2886 ac
770 2830 868 2887 ﬁet
888 2833 1043 2904 quod
1076 2850 1190 2888 non
1214 2849 1342 2904 ego,
1368 2832 1466 2888 sed
1508 2826 1797 2888 Dominus
1818 2832 1976 2887 locu-

230 2908 233 2917 ’
326 2923 423 2975 tus
453 2923 561 2975 est.
587 2919 717 2976 Scio
748 2921 1062 2992 quemdam
1084 2921 1142 2976 in
1166 2920 1515 2976 contritione
1542 2921 1901 2988 lumborum,
1923 2925 1980 2976 et

332 3009 651 3065 ﬂuentibus
693 3009 884 3080 aquis,
930 3007 1115 3065 multa
1167 3009 1502 3065 testimonia
1551 3009 1881 3080 replicasse,
1915 3014 1980 3064 ut

333 3097 625 3170 prophetae
655 3097 893 3153 castitas
937 3096 1302 3169 impleretur,
1333 3102 1389 3153 et
1437 3097 1762 3153 amaritudo
1795 3098 1976 3153 animi

334 3190 391 3242 et
406 3185 572 3241 dolor
583 3186 794 3242 mentis
812 3185 1098 3254 internus,
1113 3187 1266 3259 quod
1285 3198 1448 3258 aqwe
1468 3187 1761 3242 seminum
1789 3204 1981 3259 genua
2011 3179 2053 3245 C

338 3273 620 3348 polluant.
653 3275 765 3330 Sed
797 3274 918 3330 haac
943 3274 1224 3347 expositio
1247 3274 1318 3331 ad
1351 3281 1695 3347 praesentem
1717 3293 1832 3331 non
1857 3293 1984 3347 per-

340 3364 489 3421 tinet
518 3362 731 3420 locum.

410 3580 599 3651 (Vers.
647 3583 680 3634 8
738 3581 926 3652 seqq.)
974 3583 1039 3635 El
1083 3583 1259 3651 factus
1308 3590 1386 3636 est
1424 3596 1599 3636 sermo
1650 3581 1869 3635 Domini
1915 3581 1984 3635 ad

338 3685 444 3737 me,
475 3670 659 3726 dicens
708 3687 726 3724 :
772 3670 879 3724 Fili
926 3669 1183 3736 hominis,
1211 3672 1490 3742 prapheta,
1530 3678 1579 3724 et
1624 3669 1812 3725 dices:
1856 3671 1982 3725 Ilzec

334 3758 467 3815 dicit
513 3761 775 3815 Dominus
847 3759 1007 3827 Deus,
1061 3759 1279 3831 loquere
1342 3778 1353 3814 :
1430 3758 1689 3825 Gladius,
1757 3757 1981 3830 gladius

332 3853 595 3904 executus
644 3852 725 3904 est
778 3851 830 3903 et
881 3849 1123 3915 limatus,
1186 3853 1246 3903 ut
1298 3849 1473 3905 caedat
1532 3850 1805 3918 victimas,
1853 3864 1981 3902 exa-

328 3940 483 3993 cutus
530 3940 628 4007 est,
661 3940 712 3992 el
759 3944 820 3991 ut
870 3938 1173 4008 splendeat,
1206 3939 1431 3992 limatus
1478 3943 1553 3992 est
1609 3954 1621 3991 :
1669 3939 1763 4009 qui
1803 3952 1980 3992 moves

327 4033 598 4096 sceptrum
642 4025 752 4095 ﬁlii
796 4026 926 4095 mei,
954 4025 1236 4081 succidisli
1276 4042 1435 4081 omne
1480 4028 1712 4095 lignum.
1748 4027 1812 4079 Et
1849 4024 1981 4080 dedi

328 4128 454 4168 eum
499 4113 569 4168 ad
610 4113 978 4184 levigandum,
1010 4121 1071 4169 ut
1126 4118 1382 4169 teneatur
1425 4131 1595 4168 manu
1630 4131 1642 4169 :
1693 4115 1795 4168 iste
1843 4129 1978 4168 exa-

327 4205 485 4257 cutus
512 4209 592 4257 est
637 4202 873 4273 gladius,
904 4206 954 4257 et
985 4203 1085 4256 iste
1137 4204 1361 4258 limatus
1392 4209 1488 4268 est,
1522 4206 1579 4258 ut
1609 4205 1661 4259 si
1707 4204 1763 4257 in
1808 4220 1979 4258 manu

326 4291 723 4362 interﬁcientis.
761 4289 950 4345 Clama
996 4294 1045 4347 et
1092 4292 1270 4357 ulula,
1303 4293 1390 4362 ﬁli
1438 4292 1694 4357 hominis,
1728 4294 1858 4365 quia
1889 4294 1977 4348 hic

323 4382 501 4452 factus
528 4387 608 4436 est
637 4381 697 4435 in
716 4379 917 4451 populo
935 4396 1071 4451 meo,
1100 4380 1190 4459 hic
1219 4383 1275 4435 in
1307 4383 1514 4436 cunctis
1535 4382 1761 4437 ducibus
1783 4382 1969 4437 Israel.

326 4470 431 4537 Qui
473 4470 746 4539 fugerant,
777 4468 959 4539 gladio
1007 4468 1203 4525 traditi
1249 4473 1525 4525 suntcum
1566 4472 1764 4542 populo
1803 4487 1919 4526 meo
1955 4487 1967 4525 :

2008 1812 2055 1876 B

2097 547 2232 585 nam
2262 530 2443 602 igitur
2472 529 2756 586 nonnulla
2786 546 2912 600 quis
2956 529 3312 599 discrepant.
3346 528 3455 579 Pro
3487 539 3553 579 eo
3587 521 3741 594 quod

2096 636 2202 674 nos
2234 619 2523 674 diximus:
2559 620 2663 688 Qui
2689 634 2868 675 moves
2896 621 3166 689 sceptrum
3180 616 3290 687 ﬁlii
3315 614 3444 681 mei,
3457 610 3746 668 succidisti

2094 725 2252 763 omne
2281 710 2518 777 lignum,
2550 707 2634 762 illi
2668 706 3129 763 transtulerunt:
3153 704 3416 774 Interﬁce,
3438 703 3741 768 contemne,

2093 798 2299 868 repelle
2328 812 2486 851 omne
2518 797 2753 865 lignum.
2776 796 3031 851 Rursum
3054 791 3155 849 ubi
3174 808 3279 847 nos
3309 790 3603 846 diximus:
3640 787 3747 855 Qui

2090 887 2370 956 fugerant,
2402 884 2587 953 gladio
2618 883 2815 939 traditi
2841 890 2990 945 sunt,
3014 886 3071 937 et
3100 880 3183 935 illi
3213 884 3271 935 ct
3301 878 3399 933 alii
3429 874 3746 932 transtule-

2091 976 2247 1028 runt.
2283 975 2525 1043 Hospites
2555 974 2686 1042 mei,
2711 972 2831 1026 sive
2862 970 3211 1025 habitatores.
3245 969 3316 1023 Et
3347 965 3447 1022 ubi
3469 981 3578 1021 nos
3597 962 3746 1019 dixi-

2091 1078 2222 1115 mus
2258 1079 2269 1116 :
2305 1061 2512 1117 Plaude
2549 1077 2710 1132 super
2738 1062 2940 1130 femur,
2973 1058 3056 1113 illi
3107 1058 3429 1129 posuerunt
3461 1072 3474 1110 :
3510 1058 3744 1109 Percute

2087 1167 2278 1205 manu.
2314 1150 2381 1204 Et
2429 1151 2530 1205 ubi
2580 1147 2991 1205 transtulimus
3025 1163 3038 1200 :
3073 1148 3136 1201 Et
3166 1147 3267 1200 hoc
3294 1159 3421 1199 cum
3470 1149 3742 1213 sceptrum

2086 1240 2431 1304 subverterit,
2465 1237 2698 1293 illorum
2719 1237 2896 1292 habet
2924 1235 3101 1291 editio
3128 1251 3141 1290 :
3172 1233 3361 1289 Tribus
3382 1231 3609 1304 repulsa
3638 1238 3737 1286 est.

2088 1327 2373 1399 Loquitur
2419 1330 2615 1382 autem
2646 1326 2719 1381 ad
2764 1324 3027 1396 gladium
3082 1321 3639 1387 Nabuchodonosor,
3673 1322 3742 1374 ut

2087 1415 2278 1471 veniat
2307 1419 2509 1470 contra
2540 1412 2884 1482 Jerusalem,
2918 1417 2984 1466 ut
3012 1415 3331 1467 exaeuatur
3360 1413 3537 1479 atque
3567 1406 3737 1462 lime-

2087 1508 2200 1571 tur,
2237 1504 2454 1559 multos
2476 1504 2632 1558 enim
2665 1518 2793 1558 esse
2815 1501 3117 1556 caedendos
3147 1504 3242 1565 ;ct
3271 1499 3345 1554 ad
3376 1498 3572 1569 ipsum
3603 1512 3743 1568 apo-

2087 1593 2390 1664 stropham
2444 1592 2599 1647 facit.
2634 1592 2718 1646 Tu
2752 1607 2814 1645 es
2857 1588 2957 1661 qui
2988 1604 3185 1644 moves
3218 1592 3394 1658 atque
3442 1584 3740 1642 subvertis

2087 1686 2382 1752 sceptrum
2412 1680 2514 1735 ﬁlii
2543 1680 2677 1747 mei,
2701 1678 3009 1749 imperium
3031 1675 3296 1731 videlicet
3317 1673 3515 1747 populi
3538 1671 3738 1739 Israel,

2088 1784 2143 1834 et
2174 1796 2344 1835 omne
2378 1778 2601 1849 lignum
2638 1776 2911 1846 succidis,
2939 1774 3274 1830 universam
3309 1770 3509 1844 populi
3536 1769 3741 1826 multi-

2085 1869 2370 1923 tudinem.
2409 1867 2569 1931 Dedi,
2606 1867 2816 1938 inquit,
2849 1865 3026 1919 istum
3061 1862 3345 1935 gladium,
3379 1864 3446 1916 ut
3473 1861 3744 1915 teneatur

2085 1974 2261 2012 manu
2312 1956 2887 2019 Nabuchodonosor;
2919 1956 2975 2007 et
3006 1952 3081 2008 sit
3112 1952 3169 2006 in
3210 1967 3388 2006 manu
3420 1948 3528 2004 viri
3566 1948 3743 2003 robu-

2085 2045 2352 2101 stissimi.
2388 2046 2570 2109 Unde,
2595 2062 2627 2098 o
2661 2042 2963 2115 propheta.
2982 2039 3175 2095 clama
3203 2044 3259 2094 et
3286 2036 3470 2104 ulula,
3502 2041 3559 2093 et
3580 2035 3744 2092 mala

2082 2134 2367 2190 instantia
2415 2136 2572 2188 vocis
2624 2131 3040 2187 lamentatione
3089 2133 3329 2184 testare.
3362 2127 3466 2182 Hic
3495 2125 3735 2199 gladius

2086 2222 2231 2279 nulli
2265 2223 2540 2294 pepercit,
2562 2237 2667 2276 nec
2696 2219 2955 2291 aliquem
2982 2216 3420 2272 imminentium
3444 2213 3739 2270 malorum

2088 2312 2325 2383 reliquit
2357 2316 2673 2382 expertem.
2709 2310 2919 2363 Factus
2954 2313 3045 2363 est
3069 2306 3129 2361 in
3161 2304 3395 2377 populo,
3430 2304 3612 2359 tactus
3643 2307 3747 2370 est,

2087 2401 2145 2455 in
2170 2399 2420 2455 ducibus
2450 2398 2837 2467 Isracl,t‘actus
2862 2396 2918 2451 in
2943 2395 3275 2465 hospitibus
3295 2392 3442 2449 meis
3457 2408 3523 2447 ac
3548 2406 3742 2446 sacer-

2087 2489 2343 2559 dotibus,
2369 2489 2466 2559 qui
2501 2487 2845 2542 habitabant
2874 2485 2934 2539 in
2956 2484 3171 2553 templo
3191 2499 3339 2538 meo.
3371 2481 3587 2536 Idcirco
3614 2495 3741 2551 per-

2086 2583 2219 2634 cute
2250 2579 2458 2643 femur,
2484 2577 2602 2631 sive
2626 2591 2888 2644 manum,
2914 2578 2970 2629 et
3001 2573 3269 2628 habitum
3290 2568 3621 2644 plangentis
3641 2585 3740 2624 as-

2086 2684 2272 2723 sume.
2309 2666 2412 2721 Hic
2444 2664 2599 2721 enim
2633 2663 2867 2736 gladius
2896 2664 3181 2735 probatus
3225 2664 3313 2716 est
3341 2659 3510 2726 mihi,
3542 2662 3599 2713 et
3627 2657 3741 2713 hoc

2086 2772 2217 2811 cum
2250 2760 2547 2827 sceptrum
2573 2770 2769 2809 meum
2794 2767 3160 2825 regnumque
3181 2747 3549 2814 subverterit,
3579 2747 3739 2819 quod

2086 2854 2240 2910 ultra
2271 2870 2387 2909 non
2418 2853 2547 2921 erit,
2581 2857 2637 2907 et
2682 2852 2739 2905 in
2771 2850 3015 2906 Sedecia
3062 2865 3195 2921 rege
3227 2847 3484 2902 finietur.
3518 2846 3742 2900 Iterum

2084 2943 2212 3013 tibi,
2246 2942 2556 3015 propheta,
2582 2941 2785 3012 jubeo,
2813 2943 2875 2995 ut
2896 2938 2997 3011 qui
3020 2940 3209 2993 temur
3238 2951 3612 3009 percusseras
3632 2949 3740 3005 pro

2086 3036 2324 3104 stupore
2357 3036 2413 3087 et
2465 3029 2771 3095 miraculo,
2807 3028 3097 3101 percutias
3146 3032 3203 3082 et
3244 3028 3476 3093 manus,
3510 3026 3574 3079 ut
3618 3039 3741 3079 non

2090 3120 2280 3176 solum
2312 3119 2515 3185 semel,
2551 3121 2647 3174 sed
2685 3119 2942 3174 secundo
2974 3134 3038 3172 ac
3070 3115 3238 3172 tertio
3284 3115 3516 3187 gladius
3542 3112 3742 3168 veniat

2092 3209 2163 3264 ad
2188 3208 2677 3264 interﬁciendum.
2705 3207 2899 3262 Primo
2924 3206 3079 3261 enim
3105 3207 3340 3260 venerat
3358 3201 3742 3258 Nabuchodo-

2092 3314 2286 3364 nosor,
2311 3297 2544 3369 quando
2566 3296 2699 3352 tulit
2719 3295 3060 3351 Jechoniam
3088 3311 3101 3348 :
3127 3298 3183 3349 et
3202 3292 3479 3357 secundo,
3498 3291 3740 3363 quando

2093 3387 2537 3459 regnabat247
2573 3385 2793 3441 Joacim
2828 3403 2840 3440 :
2875 3383 3065 3449 tertio,
3099 3383 3333 3455 quando
3357 3379 3741 3437 Sedecias.Et

2092 3476 2187 3531 hic
2216 3480 2304 3530 est
2332 3474 2565 3547 gladius
2587 3473 2937 3546 triplicatus,
2961 3472 3194 3544 quando
3224 3471 3374 3525 facta
3403 3472 3492 3524 est
3520 3483 3745 3540 magna

2092 3564 2323 3631 occisio,
2355 3568 2413 3619 et
2441 3563 2731 3618 intantum
2770 3560 3182 3633 multiplicavit
3204 3559 3419 3627 ruinas,
3445 3561 3511 3613 ut
3531 3558 3744 3613 obstu-

2091 3656 2393 3724 pescerent
2422 3651 2641 3718 animo,
2672 3655 2727 3706 et
2757 3651 2930 3705 corde
2960 3649 3342 3714 tabescerent,
3371 3650 3427 3702 et
3457 3646 3513 3700 in
3545 3646 3745 3700 omni-

2092 3741 2201 3796 bus
2221 3742 2404 3812 portis
2428 3756 2628 3795 eorum
2657 3739 2820 3794 daret
2840 3738 3368 3793 conturbationem.
3393 3732 3747 3805 Praecipitat-

2089 3846 2224 3901 ergo
2255 3828 2359 3899 illi,
2393 3829 2500 3884 hoc
2532 3832 2637 3898 est,
2672 3827 2865 3900 gladio
2898 3831 3070 3882 acuto
3100 3830 3156 3881 et
3179 3825 3379 3880 limato
3414 3823 3485 3878 ad
3511 3821 3747 3894 fulgen-

2090 3920 2252 3986 dum,
2272 3918 2601 3989 amictoque
2628 3921 2683 3971 et
2704 3916 2993 3988 expedito,
3013 3919 3069 3969 et
3094 3918 3296 3987 parato
3313 3912 3383 3967 ad
3405 3910 3645 3978 eisdem,
3676 3916 3746 3966 ut

2089 4008 2257 4063 vadat
2286 4006 2403 4063 sive
2428 4007 2501 4061 ad
2533 4006 2831 4060 dexteram
2864 4004 3134 4074 voluerit,
3158 4004 3278 4058 sive
3303 4002 3375 4057 ad
3408 4000 3741 4056 sinistram.

2086 4097 2484 4168 Quocumque,
2521 4095 2619 4163 ait,
2655 4094 2817 4150 faciei
2850 4099 2964 4149 tuae
2996 4091 3297 4165 placuerit,
3334 4090 3614 4145 audacter
3647 4088 3744 4144 in-

2085 4185 2345 4257 gredere,
2397 4200 2487 4239 me
2540 4183 2762 4239 habens
2814 4184 3043 4251 ducem,
3078 4196 3171 4237 me
3219 4180 3570 4251 adjutorem.
3615 4178 3740 4250 Ego

2087 4283 2359 4354 plaudam
2393 4298 2569 4337 manu
2596 4282 2667 4337 ad
2702 4297 2964 4345 manum,
2991 4284 3055 4335 ut
3084 4278 3415 4334 saevientem
3443 4279 3500 4332 te
3528 4279 3745 4332 contra

2082 4370 2445 4426 adversarios
2479 4387 2657 4441 meos,
2693 4369 2861 4441 quasi
2896 4369 3086 4425 fautor
3139 4374 3278 4424 tuus
3307 4370 3364 4421 et
3392 4364 3739 4421 exhortator

2082 4459 2378 4531 instigem.
2415 4459 2494 4515 Ne
2524 4459 2777 4527 dubites,
2811 4475 2880 4513 ne
2932 4457 3231 4523 lormides,
3264 4459 3320 4510 et
3351 4454 3470 4526 pati
3519 4454 3739 4509 timeas

323 4558 915 4630 idcircoplaudesuper
934 4560 1713 4631 femur,quiapr0batusest,et
1732 4561 1828 4613 hoc
1846 4576 1971 4614 cum
2005 4549 2048 4612 Ι)
2081 4548 2236 4620 quod
2271 4564 2480 4620 passus
2531 4551 2619 4603 est
2668 4547 3060 4603 Scnnacherib
3096 4563 3107 4601 ε
3143 4562 3248 4618 ego
3280 4542 3566 4600 Dominus
3595 4551 3738 4631 Sull!

318 4650 593 4718 sceptrum
620 4646 963 4713 subverterit,
989 4655 1041 4702 et
1070 4663 1178 4702 non
1200 4650 1324 4715 erit,
1358 4647 1493 4702 dicit
1514 4649 1778 4703 Dominus
1806 4649 1966 4703 Deus.

321 4738 395 4792 Tu
418 4753 567 4807 ergo,
590 4737 677 4807 ﬁli
706 4735 965 4801 hominis,
989 4737 1143 4792 246
1163 4737 1445 4807 propheta,
1470 4740 1523 4790 et
1546 4740 1767 4808 percute
1799 4752 1970 4791 manu

319 4825 400 4880 ad’
417 4843 668 4891 manum,
698 4830 748 4881 et
762 4825 1070 4897 duplicetur
1082 4824 1308 4897 gladius
1330 4841 1393 4879 ac
1423 4826 1734 4895 triplicelur
1751 4826 1970 4893 gladius

316 4915 748 4984 interfectorum.
781 4917 879 4970 Hic
905 4918 988 4970 est
1017 4913 1235 4985 gladius
1264 4915 1551 4968 occisionis
1598 4930 1837 4985 magnae,
1873 4917 1969 4985 qui

314 5000 677 5071 obstupescere
704 5019 792 5059 eos
820 5006 978 5075 [acit,
1013 5008 1069 5058 et
1097 5002 1254 5058 corde
1280 5003 1573 5072 tabescere,
1606 5011 1657 5058 et
1684 5003 1968 5076 multipli-

315 5094 405 5144 cat
449 5092 661 5145 ruinas.
698 5093 756 5146 In
788 5094 1039 5147 omnibus
1082 5094 1252 5163 portis
1279 5108 1468 5147 eorum
1519 5091 1648 5147 dedi
1674 5095 1966 5148 conturba-

312 5180 516 5235 tionem
545 5179 720 5247 gladii
734 5183 882 5235 acuti
908 5186 958 5237 et
981 5182 1165 5237 limati
1193 5181 1263 5236 ad
1283 5181 1611 5252 fulgentium
1644 5197 1656 5235 :
1688 5183 1878 5237 amicti
1898 5183 1967 5237 ad

311 5267 530 5324 caedem.
550 5268 847 5338 Exacuere,
870 5270 1005 5325 vade
1035 5270 1103 5325 ad
1120 5271 1413 5326 dexteram
1433 5272 1542 5326 sive
1563 5270 1633 5325 ad
1656 5272 1961 5341 sinistram,

302 5372 650 5439 ,quocumque
674 5358 837 5428 [aciei
863 5361 967 5413 tum
996 5364 1075 5414 est
1100 5360 1387 5431 appetitus.
1423 5360 1565 5427 Quin
1594 5367 1645 5414 et
1670 5376 1763 5430 ego
1793 5359 1963 5430 plau-

314 5447 623 5503 dammanu
647 5446 717 5502 ad
735 5464 963 5502 manum
987 5461 1035 5503 et
1055 5449 1287 5519 implebo
1310 5448 1742 5519 indignationem
1758 5467 1961 5517 meum,

312 5552 409 5607 ego
440 5538 701 5593 Dominus
737 5537 946 5593 locutus
973 5552 1113 5591 sum.
1148 5536 1400 5592 Multum
1434 5542 1523 5593 est
1571 5537 1619 5593 si
1652 5542 1962 5610 utramque

312 5640 528 5701 ponam
545 5624 880 5698 editionem,
896 5628 952 5685 et
968 5624 1247 5684 librorum
1265 5624 1913 5700 extenditurlongitudo
1947 5643 1960 5684 :

2082 4637 2334 4706 locutus,
2368 4654 2507 4693 mea:
2541 4636 2808 4691 minister
2824 4654 2886 4692 es
2918 4635 3258 4699 voluntatis,
3281 4649 3473 4689 meam
3496 4629 3731 4703 comple

2080 4726 2431 4782 sententiam
2454 4725 2550 4794 (IV
2570 4727 2691 4797 Reg.
2716 4726 2852 4795 XIX).
2879 4726 3200 4780 Possumus
3215 4724 3384 4793 juxta
3404 4735 3735 4793 anagogen,

2080 4816 2341 4888 gladium
2358 4820 2595 4870 acutum
2612 4814 3081 4887 paratumquead
3099 4813 3313 4867 caedem
3329 4809 3590 4882 accipere
3609 4808 3738 4864 dia-

2078 4905 2301 4971 bolum,
2337 4905 2407 4959 de
2440 4921 2556 4976 quo
2590 4904 2671 4958 ait
2699 4903 3014 4976 Apostolus
3049 4919 3060 4955 :
3100 4900 3328 4956 Tradere
3357 4898 3737 4972 hujuscemodi

2077 4996 2303 5050 Salaria?
2349 4994 2408 5048 in
2456 4994 2742 5048 interitum
2788 4995 2992 5056 carnis,
3028 4998 3086 5045 ut
3125 4992 3357 5061 spiritus
3406 4988 3586 5042 salvus
3630 4987 3742 5056 ﬁat

2078 5085 2121 5155 (l
2158 5084 2276 5137 Cor.
2311 5100 2367 5149 v,
2397 5083 2473 5153 5).
2510 5082 2577 5136 Et
2606 5081 2663 5136 in
2693 5082 2805 5137 alio
2833 5081 2957 5136 loco
2992 5097 3004 5134 :
3041 5081 3369 5151 Hymenaeus
3399 5085 3449 5131 et
3478 5076 3736 5131 Alexan-

2076 5173 2171 5226 der
2200 5188 2386 5246 quos
2428 5170 2634 5225 tradidi
2682 5170 2926 5234 Salanze,
2960 5178 3021 5224 ut
3068 5168 3281 5223 discant
3320 5181 3432 5221 non
3481 5162 3743 5235 blasphe-

2073 5277 2229 5315 mare
2278 5260 2322 5331 (Ι
2357 5261 2489 5314 Tim.
2525 5277 2563 5325 1,
2598 5259 2710 5329 20).
2742 5259 2811 5313 Et
2843 5259 2899 5311 in
2952 5257 3201 5313 Psalmis
3254 5255 3539 5326 scriptum
3587 5257 3683 5309 est
3718 5270 3739 5310 :

2076 5357 2220 5413 Misit
2267 5360 2532 5429 furorem,
2593 5360 2643 5410 et
2685 5358 2851 5423 iram,
2901 5360 2951 5410 et
3000 5357 3331 5426 angustiam,
3384 5352 3745 5407 imissionem

2073 5464 2171 5518 per
2200 5446 2420 5517 angelos
2445 5447 2705 5517 pessimos
2754 5446 2863 5516 (Ps.
2898 5462 3109 5512 Lxxvn,
3142 5444 3251 5514 259).
3286 5442 3451 5497 Hunc
3482 5439 3745 5511 quidam

2077 5540 2283 5608 putant
2312 5533 2573 5607 gladium
2605 5540 2663 5588 et
2693 5534 2750 5589 in
2785 5551 2962 5588 manu
3013 5533 3194 5588 fuisse
3237 5528 3452 5602 angeli,
3486 5527 3745 5601 quando

2075 5625 2185 5682 sub
2230 5623 2410 5684 David
2442 5622 2883 5698 percutiebatur
2926 5620 3251 5683 Jerusalem
3282 5620 3357 5696 (II
3385 5620 3512 5695 Reg.
3546 5617 3743 5699 xxiv).
