4006 6180
256 292 381 355 206
859 292 1603 358 COMMENTARIOBUM
1649 292 1727 354 IN
1772 292 2267 356 EZECHIELEM
2311 294 2462 356 LIB.
2510 294 2644 357 VII.
2690 295 2862 358 CAP.
2905 296 3063 360 XXI.

3544 299 3664 362 206

250 424 367 480 Alii
391 429 592 482 autem
617 432 676 482 et
696 427 771 482 de
793 426 892 483 illo
915 428 1025 484 dici
1052 429 1249 501 gladio
1279 429 1672 500 suspicantur,
1694 427 1767 482 de
1797 442 1912 498 quo
1942 434 1993 496 Α
2024 443 2149 483 ram
2176 427 2501 483 Jerusalem
2538 454 2551 496 ;
2604 433 2661 483 et
2698 430 2888 501 primo
2917 430 3175 503 quidem,
3228 436 3292 487 ut
3320 432 3585 489 videatur
3614 434 3669 489 ei

250 516 318 570 in
347 514 667 587 Evangelio
700 516 985 589 scriptum
1018 522 1140 573 est:
1174 518 1294 573 Non
1322 519 1445 573 veni
1466 533 1656 589 pacem
1694 518 1912 572 mittere
2022 515 2168 570 nihil
2200 532 2390 588 agere,
2426 521 2482 572 et
2514 517 2730 573 frustra
2760 519 2977 574 conari.
3022 519 3123 576 Illo
3155 536 3289 576 vero
3322 522 3662 578 recordante

246 620 416 675 super
444 611 675 671 terram,
726 606 824 661 sed
849 606 1109 674 gladium
1140 606 1350 679 (Matth.
1399 623 1454 675 x,
1505 605 1635 677 34);
1682 607 1738 660 et
1766 604 1911 659 divi-
2020 604 2358 676 iniquitates
2405 622 2629 672 eorum,
2679 607 2778 678 qui
2810 606 2868 661 in
2902 607 3157 664 Ecclesia
3204 612 3669 680 commorantur,

246 693 380 748 dere
412 693 576 749 inter
604 709 666 748 se
696 710 934 750 omnem
961 694 1490 767 consanguinitatis
1520 694 1813 760 affectum,
1849 696 1913 747 ut
2019 692 2200 748 immo
2220 693 2392 749 malis
2414 694 2689 765 operibus
2711 696 2997 752 reducunt
3017 697 3376 753 adversarias
3404 701 3660 769 potesta-

244 780 383 835 mali
416 785 716 849 corruant,
740 787 800 837 et
828 780 1014 838 sancti
1041 787 1370 855 resurgant.
1395 783 1508 839 Sed
1530 781 1638 838 hoc
1659 782 1908 853 impium
2016 784 2105 836 tes
2136 782 2193 836 in
2227 782 2567 837 memoriam
2602 783 2886 839 scelerum
2917 785 3321 856 pristinorum,
3376 787 3663 858 pateﬁunt

240 873 331 925 est
360 870 605 925 credere
636 870 709 925 de
751 869 945 943 gladio
994 871 1333 939 Salvatoris,
1383 876 1440 927 et
1468 887 1583 926 non
1614 871 1808 942 potius
1839 870 1909 925 de
2017 870 2215 925 omnia
2243 875 2481 942 peccata
2507 871 2707 944 populi
2739 877 2795 927 et
2823 873 3204 945 cogitationes
3234 891 3456 947 eorum,
3488 880 3545 932 et
3572 875 3668 933 id-

241 958 506 1025 diabolo,
547 959 651 1030 qui
702 958 938 1014 Domini
970 959 1029 1014 in
1060 959 1313 1016 Ecclesia
1342 963 1572 1033 sceptra
1599 957 1904 1026 subvertit,
2018 958 2171 1013 circo
2201 959 2531 1031 capiuntur,
2573 960 2712 1031 quia
2743 962 2905 1017 novis
2935 965 3127 1018 vetera
3156 962 3366 1019 delicta
3393 964 3663 1020 cumula-

242 1046 349 1118 qui
371 1048 650 1104 interﬁcit
678 1052 924 1104 cunctos
946 1048 1004 1102 in
1038 1048 1272 1121 populo,
1303 1053 1360 1104 et
1388 1050 1588 1118 duces,
1620 1051 1677 1103 et
1705 1046 1908 1119 hospi-
2016 1050 2173 1102 runt.
2198 1048 2327 1103 Haec
2348 1047 2496 1104 alius
2514 1048 2741 1121 dixerit,
2766 1050 2935 1105 nobis
2956 1053 3153 1123 emptas
3175 1051 3431 1108 historiae
3451 1053 3666 1110 veritas

242 1139 337 1191 tes
378 1135 483 1191 Dei
513 1153 527 1190 :
582 1141 640 1191 et
673 1140 816 1191 tunc
847 1154 882 1192 a
911 1137 1159 1193 Domino
1193 1137 1625 1210 comprobatur,
1672 1137 1907 1208 quando
2018 1136 2169 1191 249
2202 1138 2605 1207 persequenda
2633 1142 2741 1193 est.
2773 1141 2937 1207 Cum,
2986 1138 3197 1212 inquit,
3243 1140 3488 1197 dixisset
3518 1140 3667 1198 mihi

236 1224 270 1279 J
278 1224 461 1279 udam
493 1223 856 1295 proditorem
880 1230 938 1281 et
958 1225 1182 1281 similes
1206 1227 1334 1297 ejus
1358 1226 1707 1281 subverterit
1726 1225 1902 1296 (Joan.
2017 1239 2209 1279 sermo
2229 1224 2496 1280 divinus:
2524 1226 2831 1298 Propheta,
2858 1227 2937 1282 lili
2961 1227 3240 1297 hominis,
3265 1236 3319 1284 et
3339 1227 3576 1301 loquere
3593 1230 3671 1285 ad

233 1312 382 1383 xm).
419 1312 532 1377 Qui
565 1320 879 1385 postquam
911 1314 1163 1370 comedit
1194 1313 1541 1381 buccellam,
1575 1313 1815 1369 intravit
1844 1313 1905 1369 in

236 1400 412 1455 illum
443 1404 723 1457 Satanas.
757 1402 1217 1475 Duplicaturque
1247 1408 1304 1459 et
1330 1402 1661 1475 triplicatur
1675 1401 1906 1473 gladius

235 1487 713 1557 interfectorum,
765 1494 829 1544 ut
878 1490 1138 1546 solvatur
1193 1495 1499 1563 peccatum
1558 1489 1901 1557 Jerusalem,

242 1577 384 1649 quia
406 1578 679 1650 suscepit
697 1579 770 1634 de
790 1596 966 1634 manu
990 1578 1222 1634 Domini
1241 1578 1499 1653 duplicia
1518 1582 1752 1651 peccata
1773 1595 1901 1634 sua.

2014 1310 2277 1382 gladium
2310 1316 2367 1367 et
2396 1313 2527 1369 dic:
2582 1313 2843 1383 Gladius,
2894 1314 3145 1388 gladius,
3197 1320 3254 1371 et
3282 1322 3490 1374 caetera
3539 1334 3670 1390 qua)

2014 1399 2320 1472 prOphetia
2349 1401 2527 1473 gladii
2550 1402 2960 1471 continentur;
2995 1406 3252 1460 secundo
3278 1405 3464 1463 factus
3484 1408 3572 1462 est
3594 1407 3669 1463 ad

2016 1504 2106 1543 me
2137 1505 2328 1545 sermo
2364 1490 2611 1560 Domini,
2646 1491 2882 1547 dicens:
2917 1492 3039 1560 Vis,
3075 1492 3158 1547 fili
3190 1492 3468 1561 hominis,
3518 1494 3669 1551 scire

2015 1575 2148 1647 quis
2179 1576 2288 1632 iste
2319 1576 2395 1631 sit
2424 1578 2680 1649 gladius;
2729 1585 2783 1633 et
2812 1578 3071 1650 apertius
3102 1572 3412 1651 personam
3444 1580 3668 1637 discere

237 1666 473 1723 Gaudet
494 1671 701 1723 autem
733 1667 1016 1723 Dominus
1049 1672 1107 1723 et
1135 1668 1411 1735 exsultat,
1445 1672 1503 1724 et
1530 1668 1789 1723 hortator
1817 1671 1906 1723 est
2013 1662 2192 1735 gladii
2245 1665 2537 1720 saevientis
2567 1669 2588 1721 Ρ
2636 1667 2917 1722 Ausculta
2956 1684 3084 1738 quae
3115 1668 3283 1723 dico:
3337 1684 3486 1740 pone
3516 1669 3667 1726 duas

225 1753 411 1826 gladii
444 1755 769 1823 saevientis,
802 1760 868 1811 ut
894 1756 1070 1811 vadat
1099 1756 1219 1812 sive
1242 1758 1311 1812 ad
1336 1758 1654 1822 dexteram,
1688 1756 1806 1812 sive
1828 1757 1900 1811 ad
1932 1796 1977 1829 ι)
2010 1752 2155 1820 vias,
2205 1757 2268 1808 ut
2318 1770 2419 1824 per
2466 1752 2596 1809 illas
2644 1753 2874 1827 gladius
2921 1754 3079 1810 venit
3126 1756 3280 1828 regis
3324 1755 3655 1829 Babylonis,

228 1842 570 1907 sinistram,
599 1848 656 1899 et
677 1861 1051 1917 quocumque
1072 1861 1210 1900 eum
1239 1845 1404 1901 faciei
1430 1863 1548 1901 suae
1572 1844 1771 1900 tulerit
1800 1861 1903 1917 ap-
1932 1841 1979 1860 υ
2022 1841 2122 1912 qui
2144 1842 2471 1912 egredietur
2490 1843 2725 1915 quidem
2752 1859 2865 1898 uno
2886 1843 3093 1899 itinere
3113 1843 3537 1914 Chaldaeorum,
3563 1845 3666 1901 sed

231 1932 481 2003 petitus,
536 1938 604 1987 ut
652 1933 974 1989 interfectis
1017 1933 1211 2003 malis,
1269 1938 1609 1990 remaneant
1636 1934 1797 2001 boni,
1854 1938 1913 1990 et
2021 1946 2154 1984 cum
2185 1930 2404 1985 venerit
2426 1947 2528 2002 per
2546 1931 2843 1986 desertum
2865 1935 2922 1986 et
2946 1930 3322 1987 solitudinem
3347 1932 3419 1988 ad
3439 1932 3663 1989 bivium

228 2018 560 2092 impleatur
590 2020 733 2076 illud
763 2023 917 2093 quod
950 2023 1238 2094 scriptum
1271 2023 1423 2080 248
1456 2027 1581 2079 est:
1618 2023 1771 2096 Quid
1799 2040 1909 2094 pa-
2020 2018 2186 2070 terrae
2233 2016 2479 2082 Arabia,
2534 2033 2660 2088 quae
2710 2017 3039 2090 appellatur
3086 2017 3341 2074 ﬁliorum
3388 2025 3667 2090 Ammon,

228 2109 334 2163 teis
390 2108 465 2163 ad
512 2114 858 2180 frumentum
887 2115 913 2164 .9
961 2110 1095 2166 dicit
1156 2112 1418 2168 Dominus
1469 2113 1692 2181 (larem.
1742 2127 1907 2179 xxm,
2021 2120 2271 2175 quarum
2304 2122 2423 2160 una
2450 2104 2542 2161 via
2569 2105 2895 2162 Jerusalem
2927 2105 3089 2162 ducit
3118 2107 3191 2163 ad
3221 2107 3517 2164 dexteram
3538 2124 3668 2180 par-

231 2196 328 2267 32)
342 2237 357 2255 .
2020 2196 2163 2260 tem,
2188 2193 2426 2249 sinistra
2445 2210 2579 2250 vero
2602 2195 2673 2249 ad
2692 2194 2954 2250 Rabbath
2974 2194 3228 2251 ﬁliorum
3246 2197 3515 2265 Ammon,
3536 2212 3665 2269 quia

310 2286 501 2355 (vers.
528 2289 597 2341 18
616 2289 805 2359 seqq.)
836 2289 900 2343 Et
926 2289 1103 2358 factus
1132 2292 1210 2343 est
1240 2303 1418 2343 sermo
1449 2290 1675 2344 Domini
1703 2287 1774 2343 ad
1799 2304 1907 2353 me,
2020 2286 2109 2336 est
2137 2281 2339 2337 civitas
2370 2283 2729 2355 metropolis,
2762 2288 2818 2339 et
2849 2284 3018 2340 hodie
3046 2283 3451 2357 Philadelphia
3471 2285 3666 2341 nomi-

238 2376 477 2430 dicens:
522 2376 585 2430 Et
611 2380 695 2443 tu,
745 2376 832 2446 ﬁli
860 2376 1124 2443 hominis,
1170 2392 1309 2448 pone
1352 2377 1456 2431 tibi
1500 2379 1641 2433 duas
1673 2379 1808 2444 vias,
1859 2381 1911 2432 et
2020 2375 2238 2426 natur:
2292 2388 2535 2438 memor,
2588 2372 2796 2443 inquit,
2845 2372 3259 2428 internecionis
3289 2391 3416 2445 quae
3450 2374 3662 2431 accidit

232 2462 449 2537 [Vulg
472 2464 544 2535 ut]
568 2466 752 2520 veniat
769 2464 989 2534 gladius
1011 2468 1157 2534 regis
1183 2466 1502 2537 Babylonis.
1526 2466 1601 2521 De
1626 2470 1776 2520 terra
1796 2482 1911 2519 una

238 2553 602 2621 egredientur
623 2554 783 2609 ambo
814 2553 1010 2626 [Vulg.
1042 2554 1265 2624 ambae],
1295 2562 1346 2610 et
1370 2571 1544 2610 manu
1572 2556 1750 2625 capiet
1779 2570 1906 2609 con-

225 2643 545 2711 jecturam:
570 2644 629 2696 in
651 2644 829 2713 capite
846 2644 945 2698 viae
962 2644 1201 2697 civitatis
1230 2645 1501 2715 conjiciet.
1544 2642 1695 2699 Viam
1720 2658 1905 2715 pones,

230 2732 298 2784 ut
328 2732 520 2786 veniat
542 2730 763 2801 gladius
792 2731 863 2786 ad
892 2732 1132 2786 Rabbath
1177 2732 1422 2802 ﬁliorum
1452 2733 1703 2799 Ammon,
1753 2736 1804 2787 et
1834 2732 1904 2787 ad

226 2818 460 2886 ludam,
483 2824 532 2874 et
552 2819 624 2874 ad
636 2819 1146 2893 Jerusalem[Vulg.
1174 2823 1232 2875 in
1254 2821 1575 2893 Jerusalan
1593 2821 1902 2875 munitissi-

226 2925 406 2963 mam.
459 2909 626 2964 Stetit
652 2911 803 2965 enim
833 2925 933 2965 rex
959 2909 1263 2982 Babylonis
1298 2912 1356 2965 in
1398 2910 1563 2976 bivio,
1618 2912 1680 2964 in
1727 2916 1903 2982 capite

218 2998 477 3053 duarum
522 3000 744 3053 viarum
791 2998 1191 3054 divinationem
1220 3014 1495 3070 quaerens,
1547 2998 1907 3060 commiscens
2016 2991 2275 3063 signatas
2302 2991 2639 3048 nominibus
2661 2991 3050 3064 singulorum,
3074 2995 3139 3047 ut
3157 2992 3350 3049 videat
3369 2994 3541 3065 cujus
3559 3010 3660 3049 sa-

219 3090 485 3158 sagittas.
504 3087 932 3158 Interrogavavit
951 3087 1116 3156 idola,
1135 3096 1265 3143 exta
1283 3088 1577 3143 consuluit.
1605 3088 1692 3143 Ad
1715 3087 1903 3143 dexte—
2016 3079 2162 3152 gitta
2207 3085 2390 3151 exeat,
2445 3085 2503 3137 et
2550 3098 2729 3153 quam
2776 3081 2940 3153 prius
2983 3080 3273 3137 civitatem
3318 3081 3523 3138 debeat
3553 3097 3656 3154 op-

220 3192 349 3231 ram
370 3178 493 3249 ejus
512 3178 667 3247 facta
688 3180 767 3230 est
787 3175 1067 3231 divinatio
1096 3192 1261 3247 super
1288 3176 1612 3243 Jerusalem,
1646 3179 1705 3231 ut
1732 3184 1902 3246 ponat
1932 3158 1975 3225 C
2015 3185 2295 3241 pugnare.
2314 3169 2473 3225 Hanc
2495 3175 2689 3226 autem
2706 3170 2883 3225 Graeci
2912 3166 3295 3242 βελομαντίαν,
3316 3170 3436 3226 sive
3458 3163 3658 3245 ῥαϐδο-

223 3268 453 3328 arietes,
482 3270 545 3320 ut
576 3267 793 3336 aperiat
823 3281 880 3321 os
907 3266 966 3319 in
995 3265 1158 3333 caede,
1188 3268 1249 3319 ut
1277 3265 1443 3320 elevet
1473 3281 1653 3321 vocem
1674 3265 1734 3319 in
1756 3265 1886 3319 ulu-
2003 3254 2225 3328 μαντίαν
2272 3258 2598 3314 nominant.
2645 3257 3028 3331 Interrogavit
3054 3258 3235 3331 igitur
3271 3257 3429 3315 idola
3461 3277 3473 3327 ;
3522 3261 3655 3315 exta

224 3356 365 3420 tatu,
390 3363 456 3409 ut
470 3361 643 3426 ponat
664 3355 863 3408 arietes
882 3357 1069 3408 contra
1084 3361 1293 3425 portas,
1317 3357 1375 3408 ut
1405 3356 1694 3426 comportet
1724 3370 1890 3424 agge-

2016 3345 2314 3401 zonsuluit.
2349 3346 2437 3402 Ad
2467 3347 2760 3403 dexteram
2794 3346 2944 3403 facta
2972 3351 3063 3402 est
3088 3347 3368 3402 divinatio
3400 3348 3551 3418 ejus,
3584 3351 3653 3404 ut

227 3461 366 3508 rem,
413 3451 475 3497 ut
501 3442 733 3513 (ediﬁcet
764 3444 1122 3498 munitiones.
1175 3444 1398 3513 Eritque
1425 3445 1584 3514 quasi
1608 3444 1890 3498 consulens
1998 3440 2264 3507 pergeret
2310 3439 2512 3491 contra
2558 3436 2908 3503 Jerusalem,
2968 3440 3026 3492 et
3081 3441 3447 3508 oppugnaret
3496 3451 3650 3503 eam,

224 3535 443 3602 [rustra
495 3532 791 3587 oraculum
837 3533 895 3585 in
945 3532 1117 3587 oculis
1169 3548 1379 3596 eorum,
1441 3536 1493 3586 et
1540 3532 1891 3587 sabbatorum
1999 3540 2240 3596 aggeres
2289 3527 2698 3596 comportarat,
2757 3524 2966 3580 arietes
3014 3529 3272 3597 poneret,
3330 3524 3643 3580 aediﬁcaret

231 3625 405 3676 otium
430 3622 687 3689 imitans,
719 3620 833 3691 ipse
861 3628 1045 3675 autem
1073 3620 1447 3676 recordabitur
1476 3621 1789 3692 iniquitatis
1818 3620 1892 3676 ad
1999 3612 2376 3677 munitiones.
2436 3612 2756 3682 urbemque
2804 3611 3197 3679 concluderet.
3254 3616 3312 3668 et
3370 3612 3428 3667 in
3486 3611 3641 3668 cede

2000 3702 2249 3774 aperiret
2269 3718 2332 3757 os
2356 3719 2550 3768 suum,
2575 3706 2630 3756 et
2655 3702 2951 3757 fremitum
2968 3700 3317 3757 exsultantis
3335 3706 3394 3756 et
3413 3700 3647 3757 ululan-

1999 3789 2077 3843 tis
2107 3788 2393 3843 exercitus
2434 3787 2766 3843 concitaret.
2823 3788 2959 3854 Hoc,
3013 3788 3223 3858 inquit,
3276 3787 3515 3854 faciens,
3558 3788 3645 3843 vi-

2021 2460 2137 2531 regi
2164 2461 2396 2531 Assyrio
2420 2462 2654 2533 quando
2681 2465 2913 2516 centum
2937 2462 3235 2534 octoginta
3254 2462 3515 2535 quinque
3537 2462 3667 2519 mil-

2020 2547 2116 2619 lia,
2171 2566 2287 2603 una
2332 2551 2497 2604 nocte
2542 2553 2681 2604 sunt
2732 2565 2899 2615 cassa,
2948 2549 3289 2606 formidabit
3334 2552 3405 2605 ad
3439 2556 3662 2622 partem

2017 2637 2311 2692 dexteram
2343 2636 2654 2707 declinare,
2712 2641 2770 2692 et
2816 2637 2897 2693 ire
2948 2642 3151 2693 contra
3199 2638 3663 2695 munitissimam

2014 2726 2339 2782 Jerusalem
2364 2752 2379 2793 ς
2412 2726 2511 2782 sed
2544 2725 2723 2781 stabit
2752 2726 2811 2781 in
2842 2725 2968 2797 ipso
2998 2727 3273 2798 compito,
3307 2731 3364 2783 et
3383 2727 3497 2783 ritu
3520 2744 3662 2800 gen-

2015 2814 2091 2869 tis
2114 2831 2233 2869 sua”:
2255 2814 2555 2870 oraculum
2574 2814 2857 2882 consulet,
2877 2819 2942 2869 ut
2962 2815 3159 2871 mittat
3175 2815 3416 2887 sagittas
3436 2832 3576 2873 suas
3595 2816 3658 2873 in

2015 2908 2370 2975 pharetram,
2442 2908 2498 2958 et
2554 2903 2932 2959 commiscent
2985 2919 3083 2959 eas
3138 2903 3473 2977 inscriptas,
3541 2905 3661 2962 sive

231 3710 589 3781 captendum.
641 3709 845 3765 Idcirco
875 3710 993 3766 haec
1020 3710 1155 3764 dicit
1185 3711 1448 3764 Dominus
1476 3710 1614 3764 Deus
1639 3728 1655 3763 :
1694 3711 1802 3764 Pro
1830 3725 1891 3767 eo

230 3800 367 3871 quod
387 3803 453 3854 in
474 3800 808 3854 memoriam
829 3800 1114 3854 revocastis
1133 3800 1450 3871 iniquitates
1466 3802 1670 3853 vestras
1692 3797 1886 3870 [Vulg.

235 3888 507 3944 recordati
535 3890 664 3944 estis
693 3888 1006 3958 iniquitatis
1034 3888 1269 3958 vestrm],
1302 3891 1352 3942 et
1374 3889 1650 3943 revetastis
1677 3903 1891 3957 prava-

236 3980 535 4032 ricationes
564 3981 786 4043 vestras,
844 3982 895 4031 et
920 3981 1298 4048 apparuerunt
1334 3979 1561 4047 peccata
1607 3979 1788 4031 vestra
1834 3977 1894 4030 in

240 4065 501 4119 omnibus
528 4064 946 4136 cogitationibus
972 4067 1205 4126 vestris;
1232 4080 1332 4137 pro
1358 4080 1437 4131 eo,
1472 4066 1723 4136 inquam,
1756 4063 1896 4144 quod

240 4171 300 4209 in
330 4156 655 4209 memoriam
680 4154 970 4210 revocastis
1002 4152 1197 4226 (Vulg.
1220 4153 1495 4209 recordati
1524 4153 1693 4223 estis],
1726 4169 1898 4208 manu

238 4245 556 4317 capiemmi.
584 4242 716 4298 Scio
740 4259 834 4298 me
860 4241 920 4297 in
943 4240 1052 4297 hoc
1072 4241 1198 4297 loco
1220 4243 1390 4313 juxta
1412 4240 1794 4313 Septuaginta
1814 4240 1899 4295 in-

236 4337 541 4406 terpretes,
586 4331 897 4403 cujusdam
930 4329 1314 4402 multiplicem
1345 4330 1556 4402 legisse
1586 4329 1897 4401 expositio-

239 4439 389 4492 nem,
428 4420 702 4477 Rabbath
734 4419 991 4477 ﬁliorum
1023 4421 1298 4489 Ammon,
1330 4419 1636 4475 referentis
1658 4419 1728 4473 ad
1757 4434 1898 4491 gen-

2001 3876 2235 3932 debitur
2263 3875 2690 3939 habitatoribus
2720 3875 3045 3932 Jerusalem
3089 3875 3392 3932 oraculum
3428 3877 3648 3933 frustra

2003 3964 2337 4033 consulere;
2361 3968 2417 4020 et
2440 3964 2609 4036 quasi
2633 3965 3012 4021 sabbatorum
3031 3965 3214 4022 otium
3234 3966 3308 4038 (a)
3329 3971 3534 4033 terere,
3555 3965 3647 4023 lu-

2004 4054 2138 4110 dere
2157 4052 2444 4119 videlicet,
2469 4057 2526 4109 et
2547 4052 2693 4108 nihil
2716 4053 2907 4125 operis
2937 4058 3287 4126 perpetrare.
3312 4055 3431 4111 Rex
3452 4060 3650 4112 autem

2006 4142 2337 4216 Babylonis,
2369 4159 2483 4198 non
2514 4142 2573 4197 in
2606 4158 2715 4198 sua
2745 4142 3106 4211 fortitudine,
3139 4144 3238 4200 sed
3263 4143 3323 4199 in
3343 4132 3659 4216 iniquitate!

2007 4232 2207 4306 populi
2230 4232 2560 4288 conﬁsurus
2581 4237 2690 4298 est,
2718 4248 2837 4303 qua
2859 4248 2958 4288 eos
2980 4233 3091 4287 scit
3110 4233 3422 4290 oﬁ'endisse
3441 4233 3649 4303 Deum,

2007 4326 2064 4377 et
2094 4328 2327 4394 peccata
2358 4326 2589 4393 patrum
2622 4321 2788 4376 novis
2817 4320 3150 4377 cumulasse
3188 4322 3294 4393 [AL
3327 4321 3648 4394 cumulare]

2008 4410 2256 4475 delictis,
2271 4416 2327 4467 et
2340 4409 2842 4482 praevaricationes
2854 4426 3057 4465 eorum
3071 4409 3347 4467 omnibus
3359 4410 3651 4481 patuisse;

237 4513 379 4567 tium
399 4509 693 4583 populum
714 4527 733 4564 :
759 4509 978 4565 Judam
1000 4524 1134 4563 vero
1157 4512 1215 4563 et
1235 4507 1562 4563 Jerusalem
1584 4507 1656 4562 ad
1677 4523 1777 4563 eos
1803 4522 1906 4578 qui
1935 4528 1985 4591 ι)
2013 4505 2070 4556 et
2098 4499 2314 4591 idcirco
2348 4515 2461 4553 non
2489 4497 2783 4591 dubitabit
2812 4498 3170 4591 devictoria,
3208 4497 3361 4591 quia
3402 4499 3658 4591 conﬁdet

240 4601 345 4656 sub
369 4598 591 4657 Christi
628 4598 868 4653 nomine
890 4600 1343 4670 congregantur,
1374 4601 1431 4652 et
1453 4595 1620 4652 lactis
1641 4596 1785 4651 dent
1804 4612 1906 4651 no-

244 4689 415 4744 minis
441 4688 1146 4762 dignitate,mregemque
1195 4684 1556 4741 confusionis
1605 4683 1903 4740 diabolum

248 4780 397 4832 stare
415 4776 471 4831 in
491 4775 663 4832 omni
690 4775 919 4830 viarum
942 4774 1153 4847 capite,
1186 4778 1242 4829 et
1265 4773 1531 4830 insidiari
1555 4773 1611 4828 in
1637 4772 1862 4829 occulto
1886 4792 1899 4842 ;

247 4865 590 4938 implerique
609 4862 784 4920 illum
801 4863 1156 4920 versiculum
1180 4881 1191 4919 :
1217 4866 1391 4918 Juxta
1412 4870 1663 4919 semitam
1679 4861 1905 4919 scanda-

248 4955 357 5009 lum
400 4962 708 5027 posuerunt
754 4954 897 5009 mihi
943 4957 1057 5023 (Ps.
1092 4952 1358 5023 cxxnx);
1406 4956 1462 5007 et
1492 4956 1645 5008 stare
1676 4968 1811 5008 eum
1842 4951 1901 5006 in

249 5044 415 5111 bivio,
465 5042 555 5099 vel
586 5060 690 5100 eos
718 5042 819 5115 qui
852 5042 943 5099 sui
987 5046 1127 5099 sunt
1172 5046 1370 5097 tenere
1415 5041 1769 5113 cupientem,
1815 5039 1904 5096 vel

248 5147 454 5187 novum
473 5132 589 5188 sibi
609 5132 913 5204 acquirere
926 5131 1227 5187 servitium
1248 5146 1262 5197 ;
1282 5135 1338 5186 et
1354 5131 1426 5186 ad
1442 5131 1736 5186 dexteram
1756 5146 1904 5185 sem-

250 5236 345 5291 per
364 5236 630 5293 pergere,
654 5221 726 5275 ad
750 5235 849 5275 eos
874 5219 1097 5276 scilicet
1117 5220 1217 5291 qui
1240 5219 1298 5274 in
1322 5219 1559 5275 dextera
1581 5223 1745 5291 parte
1766 5223 1905 5274 suut

248 5309 435 5379 positi,
455 5314 523 5364 ut
545 5314 839 5381 expugnet
862 5325 982 5381 eos,
1010 5313 1075 5364 ut
1096 5307 1316 5364 exultet
1338 5308 1395 5363 in
1420 5308 1594 5373 caede,
1618 5311 1686 5362 ut
1706 5307 1904 5363 arieti-

249 5396 352 5453 bus
373 5403 431 5454 et
450 5397 830 5471 congestione
852 5414 1094 5470 operum
1119 5402 1490 5454 terrenorum
1514 5396 1705 5469 capiat
1726 5396 1904 5451 mise-

315 5542 391 5613 (a)
414 5541 505 5598 Ita
526 5541 707 5615 trium
728 5556 839 5615 ope
860 5557 1004 5597 mss.
1031 5540 1251 5615 Victor.
1273 5539 1596 5615 rescripsit.
1619 5540 1766 5615 Ante
1785 5543 1909 5596 erat

246 5609 449 5697 me,
482 5627 662 5693 quam
690 5609 1000 5683 lectionem
1031 5616 1089 5676 et
1117 5609 1495 5675 Martianiaus
1526 5609 1813 5692 sequitur.

2014 4592 2084 4647 de
2128 4588 2438 4661 iniquitate
2479 4585 2826 4643 Jerusalem.
2862 4587 2989 4642 Haec
3010 4587 3180 4658 juxta
3208 4587 3578 4653 Hebraicum,
3623 4605 3661 4645 a

2013 4696 2127 4753 quo
2149 4677 2533 4750 Septuaginta
2553 4692 2669 4732 non
2691 4680 2811 4731 tam
2834 4691 3011 4732 sensu
3038 4691 3215 4747 quam
3244 4675 3435 4732 verbis
3457 4676 3515 4731 in
3533 4675 3660 4748 ple-

2012 4771 2211 4841 risque
2241 4765 2597 4823 discordant.

2084 4856 2266 4927 (Vers.
2298 4855 2368 4909 25
2398 4853 2587 4925 seqq.)
2620 4854 2775 4911 250
2821 4854 2895 4908 Tu
2936 4860 3137 4917 autem,
3184 4852 3438 4923 profane,
3492 4855 3662 4928 impie

2012 4946 2126 5000 dua:
2153 4944 2342 5009 Israel,
2365 4946 2527 5010 cuius
2548 4943 2697 4997 venit
2716 4941 2832 4996 dies
2854 4942 2914 4995 in
2937 4948 3175 5011 tempore
3190 4940 3505 5011 iniquitatis
3521 4959 3661 5015 prse-

2013 5035 2190 5104 ﬁnzta.
2226 5034 2350 5089 Ηέεε
2369 5031 2503 5086 dicit
2528 5032 2798 5086 Dominus
2820 5030 2958 5084 Deus
2976 5046 2995 5083 :
3030 5029 3201 5099 Aufer
3226 5028 3463 5086 cidarim
3483 5050 3502 5086 :
3532 5032 3665 5090 tolle

2012 5139 2286 5179 coronam.
2338 5122 2526 5189 Nonne
2551 5119 2673 5176 haec
2700 5123 2778 5174 est
2806 5134 2935 5189 quae
2962 5118 3225 5173 humilem
3252 5118 3573 5190 sublevavit,
3611 5126 3665 5178 et

2012 5213 2304 5268 sublimem
2319 5209 2475 5264 humi
2482 5207 2643 5263 liavit
2654 5210 2679 5259 .9
2690 5207 3060 5277 lniquitatem,
3076 5206 3444 5276 iniquitatem,
3458 5208 3667 5279 iniqui-

2014 5306 2185 5357 tatem
2221 5314 2422 5371 ponam
2469 5313 2591 5352 eam
2624 5312 2637 5351 :
2689 5299 2740 5350 et
2779 5295 2878 5351 hoc
2919 5310 3030 5350 non
3059 5294 3136 5367 (b)
3166 5295 3256 5365 ﬁet
3284 5295 3451 5352 donec
3477 5297 3668 5352 veniat

2014 5389 2217 5464 [Vulg.
2272 5386 2508 5457 veniret]
2557 5385 2716 5455 cujus
2762 5392 2842 5440 est
2885 5384 3172 5455 iudicium,
3224 5386 3278 5440 et
3322 5383 3542 5440 tradam
3588 5386 3665 5443 ei.

2087 5532 2161 5604 (b)
2183 5532 2267 5586 Ex
2289 5527 2688 5605 Vu]_gat_._Edit.
2721 5525 3027 5605 Victorius,
3050 5530 3261 5603 factum
3279 5530 3377 5587 est.
3402 5528 3465 5587 In
3489 5527 3669 5605 Hebr.

2016 5594 2326 5683 Graecoque
2355 5594 2649 5681 similiter,
2680 5614 2792 5661 non
2818 5600 2948 5683 fuit.
