4006 6180
351 307 471 365 207

1584 315 1647 371 S.
1696 312 2001 372 EUSEBII
2047 312 2511 374 HIERONYMI.

3621 318 3739 379 208

346 402 533 498 ILXX:
569 443 638 499 Et
677 445 757 510 tu,
783 444 1038 516 profane,
1080 443 1268 515 iniwe
1295 443 1411 498 dua-
1437 444 1627 511 lsrael,
1658 445 1813 515 cujus
1841 449 1991 498 venit
2018 445 2072 511 Α
2171 443 2357 513 (Vers.
2396 446 2466 500 28
2506 446 2693 518 seqq.)
2732 447 2798 503 Et
2821 450 2899 514 tu,
2928 448 3017 518 ﬁli
3034 447 3292 519 hominis,
3348 447 3628 521 propheta,
3684 453 3738 504 et

348 530 482 603 dies,
514 532 576 586 in
602 537 850 605 tempore
875 532 1188 605 iniquitatis
1216 532 1364 602 finis.
1415 533 1542 589 Haec
1568 532 1701 587 dicit
1730 533 1991 587 Dominus

346 620 488 676 Deus
519 638 539 674 :
581 620 861 676 Abstulisti
900 620 1161 690 cidarim,
1213 629 1265 676 et
1290 623 1522 690 posuisti
1550 638 1826 678 coronam.
1871 623 1992 676 Huc

344 724 457 765 non
495 709 600 763 erit
642 709 863 764 similis.
915 709 1237 765 Humiliasti
1282 711 1575 782 excelsum,
1616 719 1669 766 et
1696 710 1991 766 sublevasti

345 796 632 853 humilem.
681 798 1053 869 Iniquitatem,
1100 799 1427 870 iniquitaten
1456 815 1660 871 ponam
1688 816 1847 855 eam:
1892 814 1991 854 nec

346 884 468 943 haec
505 886 637 941 talis
665 888 792 959 erit,
841 886 1007 943 donec
1033 888 1213 942 veniat
1241 889 1335 943 cui
1374 887 1637 943 debetur:
1668 891 1718 943 et
1746 887 1881 942 dabo
1909 889 1985 942 ei.

343 974 732 1047 Symmachus
760 975 917 1031 hunc
947 974 1141 1031 locum
1170 976 1253 1031 ita
1280 975 1693 1048 interpretatus
1722 980 1813 1031 est
1847 994 1859 1032 :
1914 977 1987 1031 Tu

344 1067 550 1129 autem,
595 1065 843 1136 profane,
898 1065 1086 1137 inique
1112 1064 1226 1119 duo:
1256 1065 1444 1130 Israel,
1493 1066 1647 1137 cujus
1692 1066 1839 1120 venit
1867 1065 1987 1120 dies

344 1153 405 1206 in
434 1158 669 1224 tempore
696 1154 1010 1224 iniquitatis
1036 1155 1357 1208 constitutus
1377 1172 1395 1207 :
1428 1155 1552 1209 Haec
1565 1154 1696 1208 dicit
1718 1156 1987 1209 Dominus

347 1242 525 1297 Deus:
557 1241 793 1297 Abstulit
817 1242 1069 1309 cidarim,
1100 1250 1150 1297 et
1179 1243 1307 1297 tulit
1336 1258 1591 1298 coronam
1620 1261 1641 1296 .·
1689 1258 1861 1314 neque
1890 1244 1988 1299 hoc

344 1347 522 1404 neque
542 1330 972 1386 illudzhumilem
986 1330 1310 1403 sublevabit,
1336 1339 1387 1386 et
1404 1331 1697 1387 sublimem
1722 1333 1987 1388 humilia-

348 1419 444 1474 bit.
462 1420 834 1490 Iniquitatem,
854 1420 1220 1490 iniquitatem,
1241 1421 1583 1492 iniquitatem
1601 1422 1805 1491 faciam
1823 1422 1982 1477 illud.

344 1508 409 1563 Et
428 1508 526 1564 hoc
546 1523 654 1563 non
682 1509 791 1578 fuit
815 1509 933 1577 iste,
964 1510 1118 1579 cujus
1139 1508 1417 1578 judicium
1444 1512 1540 1575 est,
1573 1525 1733 1580 quem
1756 1511 1985 1565 daturus

342 1612 482 1652 sum.
528 1596 663 1655 Post
692 1596 855 1653 urbis
883 1596 1211 1653 Jerusalem
1254 1597 1686 1654 subversionem
1717 1604 1774 1654 et
1803 1599 1984 1672 capti-

339 1682 578 1742 vitatem
628 1686 850 1759 populi,
899 1684 972 1741 ad
1015 1686 1224 1741 ducem
1256 1685 1434 1740 Israel
1466 1703 1656 1742 sermo
1689 1687 1981 1759 dirigitur,

340 1799 516 1857 quem
547 1784 767 1840 nemini
797 1782 1040 1838 dubium
1073 1786 1163 1838 est
1191 1782 1507 1855 significari
1548 1785 1867 1853 Sedeciam,
1925 1788 1982 1842 in
2013 1810 2061 1874 B

342 1890 457 1948 quo
488 1888 690 1946 regum
715 1871 894 1928 Israel
914 1873 986 1927 de
1007 1871 1187 1944 stirpe
1210 1872 1385 1927 David
1411 1873 1723 1945 imperium
1748 1874 1983 1931 ﬁnitum

343 1969 452 2021 est.
476 1962 666 2031 Venit,
689 1961 901 2033 inquit,
924 1960 1031 2016 tibi
1054 1960 1199 2026 dies,
1223 1978 1350 2030 qua:
1370 1961 1542 2033 longo
1563 1966 1822 2033 tempore
1842 1981 1985 2036 prae-

340 2052 510 2108 ﬁnita
536 2055 626 2108 est
644 2051 704 2105 in
726 2054 803 2118 te,
836 2053 893 2104 et
913 2053 1146 2121 propter
1165 2053 1220 2104 te
1242 2049 1632 2106 sacerdotium
1659 2055 1716 2107 et
1736 2068 1982 2125 regnum

338 2141 563 2199 interiit
577 2139 779 2213 populi
799 2138 829 2194 J
840 2139 1157 2194 udseorum.
1176 2137 1399 2194 Cidaris
1415 2140 1571 2194 enim
1594 2139 1825 2213 insigne
1846 2159 1986 2214 pon-

339 2231 516 2289 tiﬁcis
546 2235 671 2286 est:
723 2244 955 2296 corona,
1006 2226 1114 2282 hoc
1145 2231 1255 2295 est,
1303 2227 1593 2295 diadema,
1641 2230 1794 2301 regis
1825 2230 1982 2287 indi-

339 2321 518 2379 cium.
566 2319 770 2375 Nonne
797 2316 921 2372 haec
950 2319 1038 2371 est
1069 2315 1303 2383 cidaris,
1356 2320 1413 2371 et
1436 2315 1559 2372 haec
1599 2333 1812 2374 corona
1855 2335 1981 2391 qua:

340 2407 488 2465 nihil
517 2407 653 2464 fecit
672 2404 896 2477 judicio
922 2422 936 2473 ;
970 2405 1069 2460 sed
1104 2404 1175 2459 ad
1208 2403 1597 2461 imitationem
1620 2407 1774 2479 regis
1796 2408 1981 2481 Baby-

338 2498 505 2564 lonii,
537 2513 684 2569 quos
713 2495 943 2552 volebat
983 2493 1292 2561 exultabat,
1341 2498 1397 2549 et
1428 2512 1577 2566 quos
1606 2494 1836 2551 volebat
1865 2496 1982 2551 hu-

338 2587 605 2646 miliabat
629 2585 657 2640 ‘t
689 2584 996 2656 Propterea
1026 2600 1141 2639 non
1174 2582 1376 2650 semel,
1409 2599 1515 2639 nec
1536 2585 1706 2653 juxta
1730 2578 1980 2657 Septua-

337 2676 509 2750 ginta,
529 2674 643 2742 bis,
673 2674 775 2729 sed
805 2671 976 2728 tertio
1005 2670 1375 2742 iniquitatem
1399 2687 1613 2751 ponam
1635 2673 1741 2727 tibi
1764 2672 1820 2728 in
1852 2690 1979 2745 per-

336 2779 602 2848 petuum,
625 2786 753 2842 qua
774 2786 890 2826 non
912 2768 1112 2824 statim
1132 2767 1238 2823 tibi
1257 2771 1523 2839 reputate
1537 2773 1646 2838 est,
1670 2771 1772 2826 sed
1795 2771 1979 2827 donec

333 2863 530 2920 veniat
570 2859 861 2925 Christus,
910 2857 1082 2927 cujus
1124 2859 1214 2911 est
1232 2855 1547 2927 judicium,
1596 2863 1654 2912 et
1694 2861 1887 2914 tradat
1927 2860 1978 2916 ei

336 2953 506 3009 Pater
543 2964 785 3021 regnum
838 2950 896 3002 et
946 2943 1356 3013 sacerdotium,
1408 2944 1495 3000 vel
1546 2945 1857 3002 Ecclesium
1909 2949 1979 3004 de

335 3042 611 3118 gentibus
662 3038 1114 3109 congregatum:
1172 3034 1287 3088 Non
1344 3036 1492 3090 enim
1538 3034 1752 3106 judicat
1816 3038 1981 3093 Pater

2098 530 2186 587 die
2208 551 2226 587 :
2259 534 2381 588 Haec
2408 533 2541 589 dicit
2570 535 2833 590 Dominus
2860 536 2999 591 Deus
3029 536 3099 591 ad
3127 536 3272 607 ﬁlios
3302 537 3548 606 Ammon,
3591 541 3644 592 et
3671 536 3742 593 ad

2098 621 2448 692 opprobrium
2474 639 2680 679 eorum.
2714 626 2779 678 Et
2807 624 2948 680 dices
2980 642 2992 680 :
3024 629 3236 696 Macro,
3268 641 3476 695 mucro,
3508 629 3745 695 evagina

2098 712 2151 763 te
2194 708 2264 763 ad
2302 710 2697 766 occidendum:
2750 712 2885 769 lima
2914 720 2966 767 te
2992 715 3055 767 ut
3100 714 3400 783 interﬁcias
3427 722 3482 769 et
3506 715 3742 784 fulgeas.

2100 796 2232 852 Cum
2261 800 2368 853 tibi
2394 800 2717 855 viderentur
2747 794 2906 871 vana,
2939 805 2993 856 et
3019 802 3407 857 divinarentur
3427 805 3737 871 mendacia,

2096 893 2157 941 ut
2185 888 2403 943 dureris
2428 904 2593 960 super
2630 889 2774 944 colla
2814 890 3229 945 vulneratorum
3257 892 3576 961 impiorum,
3606 907 3739 964 quo-

2097 991 2221 1029 rum
2270 977 2416 1031 venit
2441 977 2560 1031 dies
2592 979 2651 1031 in
2677 980 2925 1049 tempore
2954 979 3268 1049 iniquitatis
3290 981 3595 1050 praeﬁnita.
3643 981 3741 1036 Re-

2094 1067 2300 1119 vertere
2328 1066 2397 1119 ad
2428 1068 2685 1134 vaginam
2711 1069 2882 1136 tuam,
2915 1069 2971 1122 in
3009 1066 3188 1122 locum
3211 1070 3271 1122 in
3289 1084 3393 1140 quo
3412 1078 3624 1125 creatus
3642 1086 3736 1125 es:

2095 1153 2155 1206 in
2184 1156 2334 1207 terra
2373 1156 2682 1210 nativitatis
2710 1163 2821 1212 tua?
2840 1156 3103 1227 judicabo
3132 1159 3200 1211 te.
3233 1158 3295 1212 Ft
3323 1157 3604 1230 effundam
3646 1175 3738 1214 su-

2093 1256 2189 1311 per
2217 1243 2270 1295 te
2298 1241 2732 1311 indignationem
2764 1260 2962 1309 meam,
2995 1246 3056 1299 in
3087 1246 3218 1313 igne
3234 1247 3467 1316 furioris
3494 1249 3605 1302 mei
3619 1250 3736 1319 suf-

2093 1329 2262 1398 ﬂlabo
2293 1332 2349 1383 in
2381 1340 2467 1386 te:
2512 1332 2754 1402 daboque
2781 1334 2833 1387 te
2862 1335 2920 1387 in
2949 1334 3204 1389 manibus
3233 1333 3518 1390 hominum
3542 1336 3737 1392 stulto-

2095 1434 2240 1488 rum,
2271 1424 2321 1473 et
2374 1420 2738 1490 fabicantium
2759 1424 3165 1493 corruptionem
3192 1422 3385 1495 [Vulg
3407 1425 3733 1495 interitum].

2094 1507 2242 1573 Ignis
2270 1508 2382 1561 eris
2410 1508 2563 1562 cibus
2580 1526 2601 1569 ;
2648 1511 2876 1578 sanguis
2924 1514 3049 1564 tuus
3090 1511 3196 1565 erit
3225 1512 3285 1565 in
3313 1510 3491 1567 medio
3519 1515 3690 1569 terra?
3714 1528 3736 1565 :

2092 1593 2358 1650 oblivioni
2403 1597 2656 1667 traderis,
2709 1600 2840 1667 quia
2883 1613 2976 1669 ego
3020 1599 3282 1655 Dominus
3328 1599 3540 1655 locutus
3589 1615 3735 1657 sum.

2094 1682 2365 1738 Gladium
2397 1685 2550 1757 regis
2580 1684 2891 1758 Babylonis
2920 1687 3149 1743 stetisse
3177 1687 3238 1742 in
3266 1689 3456 1759 capite
3485 1690 3738 1747 duarum

2093 1772 2341 1841 viarum,
2369 1774 2427 1827 in
2450 1773 2702 1846 compito
2723 1776 2967 1830 dexterae
2990 1778 3047 1831 et
3066 1775 3337 1845 sinistrae,
3372 1793 3622 1849 quarum
3648 1778 3739 1834 al-

2093 1866 2215 1917 tera
2238 1862 2487 1917 ducebat
2504 1862 2859 1930 Jerusalem;
2894 1862 3074 1920 altera
3095 1865 3167 1920 ad
3192 1865 3457 1921 Rabbath
3479 1865 3734 1923 ﬁliorum

2092 1956 2367 2019 Ammon,
2395 1954 2452 2005 et
2476 1950 2663 2006 exisse
2683 1956 2923 2021 sortem,
2954 1957 3019 2007 ut
3049 1956 3312 2024 pergeret
3339 1953 3502 2025 prius
3533 1960 3737 2012 contra

2091 2038 2440 2104 Jerusalem,
2468 2056 2648 2112 supra
2672 2038 2938 2113 legimus.
2973 2042 3097 2106 Qua
3117 2046 3446 2113 expugnata
3465 2047 3521 2098 et
3542 2049 3734 2116 capta,

2091 2144 2335 2201 regnum
2358 2145 2590 2201 quoque
2606 2133 2663 2184 et
2677 2130 3069 2185 sacerdotium
3086 2131 3213 2201 ejus
3230 2131 3288 2185 in
3305 2134 3583 2187 aeternum
3602 2148 3733 2204 per-

2091 2217 2207 2274 isse
2237 2217 2605 2289 praenuntiat.
2655 2218 2974 2273 Residuum
3008 2224 3130 2274 erat
3170 2218 3308 2275 ﬁliis
3357 2224 3625 2287 Ammon,
3673 2224 3736 2276 et

2089 2307 2216 2379 ipse
2245 2306 2547 2363 divisionis
2578 2307 2718 2362 ordo
2750 2307 3044 2379 poscebat,
3090 2307 3232 2379 quid
3263 2309 3334 2364 de
3376 2308 3612 2365 sinistra
3639 2310 3737 2366 via

2092 2396 2311 2450 factum
2342 2400 2513 2451 esset.
2548 2396 2701 2452 252
2744 2395 2907 2451 Unde
2946 2395 3273 2468 imperatur
3307 2397 3623 2470 prophetae,
3667 2402 3736 2454 ut

2092 2484 2363 2555 loquatur
2380 2485 2450 2540 ad
2470 2484 2621 2541 ﬁlios
2642 2489 2917 2554 Ammon,
2941 2491 2998 2540 et
3018 2486 3089 2540 ad
3110 2486 3486 2558 opprobrium
3504 2502 3733 2556 eorum,

2090 2574 2243 2644 quod
2274 2581 2330 2629 et
2358 2573 2469 2646 ipsi
2499 2574 2764 2646 capiendi
2795 2574 2935 2641 sint,
2976 2579 3032 2630 et
3062 2575 3133 2630 ad
3166 2576 3436 2631 eumdem
3469 2574 3733 2648 gladium

2078 2664 2419 2717 sermonem
2447 2661 2683 2735 dirigit:
2717 2662 2761 2717 Ο
2784 2679 3006 2729 mucro,
3035 2680 3255 2735 mucro,
3285 2664 3385 2736 qui
3407 2669 3650 2736 paratus
3668 2682 3737 2723 es

2089 2752 2160 2806 ad
2192 2752 2425 2821 caedem,
2480 2751 2579 2823 qui
2611 2750 2872 2821 limatus,
2922 2756 2989 2807 ut
3036 2751 3259 2826 fulgeas
3287 2756 3345 2808 et
3375 2753 3691 2810 interﬁcias
3718 2773 3733 2810 :

2088 2839 2222 2895 licet
2268 2840 2372 2895 tibi
2426 2839 2582 2896 idola
2630 2841 3055 2913 responderint,
3106 2846 3163 2897 et
3206 2858 3424 2898 vanum
3454 2842 3532 2899 sit
3559 2859 3735 2899 omne

2089 2929 2244 3000 quod
2274 2945 2308 2984 a
2338 2928 2701 2985 dmmonibus
2726 2930 3132 3000 respondetur,
3167 2934 3231 2985 ut
3249 2930 3518 2987 videlicet
3532 2931 3735 2988 vulne-

2088 3023 2347 3074 ratorum
2380 3016 2699 3074 cervicibus
2725 3017 3085 3086 immineres,
3118 3023 3175 3075 et
3202 3034 3306 3091 per
3330 3023 3386 3076 te
3410 3018 3730 3092 complere-

334 3106 671 3205 ;uemquam
697 3144 712 3194 ;
756 3106 859 3182 sed
886 3139 1044 3180 omne
1061 3122 1338 3194 judicium
1367 3122 1513 3178 dedit
1542 3125 1681 3179 Filio
1712 3127 1886 3197 (Joan.
1919 3146 1974 3196 ν,
2011 3137 2069 3205 ρ’
2090 3111 2187 3205 μιν
2217 3107 2372 3205 φξοά
2403 3106 2587 3162 Immo
2618 3106 2901 3205 ρφῐῐιίῐιυε
2923 3110 3183 3205 ῖέωροτθ
3206 3109 3733 3205 Γυὲνᾶΐρρξῐιωίῖια·

333 3222 446 3293 22).
497 3219 568 3276 Et
595 3217 655 3272 in
687 3214 801 3270 alio
827 3213 953 3269 loco
990 3229 1003 3265 :
1055 3212 1215 3279 Deus,
1254 3210 1355 3280 ait,
1377 3213 1653 3282 judicium
1682 3222 1838 3270 tuum
1864 3233 1982 3289 regi

334 3311 428 3379 da,
461 3317 512 3366 et
529 3305 815 3380 justitiam
843 3306 997 3358 tuam
1034 3301 1151 3371 filio
1194 3302 1339 3369 regis
1387 3302 1498 3372 (Ps.
1545 3319 1694 3370 LXXI,
1746 3304 1816 3374 1).
1866 3306 1979 3362 Iste

337 3404 427 3456 est
455 3398 551 3455 cui
593 3392 918 3467 repositum
966 3394 1056 3446 est
1098 3389 1435 3462 imperium,
1482 3394 1539 3445 et
1584 3393 1977 3450 sacerdotium

329 3487 776 3561 sempiternum,
827 3482 898 3536 de
942 3496 1057 3550 quo
1102 3476 1450 3551 loquebatur
1495 3483 1553 3534 et
1592 3478 1807 3536 Jacob:
1857 3484 1978 3538 Non

327 3578 538 3648 deﬁciet
558 3575 810 3647 princeps
838 3586 908 3626 ea:
931 3567 1097 3634 Iuda,
1130 3584 1307 3638 neque
1336 3566 1453 3622 dua:
1480 3567 1546 3622 de
1577 3569 1724 3625 251
1749 3573 1973 3640 femori-

328 3668 426 3724 bus
454 3667 590 3736 eius,
606 3663 790 3722 donec
819 3659 1005 3715 veniat
1032 3658 1123 3713 cui
1151 3657 1457 3725 repositum
1483 3665 1562 3713 est
1581 3675 1599 3711 :
1638 3660 1690 3712 et
1724 3660 1836 3729 ipse
1863 3662 1974 3715 erit

322 3755 648 3831 exspectatio
676 3751 926 3822 gentium
971 3746 1123 3820 (Gen.
1170 3763 1321 3813 xux,
1364 3746 1467 3817 ιο).
1522 3746 1583 3801 In
1615 3763 1681 3803 eo
1712 3746 1836 3803 loco
1870 3750 1970 3805 ubi

323 3862 431 3902 nos
460 3839 829 3912 interpretati
865 3852 1117 3893 sumus:
1168 3838 1362 3890 Nonne
1414 3834 1532 3891 haec
1577 3838 1677 3902 est,
1729 3836 1969 3908 pulchre

319 3931 625 3989 transtulit
654 3925 1062 4001 Symmachus,
1096 3940 1267 3994 neque
1289 3925 1405 3990 hoc,
1438 3940 1611 3994 neque
1631 3924 1796 3981 illud.
1821 3927 1968 3992 Quia

320 4021 479 4076 enim
510 4019 768 4074 dixerat:
801 4015 970 4085 Aufer
987 4011 1241 4081 Cidarim,
1274 4013 1400 4067 tolle
1419 4028 1693 4081 coronam,
1726 4014 1966 4085 subjun-

319 4108 423 4174 xit,
455 4122 628 4177 neque
653 4106 752 4160 hoc
777 4118 955 4173 neque
984 4100 1145 4165 illud,
1184 4099 1242 4154 id
1273 4105 1381 4165 est,
1414 4117 1658 4173 regnum
1690 4103 1961 4172 cessabit,

318 4208 378 4260 et
391 4201 805 4260 sacerdotium.
827 4198 987 4254 Unde
1003 4196 1102 4269 qui
1125 4200 1323 4268 postea
1345 4213 1533 4268 usque
1553 4206 1625 4252 ad
1649 4199 1961 4255 adventum

319 4292 536 4349 Christi
565 4306 730 4364 reges
762 4289 997 4344 fuerunt
1020 4284 1235 4358 pariter
1254 4290 1311 4341 et
1328 4285 1680 4355 sacerdotes,
1712 4304 1961 4359 quorum

321 4398 477 4438 unus
488 4386 786 4454 Hyrcanus
801 4374 1339 4450 pontifexdiadema
1351 4374 1523 4446 capiti
1538 4392 1643 4431 suo
1658 4376 1959 4448 imposuit,

322 4472 541 4527 frustra
570 4468 683 4526 sibi
729 4472 785 4523 et
832 4466 940 4521 hoc
971 4468 1027 4520 et
1066 4462 1205 4519 illud
1237 4462 1420 4519 voluit
1451 4464 1767 4531 vindicare,
1824 4483 1957 4522 cum

322 4576 567 4633 regnum
598 4558 650 4614 ei
680 4574 795 4613 non
828 4556 1135 4612 deberetur
1182 4558 1314 4622 post
1361 4554 1682 4625 Sedecinm,
1734 4530 1834 4610 Sed
1888 4555 1972 4610 illi
2007 4542 2050 4606 D
2079 4530 2285 4633 Ροξηῖῐξ

315 4650 410 4706 cui
445 4648 768 4721 repositum
796 4648 940 4708 erat,
971 4647 1028 4698 et
1048 4641 1150 4714 qui
1174 4641 1649 4713 fuitexspectatio
1671 4644 1955 4715 gentium,

318 4739 390 4794 dc
419 4738 632 4811 quibus
664 4734 926 4807 loquitur
958 4737 1015 4788 et
1063 4729 1419 4786 Malachias:
1468 4736 1589 4800 Vos,
1638 4732 1960 4799 sacerdotes,

316 4829 415 4899 qui
451 4825 844 4882 contaminatis
892 4836 1089 4877 nomen
1130 4835 1315 4874 meum
1362 4819 1509 4887 (Mal.
1543 4836 1581 4885 1,
1612 4822 1686 4891 6).
1738 4821 1804 4876 Et
1835 4826 1966 4893 post

314 4914 623 4987 paululum
649 4932 661 4969 :
688 4915 807 4969 Non
825 4915 903 4968 est
931 4910 1182 4966 voluntas
1210 4924 1332 4963 mea
1360 4910 1420 4962 in
1449 4910 1618 4978 vobis,
1649 4913 1699 4964 et
1720 4912 1965 4965 victimas

312 5018 423 5058 non
451 5004 755 5070 suscipiam
782 5002 848 5056 de
875 4999 1141 5056 manibus
1168 4998 1383 5052 vestris.
1416 4997 1491 5051 Ab
1522 5000 1646 5051 ortu
1665 5000 1814 5053 enim
1834 5000 1962 5055 solis

313 5106 485 5162 usque
515 5090 587 5146 ad
613 5107 883 5156 occasum,
917 5103 1179 5158 magnum
1207 5094 1285 5141 est
1314 5101 1512 5141 nomen
1541 5102 1726 5141 meum
1752 5104 1811 5141 in
1838 5104 1965 5156 gen-

314 5180 459 5238 tibus
477 5198 495 5235 :
539 5183 592 5235 et
627 5181 689 5234 in
717 5180 867 5235 omni
896 5179 1008 5233 loco
1037 5176 1383 5244 sacriﬁcatur
1409 5178 1460 5229 et
1488 5175 1720 5246 offertur
1747 5177 1964 5230 nomini

312 5286 433 5328 meo
461 5269 661 5326 oblatio
688 5268 916 5322 munda.
967 5268 1100 5332 Quae
1132 5264 1355 5320 munda
1384 5262 1619 5332 oblatio,
1672 5264 1798 5320 sine
1828 5282 1961 5320 san-

312 5361 493 5434 guine
513 5357 829 5421 hircorum,
847 5355 1120 5419 arietum,
1140 5357 1315 5425 atque
1334 5358 1637 5408 taurorum
1653 5356 1767 5421 (Ps.
1782 5352 1959 5424 κως),

316 5457 377 5514 in
408 5455 623 5514 Christi
650 5451 977 5527 completur
997 5452 1271 5518 adventu,
1304 5452 1537 5524 quando
1561 5451 1718 5506 venit
1738 5451 1961 5507 deside-

316 5550 479 5602 ratus
507 5544 804 5618 gentibus,
852 5546 909 5597 et
951 5545 1115 5597 ortus
1145 5544 1233 5598 est
1262 5542 1352 5598 sol
1377 5540 1642 5614 justit'ue,
1689 5540 1748 5596 in
1790 5541 1960 5615 cujus

318 5634 527 5715 pennis
556 5637 647 5697 est
676 5632 898 5691 sanitas
936 5631 1092 5707 (Agg.
1127 5633 1211 5700 ιι).
1296 5712 1309 5725 Ι

2011 3171 2053 3237 C
2091 3201 2189 3253 tus
2215 3171 2252 3264 ;-
2284 3202 2474 3251 tamen
2505 3198 2731 3267 expleto
2763 3212 2935 3267 opere
2958 3171 3079 3267 ωδ,
3136 3197 3290 3268 quod
3321 3196 3489 3269 egisti
3528 3202 3734 3254 contra

2089 3285 2238 3341 filios
2270 3287 2538 3351 Ammon,
2591 3288 2875 3340 revertere
2908 3286 2979 3341 ad
3010 3286 3275 3358 vaginam
3309 3290 3492 3351 tuam,
3524 3286 3580 3341 id
3613 3291 3731 3360 est,

2088 3376 2145 3430 in
2170 3371 2544 3446 Babylonem,
2565 3372 2637 3428 ad
2659 3372 2848 3428 locum
2874 3374 2933 3428 in
2956 3390 3071 3446 quo
3094 3375 3283 3430 factus
3304 3391 3366 3431 es
3386 3379 3443 3429 et
3462 3380 3731 3432 creatus:

2087 3469 2151 3520 ut
2183 3464 2237 3519 in
2269 3467 2419 3519 terra
2449 3461 2771 3517 nativitatis
2804 3466 2916 3517 tua:
2939 3462 3200 3533 judicem
3233 3467 3309 3535 te,
3342 3466 3399 3520 et
3426 3463 3730 3521 effundam

2085 3569 2262 3625 super
2288 3557 2343 3608 te
2369 3551 2833 3623 indignationem
2867 3566 3080 3618 meam,
3115 3557 3172 3607 et
3193 3552 3494 3608 Medorum
3546 3557 3732 3624 atque

2084 3642 2389 3697 Persarum
2436 3640 2649 3694 virtute
2697 3639 2965 3711 capiaris.
3018 3640 3176 3703 Quod
3214 3639 3444 3711 plenius
3471 3640 3530 3695 in
3562 3641 3731 3696 Isaia

2078 3730 2378 3787 volumine
2394 3729 2627 3795 dicitur,
2648 3728 2706 3782 in
2725 3728 2943 3784 visione
2961 3732 3164 3785 contra
3186 3728 3532 3800 Babylonem
3554 3747 3569 3784 :
3590 3729 3734 3785 Ecce

2077 3837 2170 3893 ego
2199 3819 2471 3875 suscitabo
2499 3833 2663 3888 super
2692 3833 2780 3872 eos
2807 3816 3078 3873 Medos.Et
3122 3820 3252 3888 post
3277 3816 3581 3889 paululum
3611 3834 3623 3873 :
3657 3819 3731 3873 Et

2075 3911 2177 3965 erit
2203 3908 2450 3979 Babylon
2474 3906 2579 3962 illa
2598 3906 2834 3976 gloriosa
2851 3908 2909 3960 in
2929 3908 3135 3975 regnis,
3160 3906 3367 3975 inclyta
3387 3907 3449 3960 in
3467 3906 3729 3976 superbia

2078 3998 2478 4061 Chaldaeorum,
2526 3996 2667 4049 sicut
2693 3994 2953 4049 subvertit
3006 3995 3146 4050 Deus
3196 3993 3479 4049 Sodomam
3527 3998 3578 4050 et
3622 3996 3731 4051 Go-

2072 4087 2388 4144 morrham:
2441 4100 2551 4140 non
2580 4083 2926 4140 habitabitur
2952 4100 3124 4154 usque
3154 4085 3215 4139 in
3245 4085 3409 4155 ﬁnem
3437 4085 3565 4152 (Isa.
3598 4101 3733 4153 xm,

2083 4178 2142 4231 t7
2170 4184 2221 4231 et
2250 4174 2441 4244 seqq.).
2490 4176 2556 4226 Et
2598 4173 2736 4244 quia
2782 4172 2963 4228 semel
3009 4173 3120 4227 sub
3164 4188 3416 4244 persona
3443 4171 3622 4245 gladii
3657 4173 3734 4229 de

2074 4281 2226 4337 rege,
2260 4263 2442 4317 immo
2474 4278 2650 4334 regno
2682 4261 2991 4334 Babylonis
3011 4261 3380 4333 loquebatur,
3413 4266 3604 4317 servat
3629 4280 3731 4333 με·

2070 4351 2328 4429 ταφορὰν.
2378 4354 2441 4407 In
2483 4353 2629 4419 igne,
2662 4351 2876 4422 inquit,
2907 4352 3114 4422 furoris
3142 4352 3253 4405 mei
3279 4351 3514 4422 sufflabo
3534 4338 3608 4405 'in
3637 4355 3738 4419 te;

2076 4448 2139 4497 ut
2171 4442 2375 4497 faciam
2407 4445 2462 4495 te
2486 4441 2617 4512 igne
2638 4438 2929 4508 consumi,
2956 4443 3014 4494 et
3036 4440 3264 4494 tradam
3290 4442 3345 4494 te
3367 4439 3426 4494 in
3454 4438 3743 4495 manibus

2293 4547 2389 4585 um
2414 4528 2728 4584 stultorum
2753 4532 2810 4583 et
2831 4527 3259 4599 imperitorum,
3288 4528 3389 4599 qui
3412 4531 3595 4583 artem
3620 4542 3743 4584 non

2079 4621 2299 4676 habent
2327 4618 2575 4674 cudendi
2610 4617 2836 4690 gladios
2866 4623 2924 4673 et
2954 4616 3200 4671 acuendi
3228 4634 3241 4684 ;
3276 4621 3340 4671 ut
3362 4631 3743 4688 nequaquam

2081 4708 2233 4765 ultra
2263 4708 2514 4777 acuaris,
2561 4706 2805 4769 limeris,
2858 4711 2914 4761 et
2949 4705 3174 4777 fulgens
3202 4705 3275 4759 ad
3307 4704 3736 4772 occidendum;

2074 4797 2175 4853 sed
2208 4797 2289 4853 sis
2338 4796 2491 4869 ignis
2522 4794 2712 4862 cibus,
2745 4795 3105 4866 sanguisque
3124 4799 3283 4861 tuus,
3318 4810 3493 4863 quem
3525 4792 3743 4849 fudisti

2074 4885 2297 4940 cunctis
2331 4884 2753 4956 spectantibus,
2785 4884 2843 4937 in
2875 4887 2931 4938 te
2955 4882 3151 4954 potius
3172 4882 3497 4951 redundet;
3530 4886 3590 4937 et
3615 4885 3736 4937 tra-

2075 4973 2232 5028 daris
2254 4977 2478 5027 internae
2495 4971 2790 5041 oblivioni,
2810 4976 2865 5027 et
2889 4988 3090 5043 pereas
3115 4971 3172 5026 in
3198 4975 3569 5045 perpetuum,
3595 4969 3741 5043 quia

2068 5080 2172 5136 ego
2207 5062 2488 5117 Dominus
2535 5061 2765 5117 locutus
2814 5077 2966 5131 sum,
3016 5063 3187 5132 cujus
3220 5060 3457 5133 dixisse,
3507 5059 3721 5117 fecisse

2078 5156 2187 5208 est.

2140 5280 2296 5346 (Cap.
2330 5274 2498 5330 XXII.
2535 5305 2599 5313 ——
2629 5274 2791 5329 Vere.
2826 5276 2851 5328 1
2889 5273 3075 5347 seqq.)
3122 5275 3188 5328 Et
3232 5275 3444 5345 factum
3488 5281 3570 5328 est
3596 5288 3728 5330 ver-

2069 5365 2196 5420 bum
2225 5365 2445 5420 Domini
2472 5363 2542 5418 ad
2562 5380 2671 5428 mc,
2702 5362 2918 5418 dicens:
2956 5367 3019 5419 Et
3042 5371 3119 5430 lu,
3152 5364 3237 5434 fili
3258 5363 3522 5427 hominis,
3546 5378 3752 5419 nonne

2057 5453 2277 5525 judicas
2326 5450 2447 5524 [Bis
2492 5456 2579 5506 est
2623 5451 2680 5505 in
2724 5451 2889 5523 Vulg.
2931 5467 3111 5507 nonnc
3146 5450 3385 5522 judzcas)
3441 5452 3735 5508 civitatem

2069 5552 2245 5614 sangu
2257 5542 2433 5606 inum,
2464 5548 2516 5596 et
2543 5539 2777 5595 ostendis
2806 5541 2859 5595 ei
2881 5555 3067 5596 omnes
3097 5540 3537 5595 abominationes
3556 5555 3701 5597 suas
3720 5544 3758 5596 γ

2065 5630 2133 5689 Et
2158 5629 2338 5691 dices:
2375 5634 2509 5691 Ha:
2535 5629 2669 5687 dicit
2699 5630 2960 5688 Dominus
2990 5630 3177 5689 Deus:
3213 5627 3421 5689 Civitas
3448 5628 3756 5707 ommdm
