4006 6180
260 244 389 311 213

851 244 1596 315 COMMENTARIOBUM
1648 251 1720 313 IN
1772 246 2263 313 EZECHIELEM
2313 250 2455 313 LIB.
2505 252 2634 314 VII.
2681 252 2851 317 CAP.
2902 254 3122 319 XXIII.

3567 248 3687 314 2H

255 382 594 439 sanctum-ia
610 382 910 440 meaJnter
922 387 1179 441 sanetum
1190 389 1243 443 et
1255 387 1557 459 profanum
1566 401 1674 442 non
1688 383 1931 442 habuere
1960 383 2015 450 Α
2044 384 2362 457 prophetas
2373 390 2431 442 et
2443 386 2772 445 sacerdotes
2784 387 3014 447 medius
3024 388 3309 449 Dominus
3321 387 3690 465 inquinatur,

264 470 627 543 distantiam,
647 476 703 528 et
736 474 883 528 inter
891 475 1166 545 pollutum
1178 483 1229 531 et
1242 475 1511 531 mundum
1521 491 1628 531 non
1647 473 1931 529 intellexe-

258 568 423 628 runt,
458 565 513 618 et
542 579 580 616 a
608 562 848 617 sabbatis
876 565 1014 618 meis
1070 569 1388 620 averterunt
1444 565 1627 621 oculos
1677 578 1825 631 suos,
1879 565 1931 617 et

258 649 686 720 eoinquinabar
715 651 777 704 in
795 650 976 705 medio
1004 666 1210 706 eorum.
1234 654 1523 724 Principes
1538 653 1654 723 ejus
1676 653 1736 705 in
1753 651 1930 707 medio

259 737 427 793 illius
443 739 615 809 quasi
630 739 750 810 lupi
761 740 1296 811 rapientespraedam
1316 741 1387 795 ad
1399 740 1789 812 effundendum
1806 755 1928 794 san-

259 829 521 898 guinem,
554 829 607 881 et
628 827 940 898 perdendos
973 830 1208 896 ani-mas,
1241 834 1293 884 et
1330 845 1497 885 avare
1552 829 1622 884 ad
1674 827 1929 884 sectanda

262 915 449 971 lucra.
484 914 766 986 Propheta
796 920 984 972 autem
1011 919 1129 989 ejus
1160 918 1409 974 linebant
1436 934 1522 974 eos
1551 919 1748 989 absque
1794 921 1926 972 tem-

258 1008 611 1077 peramento,
641 1004 884 1060 videntes
904 1014 1122 1075 vana,et
1140 1005 1445 1062 divinantes
1464 1009 1541 1063 eis
1555 1005 1923 1071 mendacium,

260 1092 544 1148 dicentes:
580 1094 710 1150 Haec
737 1093 871 1148 dicit
902 1095 1165 1150 Dominus
1192 1096 1351 1165 Deus,
1383 1110 1509 1150 cum
1529 1096 1795 1150 Dominus
1816 1110 1925 1149 non

254 1184 332 1238 sit
362 1183 611 1237 locutus.
642 1183 917 1246 Populum
945 1185 1106 1238 terra
1133 1184 1619 1239 catumniabantur
1646 1184 1929 1238 calumnia

255 1269 460 1342 [Vulg.
496 1271 725 1342 Populi,
759 1271 1216 1344 etcalumnz’am],
1250 1281 1299 1327 et
1323 1272 1607 1344 rapiebant
1624 1272 1921 1327 violenter:

253 1375 493 1431 egenum
523 1362 579 1414 et
597 1375 893 1430 pauperem
925 1360 1264 1432 afﬁigebant,
1296 1369 1350 1416 et
1365 1361 1631 1416 advenam
1663 1362 1928 1431 opprime-

260 1447 388 1503 bant
414 1447 711 1506 ealumnia
739 1448 942 1521 absque
948 1449 1180 1521 judicio.
1204 1451 1271 1505 Et
1284 1451 1513 1521 quaesivi
1534 1450 1602 1504 de
1625 1452 1701 1504 eis
1724 1451 1922 1517 virum,

258 1539 354 1609 qui
392 1537 775 1608 interponeret
803 1540 1120 1605 maceriam,
1153 1542 1204 1593 et
1222 1540 1393 1593 staret
1416 1538 1721 1610 oppositum
1739 1546 1926 1594 contra

257 1641 344 1682 me
362 1642 480 1698 pro
506 1628 686 1696 terra,
716 1640 785 1681 ne
813 1625 1139 1698 dissiparem
1177 1644 1318 1695 eam,
1349 1631 1399 1682 el
1425 1644 1536 1684 non
1595 1630 1799 1683 inveni.
1863 1632 1928 1683 Et

254 1714 431 1787 διἀάὶ
451 1730 624 1786 super
638 1730 730 1770 eos
746 1714 1187 1784 indignationem
1218 1733 1416 1784 meam,
1442 1719 1499 1772 in
1524 1719 1649 1789 igne
1670 1718 1775 1773 ira
1794 1733 1924 1772 mea
1956 1753 2004 1819 Β

251 1806 587 1876 consumpsi
605 1819 715 1860 eos.
751 1806 906 1859 Viam
935 1820 1125 1860 eorum
1153 1806 1213 1860 in
1244 1815 1406 1878 caput
1442 1822 1633 1862 eorum
1688 1806 1922 1873 reddidi,

254 1896 336 1950 ait
365 1894 643 1949 Dominus
653 1892 1052 1949 Deus.Poterat
1081 1893 1330 1966 diligens
1343 1894 1577 1950 auditor
1604 1893 1923 1966 inquirere,

256 1999 388 2055 qua
408 1986 574 2038 esset
604 1980 795 2037 scoria
824 1998 956 2052 qua
986 1983 1218 2054 argenti
1247 1981 1550 2039 violaverit
1583 1983 1921 2055 puritatem,

258 2076 314 2128 et
344 2086 483 2141 are,
514 2070 782 2143 plumbo,
816 2074 1048 2135 stanno,
1082 2071 1350 2143 ferroque
1380 2071 1702 2128 miscuerit.
1760 2072 1921 2136 Quod

257 2159 343 2216 ibi
371 2159 561 2233 igitur
595 2160 707 2215 sub
739 2176 993 2231 persona
1023 2160 1208 2228 urbis,
1240 2160 1562 2216 etfornacis
1579 2176 1922 2233 expressum

264 2253 381 2314 est,
411 2254 470 2304 et
493 2248 631 2303 huic
662 2248 774 2303 sub
806 2248 1003 2320 specie
1032 2253 1219 2316 terra,
1254 2266 1382 2320 qua
1427 2265 1543 2305 non
1587 2249 1662 2304 sit
1712 2248 1918 2323 rigata,

274 2353 389 2392 nec
418 2336 669 2409 pluviam
702 2336 1046 2408 susceperit,
1080 2337 1446 2408 praedicatur.
1507 2336 1742 2394 Pluvias
1790 2336 1921 2394 illas

269 2425 557 2481 debemus
594 2423 937 2497 intelligere,
972 2426 1041 2481 de
1071 2425 1288 2496 quibus
1315 2425 1601 2497 scriptum
1622 2430 1744 2481 est:
1770 2426 1922 2481 Man-

263 2513 405 2570 dabo
438 2514 673 2569 nubibus
695 2530 763 2569 ne
782 2514 983 2582 pluant
1003 2530 1167 2586 super
1183 2531 1305 2569 eam
1321 2515 1552 2569 imbrem
1587 2514 1708 2586 (Isa.
1733 2532 1789 2580 ν,
1820 2517 1874 2586 6)
1903 2533 1915 2570 :

267 2619 444 2675 quem
476 2606 911 2674 exspectamus,
945 2603 1545 2674 quandodaturnobis
1570 2602 1922 2675 pluviatem-

261 2708 520 2765 poranea
540 2696 599 2747 et
628 2691 907 2757 serotina,
943 2692 1013 2747 de
1044 2708 1161 2762 qua
1193 2692 1476 2763 scriptum
1512 2679 1637 2747 est:
1664 2693 1921 2747 Pluviam

260 2780 1478 2852 voluntariamsegregabis,Deus,hareditati
1488 2789 1600 2838 tua
1617 2785 1728 2848 (Ps.
1748 2798 1918 2843 vau,

262 2872 368 2942 10).
405 2871 540 2925 Dies
573 2873 772 2925 autem
803 2869 1017 2925 furoris
1039 2873 1147 2937 est,
1179 2885 1353 2940 quem
1377 2868 1488 2925 sibi
1513 2870 1920 2942 unusquisque

262 2958 537 3016 conciliat
557 2957 943 3014 multitudine
979 2963 1372 3031 peccatorum.
1431 2957 1589 3014 Scire
1646 2958 1919 3031 cupimus

262 3066 384 3121 qua
416 3049 499 3104 sit
530 3047 701 3104 urbis
731 3047 943 3118 scoria,
968 3046 1069 3119 qui
1102 3051 1267 3103 terrae
1297 3046 1627 3102 durissima
1659 3051 1715 3102 et
1737 3048 1919 3119 plena

2041 471 2111 529 de
2141 490 2255 545 quo
2289 475 2576 548 scriptum
2605 480 2693 533 est
2724 494 2737 533 :
2772 478 2975 535 Medius
3003 488 3188 537 autem
3233 483 3380 538 inter
3432 497 3529 537 vos
3582 484 3690 538 stat

2039 578 2201 632 quem
2235 580 2326 619 vos
2358 566 2631 634 ignoratis
2663 568 2840 639 (Joan.
2886 586 2925 634 1,
2955 570 3070 640 26).
3129 569 3429 643 Propheta
3487 568 3687 643 igitur,

2039 650 2159 706 sive
2179 652 2379 719 duces,
2409 653 2677 710 leonibus
2698 662 3133 728 comparantur.
3164 658 3467 731 Principes
3489 661 3684 715 autem

2039 755 2185 811 quos
2200 740 2491 798 inferioris
2503 743 2644 816 grad
2655 760 2720 799 us
2733 732 3004 801 homines
3018 745 3467 819 intelligimuslu
3474 762 3683 820 porum

2036 828 2347 885 imitantur
2364 832 2722 904 rapinam,ut
2737 833 3041 890 effundant
3059 836 3406 907 sanguinem
3431 853 3546 893 non
3562 852 3685 892 cor-

2037 934 2266 989 porum,
2294 920 2395 974 sed
2417 919 2770 987 animarum,
2795 926 2852 977 et
2872 924 3546 992 avaresect‘anturlucra,
3578 940 3680 981 ne-

2038 1023 2336 1079 quaquam
2370 1007 2469 1064 illo
2496 1012 2782 1066 contenti:
2822 1012 2928 1079 Qui
2951 1014 3586 1085 serviuntaltari,vivant
3614 1014 3682 1071 de

2036 1098 2234 1151 altario
2257 1097 2303 1169 (I
2320 1099 2442 1154 Cor.
2472 1116 2550 1165 1x,
2580 1100 2667 1171 13)
2693 1116 2705 1155 :
2739 1101 2838 1155 sed
2864 1105 3175 1172 postquam
3192 1104 3260 1158 ad
3289 1102 3679 1159 ministerium

2036 1184 2137 1240 Dei
2156 1186 2713 1257 accesserint,Graci
2741 1188 2971 1244 divitias
2987 1195 3362 1263 congregant.
3383 1190 3683 1263 Propheta

2036 1290 2273 1346 quoque
2302 1274 2387 1329 illi
2418 1276 2519 1346 qui
2552 1280 2797 1333 ventura
2826 1278 3241 1349 pranuntiant,
3272 1278 3555 1335 liniebant
3581 1294 3681 1336 eos

2036 1363 2257 1435 absque
2279 1369 2764 1435 temperamento,
2787 1367 2858 1422 de
2879 1382 2994 1439 quo
3014 1370 3072 1423 et
3092 1384 3271 1440 supra
3291 1367 3568 1437 diximus,
3590 1383 3682 1422 va-

2034 1451 2405 1508 ticinantium
2441 1454 2880 1526 prophetarum,
2906 1455 3005 1527 qui
3027 1456 3249 1528 absque
3268 1456 3682 1512 commixtione

2035 1538 2336 1611 palearum
2366 1539 2652 1596 linierunt
2684 1542 3102 1615 parietem,qui
3124 1542 3416 1600 imbribus
3437 1543 3684 1616 dissipa-

2032 1631 2149 1682 tur.
2187 1626 2522 1683 Istiusmodi
2551 1629 2931 1697 videntvana,
2950 1634 3007 1686 et
3028 1648 3143 1687 non
3165 1635 3286 1687 tam
3308 1630 3678 1704 prophetant,

2034 1730 2210 1786 quam
2244 1715 2512 1772 divinant
2542 1718 2938 1786 mendacium,
2971 1719 3230 1776 dicentes
3245 1723 3410 1776 terra
3436 1718 3682 1775 misera-

2035 1801 2171 1858 bili:
2205 1803 2335 1859 Hac
2365 1804 2508 1859 dicit
2537 1807 2840 1875 Dominus,
2872 1807 3157 1863 Dominus
3181 1807 3298 1864 ista
3351 1807 3675 1881 promittit:

2034 1909 2169 1949 cum
2202 1892 2492 1949 Dominus
2513 1911 2627 1950 non
2650 1894 2972 1952 sitlocutus
2985 1896 3056 1952 ad
3069 1911 3186 1953 eos.
3207 1896 3467 1969 Populus
3484 1900 3679 1952 autem

2034 1985 2199 2037 terra
2230 1998 2604 2054 nequaquam
2663 1983 2788 2054 Dei,
2840 1984 2942 2040 sed
2990 1988 3353 2041 terrenorum
3413 2000 3677 2058 operum,

2032 2070 2363 2143 principum
2396 2088 2463 2126 ac
2493 2072 2860 2128 sacerdotum
2915 2072 3217 2130 amulator
3272 2074 3546 2141 existens,
3578 2090 3682 2146 per

2032 2158 2389 2216 calumniam
2404 2163 2460 2216 et
2470 2161 2794 2232 potentiam
2807 2167 3017 2218 cuncta
3032 2162 3284 2219 faciebat
3297 2180 3434 2220 :non
3447 2162 3678 2230 divites,

2031 2248 2131 2303 sed
2166 2264 2450 2320 pauperes
2476 2249 2834 2322 opprimens,
2868 2251 2939 2307 de
2968 2251 3185 2324 quibus
3215 2252 3500 2325 scriptum
3548 2255 3674 2308 est:

2030 2338 2251 2408 Pauper
2280 2346 2465 2393 autem
2493 2355 2604 2395 non
2631 2340 2858 2396 sustinet
2887 2342 3389 2397 comminationem.
3420 2343 3521 2396 Et:
3576 2342 3677 2396 Re-

2028 2425 2263 2497 demptio
2291 2427 2492 2481 anima
2538 2429 2648 2482 viri
2680 2426 2925 2499 propriae
2952 2428 3157 2485 divitia
3186 2430 3367 2501 (Prov.
3425 2447 3548 2501 xm,
3597 2428 3673 2500 8).

2029 2514 2326 2569 Advenam
2358 2531 2590 2587 quoque
2610 2520 2667 2572 et
2696 2517 3091 2588 peregrinum,
3125 2518 3224 2589 qui
3259 2518 3509 2573 necdum
3536 2516 3677 2573 civis

2030 2602 2295 2658 Ecclesia
2328 2603 2513 2658 fuerat
2544 2603 2804 2670 effectus,
2866 2606 2967 2660 sed
3019 2609 3250 2661 tantum
3309 2605 3560 2675 auditor,
3620 2609 3680 2661 et

2031 2690 2253 2746 habens
2285 2691 2450 2746 initia
2478 2690 2633 2758 ﬁdei,
2661 2692 3071 2765 opprimebant
3090 2693 3383 2749 calumnia
3405 2712 3418 2749 :
3444 2697 3507 2749 ut
3522 2697 3678 2766 post-

2031 2795 2209 2852 quam
2224 2779 2571 2837 circuissent
2597 2796 2757 2837 mare
2776 2785 2833 2837 et
2856 2782 3103 2850 aridam,
3119 2782 3196 2854 (a)
3218 2783 3474 2838 fecerent
3490 2799 3675 2839 unum

2030 2867 2489 2941 proselytum,et
2509 2869 2764 2925 facerent
2781 2886 2916 2926 eum
2938 2869 3127 2926 ﬁlium
3167 2870 3465 2945 gehenna.
3520 2872 3676 2928 260

2029 2957 2185 3012 Inter
2212 2962 2375 3013 tanta
2406 2961 2599 3014 autem
2629 2958 2772 3014 vitia
2800 2963 2858 3014 et
2882 2958 3169 3016 scelerum
3212 2959 3652 3016 multitudinem

2034 3045 2274 3116 quasivi
2305 3047 2376 3102 de
2407 3046 2490 3103 eis
2520 3047 2713 3103 virum
2747 3047 2845 3118 qui
2864 3047 2962 3104 ira
2992 3063 3137 3104 mea
3167 3053 3366 3120 posset
3382 3048 3674 3118 resistere,

260 3116 527 3211 veprium
561 3116 940 3208 sentiumque
969 3116 1228 3208 squalor.
1281 3136 1639 3206 Conjuratio,
1703 3116 1918 3208 inquit,
1953 3116 1995 3183 θ
2033 3138 2091 3190 et
2120 3133 2308 3190 instar
2332 3134 2515 3207 Moysi
2559 3139 2617 3191 et
2642 3116 2856 3204 Aaron,
2889 3142 2946 3192 et
2977 3116 3286 3207 Samuelis,
3320 3137 3442 3210 igni
3472 3116 3680 3194 meoet

261 3226 718 3300 Pmphetarum,
752 3225 877 3281 sive
899 3226 1069 3297 juxta
1092 3225 1252 3293 LXX,
1275 3225 1471 3280 ducum
1494 3223 1554 3279 in
1580 3224 1768 3280 medio
1791 3225 1918 3296 ejus

260 3315 611 3373 habentium
646 3314 1098 3371 similitudinem
1130 3313 1338 3380 leonis,
1369 3314 1439 3368 de
1471 3331 1585 3385 quo
1616 3313 1820 3369 scribit
1864 3318 1920 3369 et

264 3404 462 3460 Petrus
482 3423 497 3459 :
516 3403 885 3459 Adversarius
905 3406 1091 3459 noster
1109 3403 1381 3471 diabolus,
1410 3405 1569 3473 quasi
1586 3404 1668 3457 leo
1695 3404 1919 3471 rugiens

263 3495 456 3549 circuit
488 3493 544 3564 (Ι
570 3492 723 3547 Petr.
757 3508 812 3557 v,
839 3491 916 3563 8).
950 3491 1058 3554 Qui
1110 3490 1199 3546 leo
1249 3506 1574 3562 omnesque
1618 3491 1746 3562 ejus
1777 3490 1917 3546 socii

265 3598 373 3638 non
405 3584 691 3654 quarunt
718 3596 962 3652 corpora
991 3580 1286 3646 devorare,
1317 3579 1417 3635 sed
1459 3578 1708 3647 animas,
1768 3579 1917 3635 acci-

262 3671 553 3743 piuntque
584 3669 907 3738 mercedes,
942 3672 1000 3724 et
1030 3668 1280 3741 pecunia
1311 3671 1521 3723 cuncta
1570 3668 1915 3740 dijudicaut.

264 3759 423 3824 Quod
454 3759 519 3813 in
547 3756 651 3812 illo
682 3756 925 3829 quidem
956 3760 1217 3828 tempore
1246 3754 1531 3810 accidisse
1563 3754 1774 3827 populo
1823 3754 1922 3809 Ju-

265 3848 551 3913 daei-um,
581 3843 732 3901 nulli
757 3844 1005 3900 dubium
1022 3848 1129 3900 est.
1155 3844 1391 3916 Propter
1406 3844 1738 3900 sacerdotes
1762 3843 1917 3900 enim

270 3935 631 4008 etprincipes
652 3940 710 3991 et
730 3933 1047 4006 prophetas
1067 3931 1309 3989 adduxit
1329 3931 1613 3988 Dominus
1635 3949 1702 3988 su
1711 3948 1920 4004 pereos

283 4022 525 4080 malum.
546 4024 652 4079 Sed
672 4023 728 4078 in
757 4026 959 4079 nostra
973 4020 1298 4078 Jerusalem
1329 4021 1436 4076 hoc
1458 4038 1610 4094 sape
1632 4020 1918 4093 conspici-

273 4129 445 4169 mus:
478 4112 580 4183 qui
610 4113 778 4184 juxta
807 4110 1191 4183 Septuaginta
1242 4110 1519 4166 devorant
1572 4110 1801 4167 animas
1859 4110 1918 4166 in

270 4201 556 4275 potentia,
588 4206 648 4256 et
679 4199 830 4257 259
853 4200 1106 4272 pretium
1130 4198 1441 4270 accipiunt,
1492 4202 1557 4253 ut
1597 4199 1815 4256 multas
1845 4200 1921 4254 vi-

267 4291 414 4347 duas
442 4290 687 4355 faciant,
713 4305 841 4360 qua
863 4303 1149 4360 sponsum
1177 4286 1487 4343 Dominum
1515 4288 1915 4359 perdiderunt.

267 4380 489 4437 Horum
519 4382 719 4434 autem
735 4377 1151 4450 prophetarum
1178 4370 1349 4433 factio
1365 4380 1473 4447 est,
1498 4380 1553 4431 et
1572 4378 1699 4447 conj
1708 4379 1917 4448 uratio,

2028 3224 2301 3279 incendio
2334 3240 2396 3280 se
2419 3230 2736 3297 Opponeret
2760 3243 2773 3293 ;
2806 3229 2863 3280 et
2890 3242 3006 3282 non
3033 3226 3195 3299 potui
3218 3226 3491 3299 reperire.
3516 3226 3678 3282 Unde

2031 3312 2384 3385 loquebatur
2415 3314 2486 3369 ad
2520 3314 2790 3385 Moysen:
2822 3316 3045 3371 Dimitte
3072 3331 3176 3382 me,
3208 3322 3262 3371 et
3288 3315 3472 3371 delebo
3503 3331 3678 3387 popu-

2029 3402 2146 3456 lum
2175 3402 2346 3457 istum
2377 3403 2569 3473 (Exod.
2603 3420 2780 3472 xxxu,
2843 3404 2951 3474 10).
2993 3404 3062 3458 Et
3114 3403 3253 3475 quia
3310 3403 3676 3460 resistentem

2030 3490 2200 3557 mihi,
2235 3491 2707 3562 retinentemque
2727 3506 2840 3559 me,
2874 3507 2988 3546 non
3020 3490 3183 3562 potui
3211 3491 3503 3564 reperire:
3549 3507 3680 3565 pro-

2028 3586 2228 3650 pterea
2250 3582 2433 3634 totam
2459 3595 2637 3650 super
2657 3595 2758 3635 eos
2778 3578 2957 3634 effudi
2977 3578 3438 3650 indignationem
3460 3596 3676 3645 meam,

2029 3672 2086 3723 et
2116 3667 2460 3739 consumpsi
2488 3666 2640 3734 illos,
2671 3684 2787 3722 non
2813 3666 3037 3738 absque
3071 3683 3349 3723 mensura
3378 3672 3554 3739 atque
3573 3670 3674 3740 ju-

2028 3757 2200 3825 dicio,
2234 3757 2336 3811 sed
2358 3760 2422 3811 ut
2454 3755 2749 3811 redderem
2773 3754 2894 3810 vias
2915 3771 3116 3811 eorum
3135 3755 3194 3811 in
3211 3754 3669 3829 capitaillorum,

2027 3845 2116 3902 vel
2148 3844 2383 3917 propria
2414 3848 2650 3917 peccata
2688 3860 2815 3916 qua
2874 3843 3148 3909 fecerant,
3201 3844 3539 3903 auctoribus
3567 3845 3672 3901 tri-

2030 3936 2241 4001 buens,
2274 3932 2361 3989 vel
2393 3936 2548 3989 certe
2577 3932 2637 3987 in
2671 3931 2857 4005 capita
2887 3933 3087 4005 populi
3115 3932 3303 4005 ducis,
3364 3934 3675 4008 principis,

2030 4041 2097 4080 ac
2128 4021 2572 4095 prophetarum,
2633 4037 2885 4093 quorum
2948 4019 3153 4077 nullus
3215 4021 3327 4078 fuit
3407 4022 3684 4094 irascenti

2029 4111 2278 4170 Domino
2309 4111 2549 4167 auderet
2576 4110 2866 4181 resistere,
2903 4114 2957 4166 et
2990 4126 3245 4183 quorum
3305 4127 3486 4169 causa
3531 4116 3687 4170 terra

2033 4201 2306 4274 squalida
2335 4188 2509 4272 atque
2540 4200 2769 4256 deserta
2798 4200 3048 4256 imbrem
3111 4200 3345 4257 Domini
3388 4201 3688 4275 suscipere

2034 4310 2149 4349 non
2184 4291 2415 4347 meruit.

2101 4380 2257 4452 (Cap.
2290 4378 2483 4434 XXIII.
2516 4409 2583 4418 —
2616 4381 2779 4434 Vers.
2842 4378 2868 4433 1
2900 4380 3086 4451 seqq,)
3116 4382 3180 4435 Et
3204 4381 3386 4451 factus
3402 4386 3480 4436 est
3518 4393 3694 4435 sermo

270 4474 335 4525 ut
362 4469 621 4525 invicem
657 4466 748 4523 sui
780 4468 1037 4523 fautores
1068 4465 1206 4533 sint,
1241 4470 1297 4522 et
1317 4465 1515 4521 omnia
1547 4465 1729 4538 turpis
1775 4465 1921 4523 lucri
1956 4483 2002 4547 D
2034 4471 2255 4526 Domini
2284 4468 2354 4523 ad
2380 4483 2484 4534 me,
2516 4466 2735 4523 dicens:
2769 4467 2878 4522 Fili
2925 4467 3186 4530 hominis,
3243 4467 3372 4525 duae
3436 4469 3696 4524 mulieres

273 4558 455 4630 gratia
483 4556 730 4612 faciant.
766 4554 1109 4611 Sacerdotes
1139 4555 1240 4627 qui
1271 4554 1548 4627 prasules
1570 4554 1771 4627 templi
1803 4573 1932 4612 esse

282 4646 652 4714 deberent,et
671 4662 741 4701 ex
762 4661 1016 4718 quorum
1038 4661 1136 4700 ore
1162 4644 1372 4700 notitia
1393 4643 1561 4716 Legis
1593 4642 1932 4716 inquiritur,

279 4734 489 4792 violant
509 4733 871 4803 sanctuaria,
887 4732 1234 4806 nullamque
1256 4732 1408 4788 inter
1421 4736 1695 4788 sanctum
1717 4737 1773 4789 et
1803 4750 1933 4805 pro-

279 4824 498 4893 fanum,
534 4823 655 4880 nisi
686 4824 946 4896 pecunia
976 4823 1196 4879 habent
1230 4821 1594 4878 distantiam.
1651 4824 1938 4879 Avertunt

281 4914 476 4970 oculos
506 4930 546 4969 a
583 4912 870 4979 sabbatis,
905 4916 962 4968 et
993 4912 1096 4968 Dei
1119 4911 1383 4984 requiem
1436 4928 1564 4982 qua
1617 4910 1677 4966 in
1734 4911 1940 4967 notitia

281 5003 723 5076 Scripturarum
753 5005 862 5068 est,
896 5019 1012 5057 non
1042 5001 1366 5073 rocogitant
1394 5016 1407 5054 :
1442 5017 1546 5056 nec
1577 5000 1779 5056 dicunt
1804 5016 1938 5056 cum

284 5093 604 5165 propheta:
640 5092 841 5148 Revela
871 5092 1053 5147 oculos
1079 5106 1244 5159 meos,
1277 5097 1329 5145 et
1363 5091 1717 5147 considerabo
1755 5092 1939 5145 mira-

288 5179 419 5237 bilia
450 5182 523 5238 de
570 5182 689 5252 lege
742 5185 837 5236 tua
894 5182 1069 5249 (Psal.
1122 5194 1314 5251 cxvm,
1372 5179 1482 5249 18).
1538 5177 1733 5247 Neque
1792 5177 1937 5233 illud

2043 4559 2180 4630 ﬁlice
2192 4559 2390 4613 matris
2411 4558 2576 4611 unius
2596 4558 2901 4627 fuerunt,et
2918 4557 3209 4627 fornicata:
3227 4565 3353 4612 sunt
3372 4558 3431 4611 in
3446 4557 3693 4628 Egypto,

2044 4650 2106 4703 in
2136 4647 2503 4703 adolescentia
2532 4661 2631 4699 sua
2653 4646 2946 4715 fornicata
2974 4649 3124 4700 sunt.
3166 4645 3256 4700 Ibi
3309 4644 3535 4699 subacta
3569 4652 3700 4700 sunt

2046 4737 2220 4793 ubera
2248 4750 2465 4803 earum,
2488 4740 2537 4789 et
2556 4736 2746 4804 [racia
2766 4734 2894 4788 sunt
2911 4747 3170 4789 mamma:
3185 4731 3489 4804 pubertatis
3507 4746 3700 4788 earum

2048 4824 2208 4897 (sive,
2262 4826 2327 4878 ut
2373 4822 2431 4877 in
2469 4821 2597 4876 LXX
2644 4821 2995 4889 continetur,
3037 4820 3119 4876 Ibi
3162 4820 3475 4876 ceciderunt
3533 4820 3701 4879 ubera

2046 4928 2257 4982 earum,
2293 4915 2345 4967 et
2376 4911 2456 4967 ibi
2481 4910 2842 4982 devirginatee
2868 4911 3039 4976 sunt).
3068 4908 3526 4980 Nominaearum,
3547 4909 3702 4968 Oolla

2048 5002 2233 5073 major
2264 4999 2409 5072 (sive
2441 4999 2667 5070 senior),
2697 5001 2747 5055 et
2778 4998 2969 5054 Ooliba
2996 5013 3150 5054 soror
3179 4999 3315 5071 ejus.
3348 4999 3413 5055 Et
3427 5000 3597 5057 habui
3612 5016 3703 5058 eas

2051 5091 2171 5148 sive
2197 5092 2362 5160 facta
2390 5092 2518 5144 sunt
2546 5087 2728 5159 mihi),
2760 5094 2811 5142 et
2856 5095 3184 5158 pepererunt
3234 5088 3376 5159 ﬁlios
3427 5092 3480 5144 et
3532 5088 3701 5161 ﬁlias.

2052 5181 2117 5235 Et
2176 5181 2398 5234 nomina
2444 5193 2659 5244 earum,
2717 5176 2973 5232 Samaria
3047 5177 3221 5249 Oolla,
3281 5183 3333 5233 et
3406 5178 3704 5234 Jerusalem

287 5268 551 5341 Apostoli
587 5288 601 5324 :
636 5270 742 5324 Nos
765 5278 949 5325 autem
975 5284 1160 5326 omnes
1214 5268 1456 5324 revelata
1511 5268 1656 5338 facie
1707 5267 1944 5337 gloriam
2056 5267 2265 5323 Ooliba.
2298 5269 2593 5323 Fornicata
2622 5268 2700 5320 est
2722 5265 2892 5336 igitur
2941 5266 3101 5323 Oolla
3129 5283 3294 5340 super
3319 5281 3425 5334 me,
3475 5269 3526 5321 et
3550 5266 3705 5322 insa-

293 5356 509 5415 Domini
546 5359 984 5430 contemplamur
1013 5359 1063 5431 (Ι
1088 5358 1207 5414 Cor.
1269 5374 1353 5423 ιιι,
1416 5358 1523 5425 12).
1582 5357 1741 5411 Inter
1796 5355 1943 5413 tales
2054 5359 2197 5413 nivit
2227 5355 2370 5429 (sive
2402 5353 2563 5425 abiit)
2594 5353 2667 5409 ad
2696 5357 2964 5413 amatores
2994 5372 3118 5414 suos
3162 5357 3225 5413 in
3277 5354 3548 5425 Assyrios,
3607 5353 3705 5426 qui

359 5572 449 5645 (a)
482 5574 611 5631 Duo
642 5580 857 5632 mss.ut
878 5574 1128 5646 facerent
1146 5588 1319 5631 unum
1332 5569 1949 5644 proselytum,faeerent
1984 5585 2131 5642 eum,
2164 5573 2273 5629 etc.
