4006 6180
199 308 319 380 115

1432 315 1495 377 S.
1546 311 1855 377 EUSEBII
1900 312 2372 377 HIERONYMI.

3486 311 3604 375 216

204 445 723 523 apprOpinquabant
749 447 941 523 [Vulg
975 447 1495 524 appropinquantes]
1534 450 1608 517 ei,
1636 450 1848 506 vestitos
1876 449 1931 517 Α
1958 447 2263 505 auxilium.
2286 447 2397 515 Qui
2424 450 2714 506 venerunt
2743 451 2801 506 et
2829 445 3168 522 polluerunt
3182 461 3332 513 eam,
3354 451 3424 502 ut
3442 445 3609 519 quid'

207 538 1407 612 hyacinthinis[Vulg.hyacintho],principes
1419 544 1471 596 et
1480 542 1854 610 magistratus,

210 629 433 684 iuvenes
449 628 725 700 cupidinis
737 628 879 701 (sive
898 630 1109 698 electos)
1131 633 1413 686 universos
1428 632 1633 702 equites
1676 643 1861 684 ascen-

218 731 366 772 sores
381 733 658 787 equorum.
678 719 753 773 Et
789 718 945 774 dedit
987 722 1381 790 fornicationes
1409 735 1539 776 suas
1565 732 1732 789 super
1776 732 1864 772 eos

213 812 405 869 electos
433 814 577 884 ﬁlios
616 814 967 887 Assyriorum
1026 820 1328 886 universos,
1386 825 1438 873 et
1495 818 1556 871 in
1610 815 1862 871 omnibus

212 916 379 972 super
406 919 538 974 quos
562 905 833 960 insanivit
866 907 925 960 in
947 906 1316 961 immunditiis
1343 905 1484 977 (sive
1520 904 1861 959 adinventio-

211 991 406 1063 nibus)
434 1007 621 1048 eorum
632 994 849 1065 polluta
878 999 981 1050 est.
1003 996 1225 1067 Insuper
1252 999 1303 1049 et
1325 996 1719 1065 fornicationes
1744 1007 1870 1045 suas

221 1093 356 1150 quas
383 1080 650 1137 habuerat
680 1082 740 1136 in
770 1084 1019 1155 (Egypto,
1049 1099 1161 1139 non
1198 1084 1442 1154 reliquit.
1496 1083 1632 1137 Nam
1687 1084 1739 1137 et
1777 1077 1867 1135 illi

218 1168 563 1249 dormierunt
581 1186 706 1226 cum
723 1187 789 1227 ea
806 1173 865 1227 in
881 1172 1242 1228 adolescentia
1282 1172 1481 1242 ejus,et
1528 1170 1620 1224 illi
1647 1169 1866 1239 confre-

222 1261 418 1326 gerant
440 1259 609 1315 ubera
620 1260 922 1332 pubertatis
948 1261 1066 1332 ejus
1086 1260 1228 1331 (sive
1264 1269 1315 1315 et
1360 1261 1470 1331 ipsi
1497 1255 1869 1328 devirginave'

212 1350 345 1401 rant
355 1348 500 1419 eam)
518 1352 592 1403 :et
609 1349 923 1421 effuderunt
941 1350 1363 1420 fornicationem
1377 1365 1536 1404 suam
1544 1363 1706 1418 super
1722 1337 1864 1435 eam;

211 1443 518 1515 Propterea
544 1445 751 1500 tradidi
768 1462 889 1500 eam
921 1447 984 1500 in
1011 1462 1212 1501 manus
1268 1449 1576 1500 amatorum
1622 1459 1870 1499 suorum-

211 1532 275 1587 in
301 1549 499 1587 manus
525 1534 771 1604 filiorum
801 1535 984 1604 Assur,
1006 1551 1178 1607 super
1196 1551 1430 1605 quorum
1450 1533 1719 1588 insanivit
1744 1519 1870 1586 libi‘

208 1618 415 1676 dinem.
448 1623 559 1692 Ipsi
568 1622 1050 1695 discooperuerunt
1076 1624 1440 1692 ignominiam
1463 1624 1582 1695 ejus
1604 1638 1618 1676 :
1640 1621 1787 1691 filios
1807 1621 1871 1707 ὁ

208 1708 357 1779 ﬁlias
395 1711 550 1766 illius
606 1713 891 1774 tulerunt;
945 1717 1001 1769 et
1048 1715 1226 1785 ipsam
1275 1712 1594 1768 occiderunt
1647 1707 1868 1796 gladio)

1966 538 2109 608 quid
2131 538 2190 593 in
2216 538 2609 595 adolescentia
2638 539 2851 595 fecerat
2878 538 2938 593 in
2989 538 3255 610 Egypto,
3303 536 3456 593 202
3490 551 3608 592 non

1967 626 2339 698 relinqueret.
2373 628 2520 684 Nam
2552 632 2609 684 et
2632 626 2879 700 [Egyptii
2910 625 3343 682 concubuerant
3368 640 3502 681 cum
3542 641 3614 680 ea

1966 715 2027 770 in
2058 715 2452 773 adolescentia
2479 719 2626 789 ejus,
2661 733 2913 788 quorum
2969 713 3285 771 simulacra
3338 718 3614 770 venerata

1968 809 2088 873 est;
2120 805 2320 877 ibique
2348 805 2729 878 devirginata,
2761 809 2818 861 et
2862 804 3158 859 confracta
3187 807 3322 859 sunt
3341 803 3522 859 ubera
3548 802 3616 857 il-

1967 892 2121 950 lius:
2146 899 2205 950 et
2231 899 2390 951 tanta
2422 895 2531 950 fuit
2555 892 2953 950 fornicationis
2983 892 3360 957 abundantia,
3392 896 3459 947 ut
3494 908 3612 948 non

1970 983 2243 1040 fornicati
2265 999 2397 1039 cum
2429 999 2515 1054 ea,
2549 985 2649 1039 sed
2676 982 3118 1039 fornicationem
3150 997 3317 1037 suam
3349 980 3613 1052 superil-

1973 1071 2091 1128 lam
2122 1072 2398 1128 effudisse
2419 1072 2708 1128 dicantur.
2741 1073 3052 1144 PrOpterea
3080 1070 3295 1126 tradita
3321 1074 3411 1126 est
3468 1070 3617 1141 ipsis

1973 1161 2335 1217 amatoribus
2360 1161 2503 1228 suis,
2535 1161 2682 1217 Phul
2703 1165 2761 1216 et
2790 1158 3405 1233 Theglathphalassar,
3430 1157 3620 1214 etSal-

1974 1264 2269 1312 manasar,
2300 1248 2357 1302 in
2390 1265 2643 1320 quorum
2672 1248 2948 1304 insanivit
3001 1247 3327 1316 libidinem,
3388 1251 3445 1302 et
3500 1246 3617 1318 ipsi

1974 1334 2495 1406 discooperuerunt
2549 1334 2933 1407 ignominiam
2973 1335 3122 1406 ejus,
3174 1330 3617 1408 τροπολογικῶς,

1975 1432 2147 1503 quasi
2179 1432 2443 1488 mulieris
2474 1432 2797 1488 meretricis
2855 1432 2951 1505 (IV
2994 1436 3120 1504 Reg.
3181 1449 3295 1487 xvn
3348 1435 3402 1487 et
3451 1449 3617 1499 xvm,

1978 1522 2003 1575 1
2038 1522 2228 1576 Paral.
2259 1522 2335 1594 v).
2372 1522 2662 1577 Revelatio
2694 1525 2890 1577 autem
2929 1522 3114 1589 urbis,
3147 1520 3452 1593 captivitas
3502 1526 3617 1587 est,

1977 1610 2079 1681 qui
2108 1609 2258 1665 filios
2289 1613 2346 1665 et
2373 1610 2525 1665 filias
2555 1625 2757 1666 earum
2787 1611 3003 1666 duxere
3033 1609 3311 1683 captivas,
3338 1612 3396 1664 et
3424 1610 3621 1681 ipsam

1977 1698 2171 1772 gladio
2199 1699 2587 1767 trucidarunt,
2619 1700 2701 1754 ita
2753 1704 2822 1755 ut
2867 1699 2924 1754 in
2977 1698 3242 1754 omnium
3303 1696 3622 1754 mulierum

208 1798 278 1853 Et
329 1801 489 1868 factae
539 1809 670 1856 sunt
711 1803 941 1872 famosae
1007 1803 1272 1857 malieres
1360 1802 1508 1870 (sive
1578 1803 1725 1873 facta
1811 1787 1869 1851 es
1898 1820 1947 1886 Β
1978 1787 2312 1886 θξῑθωΡῙιΠΠ
2335 1788 2613 1886 ,ἱυὲιιῖαῒεξ
2630 1788 2824 1886 ε-ίιςθι
2853 1787 3166 1886 injustam
3190 1791 3621 1886 partemAcun-

207 1886 271 1940 in
309 1903 563 1944 sermone
614 1889 979 1961 mulierum);
1027 1898 1081 1946 et
1123 1891 1355 1962 judicia
1411 1889 1553 1961 (sive
1607 1889 1847 1944 ultiones

209 1977 360 2033 201
388 1979 638 2047 fecerunt
657 1980 717 2033 in
736 1994 820 2034 ea.
837 1978 1152 2035 Duodecim
1176 1979 1368 2035 tribus
1388 1977 1567 2034 Israel
1598 1994 1725 2049 quae
1748 1976 1842 2031 fue

208 2069 348 2120 runt
368 2066 589 2136 junctae
621 2066 681 2121 in
711 2068 969 2140 Egypto,
1009 2072 1211 2140 postea
1241 2084 1370 2124 esse
1396 2056 1615 2123 divisis
1636 2066 1695 2120 in
1719 2066 1870 2121 duas

211 2155 270 2208 et
291 2153 492 2209 decem
522 2155 733 2224 tribus,
795 2155 1232 2229 appellatasque
1288 2157 1506 2213 Judam
1567 2161 1623 2211 et
1664 2152 1864 2225 Israel,

208 2242 437 2316 Regum
469 2247 527 2300 et
557 2243 1039 2317 Paralipomenon
1075 2246 1373 2318 Scriptura
1401 2248 1671 2301 testatur.
1701 2245 1867 2300 Judae

206 2332 474 2407 regnavit
495 2333 565 2389 de
580 2334 763 2407 stirpe
784 2334 1251 2401 David,Roboam
1276 2334 1437 2391 ﬁlius
1457 2333 1783 2390 Salomonis
1804 2333 1864 2387 in

208 2421 668 2488 Jerusalem,ubi
690 2425 815 2479 erat
824 2422 1111 2496 templum
1126 2428 1182 2480 et
1197 2424 1550 2491 sacerdotes,
1579 2426 1635 2478 et
1651 2437 1866 2493 magna

207 2511 557 2584 parstribus
581 2512 731 2568 Levi.
765 2516 971 2568 Decem
996 2517 1188 2568 autem
1208 2513 1481 2568 tribubus
1518 2512 1577 2566 in
1598 2510 1865 2566 Samaria

220 2599 529 2658 Jeroboam
552 2600 709 2657 filius
729 2601 918 2657 Nabat
934 2603 1004 2657 de
1019 2603 1125 2672 [AL
1148 2601 1395 2674 Nabadi]
1416 2601 1571 2656 tribu
1587 2599 1861 2672 Ephraim

210 2694 271 2745 et
298 2690 515 2762 Joseph
546 2715 560 2759 ;
594 2706 846 2761 quarum
866 2690 1129 2746 Samaria
1150 2707 1305 2745 nunc
1326 2688 1653 2762 appellatur
1677 2687 1858 2756 Oolla,

221 2779 379 2850 quod
392 2778 453 2833 in
475 2777 676 2850 lingua
694 2783 895 2834 nostra
911 2783 1080 2834 sonat
1091 2780 1520 2834 tabernaculum:
1534 2776 1861 2833 Jerusalem

148 2898 159 2905 κ
208 2883 345 2921 vero
377 2866 585 2933 Ooliba,
618 2866 728 2921 hoc
759 2870 867 2932 est,
901 2867 1314 2922 tabernaculum
1350 2882 1530 2921 meum
1560 2867 1621 2921 in
1650 2882 1733 2921 ea.
1764 2866 1860 2920 Si-

215 2952 453 3025 quidem
486 2957 542 3009 et
572 2953 632 3008 in
656 2955 855 3009 decem
870 2954 1124 3011 tribulus
1137 2960 1260 3011 erat
1275 2953 1721 3010 tabernaculum
1744 2971 1859 3009 non

221 3043 343 3113 Dei,
377 3043 478 3100 sed
508 3041 819 3099 idolorum.
852 3046 1076 3099 Aureos
1108 3043 1262 3099 enim
1288 3044 1621 3111 Jeroboam,
1657 3047 1723 3097 ut
1751 3058 1857 3115 po-

211 3132 421 3205 pulum
444 3134 725 3188 averterst
754 3148 788 3186 a
818 3131 979 3187 cultu
1009 3131 1133 3199 Dei,
1179 3131 1395 3187 vitulos
1442 3129 1751 3187 collocarat
1797 3130 1858 3185 in

210 3225 335 3277 Dan
370 3223 428 3276 et
457 3219 675 3276 Bethel.
709 3220 986 3276 Dicamus
1016 3237 1152 3293 ergo
1183 3222 1254 3277 de
1284 3220 1553 3292 singulis.
1583 3220 1860 3274 Duaeista:

220 3307 519 3380 mulieres,
553 3308 819 3365 Samaria
848 3312 907 3365 et
933 3308 1285 3377 Jerusalem,
1320 3308 1449 3364 ﬁliae
1478 3308 1714 3363 fuerunt
1751 3325 1873 3363 ma-

217 3397 328 3453 tris
359 3397 538 3455 unius
568 3398 639 3454 de
670 3397 845 3454 Israel
878 3398 1057 3469 stirpe
1108 3401 1418 3470 generatae,
1477 3400 1534 3453 et
1578 3396 1869 3453 fornicata;

231 3490 372 3543 sunt
400 3486 459 3542 in
479 3488 722 3561 [Egypto
743 3486 805 3542 in
826 3485 1217 3543 adolescentia
1238 3504 1364 3543 sua.
1384 3485 1583 3558 Neque
1597 3487 1753 3541 enim
1777 3502 1869 3541 ac-

228 3575 521 3647 cepissent
550 3576 761 3649 Legem
793 3576 1014 3632 eductse
1045 3577 1116 3631 de
1137 3576 1382 3649 zEgppto
1408 3573 1465 3629 in
1490 3578 1686 3630 monte
1709 3573 1868 3641 Sina,

228 3672 634 3745 prohibentem
666 3690 764 3730 eas
793 3673 1057 3730 venerari
1100 3672 1277 3741 idola,
1316 3672 1427 3728 nisi
1450 3676 1694 3745 Egypto
1723 3671 1871 3727 fuis-

224 3766 355 3819 sent
367 3763 632 3836 Egyptia
654 3766 923 3836 portenta
952 3767 1252 3820 veneratae.
1288 3762 1481 3818 Potest
1510 3765 1704 3817 autem
1747 3778 1871 3815 ma-

217 3856 308 3909 ter
363 3853 671 3909 ambarum
703 3868 831 3908 esse
860 3852 1146 3920 Cbetbtea,
1171 3853 1241 3908 de
1259 3869 1374 3925 qua
1388 3867 1568 3923 supra
1588 3848 1866 3923 legimus:

218 3942 393 3998 Pater
422 3944 595 3997 vester
624 3943 994 4007 Amorrhazus,
1045 3951 1095 3997 et
1151 3944 1333 3998 mater
1391 3948 1568 3995 vestra
1623 3939 1871 3994 Chcthaza

218 4030 424 4100 (Supra
447 4047 563 4096 xw,
599 4029 672 4099 3).
706 4030 816 4085 Sed
847 4034 904 4085 et
935 4029 1172 4101 quando
1204 4030 1454 4084 dicitur:
1495 4030 1871 4099 Unusquisque

186 4154 193 4159 -
220 4118 651 4173 abominationes
678 4120 899 4189 ὥρῃρεί
926 4119 1148 4191 auferat
1176 4119 1244 4174 ab
1274 4117 1453 4174 oculis
1481 4122 1618 4187 suis,
1652 4119 1760 4173 hoc
1790 4118 1868 4173 si-

227 4204 492 4277 gnificat,
524 4205 679 4276 quod
708 4204 767 4260 in
797 4206 1039 4279 [Egypto
1070 4205 1246 4263 Israel
1278 4206 1452 4263 idolis
1501 4206 1781 4278 servierit,
1814 4210 1871 4261 et

224 4292 306 4348 ibi
337 4283 670 4360 ceciderint,
704 4293 824 4350 sivo
881 4295 1064 4350 fracta
1123 4295 1241 4351 sint
1289 4295 1469 4351 ubera
1517 4293 1870 4368 virginitatis

223 4383 354 4454 ejus
379 4407 393 4451 ;
420 4383 724 4454 majorque
756 4384 1017 4439 Samaria
1046 4383 1262 4439 dicitur
1309 4387 1366 4439 et
1394 4383 1589 4439 senior
1615 4383 1704 4440 vel
1742 4400 1871 4456 pro-

221 4476 349 4546 pter
391 4471 835 4528 multitudinem
859 4473 1056 4529 decem
1089 4472 1375 4539 tribuum,
1404 4472 1493 4529 vel
1550 4472 1689 4544 quia
1737 4477 1872 4545 post

1979 1880 2208 1933 ctarum
2237 1893 2505 1934 sermone
2532 1877 2873 1934 celebretur.
2908 1877 3015 1941 Qui
3039 1875 3263 1947 judicia
3291 1880 3348 1932 et
3368 1874 3623 1933 ultiones

1980 1975 2241 2031 fecerunt
2269 1977 2329 2031 in
2349 1992 2435 2043 ea,
2472 1980 2535 2031 ut
2556 1974 2701 2031 nihil
2732 1976 2790 2030 in
2820 1974 2921 2030 illa
2949 1973 3156 2031 salutis
3187 1973 3619 2046 relinquerent;

1978 2065 2079 2120 sed
2112 2080 2299 2136 usque
2337 2064 2509 2120 hodie
2538 2065 2737 2120 decem
2770 2062 3210 2135 tribuscaptivse
3228 2062 3620 2118 teneanturin

1979 2154 2277 2210 montibus
2299 2157 2355 2210 et
2371 2154 2429 2209 in
2452 2154 2699 2209 urbibus
2725 2153 3049 2220 Medorum,
3066 2153 3137 2207 ad
3160 2168 3307 2224 quas
3320 2151 3623 2207 translatae

1975 2247 2134 2298 sunt.
2165 2244 2355 2313 Juxta
2380 2259 2679 2316 anagogen
2697 2242 2758 2297 in
2781 2241 2925 2297 Osee
2941 2240 3225 2313 propheta
3243 2241 3377 2312 quid
3394 2239 3622 2312 signifi-

1974 2336 2064 2387 cet
2093 2332 2330 2404 Joseph,
2365 2331 2663 2404 Ephraim,
2698 2329 2982 2397 Samaria,
3024 2328 3267 2396 Jezrael,
3296 2333 3350 2383 et
3408 2326 3619 2399 Israel,

1972 2424 2029 2476 et
2059 2421 2350 2492 quomodo
2381 2420 2683 2476 contrariae
2715 2419 2832 2474 sint
2860 2418 3061 2473 domui
3088 2417 3283 2484 David,
3316 2421 3372 2472 et
3388 2416 3625 2472 Jerusa-

1968 2510 2107 2579 lem,
2149 2527 2276 2582 quaa
2308 2508 2599 2582 signiﬁcat
2618 2507 2934 2564 Ecclesium
2957 2506 3186 2579 plenius
3206 2505 3621 2562 disseruimus.

1970 2600 2050 2655 De
2065 2599 2280 2671 quibus
2297 2605 2354 2655 et
2366 2598 2835 2671 septuagesimus
2847 2596 3130 2668 septimus
3144 2593 3409 2668 psalmus
3425 2599 3618 2650 sonat:

1969 2689 2104 2744 Filii
2137 2688 2398 2761 Ephraim
2430 2687 2773 2743 intendentes
2788 2687 3125 2742 etmittentes
3145 2700 3355 2751 arcum,
3377 2686 3629 2740 conversi

1968 2781 2094 2832 sunt
2127 2780 2436 2832 retrorsum
2474 2778 2537 2832 in
2566 2776 2658 2830 die
2687 2775 2823 2831 belli
2853 2774 3018 2846 (Psal.
3054 2791 3261 2839 Lxxvn,
3289 2772 3367 2845 9).
3392 2776 3459 2828 Et
3507 2772 3625 2829 ite-

1968 2881 2102 2921 rum
2131 2882 2144 2919 :
2189 2866 2409 2936 Repulit
2437 2865 2859 2920 tabernaculum
2877 2863 3094 2936 Ioseph,
3126 2867 3179 2919 ei
3204 2864 3365 2934 elegit
3419 2863 3629 2917 tribum

1966 2953 2105 3009 Iuda
2126 2953 2308 3022 (lbid.,
2331 2953 2444 3024 67).
2479 2952 2666 3025 Elegit
2695 2951 2850 3008 enim
2881 2951 3035 3008 Deus
3088 2951 3339 3006 domum
3391 2950 3623 3005 confes-

1968 3042 2151 3098 sionis
2183 3041 2522 3110 Ecclesiam,
2553 3045 2612 3096 et
2640 3040 2854 3114 repulit
2881 3038 3326 3096 tabernaculum
3398 3038 3624 3110 Ioseph,

1974 3132 2129 3203 quod
2162 3132 2581 3203 interpretatur
2611 3137 2992 3204 augmentum.
3042 3128 3171 3199 Qui,
3232 3128 3631 3200 praetermissa

1984 3234 2128 3302 Lege
2159 3229 2285 3296 Dei,
2315 3244 2524 3284 aureos
2553 3228 2792 3284 culturas
2823 3244 2941 3284 suae
2981 3226 3193 3282 vitulos
3236 3225 3557 3282 addiderun

1980 3322 2037 3373 et
2065 3317 2432 3390 appellantur
2464 3315 2648 3384 0011a,
2680 3317 2737 3372 id
2769 3320 2879 3382 est,
2915 3316 3347 3382 tabernaculum,
3380 3331 3497 3370 non
3520 3314 3628 3370 Dei

1980 3406 2081 3462 sed
2096 3406 2311 3462 erroris
2337 3410 2393 3462 et
2408 3407 2762 3462 daemonum.
2796 3406 2864 3460 Et
2890 3421 3055 3461 soror
3090 3405 3278 3476 major
3309 3420 3371 3461 se
3402 3403 3622 3470 senior,

1979 3500 2215 3568 propter
2242 3494 2676 3550 multitudinem
2707 3498 2764 3550 et
2782 3495 3184 3566 captivitatem
3240 3494 3311 3549 ab
3366 3492 3629 3565 Assyriis

1980 3584 2266 3641 fornicata
2295 3589 2382 3641 est
2411 3587 2614 3640 contra
2642 3584 2849 3654 Deum,
2873 3583 3011 3657 quia
3033 3582 3488 3655 dereliquitﬁdei
3522 3597 3629 3636 ve-

1980 3673 2231 3741 ritatem,
2248 3678 2305 3729 et
2334 3672 2611 3729 insanivit
2640 3672 2701 3727 in
2722 3672 3126 3729 haereticorum
3148 3670 3435 3745 principes
3459 3685 3630 3725 ama-

1979 3766 2134 3818 tores
2165 3778 2327 3829 suos,
2361 3761 2461 3833 qui
2491 3760 2681 3817 vestiti
2715 3766 2880 3816 erant
2933 3760 3347 3833 hyacinthinis,
3392 3756 3630 3814 excelsa

1980 3851 2064 3906 illi
2101 3856 2159 3906 et
2184 3851 2441 3906 ccelestia
2469 3850 2877 3923 promittentes
2902 3875 2916 3918 ;
2938 3854 2995 3905 et
3020 3865 3377 3915 ascensores,
3401 3847 3473 3902 de
3489 3836 3630 3918 qui-

1980 3941 2090 3996 bus
2121 3940 2342 3996 dictum
2386 3944 2501 3997 est:
2530 3941 2598 3995 lli
2626 3941 2685 3994 in
2708 3940 2983 4008 curribus,
3016 3943 3067 3994 et
3091 3940 3152 3993 in
3180 3940 3331 4011 equis
3361 3938 3470 4007 (Ps.
3502 3952 3626 4003 xxx,

1982 4030 2062 4098 8),
2094 4029 2309 4086 electos
2334 4028 2488 4085 filios
2517 4028 2890 4101 Assyriorum
2921 4032 2980 4083 et
3009 4028 3187 4083 duces
3217 4043 3281 4083 ac
3314 4025 3638 4098 magistra-

1978 4119 2203 4190 tus,qui
2238 4118 2545 4173 scientiam
2580 4117 2693 4173 sibi
2715 4121 2769 4173 et
2785 4115 3173 4189 eloquentiam
3189 4114 3637 4188 repromittunt.

1982 4209 2096 4263 Hoc
2125 4211 2319 4261 autem
2353 4210 2659 4279 propterea
2672 4206 2825 4274 fecit,
2850 4206 3003 4278 quod
3030 4205 3265 4261 easdem
3288 4201 3636 4259 fornicatio-

1981 4312 2083 4352 nes
2116 4311 2264 4367 quas
2296 4294 2585 4350 habueras
2635 4294 2695 4349 in
2742 4294 3006 4367 Egypto,
3056 4293 3115 4348 id
3146 4296 3253 4361 est,
3313 4296 3640 4363 antequam

1981 4384 2262 4452 crederet,
2295 4387 2353 4439 et
2376 4383 2569 4438 adhuc
2600 4383 2657 4438 in
2693 4382 2903 4439 seculo
2951 4383 3316 4449 versabatur,
3362 4380 3539 4437 etiam
3570 4379 3639 4435 in

1980 4473 2185 4529 haeresi
2218 4472 2493 4529 exercuit.
2514 4474 2583 4527 Et
2616 4473 2977 4545 devirginata
3005 4476 3093 4528 est
3114 4472 3221 4543 [Αι.
3256 4469 3639 4542 devirginataa

218 4573 467 4626 mortem
499 4568 683 4643 Moysi
713 4570 784 4625 de
816 4569 1090 4642 Ephraim
1122 4569 1301 4637 tribu,
1331 4569 1504 4626 Jesus
1533 4568 1692 4626 filius
1713 4570 1867 4626 Nave
1897 4554 1942 4620 D
1974 4563 2134 4634 sunt]
2174 4580 2209 4618 a
2235 4561 2376 4617 viris
2432 4561 2684 4634 Asryriis
2733 4561 2832 4632 qui
2867 4561 2927 4616 in
2958 4560 3183 4617 malitia
3237 4560 3638 4632 perseverant,
3726 4622 3731 4635 ι

217 4657 433 4733 populo
463 4657 695 4731 praefuit
727 4675 739 4714 :
774 4658 930 4714 unde
960 4662 1016 4714 et
1042 4660 1374 4726 Jeroboam,
1406 4659 1505 4731 qui
1540 4659 1712 4715 scidit
1741 4675 1859 4730 eas,

216 4765 251 4805 ει
279 4748 453 4805 domo
484 4747 657 4804 David
682 4747 864 4804 fuisse
884 4745 1137 4821 legimus
1159 4748 1258 4821 (III
1273 4754 1525 4820 Reg.xu.
1550 4749 1617 4803 Et
1653 4748 1863 4803 habuit

211 4854 309 4894 eas
327 4838 503 4910 Deus,
537 4838 657 4894 sive
690 4837 853 4893 factae
900 4841 1039 4893 sunt
1082 4838 1229 4909 ejus,
1275 4837 1509 4909 quando
1564 4837 1862 4907 ingemue-

213 4930 350 4981 runt
379 4927 451 4982 ab
482 4926 757 4998 operibus
794 4926 1042 4999 Egypti,
1094 4924 1216 4980 luto
1249 4925 1412 4997 prius
1442 4928 1500 4979 et
1526 4923 1693 4981 lateri
1739 4941 1861 4981 ser-

213 5013 454 5069 vientes.
484 5016 617 5081 Quae
646 5019 849 5086 postea
878 5014 963 5086 illi
995 5014 1146 5070 ﬁlios
1177 5018 1235 5069 et
1258 5013 1429 5083 ﬁlias,
1454 5012 1542 5068 vel
1564 5014 1622 5068 in
1650 5012 1860 5070 solitu-

217 5101 374 5167 dine,
404 5100 494 5156 vel
526 5102 586 5157 in
611 5103 1092 5175 repromissionis
1124 5108 1279 5158 terra
1327 5107 1672 5175 genuerunt.
1742 5102 1865 5158 Pri-

216 5206 496 5262 mumque
528 5190 814 5247 fornicata
839 5197 929 5248 est
957 5191 1142 5257 0011a,
1166 5191 1223 5247 id
1248 5195 1357 5259 est,
1380 5191 1661 5259 Samaria,
1687 5208 1865 5263 super

215 5280 688 5352 Deum,quando
748 5280 1022 5337 insanivit
1077 5282 1135 5335 in
1184 5280 1468 5353 Assyrios,
1529 5280 1629 5352 qui
1669 5281 1861 5335 vestiti

210 5371 340 5442 ejus
371 5367 790 5443 hyacinthinis,
823 5373 881 5424 et
912 5386 1024 5425 non
1060 5369 1354 5442 quoslibet
1385 5369 1455 5425 de
1500 5368 1735 5441 populo,
1761 5371 1862 5426 sed

214 5458 392 5513 duces
422 5462 478 5514 et
510 5458 914 5530 magistratus,
949 5474 1053 5513 nec
1086 5464 1250 5514 aetate
1282 5459 1596 5524 confectos,
1645 5458 1746 5513 sed
1769 5459 1864 5529 ju-

214 5562 388 5601 venes
422 5563 649 5614 omnes,
683 5546 911 5619 equites
943 5545 1183 5614 electos,
1215 5563 1463 5619 quorum
1521 5551 1721 5602 secuta
1777 5556 1867 5603 est

211 5634 391 5707 idola,
421 5644 480 5692 et
508 5653 542 5692 a
572 5635 790 5708 quibus
820 5639 1023 5693 contra
1047 5637 1379 5709 jussionem
1416 5635 1518 5693 Dei
1550 5628 1867 5708 postulavit

1976 4662 2129 4718 263
2161 4661 2281 4717 sive
2318 4658 2629 4716 ultoribus.
2663 4659 3047 4715 Adversarius
3077 4657 3235 4713 enim
3264 4659 3464 4713 noster
3513 4651 3644 4709 dia-

1974 4750 2174 4818 bolus,
2209 4750 2336 4821 ipse
2368 4752 2458 4805 est
2514 4746 2793 4803 inimicus
2845 4751 2901 4803 et
2956 4746 3110 4802 ultor
3138 4748 3187 4819 (Ι
3208 4747 3353 4801 Petr.
3399 4743 3477 4815 v).
3541 4741 3643 4796 Ilii

1974 4840 2387 4911 confregerunt
2420 4836 2604 4892 ubera
2632 4833 2907 4892 Samaria:
2936 4853 2949 4903 ;
2984 4839 3043 4892 et
3069 4833 3463 4908 virginitatem
3500 4830 3643 4902 ejus

1974 4943 2151 4999 quam
2182 4926 2479 4982 habuerat
2508 4925 2568 4979 in
2592 4923 2874 4993 Ecclesia,
2893 4924 3296 4998 perdiderunt.
3320 4923 3645 4992 Propterea

1971 5015 2188 5073 tradita
2216 5018 2305 5071 est
2327 5013 2690 5070 amatoribus
2722 5016 2865 5081 suis,
2892 5016 3062 5085 juxta
3118 5010 3463 5086 Apostolum
3522 5008 3639 5079 qui

1974 5104 2215 5162 scribit:
2255 5102 2481 5159 Tradidi
2504 5118 2591 5157 eos
2623 5102 2863 5169 Satanw,
2898 5106 2958 5156 ut
2988 5103 3176 5158 dicant
3201 5118 3312 5158 non
3372 5096 3638 5169 blasphe-

1972 5209 2127 5249 mare
2156 5193 2203 5266 (ι
2231 5194 2363 5248 Tim.
2405 5209 2445 5263 ι,
2476 5191 2592 5260 20).
2642 5191 2747 5246 Et:
2810 5190 3031 5247 Tradidi
3078 5207 3166 5247 eos
3220 5191 3282 5246 in
3339 5187 3640 5244 interitum

1972 5284 2177 5349 carnis,
2209 5289 2268 5336 ut
2298 5281 2527 5352 spiritus
2556 5277 2745 5334 salvus
2765 5280 2865 5350 ﬁat
2895 5280 2943 5351 (I
2962 5280 3082 5337 Cor.
3114 5297 3170 5349 γ,
3192 5280 3268 5351 5).
3292 5276 3381 5333 Illi
3398 5274 3641 5332 discoo-

1981 5374 2299 5444 peruerunt
2327 5367 2711 5442 ignominiam
2742 5367 2969 5424 miserm
2987 5368 3284 5433 Samaria,
3303 5370 3361 5422 et
3384 5378 3634 5421 omnem

1979 5459 2137 5514 illius
2168 5459 2549 5513 ostenderunt
2577 5455 3030 5528 turpitudinem,
3063 5455 3333 5527 filiosque
3365 5457 3423 5509 et
3450 5450 3638 5519 ﬁlias,

1979 5548 2078 5621 qui
2110 5548 2181 5603 de
2206 5546 2307 5603 illa
2335 5543 2593 5618 generati
2626 5548 2783 5613 sunt,
2808 5544 3053 5602 scientia
3077 5543 3376 5618 praeditos,
3400 5544 3457 5597 et
3481 5539 3639 5596 sim-

1977 5637 2158 5711 plices
2189 5639 2365 5708 atque
2400 5632 2708 5707 imperitos
2729 5634 2945 5692 duxere
2990 5632 3273 5708 captivos,
3324 5635 3383 5689 et
3430 5629 3635 5702 ipsam
