4006 6180
186 282 307 348 117

759 284 1509 351 COMMENTARIOBUM
1550 285 1632 349 IN
1676 282 2180 350 EZECHIELEM
2221 288 2371 350 LIB.
2420 287 2552 351 VII.
2600 289 2773 351 CAP.
2818 284 3036 352 XXIII.

3481 283 3600 349 918

183 416 618 476 interfecerunt
645 417 843 493 gladio
890 420 1141 493 spiritali
1172 437 1187 477 :
1221 420 1518 494 totiusque
1547 421 1754 478 mundi
1784 420 1846 476 in
1873 418 1931 487 Α
1958 435 2049 490 ea,
2081 424 2147 477 ut
2176 437 2302 493 quas
2353 421 2572 479 sororis
2602 420 2821 479 scelera
2849 421 3085 491 vicerat,
3119 436 3424 495 pmnarum
3454 436 3601 495 quo-

184 507 412 565 malam
436 513 664 580 partem
686 526 956 566 sermone
972 508 1359 582 celebrantur,
1373 516 1432 567 et
1448 512 1598 568 ﬁunt
1615 512 1846 568 famosae

185 596 345 654 inter
371 601 592 654 cuncta
618 596 816 653 saeculi
845 598 1140 671 dogmata,
1172 603 1239 655 ut
1269 600 1328 654 in
1360 600 1690 672 exemplum
1723 618 1848 658 om-

186 686 357 742 nium
394 686 753 742 feminarum
784 688 1088 759 turpitudo
1121 687 1279 743 illius
1311 689 1607 760 puniatur.

258 774 456 847 (Vere.
512 777 574 830 11
626 775 820 847 seqq.)
867 776 1021 844 Quod
1064 793 1191 832 cum
1246 777 1465 834 vidisset
1517 796 1677 835 soror
1732 780 1850 851 ejus

186 863 408 932 Ooliba,
429 865 729 936 plusquam
749 863 859 919 illa
880 866 1145 920 insanivit
1171 866 1432 921 libidine:
1451 874 1502 923 et
1520 866 1850 941 fornicatio-

188 971 325 1010 nem
352 970 511 1008 suam
537 969 708 1024 super
755 955 1177 1024 fornicationem
1220 957 1424 1011 sororis
1458 971 1577 1014 suae
1605 957 1680 1012 ad
1709 959 1853 1029 ﬁlios

189 1044 553 1115 Assyriorum
567 1043 814 1114 praebuit
830 1043 1171 1115 impudenter
1196 1061 1209 1099 :
1229 1044 1458 1101 ducibus
1476 1062 1541 1101 ac
1558 1050 1853 1115 magistru-

188 1132 346 1187 tibus
372 1131 447 1186 ad
468 1147 529 1186 se
556 1131 926 1202 venientibus,
960 1132 1167 1187 indutis
1194 1137 1336 1189 veste
1364 1136 1524 1190 varia
1557 1136 1698 1204 (sive
1726 1153 1854 1207 pre-

186 1221 395 1287 tiosa);
422 1221 723 1291 equitibus,
743 1223 837 1292 qui
865 1221 1219 1276 vectabantur
1245 1224 1415 1293 equis,
1440 1231 1492 1279 et
1510 1222 1857 1280 adolescenti-

190 1308 317 1373 bus,
346 1310 536 1378 forma
564 1310 776 1363 cunctis
804 1310 1047 1379 egregia.
1080 1310 1147 1364 Et
1173 1309 1288 1366 vidi
1315 1314 1455 1382 quod
1478 1313 1694 1383 polluta
1721 1317 1859 1369 esset

191 1398 287 1453 via
316 1413 433 1452 una
452 1395 768 1468 mnbarum,
782 1400 835 1453 et
850 1399 1017 1454 auxit
1040 1400 1433 1468 fornicationes
1451 1418 1598 1457 suas.
1624 1402 1860 1474 Cumque

192 1486 420 1541 uidisset
436 1488 586 1541 viros
603 1486 844 1557 depictos
861 1488 919 1543 in
933 1489 1165 1557 pariete,
1188 1490 1455 1560 imagines
1478 1490 1861 1548 Chaldworum

189 1590 491 1647 expressas
519 1573 816 1642 coloribus,
848 1578 902 1630 et
926 1576 1195 1631 accinctos
1226 1577 1455 1634 baltheis
1491 1588 1724 1648 renes,et
1750 1581 1859 1635 tia-

190 1680 287 1719 ras
316 1665 528 1719 tinctas
545 1664 608 1717 in
634 1664 911 1733 capitibus
937 1679 1126 1719 eorum
1154 1668 1177 1719 ἴ
1200 1667 1381 1736 forma
1402 1667 1599 1740 (Vulg.
1621 1671 1862 1740 formam

192 1757 251 1808 et
296 1752 757 1822 similitudinem]
790 1752 990 1807 ducum
1041 1755 1291 1809 omnium
1339 1756 1482 1826 (sive
1521 1758 1861 1814 tristatarum

192 1843 472 1911 omnium;
512 1840 885 1897 similitudine
932 1840 1178 1910 ﬁliorum
1223 1844 1544 1915 Babylonis,
1587 1854 1857 1918 terraeque

194 1930 592 1987 Chaldaei-um
620 1931 683 1985 in
709 1946 820 2002 qua
848 1932 953 1985 orti
998 1933 1130 1986 sunt
1161 1947 1173 1987 :
1206 1940 1260 1988 et
1286 1933 1552 1989 insanivit
1580 1950 1744 2006 super
1771 1952 1859 1991 eos

188 2020 644 2092 concupiscentia
670 2020 953 2075 oculorum
979 2036 1227 2089 suorum,
1259 2030 1311 2077 et
1356 2024 1511 2077 misit
1536 2026 1763 2080 nuntios
1791 2024 1861 2080 ad

191 2125 286 2165 eos
302 2111 367 2163 in
396 2108 730 2164 Chaldzam.
752 2108 992 2180 Cumque
1012 2111 1287 2167 venissent
1306 2111 1376 2165 ad
1404 2128 1526 2167 eam
1544 2113 1653 2183 ﬁlii
1678 2113 1858 2185 Baby-

192 2199 349 2255 lonis
367 2197 445 2253 ad
461 2198 638 2253 cubile
662 2198 1182 2270 mammarum(sive
1202 2198 1632 2272 divertentium),
1647 2203 1859 2273 pollue-

193 2292 347 2343 runt
375 2303 493 2342 eam
516 2288 723 2358 stupris
750 2289 887 2353 suis,
914 2290 965 2342 et
986 2288 1205 2358 polluta
1232 2296 1310 2344 est
1329 2289 1390 2344 in
1419 2291 1517 2355 eis,
1535 2298 1586 2347 et
1612 2295 1861 2347 saturata

192 2380 291 2432 est
318 2374 467 2445 (sive
492 2376 721 2446 recessit)
774 2376 963 2431 anima
991 2377 1110 2448 ejus
1153 2377 1220 2432 ab
1269 2378 1405 2432 illis.
1450 2379 1861 2451 Denudavitque

195 2464 603 2538 fornicationes
630 2479 785 2529 suas,
802 2466 854 2520 et
881 2464 1243 2536 discooperuit
1268 2467 1636 2535 ignominiam
1662 2484 1822 2524 suam
1844 2484 1857 2523 :

196 2556 252 2610 et
278 2553 503 2609 recessit
528 2555 717 2608 anima
730 2569 856 2608 mea
886 2553 952 2608 ab
980 2570 1070 2621 ea,
1088 2557 1231 2610 sicut
1248 2558 1462 2611 recessit
1477 2559 1669 2612 anima
1687 2574 1809 2613 mea
1829 2575 1864 2613 a

192 2657 391 2699 sorore
417 2642 556 2712 ejus.
592 2642 987 2713 Multiplicavit
1011 2643 1165 2698 enim
1185 2645 1577 2714 fornicationes
1594 2661 1743 2714 suas,
1776 2662 1861 2702 re-

194 2730 436 2787 cordans
462 2730 681 2787 dierum
708 2730 1086 2787 adolescentiae
1108 2748 1242 2798 suae,
1270 2734 1470 2805 quibus
1496 2736 1768 2805 fornicata
1786 2738 1864 2790 est

198 2823 259 2876 in
285 2825 451 2875 terra
474 2821 721 2892 ngypti.
742 2821 809 2875 Et
838 2821 1104 2876 insanivit
1134 2820 1363 2877 libidine
1391 2839 1558 2894 super
1574 2823 1865 2879 concubitu

197 2925 412 2979 eorum,
448 2924 686 2979 quorum
728 2924 921 2964 carnes
965 2917 1093 2964 sunt
1119 2917 1182 2964 ut
1228 2926 1418 2967 carnes
1447 2908 1737 2967 asinorum
1769 2930 1782 2969 :
1815 2921 1867 2968 et

197 3000 339 3054 sicut
385 3000 581 3069 ﬂictus
632 3013 919 3068 equorum,
970 3000 1157 3067 fluxus
1211 3014 1396 3055 eorum
1442 2999 1584 3070 (sive
1630 3002 1865 3057 verenda

197 3102 490 3158 equorum,
510 3085 749 3142 verenda
768 3087 994 3158 eorum).
1018 3087 1084 3142 Et
1104 3090 1343 3143 visitasti
1358 3089 1529 3144 scelus
1552 3090 1863 3146 adolescen-

1957 526 2070 582 que
2117 528 2377 568 sororem
2426 511 2837 585 magnitudine
2887 516 3210 584 superaret.
3243 513 3379 577 Quae
3428 515 3603 568 tanta

1957 600 2326 673 procacitatis
2375 601 2504 669 fuit,
2539 604 2605 657 ut
2645 604 2885 656 cunctos
2935 616 3160 657 errores
3201 599 3601 657 adolescentia

1959 707 2076 746 suae
2106 690 2167 744 in
2197 689 2447 762 graviori
2470 689 2597 759 jam
2622 692 2787 745 {etate
2811 689 3231 746 committeret:
3254 693 3312 745 et
3339 689 3605 763 [Egyptia

1958 778 2118 847 vitia,
2148 778 2209 833 in
2258 776 2657 835 Chaldaeorum
2710 794 2945 850 quoque
2972 777 3215 834 libidine
3263 783 3602 835 sectaretur.

1962 866 2243 923 Insanivit
2262 866 2417 922 enim
2441 868 2737 938 quondam
2766 867 2825 921 in
2848 866 3160 922 concubitu
3182 867 3605 939 Egyptiorum,

1962 972 2212 1027 quorum
2245 973 2448 1011 carnes
2471 960 2611 1011 sunt
2640 956 2711 1011 ad
2740 954 3188 1011 similitudinem
3212 956 3532 1022 asinorum,
3551 959 3609 1012 et

1962 1050 2083 1101 tam
2113 1045 2311 1118 largus
2328 1045 2621 1100 seminum
2647 1044 2859 1112 ﬂuxus,
2876 1044 2996 1100 sive
3018 1045 3269 1100 verenda
3288 1048 3408 1100 tam
3431 1061 3609 1117 gran-

1964 1134 2082 1201 dia,
2111 1139 2175 1188 ut
2202 1150 2484 1206 equorum
2504 1139 2782 1205 superent
2803 1133 3253 1189 deformitatem.
3279 1133 3394 1189 Nec
3418 1149 3610 1189 cessa-

1962 1221 2046 1277 vit
2066 1222 2257 1278 scelus
2283 1222 2683 1278 adolescentiae
2713 1224 2877 1293 ejus:
2903 1222 3085 1277 immo
3107 1238 3339 1278 reversa
3363 1226 3421 1277 et
3448 1226 3611 1294 post-

1967 1327 2145 1382 quam
2177 1312 2332 1367 facta
2357 1316 2447 1366 est
2475 1311 2640 1378 mihi,
2674 1314 2739 1366 ut
2764 1315 2822 1383 et
2850 1310 2910 1365 in
2941 1326 3135 1365 eremo
3165 1315 3226 1366 et
3245 1311 3304 1366 in
3337 1318 3505 1367 terra
3528 1326 3606 1366 re-

1968 1399 2375 1471 promissionis
2403 1400 2481 1471 (a)
2512 1404 2817 1471 superaret
2844 1400 3149 1470 antiquam
3192 1399 3521 1468 libidinem,
3553 1400 3615 1454 in

1969 1505 2085 1561 qua
2114 1489 2474 1562 devirginata
2521 1493 2631 1555 est,
2664 1493 2721 1544 et
2752 1489 2934 1544 tracta
2983 1492 3122 1544 sunt
3151 1489 3333 1544 ubera
3378 1489 3527 1560 ejus,
3560 1492 3619 1544 et

1968 1578 2161 1634 omnis
2183 1578 2355 1633 decor
2372 1577 2546 1650 periit
2563 1577 2934 1650 virginitatis.
2964 1577 3138 1633 Porro
3157 1577 3485 1633 secundum
3503 1580 3618 1633 tro-

1968 1666 2282 1739 pologiam,
2315 1666 2572 1722 difficilis
2596 1664 3004 1738 intelligentia,
3038 1666 3331 1736 quomodo
3362 1665 3619 1722 Ecclesia

1970 1755 2302 1812 haereticam
2324 1754 2519 1810 vincat
2538 1753 2864 1823 libidinem,
2880 1754 2994 1809 nisi
3019 1754 3165 1809 forte
3190 1755 3488 1826 possimus
3509 1754 3619 1810 hoc

1968 1845 2181 1914 dicere,
2202 1844 2357 1916 quod
2379 1860 2583 1899 servus
2604 1841 2702 1915 qui
2725 1844 2836 1898 scit
2859 1841 3219 1899 voluntatem
3242 1843 3475 1899 Domini
3501 1842 3617 1910 sui,

1968 1938 2027 1990 et
2055 1950 2169 1989 non
2203 1934 2342 1989 facit
2369 1949 2520 2001 eam,
2541 1930 2844 2004 vapulabit
2872 1931 3078 1987 multis
3107 1932 3257 2003 (Luc.
3288 1949 3387 2003 xu,
3411 1932 3536 2004 47):
3561 1936 3621 1988 et

1970 2023 2126 2095 quod
2175 2020 2432 2077 haeretici
2462 2021 2611 2079 205
2648 2020 2790 2076 foris
2841 2020 3095 2076 nefanda
3139 2021 3535 2091 committant,
3565 2023 3623 2077 et

1968 2116 2128 2168 extra
2157 2127 2353 2167 arcam
2402 2111 2522 2166 Noe
2552 2110 2858 2182 naufragio
2913 2114 3154 2183 pereant
3183 2124 3198 2166 :
3231 2108 3621 2166 Ecclesiastici

1969 2205 2165 2257 autem
2214 2200 2263 2257 si
2309 2217 2505 2256 veram
2549 2200 2726 2256 ﬁdem
2775 2202 3108 2272 sequentes,
3159 2199 3401 2271 Assyria
3447 2203 3623 2271 atque

1969 2288 2238 2345 Chaldaea
2288 2289 2592 2345 imitentur
2639 2288 2800 2355 vitia,
2831 2295 2890 2344 et
2938 2287 3254 2344 discolores
3298 2291 3624 2360 sequantur

1971 2379 2258 2452 imagines
2288 2381 2683 2450 peccatorum,
2718 2376 3043 2447 majoribus
3064 2376 3225 2449 digni
3246 2376 3369 2432 sint
3397 2377 3619 2432 crucia-

1969 2468 2151 2523 tibus.
2185 2469 2272 2523 An
2304 2483 2419 2522 non
2464 2465 2756 2521 mittimus
2777 2464 3017 2521 nuntios
3047 2466 3118 2521 ad
3168 2463 3487 2531 Chaldteos,
3520 2465 3622 2537 qui

1970 2555 2599 2629 interpretanturquasi
2613 2554 3152 2625 daemones,quando
3174 2553 3492 2626 pandimus
3512 2552 3625 2620 eis,

1972 2651 2147 2717 atque
2185 2645 2513 2717 praebemus
2560 2643 2646 2699 eis
2693 2642 3017 2714 frangenda
3043 2641 3105 2697 in
3136 2646 3368 2714 pectore
3418 2641 3621 2710 ubera,

1972 2740 2039 2790 ut
2065 2734 2282 2790 mentis
2330 2732 2652 2805 hospitium
2683 2735 2792 2799 est,
2825 2736 2883 2787 et
2927 2732 3173 2788 saturati
3203 2730 3623 2803 voluptatibus,

1971 2826 2045 2879 ab
2075 2823 2204 2880 aliis
2235 2822 2559 2879 transimus
2583 2822 2656 2877 ad
2685 2820 2832 2877 alias
2864 2838 2877 2889 ;
2911 2826 2968 2876 et
2997 2836 3112 2876 non
3139 2825 3261 2875 tam
3286 2818 3624 2876 fornicatio-

1972 2929 2129 2985 nem,
2162 2928 2342 2984 quam
2372 2909 2748 2968 meretricum
2780 2925 3093 2967 numerum
3120 2908 3546 2977 desideramus,
3571 2913 3629 2964 et

1971 3003 2044 3058 ad
2074 3004 2297 3057 tantam
2324 2999 2596 3055 venimus
2627 2998 2871 3067 rabiem,
2898 3002 2962 3053 ut
2990 3001 3123 3070 post
3147 2996 3336 3053 multa
3362 3001 3627 3069 tempora

1972 3088 2287 3146 Dominicse
2318 3088 2615 3144 servitutis
2647 3091 3009 3143 revertamur
3037 3088 3110 3142 ad
3145 3086 3542 3160 Egyptum,et
3560 3101 3628 3141 ea
3708 3110 3713 3115 ·

202 3177 288 3231 tiz
316 3179 429 3231 tusc
462 3192 476 3229 :
508 3173 730 3247 quando
756 3175 990 3232 subacta
1026 3180 1158 3231 sunt
1186 3178 1246 3232 in
1275 3179 1506 3250 Egypto
1548 3179 1720 3236 ubera
1746 3188 1859 3251 tua,
1893 3158 1937 3226 C
1974 3179 2280 3243 faciamus,
2303 3194 2429 3249 quis
2457 3177 2517 3231 in
2545 3175 2754 3232 saeculo
2782 3175 3050 3241 fecimus,
3074 3158 3388 3247 antequam
3408 3189 3623 3230 nomen

201 3273 249 3322 et
270 3267 577 3336 confracta!
598 3268 729 3321 sunt
754 3265 909 3321 264
927 3280 1191 3323 mammae
1204 3266 1510 3337 pubertatis
1530 3272 1662 3326 tum.
1689 3270 1868 3326 Juxta

202 3353 459 3411 litteram
490 3352 686 3410 facilis
719 3353 1121 3427 interpretatio
1155 3360 1263 3423 est,
1295 3357 1450 3428 quod
1484 3357 1687 3415 videns
1707 3358 1866 3415 Ooli-

202 3443 295 3513 ba,
325 3443 386 3498 id
437 3446 553 3511 est,
582 3441 938 3511 Jerusalem,
967 3442 1029 3498 in
1061 3461 1178 3516 qua
1208 3449 1333 3501 erat
1375 3445 1477 3521 Dei
1516 3447 1866 3504 tabernacu-

207 3531 345 3602 lum,
380 3532 594 3605 plagas
623 3530 844 3588 sororis
888 3548 1003 3588 non
1035 3536 1125 3589 est
1172 3533 1436 3606 exemplo
1487 3536 1864 3604 commonita,

210 3626 267 3677 ut
292 3620 625 3678 retraheret
646 3620 718 3676 ab
739 3636 935 3677 errore
964 3622 1171 3692 pedem
1191 3639 1368 3678 suum
1398 3641 1413 3691 ;
1433 3625 1536 3680 sed
1557 3626 1719 3681 auxit
1737 3642 1867 3699 ger-

212 3728 389 3767 mana
423 3709 898 3766 fornicationem.
927 3708 1032 3765 [lla
1059 3710 1215 3766 enim
1243 3712 1425 3768 semel
1454 3717 1514 3769 et
1541 3714 1683 3771 foris
1711 3714 1869 3771 idola

212 3799 491 3855 fabricata
517 3798 690 3854 estin
722 3802 847 3854 Dan
870 3802 929 3854 et
954 3798 1155 3854 Bethel
1180 3816 1192 3855 :
1215 3798 1332 3856 ista
1360 3805 1555 3857 autem
1581 3804 1782 3860 crebro
1806 3804 1866 3859 in

211 3887 481 3953 excelsis,
513 3890 571 3943 et
596 3886 657 3942 in
691 3885 909 3959 templo
932 3885 1036 3942 Dei
1068 3887 1331 3945 adoravit
1359 3894 1613 3946 statuam
1636 3892 1795 3960 Baal,
1813 3897 1871 3951 et

211 3992 351 4032 cum
382 3975 635 4046 Assyriis
665 3975 954 4031 fornicata
984 3975 1328 4034 est.Idolum
1359 3982 1554 4035 autem
1586 3980 1868 4053 Baal,sive

212 4063 372 4129 Best,
406 4066 463 4118 et
489 4064 511 4135 (
515 4069 578 4119 ut
604 4064 867 4137 apertius
899 4065 1112 4137 dicam)
1143 4066 1315 4137 Belis,
1335 4068 1706 4142 Assyriorum
1730 4070 1869 4127 reli-

210 4151 303 4225 gio
333 4155 446 4221 est,
470 4157 816 4210 consecrata
836 4171 873 4210 a
899 4153 1049 4211 Nino
1066 4153 1222 4211 Belis
1241 4154 1362 4211 ﬁlio
1382 4156 1441 4211 in
1463 4157 1743 4215 honorem
1767 4176 1869 4231 pa-

207 4242 330 4299 tris.
350 4242 425 4298 Et
454 4241 905 4299 fornicationem
926 4259 1097 4299 suam
1127 4244 1386 4317 Assyriis
1404 4247 1650 4317 praabuit
1676 4249 1754 4305 im
1762 4265 1868 4321 pu-

210 4331 431 4399 denter,
463 4331 722 4387 ducibus
751 4335 811 4388 et
855 4331 1322 4405 magistratibus,
1355 4334 1457 4407 qui
1487 4335 1681 4393 induti
1708 4342 1873 4394 erant

212 4425 356 4477 veste
388 4419 580 4492 varia,
609 4424 671 4477 et
699 4420 1079 4493 multicolori,
1111 4422 1410 4494 equitibus
1440 4428 1499 4481 et
1528 4425 1868 4484 adolescen-

1974 3267 2109 3324 fidei
2139 3266 2535 3338 acciperemus
2558 3265 2586 3320 ?

2046 3357 2233 3430 (Vers.
2267 3359 2337 3410 22
2382 3355 2570 3428 seqq.)
2601 3357 2921 3426 Propterea,
2955 3353 3167 3425 Ooliba,
3198 3354 3317 3409 haec
3361 3351 3494 3408 dicit
3519 3352 3621 3409 Do-

1972 3449 2160 3502 minus
2189 3447 2330 3501 Deus
2358 3463 2378 3500 :
2407 3445 2537 3500 Ecce
2565 3460 2662 3513 ego
2690 3444 2960 3499 suscitabo
2988 3458 3174 3498 omnes
3201 3445 3478 3498 amatores
3507 3444 3626 3497 tuos

1974 3544 2162 3592 centra
2193 3540 2267 3603 te,
2297 3535 2363 3591 de
2391 3534 2587 3605 quibus
2613 3535 2824 3589 satiata
2850 3539 2927 3588 est
2954 3533 3149 3588 anima
3177 3539 3293 3600 tua,
3316 3534 3372 3587 et
3397 3545 3625 3600 congre-

1974 3627 2109 3698 gabo
2133 3641 2220 3681 eos
2256 3624 2547 3680 adversum
2574 3626 2623 3678 te
2668 3624 2731 3677 in
2757 3622 2996 3677 circuitu
3026 3638 3045 3676 :
3077 3621 3245 3676 Filios
3296 3620 3621 3691 Babylonis,

1976 3719 2029 3770 et
2053 3716 2335 3770 universos
2363 3711 2674 3778 Chaldaeis,
2697 3710 2925 3779 nobiles,
2958 3710 3391 3781 tyrannosqueet
3404 3708 3629 3779 princi-

1975 3819 2085 3875 pes,
2117 3817 2303 3857 omnes
2330 3801 2475 3871 ﬁlios
2505 3801 2876 3870 Assyriorum,
2911 3800 3139 3870 juvenes
3179 3800 3362 3869 forma
3390 3797 3627 3868 egregia,

1975 3892 2135 3948 duces
2163 3894 2213 3946 et
2243 3890 2617 3960 magistratus,
2647 3890 2932 3944 universos
2959 3889 3235 3959 principes
3284 3887 3630 3958 principum,

1976 3984 2029 4036 et
2055 3979 2363 4035 nominatos
2402 3993 2714 4034 ascensores
2742 3993 3022 4049 equorum.
3051 3977 3117 4032 Et
3147 3977 3362 4033 venient
3389 3990 3555 4048 super
3581 3983 3633 4030 te

1978 4070 2234 4125 instructi
2255 4084 2426 4124 curru
2449 4074 2502 4123 et
2528 4071 2651 4122 rota
2664 4066 2964 4123 multitudo
2979 4066 3316 4139 populorum
3336 4082 3356 4122 :
3382 4064 3561 4121 lorica
3580 4072 3634 4120 et

1977 4157 2170 4231 clypeo
2201 4165 2258 4213 et
2281 4158 2440 4229 galea
2467 4157 2839 4213 armabantur
2854 4161 3045 4214 contra
3074 4164 3124 4213 te
3141 4157 3400 4227 undique.
3431 4154 3497 4210 Et
3525 4155 3634 4210 da-

1980 4248 2044 4304 bo
2073 4249 2150 4319 (b)
2169 4248 2248 4303 eis
2259 4247 2557 4319 judicium,
2581 4248 2631 4301 et
2640 4246 2972 4319 judicabant
2988 4249 3041 4302 te
3051 4245 3282 4317 judiciis
3305 4246 3441 4313 suis,
3463 4250 3516 4298 et
3533 4257 3633 4315 po-

1976 4353 2111 4392 nam
2138 4337 2321 4392 setum
2346 4351 2533 4391 meum
2560 4337 2619 4390 in
2650 4339 2719 4403 te,
2751 4351 2912 4406 quem
2938 4337 3221 4391 excercent
3248 4335 3425 4389 tecum
3452 4332 3513 4386 in
3539 4332 3631 4402 fu-

1978 4440 2123 4482 rore.
2155 4426 2357 4481 Nasum
2414 4429 2571 4479 tuum
2599 4428 2651 4479 et
2702 4439 2864 4480 aures
2892 4427 3016 4480 tuas
3060 4421 3379 4495 praeciderit,
3410 4428 3463 4476 et
3507 4410 3633 4492 quin

214 4508 360 4566 tibus
389 4511 591 4567 forma
610 4511 843 4568 cunctis
872 4511 1107 4585 egregia
1138 4529 1154 4568 :
1185 4512 1265 4568 ita
1290 4516 1356 4568 ut
1375 4514 1688 4571 ambarum
1709 4533 1869 4572 soro-
1900 4527 1948 4592 ι)
1977 4516 2363 4579 remanserint,
2393 4512 2576 4585 gladio
2604 4512 2905 4569 concident.
2936 4512 3048 4584 Ipsi
3074 4512 3221 4581 ﬁlios
3260 4518 3376 4566 tuos
3405 4517 3457 4565 et
3483 4509 3632 4580 ﬁlias

214 4614 339 4653 rum
365 4615 488 4655 una
508 4599 682 4655 ﬁeret
702 4599 1027 4657 fornicatio.
1048 4600 1113 4656 In
1134 4616 1201 4657 eo
1233 4605 1429 4657 autem
1451 4603 1614 4659 auxit
1636 4604 1871 4661 Jerusa-

214 4684 327 4742 lem
354 4686 775 4745 fornicationes
823 4706 986 4761 suas,
1018 4690 1174 4762 quod
1204 4690 1410 4747 videns
1458 4691 1515 4747 in
1548 4692 1868 4764 parietibus

216 4774 497 4848 imagines
526 4776 961 4846 Cbaldteorum,
994 4778 1275 4836 insanivit
1304 4779 1568 4850 libidine,
1592 4787 1651 4839 et
1681 4783 1869 4840 forma

217 4876 414 4922 eorum
462 4866 801 4939 vestituque
851 4868 1112 4941 decepta,
1144 4866 1309 4924 misit
1354 4870 1426 4925 ad
1478 4886 1578 4927 eos
1608 4872 1866 4944 nuntios,

220 4953 497 5011 auxilium
546 4956 861 5028 postulans
893 4975 907 5013 :
940 4956 1043 5030 qui
1089 4961 1396 5026 venerunt,
1427 4963 1487 5015 et
1532 4959 1871 5032 polluerunt

219 5053 362 5098 um.
394 5043 464 5100 Et
511 5043 656 5116 quia
679 5044 952 5119 voluptas
1000 5062 1115 5102 non
1143 5050 1234 5103 est
1286 5050 1585 5118 perpetua,
1614 5050 1716 5105 sed
1756 5052 1869 5108 cito

218 5131 381 5188 aﬂ‘ert
409 5133 745 5190 satietatem
777 5151 791 5191 :
820 5133 1043 5208 polluta
1073 5140 1128 5191 et
1157 5138 1424 5191 saturata
1452 5136 1512 5191 in
1542 5153 1661 5208 eos,
1687 5155 1870 5197 reces-

221 5218 291 5274 sit
318 5220 388 5276 ab
412 5238 623 5279 eorum
645 5221 879 5280 fcndere.
896 5223 1060 5280 Unde
1081 5226 1138 5279 et
1161 5239 1268 5297 ego
1289 5240 1531 5280 cernens
1552 5228 1868 5299 turpitudi-

222 5324 317 5366 nes
341 5315 401 5367 et
423 5310 846 5370 fornicationes
875 5312 1153 5370 omnibus
1175 5311 1530 5386 publicatae,
1553 5317 1765 5375 recessi
1797 5318 1869 5374 ab

392 5469 591 5557 Renes
609 5471 944 5557 ignauum,
972 5474 1301 5557 suspiraret,
1334 5489 1438 5545 pro
1476 5490 1760 5557 superare.

284 5468 357 5609 is)
392 5469 579 5527 Penes
609 5471 944 5541 Babanum,
972 5474 1301 5545 suspiraret,
1334 5489 1438 5545 pro
1476 5490 1760 5547 superare.

226 5607 238 5618 ι
304 5541 359 5670 ἓ)
388 5540 600 5600 Maluit
623 5543 865 5611 Victor"
897 5560 1083 5603 eorum
1110 5547 1210 5615 eis,
1244 5546 1746 5619 quemadmodum
1779 5554 1870 5607 est

224 5624 277 5667 ιιι
354 5614 569 5670 ebrano.
598 5617 815 5670 Greco.
852 5620 913 5670 et
942 5616 1215 5670 Vulgata.

244 5626 277 5667 n
304 5614 569 5687 Hebraeo,
598 5617 815 5689 Greco,
852 5620 913 5674 et
942 5614 1215 5690 Vulgata.

1976 4608 2101 4661 tuas
2129 4605 2350 4676 capient
2378 4606 2430 4657 et
2457 4603 2813 4657 novissimum
2841 4609 2999 4657 tuum
3027 4599 3379 4656 devorabitur
3405 4599 3548 4668 igni,
3580 4600 3632 4653 et

1976 4692 2334 4750 denudabunt
2362 4698 2412 4747 te
2438 4692 2773 4747 vestimentis
2801 4692 2934 4757 tuis,
2966 4697 3019 4745 et
3045 4688 3235 4745 tollent
3278 4703 3409 4742 vasa
3435 4685 3633 4755 gloria?

1978 4792 2106 4839 tua.
2141 4785 2208 4839 Et
2250 4781 2587 4852 requiescere
2628 4780 2697 4851 (c)
2745 4781 2952 4851 facient
2974 4778 3149 4834 scelus
3178 4784 3337 4831 tuum
3373 4774 3439 4830 de
3484 4777 3556 4842 te,
3581 4779 3633 4829 et

1977 4870 2407 4944 fornicationem
2435 4872 2588 4925 tuam
2606 4868 2671 4925 de
2700 4872 2846 4925 terra
2866 4867 3086 4939 rqupti
3111 4883 3131 4920 :
3159 4880 3259 4920 nec
3282 4863 3487 4920 levabis
3504 4878 3633 4920 ocu-

1979 4962 2058 5017 los
2086 4967 2208 5015 tuos
2236 4958 2306 5014 ad
2332 4973 2443 5027 eos,
2474 4962 2525 5014 et
2554 4960 2779 5030 lEgypti
2803 4973 2914 5013 non
2963 4954 3339 5012 recordaberis
3366 4952 3628 5026 amplius.

1978 5047 2118 5105 LXX
2152 5064 2166 5104 :
2208 5051 2525 5118 Propterea,
2557 5047 2769 5114 Ooliba,
2800 5048 2918 5103 haec
2942 5044 3081 5101 dicit
3130 5045 3399 5100 Dominus
3432 5048 3581 5099 Deus
3614 5058 3628 5096 :

1977 5139 2109 5194 Ecce
2137 5153 2231 5209 ego
2259 5138 2529 5192 suscitabo
2580 5138 2847 5192 amatores
2897 5139 3016 5191 tuos
3044 5142 3233 5191 contra
3262 5142 3330 5200 te,
3361 5150 3397 5188 a
3434 5133 3633 5204 quibus

1977 5229 2199 5284 recessit
2227 5227 2417 5281 anima
2465 5228 2583 5291 tua,
2612 5226 2664 5279 et
2691 5224 2959 5280 adducam
2986 5240 3074 5281 eos
3122 5224 3407 5280 adversum
3454 5226 3506 5277 te
3528 5236 3631 5293 per

1977 5318 2272 5373 circuitum
2298 5314 2440 5384 ﬁlios
2467 5312 2787 5386 Babylonis,
2817 5318 2869 5370 et
2897 5330 3086 5372 omnes
3116 5314 3395 5371 Chaldaeos
3424 5306 3630 5385 φακοὺθ

2050 5477 2120 5549 (c)
2151 5476 2352 5549 Denuo
2370 5473 2608 5549 Victor,,
2634 5476 2859 5549 faciam,
2888 5490 2958 5549 ex
2978 5475 3216 5549 Hebrwo
3245 5478 3503 5540 711318311,
3524 5474 3630 5527 La-

1978 5545 2220 5620 tineque
2249 5545 2583 5619 Hieronymi
2612 5545 2864 5606 editione
2896 5546 3052 5603 fecit.
