3996 6182
364 334 485 409 119

1600 338 1663 398 S.
1711 332 2022 400 EUSEBII
2070 329 2577 401 HIERONYMI..

3645 328 3766 397 220

366 476 420 532 et
447 470 537 528 συέ
558 474 626 564 et
647 471 799 540 κουθ,
901 486 1084 564 omnes
1111 468 1631 564 ﬁliosAssyriorum
1650 486 1773 527 cum
1798 471 1897 564 eis,
1913 470 2012 564 ju-
2041 468 2098 537 Α
2125 470 2325 544 εαιὶιεθ
2373 472 2702 564 dependent
2731 488 2745 528 :
2778 471 2862 530 ita
2907 469 3163 547 dignitas
3191 468 3345 545 regis
3372 472 3430 527 et
3467 454 3762 543 judicum,

367 578 545 627 cenes,
577 562 794 628 electos,
826 560 1004 628 duces,
1035 563 1086 617 et
1128 562 1502 633 magistratus,
1532 577 1715 617 omnes
1745 562 2010 629 tristatas,

365 657 418 709 et
446 654 755 707 nominatos
777 652 1078 721 equitantes
1108 652 1169 706 in
1190 652 1362 721 equis.
1395 652 1591 706 Cuncti
1610 652 1827 706 venient
1850 666 2015 721 super

367 743 420 796 te
448 740 516 795 ab
546 740 833 810 Aquilone,
853 755 1050 795 currus
1078 742 1129 794 et
1160 749 1319 807 rotae,
1347 740 1501 795 266
1524 756 1647 794 cum
1662 738 2015 794 multitudine

363 829 709 903 populorum,
732 828 912 901 clypei
936 833 988 883 et.
1015 830 1199 900 peltae,
1224 837 1274 883 et
1301 830 1516 884 mittent
1535 827 1835 883 custodiam
1854 844 2016 899 super

364 927 416 975 te
444 920 505 974 in
546 919 801 973 circuitu.
838 922 901 973 Et
946 918 1083 973 dabo
1113 926 1240 973 ante
1269 917 1473 990 faciem
1512 933 1698 973 eorum
1717 916 2010 989 judicium,

362 1015 415 1064 et
434 1007 763 1079 judicabant
796 1011 846 1062 te
868 1007 1100 1079 judiciis
1130 1009 1268 1071 suis,
1301 1011 1352 1061 et
1381 1007 1516 1062 dabo
1537 1007 1717 1061 zelum
1743 1022 1925 1060 meum
1953 1008 2015 1060 in

364 1101 437 1168 te,
469 1101 520 1152 et
546 1097 757 1168 facient
775 1099 948 1151 tecum
980 1098 1040 1150 in
1071 1097 1160 1150 ira
1179 1097 1408 1166 furoris.
1444 1097 1649 1150 Nasum
1670 1102 1825 1149 tuum
1842 1098 1896 1149 et
1915 1110 2014 1149 au-

359 1201 444 1242 res
488 1194 611 1241 tuas
661 1184 939 1257 auferent,
976 1189 1028 1239 et
1077 1186 1316 1254 reliquos
1345 1194 1467 1239 tuos
1510 1184 1692 1255 gladio
1734 1182 2010 1254 dejicient.

361 1274 470 1345 Ipsi
496 1273 650 1344 ﬁlios
693 1276 814 1329 tuos
844 1277 892 1327 et
945 1274 1093 1342 ﬁlias
1122 1276 1245 1327 tuas
1275 1274 1493 1341 tollent,
1525 1277 1577 1327 et
1625 1272 1868 1327 residuos
1898 1280 2014 1327 tuos

362 1362 640 1418 devorabit
700 1363 869 1430 ignis,
900 1369 951 1416 ct
1002 1361 1356 1417 denudabunt
1385 1366 1436 1417 te
1482 1363 1793 1417 vestimento
1821 1364 1935 1430 tuo,
1966 1370 2018 1415 et

362 1458 638 1507 assument
663 1466 793 1505 vasa
818 1450 1169 1518 gloriationis
1200 1454 1329 1518 tum,
1361 1456 1412 1505 et
1433 1454 1675 1506 avertant
1706 1450 2016 1520 impietates

360 1545 483 1593 tuas
512 1554 547 1593 a
571 1542 641 1606 te,
668 1546 721 1594 et
769 1538 1192 1608 fornicationem
1235 1543 1391 1594 tuam
1418 1538 1483 1594 de
1512 1547 1659 1593 terra
1691 1539 1935 1610 ngypti,
1967 1539 2017 1592 et

357 1642 470 1682 non
492 1625 726 1682 elevabis
771 1626 951 1682 oculos
992 1635 1111 1702 tuos
1140 1627 1211 1682 ad
1233 1643 1345 1693 eos,
1378 1635 1429 1683 et
1458 1629 1658 1698 zEgyti
1695 1643 1808 1683 non
1835 1642 2017 1682 recor-

356 1714 571 1770 daberis
623 1714 883 1786 amplius.
917 1714 1063 1780 Quia
1089 1714 1490 1788 [Egyptiarum
1520 1715 1786 1771 carnium
1821 1730 2011 1769 recor-

359 1802 500 1859 data
526 1819 610 1870 es,
642 1806 701 1903 et
728 1801 964 1905 imitata.
987 1803 1418 1905 turpitudinem
1451 1803 1642 1877 gentis
1671 1802 2012 1870 immundae,
2045 1840 2093 1905 B

360 1908 488 1964 quae
519 1892 785 1947 omnium
818 1891 1140 1949 bestiarum
1171 1891 1489 1948 simulacra
1510 1896 1819 1948 veneratur
1846 1909 1859 1947 :
1886 1907 2014 1964 pro-

357 1985 554 2053 pterea
574 1980 862 2036 adducam
880 1984 1084 2037 contra
1101 1986 1158 2037 te
1174 1986 1469 2037 amatores
1487 1986 1902 2053 tuos,quorum
1928 1997 2017 2037 sa-

362 2069 504 2125 tiata
554 2068 882 2141 complexu,
916 2069 1205 2126 recessisti
1261 2069 1334 2125 ab
1381 2086 1584 2125 eorum
1642 2069 1901 2125 ﬁndere:
1946 2072 2009 2123 ut

361 2163 618 2231 quantus
638 2158 802 2231 prius
823 2175 988 2215 amor
1016 2160 1222 2226 fuerat,
1248 2160 1307 2213 in
1335 2162 1498 2214 tanta
1518 2158 1653 2215 odia
1675 2158 2009 2214 vertereris.

360 2247 558 2316 Filios,
610 2248 873 2319 inquam,
925 2247 1261 2319 Babylonis,
1313 2264 1635 2320 omnesque
1693 2246 2014 2314 Chaldaeos,

362 2336 608 2407 nobiles,
639 2339 919 2408 tyrannos
951 2341 1007 2392 et
1050 2336 1344 2409 principes
1372 2355 1386 2405 ;
1417 2354 1518 2409 pro
1549 2336 1766 2409 quibus
1815 2336 1874 2391 in
1906 2340 2010 2391 He-

362 2424 559 2481 braico
575 2424 1337 2513 habetur,pnacus(1‘lp5)ct
1356 2428 1632 2497 sur-:(mw)
1654 2430 1712 2481 et
1736 2425 2044 2510 cun(y1p),_

363 2530 511 2588 quas
524 2513 694 2570 multi
710 2513 2021 2587 gentesOrientalesintelligunt,cumhujusce-

366 2603 527 2659 modi
547 2603 807 2672 nomine,
825 2620 930 2660 nec
951 2603 1009 2659 in
1034 2604 1259 2677 Regum
1275 2602 1702 2673 volumine,nec
1720 2604 1779 2658 in
1805 2602 2015 2658 Parali-

362 2708 675 2765 pomenon,
701 2709 890 2763 neque
908 2692 967 2747 in
1006 2693 1262 2748 Jeremia
1277 2693 1538 2763 quidem,
1562 2691 1663 2764 qui
1679 2692 2021 2748 describunt

363 2781 759 2853 captivitatem
780 2780 1245 2848 Jerusalem,aut
1268 2780 1328 2836 in
1351 2781 1547 2853 aliquo
1565 2780 1693 2837 loco
1707 2780 2018 2853 Scriptura

365 2876 577 2924 sanctae
599 2868 991 2924 inveniamus.
1013 2869 1127 2925 Nec
1149 2869 1388 2936 mirum,
1413 2869 1461 2925 si
1484 2870 1867 2943 Septuaginta
1891 2868 2020 2941 ipsa

364 2956 649 3014 Hebraica
678 2962 1009 3029 posuerunt
1028 2956 1284 3025 nomina,
1309 2974 1445 3013 cum
1474 2957 1865 3031 Symmachus
1881 2974 2021 3029 quo-

365 3062 445 3119 qu
458 3060 480 3103 3
496 3050 554 3103 et
566 3044 887 3102 Theodotio
900 3046 958 3101 in
973 3047 1175 3102 eadem
1192 3046 1366 3103 verba
1381 3046 2015 3115 consentiant.0mnes,

368 3135 582 3208 inquit,
597 3134 888 3208 Assyrios,
912 3136 1159 3208 equites,
1182 3138 1240 3191 et
1261 3135 1529 3206 juvenes,
1545 3136 1735 3191 forma
1760 3136 2014 3208 egregia,

2124 578 2251 634 qua
2282 562 2341 617 in
2372 559 2470 619 ore
2488 562 2847 634 auribusque
2860 562 3145 634 signatur,
3174 578 3376 617 eorum
3406 559 3599 634 gladio
3619 577 3765 633 prae-

2124 651 2366 706 cidetur.
2402 651 2517 724 Ipsi
2550 650 2701 707 ﬁlios
2731 655 2863 707 tuos
2893 655 2949 705 et
2976 651 3127 706 ﬁlias
3158 655 3291 707 tuas
3320 649 3565 721 capient.
3583 649 3762 715 Tuos,

2124 740 2334 812 inquit,
2369 744 2426 795 et
2453 747 2602 809 tuas,
2630 757 2747 796 non
2780 756 2941 796 meos
2970 744 3026 795 et
3056 756 3234 807 meas,
3268 738 3406 811 quia
3434 739 3504 795 de
3535 736 3766 793 adulte-

2126 830 2210 885 rio
2240 830 2498 901 generati
2547 834 2700 896 sunt,
2732 832 2788 884 et
2818 832 3024 884 caetera
3070 828 3427 883 vorabuntur
3473 825 3765 882 incendio.

2125 923 2194 974 Et
2222 919 2626 984 denudabunt,
2659 917 2871 989 inquit,
2905 922 2962 972 te
2990 916 3354 972 vestimentis
3384 916 3521 982 tuis,
3549 915 3769 987 quibus

2121 1012 2181 1062 te
2213 1023 2579 1072 ornaveram,
2611 1011 2667 1061 et
2697 1006 2851 1062 vasis
2880 1005 3076 1078 gloriae
3106 1010 3240 1072 tuae,
3266 1021 3393 1077 quas
3424 1003 3531 1060 tibi
3560 1004 3633 1058 ad
3665 1021 3772 1059 caa-

2126 1095 2420 1152 remonias
2448 1094 2653 1168 templi
2686 1110 2863 1151 aurea
2914 1097 3301 1165 argenteaque
3341 1109 3767 1161 concesseram,

2124 1185 2197 1240 de
2225 1185 2442 1256 quibus
2476 1184 2763 1255 scriptum
2794 1188 2884 1239 est
2916 1200 2928 1239 :
2966 1188 3077 1251 Ego
3106 1182 3231 1238 dedi
3256 1185 3338 1238 eis
3361 1198 3565 1238 aurum
3592 1187 3646 1237 et
3674 1198 3768 1237 ar-

2121 1278 2365 1345 gentum,
2392 1275 2441 1329 el
2472 1273 2577 1344 ipsi
2604 1276 2857 1344 fecerunt
2876 1288 2940 1328 ea
2968 1273 3105 1327 Baal
3135 1271 3283 1343 (Osee
3313 1289 3376 1337 ιι,
3404 1272 3479 1342 8).
3504 1271 3633 1326 Ηωο
3663 1287 3766 1326 au-

2122 1368 2242 1419 tem
2269 1362 2467 1418 omnia
2488 1360 2797 1426 faciam,ut
2825 1360 3049 1432 perdita
3066 1359 3500 1432 pulchritudine
3529 1364 3587 1415 et
3605 1358 3768 1414 vultu

2122 1452 2377 1507 veneﬁco
2407 1451 2514 1522 [AL
2548 1449 2848 1519 veneﬁcio]
2872 1449 3197 1521 deturpato,
3221 1447 3484 1520 quiescat
3508 1448 3771 1519 aliquan-

2125 1541 2197 1596 do
2228 1540 2421 1596 scelus
2451 1544 2641 1610 tuum,
2658 1543 2715 1594 et
2745 1538 3046 1595 fornicatio
3066 1554 3242 1609 quam
3265 1536 3522 1593 didicisti
3539 1540 3594 1593 et
3614 1553 3772 1593 exer-

2125 1629 2298 1685 cuisti
2323 1630 2382 1684 in
2398 1630 2639 1702 zEgypto
2664 1646 2677 1684 :
2699 1631 2763 1683 ut
2779 1632 3090 1700 postquam
3109 1642 3320 1683 nasum
3341 1642 3627 1698 auresque
3647 1642 3773 1697 per-

2125 1718 2366 1787 dideris,
2397 1734 2772 1789 nequaquam
2816 1717 3033 1772 audeas
3062 1715 3264 1771 oculos
3311 1720 3447 1771 tuos
3476 1714 3664 1771 levare
3696 1715 3768 1770 ad

2124 1806 2443 1874 Chaldaeos,
2479 1811 2536 1861 et
2581 1805 2941 1862 amatoribus
2971 1804 3234 1876 pristinis
3265 1804 3571 1859 ostendere
3601 1802 3771 1859 feedi-

2126 1900 2306 1953 tatem
2336 1900 2500 1951 tuam
2534 1913 2547 1951 :
2582 1911 2687 1951 nec
2730 1893 3053 1951 recorderis
3082 1891 3338 1965 amplius
3369 1891 3773 1965 Egyptiorum

2128 1984 2412 2050 libidinis,
2445 2001 2695 2056 quorum
2718 1982 3119 2055 magnitudine
3150 1980 3415 2037 carnium
3445 1980 3774 2037 delectaba-

2127 2074 2229 2130 ris.
2261 2073 2393 2138 Quae
2426 2073 2697 2129 universa
2726 2072 3003 2127 dicuntur
3032 2072 3142 2126 sub
3187 2070 3566 2127 translatione
3596 2069 3777 2125 adul-

2127 2167 2283 2230 terae,
2312 2166 2369 2218 et
2397 2167 2633 2234 propter
2659 2160 3015 2217 adulterium
3063 2160 3380 2232 deturpatse
3415 2176 3427 2213 :
3456 2163 3523 2214 ut
3552 2175 3777 2231 nequa-

2131 2268 2311 2325 quam
2342 2250 2496 2307 ultra
2524 2250 2807 2324 glorietur
2832 2249 2895 2305 in
2917 2250 3122 2305 decore
3153 2264 3260 2304 suo
3287 2266 3301 2316 ;
3335 2249 3437 2304 sed
3466 2248 3781 2304 erubescat

2128 2341 2188 2396 in
2220 2339 2496 2406 foeditate,
2519 2355 2698 2411 quam
2729 2338 3135 2410 magnitudine
3156 2336 3369 2392 meruit
3382 2335 3773 2408 voluptatum.

2130 2428 2425 2501 Quidquid
2457 2429 2528 2484 de
2554 2426 2875 2484 Jerusalem
2902 2429 3182 2500 τροπικῶς
3215 2425 3449 2493 dicitur,
3474 2429 3531 2479 et
3558 2425 3629 2480 ad
3654 2424 3777 2479 ani-

2131 2535 2288 2574 mam
2306 2518 2503 2574 referri
2537 2521 2746 2590 potest,
2761 2532 2888 2588 quae
2910 2514 3249 2582 virtutibus,
3271 2514 3367 2570 Dei
3393 2515 3601 2585 juncta
3620 2529 3779 2569 com-

2131 2607 2346 2680 plexui,
2370 2611 2572 2679 postea
2601 2605 2950 2661 adulteravit
2965 2604 3025 2659 in
3054 2604 3213 2671 vitia,
3240 2607 3297 2659 et
3323 2602 3564 2659 recessit
3587 2602 3660 2658 ab
3686 2619 3778 2674 eo,

2129 2699 2187 2752 et
2213 2696 2516 2767 patefactis
2541 2694 2829 2750 universis
2854 2692 3173 2750 sceleribus
3195 2693 3343 2764 ejus,
3377 2692 3674 2749 denudata
3691 2695 3786 2748 est

2130 2787 2303 2855 atque
2332 2787 2568 2856 turpata
2594 2786 2653 2838 et
2681 2785 2919 2838 ostensa
2947 2781 3245 2846 omnibus,
3277 2784 3344 2836 ut
3373 2796 3407 2835 a
3426 2780 3641 2837 scelere
3670 2797 3782 2836 suo

2129 2869 2428 2943 aliquanto
2458 2870 2705 2928 desistat
2733 2886 2747 2925 :
2781 2885 2887 2925 nec
2912 2868 3193 2940 glorietur
3212 2867 3272 2923 in
3302 2868 3559 2925 nominis
3583 2867 3785 2939 digni-

2127 2963 2264 3030 tate,
2300 2960 2402 3015 sed
2424 2976 2527 3032 pro
2560 2958 2699 3015 mali
2725 2958 3080 3015 conscientia
3103 2962 3160 3013 et
3189 2956 3589 3013 recordatione
3611 2957 3785 3029 tEgy-

2127 3047 2236 3119 pti,
2259 3046 2457 3104 oculos
2487 3048 2641 3103 ultra
2671 3048 2741 3103 ad
2766 3046 2977 3103 caelum
3009 3062 3121 3103 non
3141 3047 3355 3103 audeat
3377 3044 3597 3102 tollere.
3614 3045 3785 3101 Unde

2128 3139 2186 3192 et
2214 3154 2395 3193 nasus
2425 3136 2476 3192 ei
2507 3135 2864 3209 praeciditur,
2896 3138 2954 3191 et
2986 3151 3158 3191 aures
3208 3138 3611 3206 amputantur,
3641 3133 3785 3206 quia

366 3202 1160 3297 ducesetmagistratus,sive
1179 3202 1601 3296 tristatas,quos
1619 3241 1727 3280 nos
1735 3202 2017 3297 principes
2048 3202 2091 3269 C
2129 3225 2367 3282 odorem
2399 3202 2553 3283 26—8
2586 3225 2749 3281 bona:
2781 3202 3113 3298 fragrantia
3137 3202 3393 3280 verterat
3420 3223 3480 3279 in
3510 3202 3783 3292 fetorem,

366 3314 684 3385 principum
698 3312 1060 3385 interpretati
1079 3329 1307 3369 sumus.
1323 3312 1404 3368 De
1425 3312 1642 3385 quibus
1663 3318 1720 3368 et
1739 3313 1798 3368 in
1823 3314 2015 3370 Exodo

367 3400 618 3476 legimus
666 3401 865 3475 (Exod.
918 3419 1011 3469 xv,
1044 3404 1118 3472 4).
1168 3403 1373 3458 Electos
1417 3417 1727 3458 ascensores
1775 3404 2015 3459 tristatas

368 3490 716 3565 (τριστάτας),
750 3508 852 3563 pro
902 3491 1117 3563 quibus
1167 3491 1372 3547 Latina
1418 3489 1787 3563 simplicitas,
1838 3495 2016 3548 ternos

369 3580 686 3653 (a)statores
697 3579 1019 3637 transtulit.
1038 3579 1304 3636 Tristatae
1317 3583 1514 3636 autem
1531 3595 1741 3635 nomen
1756 3584 1845 3636 est
1859 3581 2015 3653 apud

369 3668 620 3737 Gracos,
649 3668 893 3726 secundi
940 3669 1158 3742 gradus
1189 3673 1321 3741 post
1372 3668 1593 3741 regiam
1647 3667 2011 3740 dignitatem.

370 3758 453 3815 De
483 3757 701 3831 quibus
722 3757 1006 3831 scriptum
1028 3762 1116 3814 est
1145 3774 1158 3813 :
1194 3758 1573 3813 Verumtamen
1590 3757 1661 3813 ad
1681 3765 1787 3813 tres
1808 3762 2017 3827 primos

368 3864 482 3905 non
502 3850 775 3921 pervenit,
797 3850 895 3921 qui
919 3849 1196 3921 principes
1219 3849 1465 3918 equitum
1493 3846 1843 3919 peditumque
1862 3856 2018 3903 erant

370 3946 422 3994 et
469 3937 802 3993 tributorum
833 3936 941 4009 [AL
989 3936 1356 4007 tribunorum]
1404 3935 1451 4007 (Ι
1478 3937 1608 3991 Par.
1657 3953 1759 4005 xu,
1794 3936 1841 3992 Il
1889 3938 2011 4008 Reg.

369 4024 574 4096 xxxiii)
604 4042 618 4080 :
651 4041 799 4097 quos
814 4042 937 4090 ,nos
963 4025 1343 4098 magistratus
1365 4024 1672 4095 utriusque
1702 4024 2019 4095 militiae,et

288 4173 292 4176 ἠ
373 4113 672 4186 praefectos
702 4114 1007 4169 annonarii
1039 4111 1198 4169 tituli
1230 4112 1625 4169 nominamus.
1658 4114 1894 4181 Omnes,
1926 4115 2016 4171 in-

373 4200 520 4275 quit,
555 4200 617 4256 in
642 4201 913 4257 curribus
935 4206 993 4257 et
1018 4202 1079 4256 in
1109 4200 1296 4274 equis,
1321 4200 1500 4257 lorica
1527 4202 1759 4272 armati,
1777 4203 1941 4276 galea
1962 4209 2019 4261 et

372 4288 594 4363 clypeo,
628 4290 984 4346 obsederunt
1033 4294 1091 4347 te
1122 4306 1227 4364 per
1274 4288 1605 4356 circuitum,
1635 4295 1695 4346 et
1745 4291 1894 4349 dabo
1933 4293 2017 4351 eis

375 4380 523 4437 267
551 4379 873 4452 judicium,
900 4383 966 4435 ut
987 4396 1133 4452 quos
1165 4377 1504 4451 reliqueras,
1526 4382 1585 4434 et
1604 4395 1855 4451 quorum
1886 4382 2017 4438 irri-

372 4471 501 4525 tum
531 4468 750 4525 feceras
772 4473 1029 4542 pactum,
1055 4469 1126 4524 ab
1148 4467 1534 4540 hisjudiceris
1554 4488 1572 4523 :
1594 4470 2020 4540 etjudicabunt

2125 3318 2183 3369 et
2214 3314 2790 3385 audieratjudicium
2817 3312 3144 3386 sanguinis,
3170 3313 3325 3385 quod
3356 3328 3472 3367 non
3494 3311 3688 3368 solum
3710 3312 3788 3368 de

2130 3403 2308 3459 odore
2336 3408 2393 3460 et
2443 3404 2674 3473 auditu,
2709 3404 2808 3459 sed
2855 3403 2925 3458 de
2951 3401 3080 3458 visu
3111 3417 3345 3474 quoqne
3374 3398 3786 3474 intelligimus,

2127 3508 2266 3564 quo,
2299 3493 2437 3566 quia
2466 3492 2624 3549 male
2671 3492 2901 3548 fuerant
2929 3490 3118 3561 abusi,
3154 3491 3402 3547 Samson
3432 3493 3489 3546 et
3515 3489 3790 3547 Sedeciae

2125 3581 2451 3653 privantur.
2477 3580 2725 3637 Surdum
2743 3595 2954 3651 quoque
2973 3580 3110 3635 Deus
3130 3583 3180 3635 et
3200 3582 3416 3635 mutum
3433 3579 3563 3649 fecit
3582 3578 3757 3649 (Exod
3770 3621 3786 3633 .

2124 3693 2202 3744 ιν,
2238 3673 2325 3745 11)
2360 3689 2373 3727 :
2409 3688 2482 3727 ne
2513 3670 2717 3742 lingua
2737 3683 2938 3725 eorum
2968 3671 3332 3740 pertranseat
3350 3683 3539 3739 usque
3567 3667 3639 3722 ad
3661 3671 3787 3723 ter-

2124 3765 2347 3831 ram,et
2375 3763 2571 3816 tactus
2604 3756 2798 3814 omnis
2835 3756 3133 3812 auferetur
3160 3756 3220 3811 in
3241 3756 3335 3812 his
3362 3754 3463 3828 qui
3495 3754 3670 3811 vitam
3693 3771 3802 3827 pe-

2125 3852 2285 3909 nitus
2313 3848 2707 3922 perdiderunt.
2734 3847 2801 3902 Et
2828 3845 2949 3902 haec
2979 3845 3141 3914 ﬁent,
3162 3849 3228 3901 ut
3255 3844 3378 3919 igni
3398 3848 3610 3901 cuncta
3630 3862 3779 3917 pur-

2125 3943 2355 4016 gentur,
2391 3942 2446 3994 et
2489 3940 2686 4010 pereat
2705 3934 2933 4008 {Egypti
2963 3934 3269 3991 fornicatio
3302 3952 3315 3990 :
3349 3950 3456 3991 nec
3476 3933 3630 3990 ultra
3646 3950 3798 3990 ocu-

2124 4029 2212 4086 los
2243 4044 2383 4085 suos
2419 4026 2490 4082 ad
2525 4024 2680 4081 mala
2712 4024 2899 4098 possit
2929 4022 3214 4080 attollere.

2196 4118 2385 4188 (Vere.
2431 4116 2502 4168 28
2551 4114 2742 4186 seqq.)
2799 4114 2905 4182 Qui
2949 4113 3063 4167 haec
3111 4110 3243 4166 dicit
3283 4111 3546 4167 Dominus
3593 4109 3736 4165 Deus
3779 4127 3796 4166 :

2124 4208 2255 4262 Ecce
2281 4221 2379 4276 ego
2411 4202 2627 4259 tradam
2660 4210 2709 4257 te
2740 4203 2800 4257 in
2829 4217 3024 4257 manus
3075 4215 3283 4266 eorum,
3315 4213 3447 4271 quos
3474 4197 3643 4254 odisti
3672 4217 3693 4253 :
3721 4200 3799 4255 in

2124 4310 2323 4350 manus
2339 4293 2405 4348 de
2426 4291 2624 4362 quibus
2644 4292 2849 4346 satiata
2870 4296 2951 4345 est
2978 4290 3174 4347 anima
3195 4296 3311 4344 tua.
3334 4288 3399 4342 Et
3424 4288 3586 4357 agent
3608 4293 3801 4343 tecum

2126 4385 2189 4440 in
2218 4384 2363 4451 odio,
2401 4388 2454 4437 et
2482 4381 2673 4435 tollent
2709 4395 2894 4436 omnes
2925 4378 3135 4435 labores
3167 4385 3303 4445 tuos,
3336 4385 3386 4433 et
3432 4374 3711 4432 dimittent
3738 4379 3803 4433 te

2123 4472 2351 4539 nudam,
2380 4478 2431 4527 et
2459 4469 2769 4541 ignominia
2792 4469 3032 4540 plenam,
3065 4468 3140 4540 (b)
3168 4470 3223 4522 et
3252 4463 3579 4522 revelabitur
3611 4464 3777 4535 igno-

372 4561 432 4614 te
452 4557 698 4630 judiciis
728 4557 854 4614 suis
891 4558 1066 4630 quasi
1095 4557 1443 4614 adulteram.
1469 4562 1535 4614 Et
1560 4574 1783 4628 ponam,
1810 4558 2020 4633 inquit,
2057 4571 2101 4636 ι)
2129 4561 2310 4617 minia
2338 4558 2766 4631 fornicationum
2792 4560 3035 4613 tuarum.
3059 4555 3247 4611 Scelus
3274 4562 3451 4619 tuum,
3473 4556 3527 4608 et
3548 4553 3801 4623 [amica-

373 4647 558 4704 zelum
586 4663 770 4705 meum
819 4647 880 4705 in
911 4656 981 4717 te,
1014 4663 1172 4719 quem
1215 4654 1469 4704 exercent
1508 4654 1683 4703 tecum
1711 4650 1773 4704 in
1815 4649 2028 4724 furore.
2138 4651 2315 4708 tiones
2343 4656 2449 4704 tua:
2497 4649 2743 4718 fecerunt
2791 4645 2906 4701 haec
2930 4646 3034 4701 tibi
3061 4663 3079 4698 :
3109 4645 3241 4716 quia
3268 4643 3540 4714 fornicata
3586 4657 3645 4697 es
3671 4650 3801 4713 post

389 4735 561 4793 Zelus
591 4735 748 4793 enim
781 4752 949 4793 meus
992 4739 1083 4792 est
1110 4735 1263 4791 inter
1290 4734 1509 4800 hostes,
1543 4734 1675 4791 ﬁdei
1705 4736 1881 4794 etiam
1913 4757 2030 4798 non
2139 4746 2340 4809 gentes,
2368 4739 2517 4793 inter
2561 4751 2695 4807 quas
2727 4734 2941 4807 polluta
2982 4749 3039 4789 es
3067 4734 3127 4788 in
3159 4731 3323 4787 idolis
3368 4745 3581 4786 earum.
3613 4728 3675 4784 ιη
3700 4730 3803 4785 via

382 4828 642 4882 servate.
675 4824 920 4892 Nasum,
949 4823 1159 4896 inquit,
1187 4827 1357 4879 tuum
1387 4826 1445 4879 et
1472 4838 1644 4879 aures
1674 4826 1807 4882 tuas
1836 4829 2033 4898 praici-
2138 4828 2343 4885 sororis
2374 4830 2480 4881 tuae
2511 4825 2809 4880 ambulasti
2836 4841 2856 4878 :
2881 4826 2933 4879 et
2960 4822 3096 4878 dabo
3124 4821 3355 4877 calicem
3384 4821 3502 4893 ejus
3533 4821 3592 4875 in
3620 4834 3801 4874 manu

382 4913 543 4980 dent,
582 4914 750 4987 quasi
782 4913 1059 4971 adulteris
1101 4916 1158 4969 et
1184 4910 1557 4984 deprehensae
1587 4910 1649 4966 in
1680 4916 1883 4986 stupro
1918 4934 1931 4973 :
1966 4920 2031 4972 ut
2138 4923 2254 4972 tua.
2287 4919 2424 4973 Haec
2451 4912 2587 4970 dicit
2634 4913 2899 4969 Dominus
2938 4911 3080 4967 Deus
3109 4928 3131 4964 .-
3163 4908 3398 4965 Calicem
3442 4909 3649 4964 sororis
3679 4915 3791 4964 tuae

391 5001 715 5058 deformata
746 5002 974 5075 placere
997 5001 1270 5058 desistas.
1291 5000 1591 5067 Quomodo
1616 5002 1774 5058 enim
1804 5004 1862 5059 in
1886 5004 2031 5061 facie
2141 5004 2288 5061 bibes
2297 5002 2644 5076 profundum
2658 5010 2712 5057 et
2736 5000 2933 5057 latum.
2952 5000 3075 5055 Eris
3097 5000 3158 5055 in
3171 4998 3550 5055 derisumetin
3566 4995 3802 5053 subsan-

380 5090 575 5146 omnie
604 5092 976 5163 pulchritudo
1005 5091 1123 5148 oris
1154 5091 1215 5146 in
1238 5088 1469 5145 narium
1499 5090 1704 5147 decore
1735 5093 2024 5164 consistit,
2137 5094 2425 5149 nationem
2454 5108 2573 5163 quae
2600 5098 2682 5147 est
2706 5090 3069 5162 capacissima
3099 5107 3117 5144 :
3146 5088 3408 5145 ebrietate
3428 5093 3482 5144 et
3504 5085 3690 5142 dolore
3713 5101 3801 5141 re-

374 5182 433 5236 et
460 5178 522 5234 in
551 5179 814 5251 auribus,
849 5197 881 5236 e
909 5178 1207 5253 quibusin
1237 5177 1472 5234 feminis
1504 5178 1749 5237 uniones
1774 5184 1831 5236 et
1862 5198 2022 5238 mar-
2135 5182 2397 5256 pleberis,
2427 5185 2478 5237 et
2527 5181 2696 5236 calice
2739 5179 2990 5236 mmroris
3008 5187 3060 5235 et
3103 5178 3363 5246 tristitiae,
3392 5176 3564 5233 calice
3589 5176 3800 5233 sororis

412 5446 422 5457 ο
457 5372 814 5457 (a)Mendose
826 5375 1003 5457 etiam
1023 5372 1878 5457 postVictorii_emendationer_n
1890 5381 2034 5457 Mar-
2151 5451 2161 5457 _
2191 5377 2289 5457 “(b)
2321 5376 2482 5457 Hanc
2504 5375 2746 5457 alteram
2775 5374 2955 5457 hujus
2970 5359 3242 5457 versiculi
3268 5365 3806 5457 partemgtjrgqglq—

382 5438 630 5528 tia'nesus
656 5445 899 5534 ‘roetin‘ui‘t
946 5438 1223 5534 stratores,
1257 5447 1427 5534 quqd.
1447 5463 1562 5534 non
1587 5449 1844 5534 secundi
1898 5454 2034 5534 post
2144 5438 2292 5534 bitur
2332 5448 2643 5531 ignominia
2669 5438 3099 5534 fornicq‘tionum
3127 5438 3389 5534 tuarum,
3423 5456 3548 5512 quas
3577 5438 3799 5534 deerat,

385 5517 608 5590 regiam
638 5518 987 5591 dignitatem
1015 5518 1255 5602 gradus,
1278 5517 1380 5574 sed
1413 5517 1600 5601 inﬁmi
1632 5518 1827 5590 potius
1857 5517 2008 5577 ofﬁci

387 5593 737 5663 estnomen,
754 5591 827 5646 ab
849 5606 1001 5663 equo
1026 5590 1404 5663 insternendo
1426 5590 1769 5649 derivatum.
1798 5592 2014 5651 Statore.

2143 5517 2489 5577 suﬁ'ecimus
2510 5534 2579 5575 ex
2599 5517 2743 5575 mss.
2768 5523 2825 5575 et
2853 5519 3112 5575 Rabano.
3127 5517 3421 5572 Victorius
3440 5524 3675 5584 quoque
3687 5523 3796 5566 an-

2141 5596 2237 5648 tea
2260 5590 2631 5663 suppleverat
2651 5607 2811 5648 more
2831 5607 2939 5648 suo
2963 5607 3033 5648 ex
3050 5590 3309 5655 Hebraeo,
3326 5584 3648 5655 Latineque
3667 5595 3804 5637 ver-

387 5603 479 5645 est
499 5606 734 5663 nomen,
754 5603 827 5646 an
849 5606 1001 5663 equo
1026 5603 1404 5647 insternenao
1426 5603 1769 5649 derivatum.
1798 5603 2033 5651 b‘tatores
2141 5603 2237 5648 tea
2260 5603 2631 5665 suppleverat
2651 5607 2811 5648 more
2831 5607 2939 5648 suo
2963 5607 3033 5648 ex
3051 5603 3309 5655 uenrsao,

387 5674 523 5718 vero
557 5662 741 5718 nostri
772 5678 1005 5737 quoque
1033 5662 1353 5737 praeferunt
1381 5675 1524 5719 mss.
2144 5664 2330 5732 sione,
2361 5667 2420 5721 et
2446 5662 2663 5720 Graec.
