4006 6180
226 358 339 429 321

824 360 1570 428 COMMENTARIORUM
1614 362 1694 425 IN
1742 358 2243 424 EZECHIELEM
2286 357 2434 422 LIB.
2480 357 2609 423 VII.
2657 357 2828 422 CAP.
2871 357 3083 424 XXIII.

243 509 337 555 use
363 494 662 555 Samaria.
695 498 762 553 Et
805 496 947 553 bibes
991 498 1175 563 illum,
1218 500 1277 553 ~et
1324 498 1565 569 epotabis
1612 512 1782 569 usque
1810 496 1879 551 ad
1906 495 1964 562 Α
1993 489 2132 563 lem,
2158 510 2286 567 quae
2310 494 2552 551 calicem
2578 493 2851 549 Samaritae
2873 494 3090 551 sororis
3130 510 3249 552 suae
3286 496 3436 554 bibit
3455 498 3645 555 novis-

224 587 410 656 [ἆσέ-ς,
445 590 499 642 et
525 587 841 658 fragmenta
869 586 992 658 ejus
1027 586 1331 653 devorabis,
1361 593 1414 641 et
1437 586 1607 641 ubera
1634 589 1731 641 tua
1753 586 1891 641 lace-

228 675 380 730 mbis
441 675 592 745 (sive
647 678 712 729 ut
776 674 911 729 LXX
957 673 1427 730 transtulerunt:
1478 676 1803 746 festivitates
1840 683 1892 729 et

229 765 552 820 nemnenias
579 764 695 834 ejus
724 764 1001 835 auferam)
1024 781 1043 824 ;
1093 766 1223 835 quia
1255 779 1353 832 ego
1393 764 1600 819 locutus
1634 780 1776 831 sum,
1811 765 1892 819 ait

230 853 499 909 Dominus
553 851 751 925 (Vulg.
800 852 964 907 addit
1029 854 1208 923 Deus].
1266 854 1561 924 Propterea
1604 852 1721 909 haec
1758 853 1893 907 dicit

230 942 496 997 Dominus
522 941 692 996 Deus.
727 942 871 1009 Quia
900 939 1082 995 oblita
1123 957 1178 995 es
1224 944 1353 1010 mei,
1398 944 1447 996 et
1491 942 1773 1013 projecisti
1807 956 1893 997 me

226 1039 354 1103 post
370 1046 567 1101 corpus
585 1034 745 1084 tuum
775 1046 787 1084 :
812 1032 874 1083 tu
895 1046 1103 1100 quoque
1118 1034 1277 1101 porta
1315 1031 1488 1085 scelus
1527 1033 1680 1085 tuum
1712 1038 1762 1085 et
1778 1032 1892 1101 for-

232 1121 542 1175 nicationes
563 1122 706 1173 tuas.
720 1119 967 1174 Prodest
979 1118 1306 1174 Jerusalem
1320 1118 1664 1175 inimicitias
1681 1118 1896 1174 habere

234 1212 443 1263 contra
490 1206 770 1279 Assyrios
824 1210 999 1279 atque
1050 1206 1367 1278 Chaldaeos,
1421 1211 1478 1263 et
1523 1223 1895 1279 nequaquam

232 1295 459 1369 Egypti
484 1295 785 1351 recordari
814 1295 952 1365 ;sed
996 1294 1145 1350 tradi
1181 1295 1267 1350 eis
1307 1312 1522 1351 manus
1555 1297 1627 1351 ad
1657 1296 1899 1368 punien-

231 1386 394 1443 dum.
428 1384 536 1456 qui
569 1382 735 1440 illam
767 1384 1049 1440 oderant:
1084 1385 1300 1455 quibus
1325 1388 1460 1439 ante
1488 1402 1601 1440 non
1626 1385 1897 1454 traditur,

234 1474 345 1530 nisi
376 1474 605 1529 satiata
645 1472 819 1529 fuerit
848 1473 919 1529 de
949 1473 1034 1529 eis
1066 1472 1271 1528 anima
1299 1474 1450 1544 ejus,
1483 1476 1548 1528 ut
1588 1477 1897 1545 postquam

230 1562 583 1636 paenituerit
600 1564 869 1617 veterum
892 1565 1289 1633 peccatorum,
1311 1566 1453 1617 tunc
1472 1567 1753 1635 purgetur
1769 1579 1835 1617 su
1844 1579 1900 1634 p-

231 1652 444 1727 pliciis,
469 1656 530 1706 et
550 1651 761 1723 perdat
781 1666 988 1706 omnes
1013 1650 1247 1706 labores
1271 1667 1417 1723 quos
1435 1655 1555 1707 arte
1578 1651 1904 1707 meretricia

232 1740 633 1813 conquisivit:
666 1739 976 1811 videatque
1009 1739 1334 1795 nuditatem
1368 1756 1535 1795 suam
1575 1746 1631 1795 et
1661 1740 1905 1813 ignomi-

1999 583 2171 650 sima,
2195 588 2253 639 et
2274 583 2445 655 quasi
2458 584 2624 639 faeces
2641 587 3066 640 tormentorum
3082 585 3210 656 ejus
3227 603 3415 659 usque
3434 588 3505 645 ad
3522 590 3647 647 fun-

1999 673 2140 729 dum
2172 672 2445 744 epotavit.

2072 761 2257 832 (Vere.
2291 763 2380 827 36,
2423 762 2493 816 37
2536 777 2657 832 seq.
2708 761 2792 832 (Et
2826 764 2906 817 ait
2924 763 3183 819 Dominus
3213 763 3285 819 ad
3311 780 3399 821 me
3424 767 3647 825 dicens:

2000 851 2110 904 Fili
2132 849 2393 915 hominis,
2414 849 2686 921 numquid
2697 850 2915 921 judicas
2957 850 3176 907 Oollam
3207 858 3260 908 et
3299 855 3566 924 Oolibam,
3596 861 3650 914 et

2000 941 2308 994 annuntias
2336 941 2414 994 eis
2456 939 2659 995 scelera
2710 939 2819 1009 (vel
2867 942 3209 1012 iniquitates)
3258 959 3488 1000 eorum:
3517 963 3652 1018 quia

2002 1030 2273 1085 adulterte
2298 1027 2488 1101 (Vulg.
2522 1028 2874 1101 adulteratae]
2896 1037 3042 1099 sunt,
3069 1035 3121 1085 et
3139 1034 3363 1103 sanguis
3385 1036 3443 1089 in
3465 1038 3650 1091 mani-

2006 1119 2100 1173 bus
2130 1133 2340 1185 earum,
2366 1126 2416 1172 et
2440 1133 2565 1173 cum
2582 1116 2752 1173 idolis
2792 1119 2947 1174 270
2977 1118 3119 1190 (sive
3149 1120 3651 1197 adinventionibus)

2004 1208 2121 1263 suis
2142 1206 2438 1279 fornicatae
2465 1210 2593 1260 sunt
2618 1223 2629 1261 :
2655 1208 2883 1279 insuper
2912 1211 2963 1263 et
2983 1207 3128 1276 ﬁlios
3158 1224 3282 1265 suos
3304 1226 3435 1281 quos
3452 1228 3653 1283 genue-

2005 1304 2134 1351 rant
2160 1295 2323 1360 mihi,
2342 1295 2654 1350 obtulerunt
2674 1295 2842 1350 eisad
2880 1295 3250 1353 devorandum
3292 1299 3435 1371 (sive
3472 1305 3654 1357 trans-

2006 1385 2307 1453 duxerunt)
2335 1400 2432 1455 per
2457 1386 2661 1454 ignem.
2684 1384 2788 1440 Sed
2806 1393 2857 1440 et
2876 1384 2975 1440 hoc
2991 1384 3247 1458 fecerunt
3267 1388 3425 1457 mihi,
3441 1392 3656 1461 pollue-

2007 1482 2144 1529 runt
2164 1474 2549 1529 sanctuarium
2576 1488 2758 1527 meum
2782 1474 2844 1527 in
2873 1472 2965 1528 die
2990 1474 3093 1528 illa
3112 1491 3131 1528 :
3180 1481 3236 1530 et
3274 1477 3510 1533 sabbata
3536 1495 3659 1536 mea

2004 1564 2458 1634 profanaverunt.
2495 1560 2733 1633 Cumque
2764 1562 3113 1617 immolarent
3155 1564 3301 1634 ﬁlios
3340 1581 3464 1623 suas
3492 1567 3657 1624 idolis

2009 1653 2146 1718 suis,
2180 1658 2230 1705 et
2261 1649 2684 1718 ingrederentur
2710 1652 3080 1706 sanctuarivm
3113 1667 3299 1708 meum
3334 1655 3394 1709 in
3413 1654 3502 1711 die
3527 1656 3655 1728 illa,

2009 1742 2075 1795 ut
2080 1740 2401 1811 polluerunt
2420 1739 2582 1805 illud,
2601 1740 2771 1794 etiam
2788 1738 2909 1796 hac
2926 1743 3178 1811 fecerunt
3193 1742 3253 1796 in
3269 1743 3446 1800 medio
3465 1743 3657 1802 domus

233 1830 392 1886 niam
421 1848 436 1895 ;
472 1832 532 1885 et
565 1828 718 1884 sciat
747 1828 902 1899 quod
927 1828 1047 1883 haec
1078 1828 1353 1885 universa
1384 1845 1500 1884 non
1532 1828 1583 1884 ei
1616 1828 1905 1884 Dominus
1932 1864 1980 1930 B
2012 1844 2164 1883 mea.
2208 1828 2471 1883 Miserunt
2506 1827 2575 1882 ad
2617 1828 2761 1884 viros
2782 1830 3055 1884 venientes
3091 1829 3158 1884 de
3204 1830 3380 1903 longe,
3430 1833 3502 1889 ad
3528 1850 3660 1907 quos

239 1919 464 1984 fecerit,
499 1917 606 1973 sed
639 1916 1055 1972 fornicationes
1089 1934 1227 1985 suae,
1261 1917 1476 1989 quibus
1509 1918 1795 1974 fornicata
1815 1921 1905 1973 est
1933 1916 1980 1930 "
2009 1918 2271 1971 nuntium
2298 1918 2581 1972 miserant.
2616 1918 2803 1988 Itaque
2828 1933 2945 1973 ecce
2980 1927 3267 1984 venerunt,
3288 1922 3555 1992 quibuste
3576 1923 3657 1979 la-

234 2025 336 2082 per
354 2012 571 2081 gentes
593 2022 743 2079 quas
764 2022 945 2077 supra
966 2006 1351 2075 enumeravit,
1380 2010 1443 2061 ut
1463 2023 1663 2062 earum
1689 2006 1904 2063 coleret

238 2096 586 2154 simulacra.
612 2099 679 2149 In
697 2095 831 2163 viis,
856 2094 956 2161 ait,
981 2094 1198 2151 sororis
1219 2100 1330 2149 tuae.
1353 2090 1627 2151 Samariae
1646 2094 1904 2151 ambula-

238 2187 346 2243 sti:
369 2188 687 2258 propterea
705 2183 883 2239 debes
906 2183 1141 2239 calicem
1168 2183 1329 2239 illius
1364 2184 1582 2253 bibere,
1620 2185 1771 2241 209
1804 2201 1903 2239 cu-

233 2278 339 2347 jus
356 2277 602 2347 peccata
626 2276 847 2328 sectata
873 2288 956 2328 es.
983 2271 1145 2328 Calix
1174 2277 1394 2343 autem,
1428 2274 1581 2344 quod
1634 2289 1789 2345 saepe
1810 2290 1904 2329 ac-

242 2364 469 2435 cipitur
495 2379 599 2435 pro
630 2362 822 2434 pcenis
849 2365 1023 2433 atque
1058 2360 1387 2434 suppliciis,
1423 2361 1610 2417 multa
1640 2362 1906 2433 exempla

244 2457 413 2519 sunt,
445 2468 475 2506 e
499 2451 712 2522 quibus
736 2448 883 2505 illud
914 2453 1038 2505 est:
1073 2450 1235 2505 Calia:
1263 2452 1324 2504 in
1353 2466 1526 2505 manu
1549 2452 1767 2505 Domini
1790 2452 1907 2505 vini

244 2544 393 2598 meri
414 2543 611 2613 plenus
628 2542 829 2606 mixto,
849 2547 900 2594 et
922 2540 1217 2595 inclinavit
1239 2555 1309 2594 ea:
1329 2538 1427 2594 hoc
1446 2540 1505 2594 in
1528 2539 1628 2594 hoc
1656 2556 1668 2593 :
1690 2555 1906 2594 verum-

247 2636 437 2687 tamen
465 2632 589 2700 [δεῖ
638 2631 755 2700 ejus
781 2645 890 2684 non
921 2632 999 2684 est
1023 2628 1334 2696 exinanita,
1360 2628 1543 2683 bibent
1559 2644 1629 2683 ex
1647 2643 1706 2684 eo
1726 2644 1906 2684 omnes

240 2728 553 2792 peccatores
584 2722 752 2774 terra:
782 2718 957 2788 (Psal.
993 2734 1181 2781 LXXIV,
1213 2717 1267 2788 9,
1305 2717 1414 2786 10).
1448 2718 1517 2771 Et
1546 2716 1605 2771 in
1640 2715 1787 2772 Isaia
1805 2716 1907 2773 Ca-

245 2808 320 2864 lix
345 2807 559 2874 ruinae,
592 2811 648 2862 et
681 2803 959 2878 poculum
990 2804 1207 2860 furoris
1260 2804 1476 2860 dicitur
1509 2806 1637 2876 (Isa.
1672 2823 1746 2871 LI,
1789 2806 1901 2877 4.7).

244 2898 310 2953 ιιιι
340 2896 414 2951 ad
450 2893 781 2951 Jeremiam
812 2892 1074 2965 loquitur
1103 2893 1257 2948 Deus
1282 2909 1295 2947 :
1320 2894 1517 2965 Accipe
1536 2895 1763 2950 calicem
1790 2897 1909 2950 vini

243 2988 381 3041 meri
409 2984 482 3040 de
512 3000 692 3038 manu
715 2998 861 3049 mea,
884 2987 937 3036 et
953 2982 1177 3053 potabis
1205 2997 1391 3037 omnes
1435 2986 1643 3052 gentes,
1674 2983 1744 3038 ad
1774 3000 1908 3054 quas

245 3091 334 3147 ego
352 3076 588 3129 mittam
600 3080 674 3139 te,
696 3074 746 3127 et
768 3071 970 3141 bibent,
992 3079 1042 3126 et
1053 3074 1289 3139 voment,
1308 3073 1360 3125 et
1386 3072 1905 3143 insanient(Jerem.

245 3181 370 3233 xxv,
406 3162 525 3231 15).
561 3161 730 3216 Sicut
753 3162 908 3216 enim
945 3160 1214 3232 quaedam
1248 3159 1464 3214 dantur
1484 3160 1821 3229 cathartica,
1844 3165 1911 3216 ut

244 3253 452 3309 noxius
475 3251 705 3307 humor
721 3250 821 3322 qui
845 3250 997 3305 inest
1036 3248 1381 3320 corporibus
1416 3253 1716 3319 egeratur:
1739 3250 1822 3305 sic
1852 3254 1910 3306 et
1939 3226 1983 3295 (ἶ

242 3342 535 3398 Dominus
560 3340 664 3395 dat
688 3338 929 3394 calicem
954 3340 1381 3394 tormentorum
1414 3338 1909 3408 meracissimum,

244 3436 303 3486 nt
331 3428 635 3503 quidquid
688 3426 842 3483 fellis
888 3424 1420 3496 amaritudinisque
1467 3431 1578 3493 est,
1628 3428 1852 3483 auferat
1881 3446 1917 3483 a

246 3517 687 3592 peccatoribus,
719 3519 777 3571 et
807 3514 1065 3587 pristina:
1097 3530 1197 3570 eos
1237 3514 1510 3569 restituat
1558 3515 1811 3571 sanitati.
1850 3520 1916 3571 Et

246 3608 367 3679 ipse
391 3607 553 3664 calix
590 3606 705 3661 erit
734 3604 1067 3676 profundus
1099 3608 1157 3658 et
1185 3601 1362 3658 latus.
1398 3598 1760 3673 Profundus,
1790 3622 1912 3677 pm-

248 3713 457 3752 narnm
509 3693 964 3766 magnitudine:
1019 3692 1176 3747 latus
1229 3695 1493 3763 tempore
1535 3694 1908 3765 captivitatis.

249 3784 494 3849 Quando
525 3786 753 3850 autem,
789 3781 889 3847 ait,
920 3780 1209 3837 inebriata
1238 3780 1416 3835 fueris
1441 3784 1499 3836 et
1528 3780 1724 3837 dolore
1755 3798 1913 3838 com-

252 3873 569 3946 prehensa,
592 3874 651 3927 et
670 3870 893 3927 biberis
916 3867 1155 3925 calicem
1191 3885 1376 3941 usque
1416 3869 1487 3924 ad
1526 3869 1714 3941 feeces,
1738 3875 1794 3926 et
1825 3871 1911 3927 in-

254 3966 491 4017 tantum
509 3958 811 4031 hauseris,
834 3963 901 4015 ut
920 3959 1248 4031 fragmenta
1264 3973 1497 4029 quoque
1514 3958 1700 4030 ipsius
1718 3958 1915 4016 calicis

263 4051 507 4105 devores
532 4066 546 4103 :
569 4054 713 4105 tunc
742 4046 979 4103 taedebit
1016 4051 1074 4102 te
1112 4045 1511 4102 fornicationis
1548 4047 1827 4119 pristinas,
1859 4054 1917 4106 et

252 4137 541 4193 Iacerabis
568 4137 755 4193 ubera
785 4152 913 4208 qua:
957 4135 1140 4190 fracta
1184 4134 1413 4189 fuerant
1455 4134 1514 4190 in
1564 4137 1827 4209 Egypto,
1859 4142 1916 4193 et

243 4243 373 4299 quae
395 4225 772 4282 amatoribus
790 4224 911 4280 tuis
932 4223 1114 4280 subac
1132 4227 1191 4278 ta
1203 4226 1377 4294 atque
1390 4222 1592 4280 collisa
1604 4230 1743 4281 sunt
1762 4241 1775 4280 :
1796 4225 1915 4283 sive

240 4332 445 4372 omnes
476 4314 854 4379 festivitates,
896 4316 953 4368 et
977 4311 1318 4367 neomenias
1352 4315 1485 4366 tuas
1531 4313 1813 4386 auferam,
1848 4320 1914 4370 ut

242 4421 340 4476 pro
362 4402 747 4459 solemnitate
777 4405 953 4473 atque
993 4398 1215 4466 laetitia,
1266 4405 1551 4455 aeternum
1601 4400 1905 4472 planctum

240 4492 454 4549 habeas
474 4496 538 4548 et
559 4505 891 4546 maerorem.
916 4488 1063 4553 Quia
1096 4487 1276 4560 igitur
1296 4487 1411 4543 ista
1432 4488 1641 4561 fecisti,
1664 4493 1721 4546 et
1733 4490 1914 4547 oblita

2010 2008 2141 2062 visti
2159 2005 2325 2076 (sive,
2353 2022 2478 2061 cum
2496 2007 2789 2071 venissent,
2808 2008 2997 2062 statim
3013 2007 3337 2081 lavabaris):
3356 2014 3407 2065 et
3423 2013 3659 2068 circum-

2014 2094 2406 2167 livisti[Vulg.
2444 2094 2607 2150 addit
2635 2095 2819 2166 stibio]
2869 2096 3049 2152 oculos
3104 2104 3242 2165 tuos.
3296 2104 3350 2155 et
3378 2105 3577 2157 ornata
3605 2116 3661 2157 es

2012 2184 2215 2240 mundo
2254 2184 2536 2240 muliebri.
2579 2184 2781 2239 Sedisti
2798 2186 2857 2239 in
2898 2186 3093 2243 lectulo
3117 2188 3370 2258 pulchro,
3393 2198 3445 2245 et
3471 2206 3662 2247 mensa

2012 2275 2209 2329 ornata
2232 2272 2422 2345 (Vulg.
2455 2271 2733 2344 ordinata]
2766 2280 2844 2327 est
2872 2279 3006 2329 ante
3034 2283 3102 2331 te.
3150 2275 3454 2348 Thymiana
3479 2295 3664 2335 meum

2012 2371 2064 2418 et
2085 2365 2427 2432 unguentum
2439 2360 2514 2432 (a)
2533 2377 2711 2416 meum
2731 2364 2965 2433 posuisti
2982 2380 3145 2437 super
3161 2383 3301 2437 eam,
3322 2371 3373 2422 et
3390 2384 3496 2423 vox
3513 2370 3663 2424 mul-

2014 2450 2271 2506 titudinis
2298 2450 2626 2505 exsultantis
2655 2458 2775 2505 erat
2800 2451 2861 2505 in
2900 2467 2965 2507 ea
2993 2451 3136 2524 (sive
3185 2460 3235 2509 et
3279 2471 3407 2511 voce
3446 2473 3663 2529 compo-

2012 2541 2121 2596 sita
2158 2539 2555 2610 persultabat);
2589 2543 2654 2595 Et
2672 2540 2732 2593 in
2766 2541 2904 2595 viris
2935 2541 3152 2611 quidem
3179 2542 3255 2614 (b)
3283 2545 3664 2601 multitudines

2016 2628 2304 2684 hominum
2334 2627 2768 2695 adducebantur,
2798 2636 2852 2683 et
2878 2630 3170 2687 veniebant
3190 2630 3259 2686 de
3285 2632 3490 2689 deserto
3521 2633 3662 2705 (sive

2015 2718 2163 2773 ebrii
2182 2716 2248 2772 de
2267 2715 2493 2785 deserto)
2520 2725 2852 2787 :posuerunt
2870 2719 3129 2774 armillas
3149 2720 3210 2774 in
3247 2723 3505 2777 manibus
3522 2724 3660 2789 suis,

2014 2814 2065 2861 et
2112 2820 2338 2861 coronas
2393 2806 2822 2876 speciosissimas
2868 2808 2926 2860 in
2948 2808 3226 2878 capitibus
3271 2810 3409 2864 suis.
3448 2813 3515 2866 Et
3541 2810 3665 2866 dixi

2016 2895 2069 2951 ei
2097 2909 2217 2967 quae
2246 2894 2441 2948 attrita
2466 2898 2550 2947 est
2579 2894 2640 2948 in
2667 2893 2979 2949 adulterio:
3013 2897 3172 2950 Nunc
3207 2898 3577 2966 fornicabitur
3605 2901 3665 2955 in

2015 2983 2385 3055 fornicatione
2402 2998 2503 3037 sua
2521 2983 2693 3037 etiam
2724 2981 2858 3039 haec.
2886 2985 2954 3038 Et
2986 2985 3223 3055 ingressi
3249 2989 3379 3041 sunt
3407 2986 3478 3042 ad
3504 3003 3622 3044 eam
3645 3007 3664 3043 :

2018 3073 2176 3142 quasi
2204 3070 2276 3126 ad
2293 3068 2587 3126 mulierem
2615 3073 2983 3139 meretricem,
3012 3074 3092 3129 sic
3123 3074 3569 3145 ingrediebantur
3594 3076 3667 3132 ad

2022 3159 2236 3215 Oollam
2256 3166 2307 3213 et
2330 3157 2576 3214 Oolibam
2593 3160 2855 3215 mulieres
2885 3162 3134 3232 nefarias
3171 3162 3314 3234 (sive
3344 3170 3406 3218 ut
3421 3166 3667 3235 facerent

2019 3248 2414 3319 iniquitatem).
2450 3247 2565 3303 Viri
2620 3264 2745 3319 ergo
2791 3250 2937 3321 justi
2994 3248 3184 3323 [Vulg.
3230 3251 3526 3309 interserit
3551 3254 3666 3326 isti]

2021 3344 2153 3392 sunt
2170 3353 2183 3391 :
2202 3336 2263 3391 hi
2274 3335 2605 3408 judicabunt
2625 3352 2712 3392 eos
2722 3336 2937 3408 judicio
2968 3337 3364 3411 adulterarum,
3390 3344 3444 3398 et
3453 3342 3666 3413 judicio

2021 3424 2421 3497 offundentium
2447 3425 2790 3496 sanguinem,
2828 3428 2959 3497 quia
2981 3427 3255 3486 adulterae
3284 3437 3429 3497 sunt,
3456 3433 3507 3486 et
3534 3448 3665 3486 san-

2021 3513 2147 3582 guis
2204 3514 2265 3567 in
2308 3514 2567 3568 manibus
2605 3529 2816 3569 earum.
2868 3519 3006 3571 Haec
3051 3518 3198 3571 enim
3244 3517 3376 3573 dicit
3403 3519 3667 3573 Dominus

2023 3602 2204 3657 Deus:
2233 3600 2419 3656 Adduc
2460 3601 2530 3655 ad
2568 3618 2663 3657 eas
2701 3603 3137 3670 multitudinem,
3188 3613 3241 3660 et
3284 3606 3439 3661 trade
3482 3623 3575 3663 eas
3605 3608 3665 3662 in

2022 3691 2318 3745 tumultum
2346 3694 2398 3745 et
2427 3692 2488 3745 in
2514 3693 2793 3762 rapinam,
2825 3696 2879 3747 et
2907 3692 3227 3764 lapidentur
3268 3694 3543 3765 lapidibus
3567 3712 3664 3767 ρο-

2016 3779 2297 3850 palorum,
2322 3783 2372 3832 et
2392 3779 2776 3850 confodiantur
2790 3779 2992 3848 gladiis
3011 3796 3202 3836 eorum
3224 3797 3238 3835 :
3278 3782 3421 3852 ﬁlios
3446 3787 3502 3838 et
3519 3783 3667 3853 filias

2022 3882 2212 3923 earum
2233 3866 2577 3938 interﬁcient,
2599 3876 2649 3923 et
2671 3867 2854 3923 domos
2880 3884 3071 3924 earum
3107 3871 3230 3939 igni
3250 3871 3592 3940 succendent,
3616 3877 3667 3929 et

2022 3956 2273 4026 auferam
2300 3955 2473 4011 scelus
2500 3954 2640 4027 (sive
2669 3957 3033 4029 impietatam)
3081 3958 3145 4015 de
3172 3962 3342 4028 terra,
3382 3968 3434 4016 et
3461 3961 3668 4017 discent

2020 4058 2204 4099 omnes
2225 4043 2483 4099 mulieres
2502 4060 2573 4100 ne
2592 4046 2802 4116 faciant
2821 4048 3122 4103 secundum
3140 4049 3314 4104 scelus
3343 4048 3452 4119 (vel
3473 4052 3669 4123 impie-

2022 4134 2211 4201 tatem.)
2235 4148 2452 4187 earum.
2488 4135 2549 4188 Et
2577 4133 2784 4189 dabunt
2806 4135 2980 4191 scelus
3010 4135 3153 4207 (sive
3195 4138 3551 4210 impietatem)
3580 4156 3667 4197 ve-

2019 4226 2200 4278 strum
2223 4239 2389 4294 super
2414 4239 2507 4279 vos
2528 4240 2547 4277 :
2568 4227 2621 4279 et
2642 4233 2863 4296 peccata
2884 4226 3155 4283 idolorum
3171 4236 3473 4286 vestrorum
3487 4235 3670 4303 porta-

2023 4311 2169 4377 bilis,
2201 4319 2255 4367 et
2300 4313 2483 4368 scietis
2519 4314 2645 4383 quia
2668 4329 2766 4382 ego
2786 4315 3050 4372 Dominus
3070 4317 3227 4372 Deus.
3254 4317 3324 4373 Ut
3344 4335 3497 4390 saepe
3517 4335 3669 4375 com-

2022 4398 2247 4466 monui,
2267 4416 2446 4471 parva
2461 4399 2521 4456 in
2546 4401 2763 4472 quibus
2784 4402 3169 4477 Septuaginta
3181 4405 3357 4461 editio
3378 4406 3669 4479 discrepat

2018 4488 2090 4543 ab
2117 4488 2417 4555 Hebraico,
2469 4505 2538 4544 ex
2585 4489 2764 4545 latere
2814 4492 3102 4564 copulavi,
3155 4493 3388 4550 lectoris
3433 4493 3666 4551 fastidio

246 4595 307 4637 es
337 4581 479 4647 mei,
518 4583 580 4635 et
613 4577 913 4652 projecisti
937 4593 1029 4633 me
1053 4581 1187 4649 post
1207 4592 1420 4649 corpus
1454 4581 1644 4641 tuum.
1669 4580 1791 4635 sive
1818 4597 1907 4636 re-
1938 4595 1986 4660 D
2017 4576 2346 4649 providens.
2366 4577 2739 4651 Consequens
2760 4584 3111 4649 autemerat,
3129 4582 3598 4654 utquiSamarim
3611 4589 3668 4639 et

250 4674 531 4737 trorsnm,
566 4671 809 4741 propter
839 4665 1095 4739 corporis
1123 4664 1281 4733 vitia,
1315 4663 1403 4721 vel
1447 4670 1578 4737 post
1605 4666 1902 4738 genitalia,

262 4758 468 4829 quibus
480 4755 877 4829 turpitudinis
890 4754 1124 4811 fceditas
1139 4752 1399 4809 iudicatu
1408 4770 1455 4808 r:
1463 4759 1767 4826 propterea
1780 4772 1909 4828 por-

258 4850 317 4901 ta
336 4846 531 4904 scelus
547 4850 606 4902 et
617 4844 982 4917 impietatem
997 4847 1183 4911 tuam,
1197 4841 1468 4898 videlicet
1480 4843 1907 4917 suppliciaquae

260 4942 493 5008 propter
516 4934 883 5006 impietatem
906 4936 964 4989 et
1012 4930 1227 4988 scelera
1260 4929 1552 4987 meruisti.
1582 4936 1781 4989 Potest
1802 4934 1910 4990 hoc

262 5026 409 5096 quod
440 5024 700 5081 dicitur:
736 5025 802 5079 Et
818 5022 1034 5095 potabis
1053 5035 1227 5091 usque
1241 5019 1312 5074 ad
1326 5022 1508 5091 faeces,
1534 5028 1585 5076 et
1600 5023 1912 5093 fragmenta

269 5116 377 5185 ejus
403 5113 717 5183 devorabis,
751 5111 1154 5185 signiﬁcanter
1180 5107 1424 5181 intelligi
1469 5126 1648 5181 super
1676 5111 1912 5169 Jerusa-

320 5257 398 5328 (a)
414 5257 527 5313 Pro
542 5256 723 5312 unica
741 5270 879 5328 voce
891 5267 1289 5328 meum,_quam
1307 5250 1379 5328 ad
1398 5267 1539 5328 mss.
1559 5251 1735 5310 ﬁdem
1781 5271 1915 5328 cum

256 5323 488 5385 Rabano
508 5327 952 5397 substituimus,
975 5323 1218 5397 Marian.
1254 5326 1384 5397 post
1422 5323 1727 5397 Erasmum
1780 5327 1915 5384 reti-

256 5399 377 5454 nuit
425 5401 665 5456 duobus
706 5399 897 5454 verbis
938 5394 994 5453 et
1031 5396 1231 5451 oleum.
1257 5394 1629 5465 Repositama
1660 5413 1694 5452 ο,
1747 5399 1916 5454 nobis

254 5467 561 5544 lectionem
584 5471 793 5544 probat
818 5470 1088 5544 Hebraeus
1108 5481 1347 5544 quoque
1369 5469 1582 5544 textus,
1613 5469 1919 5544 .et_Lat_ina

252 5543 460 5614 γει-εἰσ,
484 5537 614 5614 (ιιιώ
636 5541 975 5614 testimonia
991 5537 1283 5614 Victorius
1296 5553 1429 5594 cum
1453 5537 1659 5614 primis
1691 5538 1914 5614 laudat,

254 5612 367 5669 Nec
392 5608 539 5670 sane
561 5614 728 5670 aliter
764 5630 834 5670 ex
870 5611 1102 5668 Hebraeo
1145 5609 1351 5667 saltem
1392 5608 1647 5680 positum
1674 5614 1748 5667 ab
1786 5608 1916 5669 Hie-'-

255 5699 518 5759 ronymo,
569 5686 699 5758 ipsa
744 5686 875 5757 ejus
914 5682 1194 5756 expositio
1247 5680 1580 5755 perusadet,
1631 5683 1731 5739 ubi
1773 5684 1853 5741 ait
1900 5700 1914 5740 :

2016 4663 2342 4721 Jerusalem
2365 4664 2653 4722 adulteria
2670 4670 2986 4739 separatim
3022 4670 3428 4743 descripserat,
3453 4670 3668 4742 pariter

2017 4769 2218 4809 earum
2232 4751 2849 4826 supplicianuntiaret.
2868 4758 3015 4814 271
3035 4758 3245 4814 Omnia
3256 4762 3454 4814 autem
3465 4758 3668 4813 dicun-

2017 4845 2115 4896 tur
2134 4842 2304 4913 quasi
2327 4842 2399 4897 ad
2422 4842 2738 4911 adulteras,
2773 4849 2831 4901 et
2865 4845 3017 4901 facta
3032 4844 3511 4917 anaoephalaeosi,
3536 4845 3667 4903 bre-

2016 4928 2164 4985 viter
2184 4928 2384 4985 earum
2408 4930 2630 4987 scelera
2650 4939 3061 5005 proponuntur
3086 4950 3098 4990 :
3118 4937 3184 4989 ut
3202 4937 3356 4990 recte
3368 4935 3540 5006 juxta
3560 4935 3665 4992 Le-

2021 5017 2115 5091 gis
2135 5017 2448 5089 imperium
2470 5018 2530 5074 in
2570 5019 2867 5077 adulteras
2907 5022 3015 5092 [Al-.
3057 5020 3361 5095 adulteris]
3392 5022 3667 5096 lapidatio

2021 5106 2222 5180 populi
2234 5110 3271 5182 consequatur.0uiaigituradulteraa
3284 5114 3667 5185 suntJustam

2026 5251 2559 5329 Thymiamameum,
2578 5255 2629 5307 et
2644 5261 3008 5329 unguentum,
3025 5253 3172 5329 quod
3195 5255 3340 5312 mihi
3356 5257 3670 5329 specialiter

2015 5322 2293 5396 jusseram
2313 5322 2465 5399 ﬁeri,
2498 5323 2737 5399 etc:_Sic
2767 5328 2963 5381 autem
2996 5322 3219 5399 opinor,
3262 5322 3395 5383 cum
3428 5343 3531 5398 pro
3558 5343 3668 5399 un-

2024 5393 2246 5469 guento
2274 5393 2454 5469 olgum
2500 5393 2634 5449 LXX
2666 5393 3215 5469 interpretati'sint,
3243 5393 3554 5469 utram—que
3584 5396 3666 5455 le-

2026 5463 2297 5542 ctionem,
2321 5463 2459 5520 fisse
2479 5463 2949 5542 annotatam‘geo,
2968 5469 3068 5542 qui
3086 5463 3205 5525 tam
3224 5485 3374 5542 saepe
3391 5463 3665 5542 occurrit,

2027 5538 2203 5610 modo
2218 5552 2237 5610 _:
2271 5538 2779 5610 unguentum_(sive
2807 5538 3006 5610 oleum)
3036 5558 3223 5596 meum
3267 5538 3520 5610 posuisti,
3552 5538 3665 5597 etc.

2098 5607 3079 5685 (b‘)Victori_us,quidemultitudine:
3092 5616 3149 5668 et
3159 5607 3332 5685 paulo
3354 5617 3487 5685 post
3506 5607 3663 5685 adul-

2026 5681 2181 5738 teriis
2212 5695 2315 5753 pro
2337 5678 2524 5739 αάαίἰέ
2534 5684 2639 5753 rio,
2661 5699 2731 5740 ex
2749 5678 3373 5756 Hebraico,Gra?coque'
3385 5682 3667 5742 fontibus.
