4006 6180
1606 346 1670 409 8.
1717 343 2031 413 EUSEBll
2074 344 2546 413 HIERONYMI.

3650 352 3767 418 ﬁt

380 484 658 558 deprome
686 477 1055 541 sententiam.
1076 478 1227 539 Sunt
1242 476 1401 539 enim
1423 479 1720 539 mmchatte
1742 479 1803 539 in
1824 480 2018 552 idolis,
2048 483 2103 553 Α
2132 484 2596 542 concremarint:
2622 485 2907 544 interfecti
2927 483 3048 545 sint
3079 485 3283 562 populi
3303 486 3381 562 (b)
3399 486 3502 563 qui
3522 501 3629 563 pre
3647 486 3767 546 Deo

382 579 441 631 et
462 573 704 646 sanguis
728 574 786 629 in
815 572 1090 629 manibus
1112 588 1336 644 earum,
1360 588 1562 629 eorum
1586 572 1854 629 videlicet
1873 589 2022 644 quos
2131 572 2462 630 daemonum
2494 573 2813 632 simulacra
2825 576 3083 633 venerati
3113 581 3274 634 sunt.
3299 577 3549 634 Possunt
3569 576 3692 634 hac
3713 581 3773 634 et

380 660 992 718 idolis'immolarunt:
1029 665 1094 718 ut
1130 662 1282 717 filios
1322 678 1468 734 quos
1501 661 1643 717 mihi
1674 666 2018 734 genuerant,

2129 667 2262 733 post
2284 663 2596 719 adventum
2633 663 2847 721 Christi
2885 665 3153 739 intelligi,
3201 667 3358 739 quod
3390 667 3495 721 viri
3513 667 3664 738 justi
3697 667 3773 724 de

381 752 747 808 daemonibus
767 756 1192 809 consecrarent.
1217 753 1332 809 Nec
1354 752 1463 807 hoc
1497 753 1758 809 fecerunt
1795 752 1936 807 foris
1965 755 2022 806 et
2130 751 2362 824 populis
2391 753 2693 809 nationum
2720 753 2833 827 ipsi
2854 755 3250 813 Samaritanos
3268 760 3326 812 et
3349 756 3584 812 Judaeos
3608 772 3774 813 com-

384 840 443 895 in
463 841 784 907 montibus,
808 857 874 897 ac
895 840 1067 911 lucis,
1092 845 1156 897 ut
1176 857 1326 912 saepe
1349 842 1533 897 facere
1558 844 1979 895 consueverant
2003 866 2016 907 ;

378 930 479 985 sed
511 930 585 985 ad
623 934 949 986 extremum
998 929 1331 1003 polluerunt
1371 928 1657 1000 templum
1701 944 1921 994 meum,
1953 933 2019 985 ut

382 1023 639 1074 statuam
664 1019 801 1075 Baal
834 1020 892 1074 in
923 1035 989 1075 eo
1020 1023 1320 1091 ponerent.
1352 1020 1421 1075 Et
1450 1017 1694 1074 sabbata
1725 1033 1853 1073 mea
1883 1034 2013 1089 pro-

377 1108 724 1166 fanaverunt
749 1126 761 1164 :
802 1112 868 1164 ut
896 1125 1000 1164 nec
1041 1108 1174 1175 loci,
1203 1116 1309 1164 nec
1330 1106 1607 1179 temporis
1625 1106 2018 1162 custodiretur

382 1197 536 1268 apud
557 1214 657 1254 eos
674 1197 895 1269 religio.
912 1198 1023 1253 Sed
1048 1213 1149 1252 nec
1170 1196 1552 1268 praesentibus
1584 1200 1815 1251 tantum
1848 1195 2012 1252 adul-

373 1285 535 1342 teriis
560 1290 841 1342 contentae
862 1290 1047 1356 erant,
1072 1302 1259 1356 neque
1287 1284 1514 1340 suffecit
1547 1283 1652 1353 eis,
1684 1285 1838 1355 quod
1864 1284 2012 1339 ﬁlios

375 1390 535 1431 meos
557 1374 1008 1431 immolaverunt
1027 1373 1200 1429 idolis
1219 1374 1345 1429 suis
1367 1372 1450 1428 vel
1474 1373 1838 1428 daemonibus
1863 1391 1875 1440 ;
1909 1373 2008 1427 sed

373 1463 697 1536 peregrinis
716 1479 950 1534 quoque
981 1462 1378 1535 voluptatibus
1416 1461 1803 1528 lascivientes,
1835 1468 2009 1529 Assy-

372 1551 593 1608 riorum
609 1555 784 1623 atque
805 1550 1207 1607 Chaldaeorum
1227 1550 1539 1606 simulacra
1553 1556 1832 1606 veneratae
1850 1555 2007 1607 sunt.

367 1640 476 1705 Qui
507 1656 641 1695 cum
670 1639 986 1708 venissent,
1029 1639 1230 1696 Ooliba
1275 1640 1352 1712 (α)
1397 1638 1743 1707 Jerusalem,
1775 1655 2008 1695 omnem

368 1729 644 1786 adulteras
684 1728 951 1785 habitum
1002 1729 1259 1802 implesti
1303 1745 1479 1801 super
1525 1745 1645 1795 eos,
1694 1733 1756 1784 ut
1784 1728 2008 1785 lavares

322 1800 337 1819 ί
371 1835 606 1892 corpus,
641 1818 841 1876 oculos
878 1818 1054 1875 stibio
1074 1800 1275 1874 linires
1300 1836 1313 1874 :
1338 1800 1405 1873 ut
1427 1834 1758 1874 assumeres
1778 1816 2005 1873 cultum

363 1907 732 1977 muliebrem,
776 1909 1009 1965 sederes
1054 1908 1110 1963 in
1151 1907 1366 1963 lectulo
1417 1906 1644 1962 libidini
1683 1911 2004 1978 praeparata

370 1997 471 2064 [Αι.
506 1998 873 2071 praeparato],
906 1996 1110 2069 epulas
1142 2011 1514 2069 proponeres,
1548 1995 1766 2067 quibus
1791 1996 2004 2051 fractas

361 2087 434 2143 ad
464 2087 771 2144 libidinem
800 2087 955 2142 vires
1000 2102 1300 2158 reparares
1345 2089 1673 2141 amatorum
1721 2088 1999 2151 tuorum;

358 2177 663 2250 thymiana
694 2190 886 2232 meum
917 2179 975 2233 et
1001 2178 1367 2247 unguentum
1398 2174 1551 2246 quod
1605 2173 1747 2229 mihi
1781 2173 2000 2245 specia-

358 2265 490 2323 liter
506 2267 803 2338 jusseram
826 2266 951 2321 fieri
984 2264 1173 2336 (Exod.
1197 2264 1351 2334 xxx),
1393 2268 1453 2319 et
1490 2262 1860 2319 exterminari
1884 2262 2004 2319 ani-

359 2370 518 2412 mam
548 2355 710 2411 illam
740 2354 813 2411 do
864 2353 1100 2427 populo,
1129 2370 1259 2426 quae
1299 2353 1359 2407 in
1410 2346 1665 2424 privatos
1717 2368 1862 2409 usus
1890 2350 2000 2407 hoc

363 2444 553 2501 facere
577 2443 882 2512 voluisset,
922 2448 986 2500 tu
1024 2444 1260 2500 offerres
1278 2440 1454 2498 idolis
1478 2459 1492 2507 ;
1522 2444 1588 2496 ut
1617 2456 1999 2513 congregares

358 2533 748 2607 frequentiam
780 2532 1152 2606 populorum,
1186 2531 1308 2591 sive
1336 2530 1496 2587 omni
1519 2545 1729 2602 genere
1750 2529 2000 2585 musico-

355 2639 487 2679 rum
522 2639 761 2680 caneres
783 2640 802 2678 :
833 2626 899 2678 ut
928 2638 1044 2677 non
1067 2620 1261 2677 solum
1291 2619 1443 2686 visu,
1475 2619 1575 2675 sed
1625 2622 1682 2673 et
1705 2618 1907 2674 auditu
1941 2622 1999 2673 et

356 2712 626 2782 odoratu,
660 2715 718 2768 et
746 2712 973 2766 cunctis
1012 2710 1286 2766 sensibus
1333 2707 1592 2779 placeres
1634 2705 1997 2763 amatoribus

360 2800 501 2870 tuis,
526 2799 628 2871 qui
647 2804 933 2855 venerunt
952 2800 1024 2854 ad
1044 2803 1101 2854 te
1124 2797 1269 2853 ebrii
1294 2812 1307 2854 :
1334 2812 1451 2852 non
1484 2795 1719 2851 urbanae
1749 2794 1996 2866 alicujus

360 2886 681 2959 elegantias,
706 2887 807 2943 sed
829 2888 900 2942 de
920 2887 1149 2941 deserto
1170 2902 1237 2941 ac
1277 2883 1615 2948 solitudine,
1640 2882 1996 2939 rusticorum

356 2992 423 3032 ac
470 2975 765 3031 latronum
809 2974 1076 3031 habitum
1121 2972 1510 3046 preferentes.
1559 2972 1630 3026 Et
1671 2971 1730 3025 in
1770 2974 1994 3027 tantam

349 3064 666 3123 exarsistis.
688 3083 721 3122 o
743 3081 972 3121 sorores
988 3063 1278 3136 pessimae,
1294 3062 1590 3119 insaniam
1606 3061 1973 3135 voluptatum

354 3160 421 3212 ut
467 3154 729 3211 armillas
774 3158 998 3210 vestras
1040 3157 1098 3207 et
1147 3150 1572 3207 discriminalia
1616 3150 1992 3223 imponeretis

2128 841 2429 912 paratione
2456 841 2548 897 sui
2572 842 2860 913 judicent,
2891 848 2949 898 et
2976 844 3211 900 tradant
3236 861 3335 901 eos
3378 846 3450 901 ad
3483 845 3770 904 devoran-

2127 928 2533 1001 dum,quibus
2579 931 2859 988 Dominus
2900 932 3124 988 dixerat
3169 934 3377 1005 (Matth.
3431 950 3588 1001 1x111,
3621 936 3768 1002 38):

2123 1018 2484 1089 Relinquetur
2514 1020 2665 1075 vobis
2693 1020 2884 1076 domus
2911 1025 3089 1077 vestra
3126 1021 3356 1078 deserta.
3388 1027 3491 1079 Et:
3534 1023 3770 1094 Quando

2124 1107 2377 1162 videritis
2417 1110 2758 1164 circumdari
2803 1109 2872 1165 ab
2916 1113 3161 1167 exercitu
3199 1113 3527 1178 Jerusalem,
3576 1116 3769 1169 scitote

2122 1197 2257 1267 quia
2304 1200 2703 1269 appropinquat
2764 1199 3026 1256 desoltttio
3063 1202 3181 1273 ejus
3257 1202 3411 1273 (Luc.
3475 1218 3589 1270 xxx,
3646 1202 3761 1273 22).

2124 1283 2319 1356 Usque
2357 1285 2530 1342 hodie
2560 1286 2715 1342 enim
2749 1287 3088 1344 adulterata;
3118 1294 3277 1356 sunt,
3310 1294 3369 1345 et
3396 1290 3577 1345 totius
3602 1290 3763 1346 orbis

2120 1371 2416 1444 lapidibus
2447 1375 2880 1447 opprimuntur.
2930 1378 3216 1445 Quoniam
3269 1377 3558 1434 miserunt
3610 1395 3762 1434 nun-

2121 1462 2234 1517 tios
2267 1462 2338 1517 ad
2388 1479 2489 1519 eos
2541 1464 2642 1535 qui
2691 1469 2857 1520 erant
2902 1466 3123 1538 procul,
3173 1470 3231 1522 et
3271 1466 3463 1522 dicere
3509 1483 3627 1522 non
3658 1483 3764 1538 po—

2118 1555 2352 1607 terant:
2395 1552 2504 1621 Ego
2559 1553 2700 1609 Deus
2755 1555 3213 1626 apprOpinquans,
3272 1564 3323 1611 et
3374 1571 3485 1611 non
3528 1556 3667 1611 Deus
3697 1556 3767 1612 de

2120 1640 2294 1711 longe,
2314 1640 2447 1696 dicit
2463 1642 2726 1697 Dominus
2745 1643 2965 1713 (Jerem.
2990 1660 3152 1711 XXIII,
3174 1644 3266 1716 23)
3292 1648 3377 1699 :et
3401 1660 3765 1716 praeparave-

2118 1733 2258 1784 runt
2286 1746 2349 1785 se
2380 1731 2742 1787 amatoribus
2790 1732 2914 1787 suis
2961 1732 3368 1788 daemonibus:
3415 1736 3485 1788 et‘
3521 1749 3761 1788 omnem

2115 1817 2341 1873 cultum
2373 1824 2549 1890 atque
2570 1824 2842 1875 ornatum
2864 1836 3041 1892 quem
3062 1837 3097 1876 a
3129 1825 3244 1876 Deo
3284 1824 3624 1893 acceperant
3648 1837 3762 1876 na—

2114 1906 2289 1963 turali
2312 1908 2795 1977 bono,verterunt
2813 1908 2874 1964 in
2897 1908 3122 1965 cultum
3144 1908 3563 1980 daemonum,et
3582 1924 3764 1981 opera

2114 2013 2222 2052 sua
2243 1997 2647 2066 decoremque,
2670 2013 2844 2069 quem
2865 1997 2926 2052 in
2961 1996 3198 2054 armiles
3231 2001 3291 2053 et
3309 1997 3637 2054 diademate
3663 1998 3759 2053 in-

2111 2084 2458 2158 telligimus,
2500 2085 2781 2142 adulteris
2811 2086 3174 2142 amatoribus
3203 2087 3578 2159 praebuerunt
3607 2102 3755 2158 quo-

2111 2190 2243 2229 rum
2273 2190 2444 2245 pana
2482 2174 2755 2246 gentibus
2804 2173 2982 2231 timor
3026 2179 3136 2246 est,
3188 2175 3366 2230 immo
3413 2175 3505 2230 his
3551 2175 3653 2247 qui
3686 2191 3759 2230 ex

2109 2262 2383 2335 gentibus
2413 2262 2806 2330 crediderunt,
2840 2278 2912 2318 ne
2933 2261 3152 2319 similia
3172 2263 3489 2335 patiantur,
3511 2262 3559 2318 si
3580 2279 3649 2318 ea
3666 2264 3758 2319 fe-

2108 2351 2291 2408 cerint
2310 2368 2437 2424 quae
2459 2351 2593 2407 fecit
2605 2351 2871 2407 Samaria
2886 2359 2943 2407 et
2957 2351 3305 2407 Jerusalem.
3325 2357 3372 2405 A
3386 2352 3599 2424 quibus
3611 2357 3757 2409 tunc

2111 2440 2446 2496 auferentur
2473 2438 2554 2494 im
2562 2439 2825 2512 pietates,
2846 2456 2979 2495 cum
3011 2440 3333 2512 receperint
3360 2439 3511 2497 278
3531 2439 3757 2499 scelera

2107 2545 2234 2597 sua,
2259 2533 2316 2584 et
2336 2527 2601 2584 velamen
2623 2530 2777 2600 quod
2795 2530 3051 2600 positum
3070 2533 3157 2584 est
3173 2534 3306 2586 ante
3323 2528 3551 2584 vultum
3564 2529 3754 2601 Moysi

2107 2618 2297 2691 (Exod.
2318 2620 2533 2690 xxxrv).
2565 2617 2918 2675 abstulerint
2943 2618 3015 2674 ab
3046 2617 3233 2675 oculis
3280 2618 3426 2689 suis,
3451 2622 3517 2674 ut
3535 2634 3751 2691 cogno-

2106 2712 2273 2764 scant
2301 2707 2457 2779 quod
2488 2707 2613 2779 ipse
2645 2706 2721 2763 sit
2746 2707 3032 2763 Dominus
3056 2707 3228 2763 Jesus
3251 2706 3537 2779 Christus,
3571 2723 3752 2779 quem

2105 2796 2206 2853 Dei
2237 2796 2453 2852 Filium
2485 2799 2843 2869 negaverunt
2881 2797 2953 2867 (ΙΙ
2985 2795 3106 2852 Cor.
3142 2796 3247 2868 ιιι).

2176 2886 2336 2957 (Cap.
2367 2884 2561 2941 XXIV.
2591 2885 2758 2942 Vers.
2793 2887 2819 2940 1
2849 2887 3002 2957 seq.)
3043 2886 3109 2941 Et
3153 2886 3362 2955 factum
3406 2893 3485 2942 est
3522 2886 3752 2941 verbum

2103 2975 2325 3031 Domini
2344 2975 2415 3030 arl
2433 2990 2522 3030 me
2540 2976 2599 3030 in
2628 2990 2774 3031 anno
2802 2990 2966 3043 nono,
2998 2975 3057 3029 in
3090 2990 3270 3031 mense
3286 2974 3517 3045 decimo,
3534 2974 3751 3031 decima

2101 3066 2323 3131 mensis,
2345 3063 2532 3119 dicens
2557 3081 2575 3117 :
2597 3065 2714 3120 Fili
2732 3063 2990 3135 hominis,
3007 3065 3182 3120 scribe
3200 3063 3306 3118 tibi
3315 3063 3636 3120 nomendiei
3648 3065 3750 3120 hu-

2108 3154 2189 3209 ius
2209 3155 2271 3208 in
2289 3170 2399 3224 qua
2416 3152 2767 3221 conﬁrmatus
2787 3155 2864 3208 est
2874 3168 2974 3209 rex
2990 3153 3285 3224 Babylonis
3294 3152 3586 3208 adversum
3595 3154 3749 3209 Jeru-

351 3245 631 3302 manibus
660 3248 719 3300 et
754 3242 1046 3315 capitibus
1092 3245 1423 3297 amatorum
1472 3243 1822 3307 vestrorum,
1870 3238 1990 3294 sive
2019 3223 2062 3290 δ
2099 3242 2267 3298 salem
2280 3223 2456 3298 hodie.
2481 3245 2550 3297 Et
2565 3241 2711 3298 dices
2732 3257 2830 3313 per
2842 3223 3191 3313 proverbium
3215 3242 3526 3298 addamum
3546 3243 3747 3298 irrita—

348 3334 516 3393 vobis
544 3333 712 3407 ipsis,
734 3336 799 3390 ut
821 3331 1003 3406 plenm
1025 3336 1234 3387 ornatu
1266 3328 1674 3402 turparemini.
1708 3328 1992 3394 Quamob-

350 3441 472 3482 rem
499 3424 619 3479 dixi
647 3422 719 3493 ei,
759 3421 848 3478 vel
874 3419 1225 3486 Jerusalem,
1268 3417 1357 3474 vel
1398 3417 1693 3485 Samarize,
1722 3415 1808 3472 vel
1842 3415 1989 3472 utri-

352 3529 467 3585 que
493 3530 505 3568 :
528 3513 621 3568 Sic
643 3510 946 3568 attrivistis
970 3510 1239 3575 frontem,
1266 3512 1333 3563 ut
1374 3522 1745 3579 nequaquam
1768 3509 1988 3562 secreto

350 3600 719 3673 polluamini,
750 3599 836 3655 vel
867 3599 1083 3669 mariti,
1114 3596 1205 3653 vel
1234 3596 1541 3653 hominum
1565 3594 1758 3651 vitetis
1788 3610 1985 3666 aspec-

347 3693 475 3745 tum
501 3706 514 3757 ;
534 3689 634 3745 sed
657 3688 844 3744 instar
864 3686 1233 3743 meretricum
1256 3683 1486 3758 publice
1507 3685 1601 3741 27
1612 3685 1659 3740 2
1674 3683 1986 3755 prostitua-

346 3777 516 3847 mini,
549 3777 648 3851 qui
668 3776 918 3850 ingressi
943 3779 1085 3832 sunt
1105 3776 1177 3832 ad
1198 3791 1319 3845 vos;
1346 3772 1515 3845 quasi
1536 3773 1608 3830 ad
1631 3772 1984 3840 meretrices,

345 3867 608 3925 certatim
638 3884 738 3924 vos
768 3865 1026 3938 polluere
1054 3864 1375 3938 cupientes.
1406 3863 1656 3918 Tradam
1679 3860 1859 3934 igitur
1883 3876 1987 3916 vos

346 3957 420 4013 ad
442 3957 808 4029 puniendum
829 3955 923 4011 his
947 3954 1161 4027 quibus
1181 3953 1335 4009 ultro
1356 3952 1586 4008 traditae
1617 3951 1759 4007 estis
1782 3950 1853 4006 ad
1886 3950 1984 4005 de-

342 4047 725 4118 turpandum.
749 4044 907 4101 Justi
937 4045 1094 4100 enim
1122 4042 1230 4098 viri
1262 4046 1421 4109 sunt,
1452 4042 1511 4096 in
1542 4058 1609 4097 eo
1638 4040 1795 4110 quod
1817 4038 1983 4094 adul-

342 4138 530 4190 teram
560 4138 620 4190 et
639 4132 1014 4207 parricidam,
1046 4147 1140 4187 me
1163 4131 1431 4202 jubente,
1455 4129 1832 4186 discruciant.
1856 4128 1985 4183 Haec

343 4223 503 4280 enim
532 4222 673 4280 dicit
701 4222 984 4278 Dominus
1017 4226 1202 4276 Deus:
1236 4218 1461 4275 Monitu
1505 4217 1662 4274 vocis
1704 4220 1817 4273 tuae
1847 4233 1983 4272 con-

343 4327 518 4386 grege
539 4312 610 4369 ad
632 4327 751 4380 eas,
774 4327 806 4367 ο
827 4309 1127 4382 propheta,
1151 4307 1589 4364 multitudinem
1610 4304 1982 4378 populorum,

2098 3331 2290 3386 tricem
2314 3330 2659 3402 parabolam,
2690 3334 2741 3386 et
2771 3331 3007 3401 loqueris
3037 3330 3110 3386 ad
3136 3346 3225 3386 eos
3249 3347 3263 3385 :
3314 3334 3447 3386 Haec
3474 3330 3608 3387 dicit
3631 3332 3747 3387 Do-

2094 3421 2282 3475 minus
2319 3420 2494 3475 Deus:
2529 3420 2678 3475 Pone
2705 3420 2893 3490 ollam,
2921 3435 3084 3491 pone,
3139 3421 3387 3490 inquam,
3417 3423 3471 3475 et
3497 3420 3648 3475 mitte
3676 3421 3745 3474 in

2095 3524 2216 3564 eam
2226 3524 2446 3579 aquam.
2467 3509 2713 3579 Congere
2722 3509 2903 3579 frusta
2929 3509 3047 3580 ejus
3068 3510 3129 3563 in
3141 3523 3290 3574 eam,
3305 3524 3516 3565 omnem
3526 3511 3746 3581 partem

2098 3597 2313 3665 bonam,
2332 3599 2515 3668 femur
2530 3604 2582 3653 et
2600 3613 2842 3668 armum,
2853 3599 3082 3653 electaet
3091 3597 3301 3653 ossibus
3309 3597 3476 3669 plena
3486 3598 3747 3667 Pinguis-

2093 3688 2299 3742 simum
2324 3702 2485 3758 pecus
2514 3701 2731 3742 assume
2755 3701 2768 3740 :
2799 3701 3055 3757 compone
3082 3702 3291 3759 quoque
3327 3688 3497 3740 strues
3526 3686 3747 3741 ossium

2093 3775 2194 3831 sub
2208 3792 2276 3831 ea
2298 3792 2311 3829 :
2333 3774 2593 3848 efferbuit
2612 3776 2776 3831 coctio
2800 3776 2937 3847 ejus,
2959 3777 3009 3830 et
3029 3774 3267 3831 discocta
3281 3782 3406 3830 sunt
3438 3789 3555 3829 ossa
3573 3774 3745 3829 illius

2095 3866 2156 3920 in
2172 3864 2349 3920 medio
2369 3865 2505 3936 ejus.
2522 3868 2813 3936 Propterea
2828 3865 2946 3921 haec
2958 3863 3091 3920 dicit
3102 3865 3366 3921 Dominus
3374 3865 3509 3920 Deus
3524 3878 3538 3918 :
3559 3868 3653 3919 Vae
3665 3865 3754 3920 ci-

2092 3955 2253 4010 vitati
2281 3955 2639 4024 sanguinum,
2671 3954 2793 4009 ollae
2821 3954 2975 4025 cujus
3002 3953 3192 4025 rubigo
3213 3955 3273 4009 in
3291 3968 3357 4009 ea
3398 3955 3498 4023 est,
3516 3959 3568 4008 et
3587 3952 3723 4008 rubi

2090 4058 2155 4115 go
2175 4045 2294 4115 ejus
2310 4059 2421 4098 non
2440 4042 2611 4097 exivit
2629 4042 2694 4098 de
2712 4058 2777 4097 ea
2798 4060 2818 4098 :
2832 4057 2935 4114 per
2951 4050 3152 4113 partes,
3188 4049 3241 4098 et
3264 4057 3367 4114 per
3398 4044 3581 4113 partes
3606 4056 3746 4097 suas

2089 4131 2226 4203 ejice
2252 4146 2376 4185 eam
2400 4148 2412 4187 :
2445 4147 2553 4187 non
2585 4131 2778 4187 cecidit
2803 4146 2968 4202 super
2994 4146 3118 4187 eam
3146 4146 3282 4187 sors.
3321 4130 3561 4202 Sanguis
3586 4132 3748 4186 enim

2090 4220 2210 4291 ejus
2229 4220 2292 4274 in
2312 4218 2492 4274 medio
2510 4220 2626 4291 ejus
2645 4223 2744 4290 est,
2765 4235 2931 4291 super
2952 4219 3402 4292 limpidissimam
3408 4226 3625 4292 petram
3654 4221 3746 4289 ef-
3848 4266 3855 4269 Α

2088 4308 2239 4380 fudit
2267 4308 2448 4374 illum,
2477 4324 2590 4364 non
2616 4308 2805 4380 effudit
2836 4309 3000 4365 illum
3026 4324 3192 4381 super
3240 4318 3470 4377 terram,
3492 4316 3555 4364 ut
3569 4308 3750 4380 possit

2090 4398 2296 4468 operiri
2311 4396 2557 4469 pulvere.
2582 4397 2645 4453 Ut
2663 4397 3082 4466 superducerem
3106 4396 3298 4470 (Vulg.
3350 4396 3748 4469 superinduce-

344 4405 403 4458 et
431 4402 692 4474 primum
723 4399 1033 4472 diripiatur
1060 4414 1262 4454 earum
1291 4396 1565 4453 universa
1610 4394 1941 4453 substantia
1966 4412 1979 4462 ;

344 4489 558 4547 deinde
586 4489 921 4562 lapidentur
958 4492 1016 4544 et
1062 4487 1473 4544 confodiantur
1523 4485 1756 4559 gladiis,
1792 4488 1850 4541 et
1879 4484 1981 4540 filii
2091 4487 2229 4558 rem]
2252 4486 2693 4556 indignationem
2712 4502 2908 4543 meam:
2933 4491 2986 4543 et
3012 4485 3260 4543 vindicta
3276 4485 3609 4544 ulciscerer:
3643 4485 3755 4541 de-

341 4593 546 4635 earum
576 4580 634 4633 et
659 4576 790 4632 ﬁliae
819 4576 1207 4645 trucidentur,
1251 4580 1308 4631 et
1358 4575 1569 4630 domus
1621 4574 1883 4630 ardeant.
1915 4574 1985 4629 Et
2015 4595 2062 4661 Β
2092 4575 2152 4632 di
2182 4577 2511 4645 sanguinem
2538 4576 2656 4648 ejus
2696 4591 2868 4645 super
2913 4580 3130 4649 petram
3175 4576 3655 4649 limpidissimam,
3679 4592 3763 4632 ne

342 4667 466 4724 haec
495 4666 696 4724 omnia
723 4666 883 4733 ﬁent,
918 4668 983 4721 ut
1000 4664 1300 4722 auferatur
1326 4664 1397 4720 de
1424 4667 1580 4720 terra
1598 4663 1871 4735 impietas
1897 4666 1987 4729 ;et
2095 4667 2424 4738 operiretur.
2458 4666 2689 4737 Propter
2717 4665 2832 4722 haec
2861 4665 3001 4722 dicit
3049 4666 3312 4721 Dominus
3342 4666 3517 4721 Deus:
3548 4666 3638 4723 Vae
3667 4666 3757 4719 ci-

342 4757 578 4815 discant
597 4772 803 4814 omnes
822 4753 1100 4811 mulieres
1117 4752 1515 4824 universasque
1534 4750 1841 4825 provinciae
1858 4767 1987 4824 pro-
2094 4756 2258 4812 vitali
2286 4755 2653 4829 sanguinum,
2684 4755 2843 4826 cujus
2869 4771 2970 4824 ego
2994 4755 3261 4826 grandem
3287 4754 3495 4826 faciam
3517 4769 3756 4827 pyram.

344 4845 438 4900 cul
470 4844 694 4918 posite,
718 4845 907 4918 poenis
928 4858 1130 4900 earum
1162 4840 1383 4898 similia
1408 4839 1700 4898 devitarc:
1735 4845 1799 4896 ut
1827 4846 1985 4911 post-
2098 4844 2338 4916 Congere
2360 4858 2477 4899 ossa
2508 4857 2633 4915 quae
2660 4844 2787 4914 igne
2814 4843 3155 4912 succendunt,
3201 4851 3592 4901 consumentur
3615 4858 3758 4898 car-

344 4944 524 5005 quam
572 4933 907 5008 receperitis
960 4949 1087 5005 quae
1134 4930 1461 4997 meremini,
1517 4935 1572 4986 et
1619 4929 1987 5003 portaveritis

346 5021 569 5078 scelera
587 5023 879 5080 idolorum
901 5025 1258 5079 vestrorum:
1280 5024 1421 5075 tunc
1438 5018 1808 5091 cognoscatis
1829 5019 1985 5091 quod

344 5124 452 5183 ego
486 5111 598 5166 sim
634 5112 939 5168 Dominus.
982 5112 1110 5167 Haec
1137 5113 1334 5166 autem
1365 5108 1563 5164 omnia
1608 5106 1983 5180 tropologice,

340 5202 399 5256 et
418 5199 531 5255 sub
546 5202 683 5273 typo
700 5200 1098 5257 adulterarum
1117 5198 1271 5254 dicta
1291 5201 1431 5254 sunt
1446 5199 1647 5252 contra
1660 5196 1984 5251 Samariam

339 5293 398 5346 et
416 5288 766 5353 Jerusalem,
782 5289 932 5361 quod
957 5287 1211 5359 Assyriis
1225 5286 1449 5343 traditae
1476 5288 1652 5358 atque
1677 5282 1984 5355 Chaldaeis,

342 5378 529 5436 ductae
545 5375 665 5435 sint
683 5375 743 5432 in
763 5376 1178 5448 captivitatem,
1200 5378 1260 5433 et
1281 5375 1456 5433 urbes
1491 5390 1696 5431 carum
1717 5372 1984 5430 incendio

435 5611 492 5677 a)
517 5611 696 5668 Penes
726 5608 1056 5674 Rabanum,
1105 5608 1317 5675 Ooliba,
1368 5607 1468 5665 hoc
1513 5614 1612 5675 est,
1641 5605 1981 5677 {Jerusalem

435 5627 469 5667 a
517 5611 696 5668 Penes
726 5611 1056 5674 Rabanum,
1105 5611 1317 5675 Ooliba,
1368 5611 1468 5665 hoc
1513 5614 1612 5675 est,
1641 5611 1981 5677 Jerusalem.

411 5611 836 5757 lbjAmovimus
853 5680 991 5738 hinc
1006 5694 1206 5739 vocem
1217 5680 1322 5752 tui,
1338 5694 1518 5753 quam
1530 5693 1674 5737 mss.
1689 5677 1982 5751 ignorant,

2092 4950 2208 4999 nes,
2238 4941 2288 4989 et
2311 4936 2671 5004 concoquetur
2699 4934 2960 4988 universa
2994 4933 3335 5004 compositio,
3364 4935 3418 4989 et
3448 4948 3569 4988 ossa
3585 4931 3750 4988 tabe-

2093 5024 2261 5080 scent.
2284 5023 2432 5078 Pone
2449 5036 2658 5095 quoque
2676 5037 2801 5078 eam
2819 5036 2982 5093 super
2990 5038 3203 5094 prunas
3220 5038 3468 5090 vacuam,
3500 5028 3564 5077 ut
3580 5021 3754 5077 inca-

2097 5113 2260 5169 lescat
2280 5119 2332 5167 et
2352 5111 2600 5183 lique/lat
2621 5125 2695 5167 ses
2714 5111 2855 5183 ejus,
2877 5116 2930 5166 et
2956 5113 3221 5182 conﬂatur
3241 5113 3304 5167 in
3333 5111 3514 5167 medio
3539 5109 3756 5183 [Vulg.

2095 5198 2392 5256 interserit
2417 5199 2553 5270 eius]
2598 5201 3078 5272 inquinamentum
3125 5202 3262 5270 eius,
3310 5205 3361 5256 et
3384 5202 3761 5256 consumatur

2093 5289 2286 5361 rubigo
2316 5289 2457 5361 ejus.
2491 5289 2665 5345 Multo
2695 5290 2878 5346 labore
2904 5288 3162 5346 sudatum
3190 5297 3299 5359 est;
3350 5293 3400 5345 et
3426 5305 3542 5344 non
3565 5290 3765 5346 traicit

2092 5379 2158 5436 de
2184 5394 2250 5435 ea
2275 5379 2454 5435 nimia
2482 5377 2677 5449 rubigo
2697 5380 2834 5451 eius,
2853 5395 3027 5452 neque
3041 5395 3142 5453 per
3161 5381 3363 5450 ignem.
3386 5378 3768 5437 Immunditia

2088 5615 2150 5669 et
2178 5612 2491 5669 contextus
2522 5578 2767 5683 respuit.
