4006 6180
210 244 331 308 229

795 238 1543 310 COMMENTARIORUM
1590 247 1667 305 ΙΝ
1714 240 2212 307 EZECHIELEM
2260 247 2403 307 LIB.
2449 244 2585 307 Vll.
2631 244 2801 308 CAP.
2848 241 3062 307 XXIV.

3504 243 3625 309 230

202 376 414 449 pulum
444 380 779 447 mane,sicut
792 378 1295 450 preceperatmihi,
1315 381 1366 432 et
1384 381 1603 432 mortua
1630 386 1707 432 est
1726 392 1870 432 uxor
1897 380 1952 444 Α
1979 377 2142 433 salon
2175 376 2362 432 filium
2388 376 2646 449 fugiens,
2677 382 2735 432 et
2762 376 3050 448 posuitens
3079 391 3257 447 super
3279 391 3418 432 nece
3447 375 3617 448 Urius,

203 482 333 521 mea
364 467 601 538 vesperi,
631 467 847 538 fecique
874 482 1037 522 mane
1063 467 1206 522 sicut
1229 473 1564 537 prwwptum
1594 473 1671 521 est
1701 465 1861 521 mihi.

202 555 267 609 Et
293 554 450 608 dzln't
479 553 555 609 ad
596 570 684 610 me
728 554 1004 626 papulas:
1051 569 1164 609 non
1213 555 1519 609 annuntias
1542 554 1701 609 nobis
1729 554 1869 626 quid

201 651 327 699 sunt
355 643 485 700 haec
515 657 643 715 qua
668 650 727 698 tu
753 643 894 713 facis
911 642 940 697 ‘I
966 644 1034 698 Et
1059 643 1185 697 dici
1209 642 1281 698 ad
1324 643 1626 710 eos,Sermo
1646 643 1868 698 Domini

198 731 387 803 factus
416 739 502 787 est
529 731 602 786 ad
630 731 926 800 me,dicens
945 749 965 787 :
995 732 1093 787 Dic
1120 731 1191 787 ad
1232 731 1455 787 domum
1498 731 1669 787 Israel
1688 749 1707 785 :
1738 734 1867 789 Haec

200 821 335 876 dicit
365 819 590 875 Adonai
612 820 876 876 Dominus
908 838 922 876 :
954 824 1086 875 Ecce
1115 836 1213 890 ego
1257 820 1640 877 contaminabo
1677 824 1868 877 sancta

198 924 344 977 mea,
366 909 691 980 superbiam
709 909 1058 979 fortitudinis
1078 916 1295 977 vestrae,
1322 908 1720 964 desiderabilia
1739 925 1863 964 ocu-

199 997 395 1052 lorum
410 1002 803 1064 vestrorum,et
822 999 1020 1069 quibus
1037 1002 1281 1071 parcunt
1300 1000 1502 1053 animae
1534 1005 1741 1053 vestrae.
1775 999 1865 1052 Fi—

198 1089 273 1142 lii
300 1089 477 1143 vestri
501 1092 557 1142 et
584 1088 720 1156 ﬁliae
747 1090 947 1144 vestrae
972 1103 1105 1161 quos
1133 1088 1460 1158 reliquistis,
1482 1088 1543 1141 in
1569 1087 1752 1158 gladio
1780 1103 1866 1141 ca-

199 1173 350 1240 dent,
381 1180 438 1228 et
462 1175 688 1245 facietis
713 1175 860 1229 sicut
883 1176 1011 1244 feci.
1043 1175 1145 1231 Ore
1189 1190 1373 1230 eorum
1423 1191 1533 1230 non
1562 1175 1863 1230 consolabi-

200 1263 366 1328 mini,
388 1271 446 1318 et
470 1279 679 1334 panem
695 1264 947 1318 virorum
964 1279 1076 1319 non
1096 1263 1464 1331 comedetis,et
1482 1279 1652 1322 comae
1670 1268 1867 1321 vestrae

199 1367 363 1423 super
387 1354 591 1423 capita
620 1360 821 1418 vestra,
850 1357 904 1409 et
929 1354 1292 1409 calciamenta
1318 1360 1495 1408 vestra
1535 1354 1598 1408 in
1636 1353 1862 1425 pedibus

203 1443 414 1496 vestris.
448 1442 573 1496 Non
599 1441 874 1511 plangetis
900 1457 999 1497 nec
1043 1442 1259 1511 ﬂebitis,
1289 1449 1341 1496 et
1369 1444 1769 1498 consumemini
1804 1444 1863 1498 in

201 1530 599 1599 iniquitatibus
630 1530 843 1595 vestris,
875 1533 927 1585 et
955 1531 1329 1586 consolabitur
1351 1533 1722 1603 unusquisque
1744 1532 1863 1605 fra-

198 1627 334 1673 trem
362 1635 561 1687 suum,
594 1618 648 1673 et
676 1620 782 1673 erit
809 1618 1075 1675 Jezechiel
1101 1619 1250 1676 vobis
1280 1621 1347 1675 in
1390 1625 1722 1690 portentum.
1763 1621 1861 1677 Se-

199 1708 437 1763 cundum
466 1709 667 1763 omnia
711 1724 830 1779 quae
873 1708 1004 1778 fecit
1053 1709 1286 1803 facietis.
1346 1707 1588 1779 Cumque
1617 1710 1864 1765 venerint
1893 1738 1941 1803 B

201 1798 325 1863 lucc,
357 1797 711 1865 cognoscetis
741 1799 1000 1867 quoniam
1020 1812 1114 1868 ego
1143 1796 1356 1852 Adonai
1383 1798 1666 1852 Dominus.
1684 1801 1750 1854 Et
1779 1802 1858 1869 tu,

202 1886 279 1955 fili
305 1886 586 1955 hominis,
617 1900 801 1940 nonne
831 1888 892 1940 in
936 1885 1024 1941 die
1071 1886 1288 1957 quando
1336 1887 1612 1942 abstulero
1640 1889 1863 1958 fortitu-

201 1991 321 2030 nem
347 1975 422 2029 ab
442 1975 844 2041 eis,elationem
861 1975 1213 2045 gloriationis
1231 1990 1441 2041 eorum,
1455 1975 1865 2031 desiderabilia

203 2065 491 2120 oculorum
524 2079 739 2134 eorum,
770 2071 824 2120 et
848 2066 1140 2120 elationem
1168 2065 1376 2121 animae
1405 2080 1615 2131 eorum,
1640 2064 1783 2134 ﬁlios
1813 2068 1865 2119 et

201 2153 346 2223 ﬁlias
375 2168 598 2208 eorum.
631 2156 702 2208 In
729 2152 819 2208 die
849 2153 951 2208 illa
978 2155 1158 2208 veniet
1178 2154 1275 2223 qui
1293 2153 1480 2207 salvus
1495 2155 1676 2223 factus
1690 2155 1865 2224 fuerit

203 2242 275 2295 ad
328 2258 357 2295 e
377 2260 395 2296 :
428 2249 491 2297 ut
516 2243 812 2297 annuntiet
834 2243 897 2296 in
925 2243 1159 2297 auribus
1190 2243 1320 2297 tuis.
1344 2244 1404 2296 In
1422 2241 1513 2297 die
1532 2243 1632 2298 illa
1653 2245 1866 2314 aperie-

204 2334 305 2385 tur
333 2346 389 2385 os
418 2335 576 2386 tuum
602 2330 674 2386 ad
701 2347 831 2386 eum
859 2334 958 2403 qui
983 2331 1208 2402 fugerit,
1241 2331 1638 2402 etloqueris,et
1663 2347 1866 2403 nequa-

207 2436 378 2491 quam
408 2420 559 2475 ultra
584 2420 857 2487 reticebis,
887 2423 940 2475 et
969 2421 1080 2474 eris
1112 2421 1191 2475 eis
1221 2420 1283 2474 in
1312 2422 1650 2491 portentum,
1699 2428 1748 2475 et
1777 2436 1863 2475 co-

205 2516 467 2579 gnoscent
492 2509 749 2580 quoniam
782 2523 878 2579 ego
893 2509 1369 2580 Dominus.Supra
1391 2508 1517 2564 ollae
1542 2507 1866 2580 lebetisque

205 2598 536 2667 succensio,
572 2597 944 2653 obsidionem
976 2596 1140 2653 urbis
1170 2598 1522 2665 ostenderat,
1577 2613 1733 2652 nunc
1764 2613 1864 2652 ca-

204 2691 365 2759 ptam
399 2703 533 2742 eam
556 2690 734 2758 atque
757 2686 1088 2755 deletam,et
1104 2702 1340 2741 omnem
1363 2684 1759 2758 populum,vel
1783 2685 1869 2740 in-

204 2776 520 2831 terfectum
556 2774 776 2847 gladio,
810 2772 896 2829 vel
920 2774 1160 2829 ductum
1193 2774 1252 2829 in
1284 2774 1699 2845 captivitatem,
1734 2791 1865 2846 pro-

210 2863 465 2937 phetalis
489 2879 688 2919 sermo
705 2866 975 2919 testatur.
999 2863 1071 2918 Et
1092 2862 1347 2934 primum
1362 2863 1532 2933 juxta
1553 2867 1868 2918 consuetu-

209 2954 405 3008 dinem
440 2950 1720 3024 nostram,historia:fundamentajaciamus.
1738 2950 1868 3021 Fili,

210 3042 424 3115 inquit,
458 3040 753 3107 hominis,
785 3057 916 3096 ecce
949 3041 1211 3107 auferam
1233 3041 1302 3096 de
1333 3044 1649 3113 conspectu
1673 3041 1868 3096 oculo-

1976 465 2152 520 nudis
2180 465 2430 538 pedibus
2459 465 2674 521 incedit
2702 465 2751 536 (Ι
2776 467 2903 534 Reg.
2935 482 3037 533 xu,
3085 482 3179 530 xv,
3220 468 3401 533 xvm).
3443 464 3624 520 Aiunt

1975 554 2197 610 Hebraei
2225 555 2532 626 hucusque
2561 553 2911 627 Babylonios
2941 554 3258 627 magistros
3285 553 3449 627 Legis
3475 570 3621 625 prte-

1975 647 2139 715 cepta
2165 643 2828 715 servantes,decalogum
2847 643 2923 714 (a)
2946 643 3232 715 scriptum
3249 642 3310 698 in
3334 642 3641 721 membra-A

1976 730 2133 788 nulis
2165 733 2529 788 circumdare
2552 732 2727 804 capiti
2775 748 2903 797 suo,
2933 736 2991 787 et
3038 731 3159 786 haac
3188 745 3318 787 esse
3367 747 3492 803 qua;
3515 732 3617 802 ju-

1974 820 2223 876 beantur
2254 826 2386 876 ante
2417 820 2615 877 oculos
2647 825 2705 876 et
2725 820 2783 876 in
2809 821 2994 876 fronte
3017 820 3361 891 pendere,ut
3382 836 3618 892 semper

1972 909 2207 965 videant
2235 926 2361 981 quae
2392 914 2680 981 praecepta
2704 913 2861 964 sunt.
2887 910 2958 963 Et
2985 908 3125 980 quia
3144 907 3405 963 Ezechiel
3435 925 3624 965 sacer-

1973 996 2080 1052 dos
2092 1000 2236 1064 erat,
2255 1013 2626 1068 nequaquam
2653 1013 2786 1051 eum
2809 996 3020 1052 debere
3035 995 3321 1066 deponere
3345 1010 3620 1051 coronam

1973 1084 2358 1156 gloriationis,
2391 1087 2492 1141 sed
2541 1086 2780 1158 ligatam
2812 1086 3025 1141 habere
3056 1085 3117 1139 in
3148 1083 3517 1163 capitealloc
3536 1084 3623 1141 illi

1974 1173 2244 1229 dixerint.
2280 1174 2397 1230 Nos
2428 1178 2646 1243 autem,
2680 1175 2852 1245 juxta
2882 1174 3037 1244 LXX,
3072 1188 3347 1229 coronam
3379 1172 3620 1245 capillo-

1973 1279 2106 1317 rum
2137 1262 2539 1335 intelligamus
2566 1262 2895 1319 czesariem:
2917 1262 3054 1318 licet
3081 1265 3138 1317 et
3154 1262 3421 1333 ipsorum
3444 1261 3625 1317 inter-

1972 1352 2220 1424 pretatio
2247 1368 2617 1425 nequaquam
2647 1352 2763 1407 vim
2786 1350 3052 1407 Hebraici
3073 1351 3365 1407 sermonis
3388 1368 3624 1424 expres-

1974 1441 2136 1496 serit.
2167 1441 2281 1497 Nec
2312 1441 2549 1507 amictu,
2582 1441 2795 1513 inquit,
2828 1456 2930 1495 ora
2949 1438 3194 1509 velabis,
3230 1456 3335 1496 nec
3351 1440 3627 1497 ciboslu-

1972 1529 2233 1602 gentium
2266 1529 2826 1602 capies,queesolent
2847 1528 2904 1584 in
2936 1527 3258 1596 luctuﬁeri,
3281 1529 3630 1601 utoperiant

1971 1618 2223 1688 vultum,
2255 1624 2312 1674 et
2335 1635 2462 1691 qua:
2490 1620 2671 1674 Graeci
2690 1614 3007 1693 περίδειπνα
3034 1620 3263 1686 vocant,
3297 1634 3331 1673 a
3354 1617 3647 1674 consola-‘

1971 1704 2197 1761 toribus
2227 1706 2534 1776 accipiant.
2556 1707 2808 1761 Locutus
2829 1722 2983 1773 sum,
3004 1704 3216 1776 inquit,
3234 1705 3305 1760 ad
3334 1705 3625 1777 populum

1973 1810 2165 1864 mane,
2187 1811 2315 1865 qua:
2339 1794 2482 1849 mihi
2505 1794 3135 1865 Dominusimperarat,
3152 1797 3209 1849 et
3227 1795 3452 1866 vesperi
3478 1811 3630 1852 mor-

1972 1887 2073 1938 tua
2102 1887 2192 1939 est
2236 1900 2381 1938 uxor
2428 1900 2577 1951 mea,
2610 1882 2912 1939 oculorum
2950 1881 3361 1949 desiderabile,
3396 1883 3628 1941 lumbo-
3724 1884 3725 1887 “

1973 1989 2224 2044 rumque
2257 1977 2315 2027 et
2344 1972 2651 2045 sanguinis
2679 1971 2895 2028 luctus.
2949 1971 3279 2044 Statimque
3307 1972 3399 2028 die
3441 1972 3628 2030 altera

1974 2077 2145 2117 mane
2174 2061 2281 2116 feci
2310 2061 2510 2117 omnia
2528 2078 2656 2132 quas
2673 2060 2819 2116 mihi
2846 2061 3080 2116 fuerant
3101 2060 3423 2132 imperata:
3450 2061 3630 2118 inter-

1973 2149 2310 2222 rogavitque
2332 2167 2426 2206 me
2457 2150 2728 2223 populus,
2758 2168 2864 2205 cur
2884 2154 3091 2205 contra
3114 2165 3337 2205 morem
3360 2150 3627 2208 omnium

1974 2238 2230 2294 fecerim.
2262 2239 2600 2311 Causasque
2650 2238 3050 2310 quaerentibus
3084 2241 3256 2293 tanta:
3300 2238 3626 2310 patientiae,

1971 2327 2240 2399 respondi
2271 2346 2282 2382 :
2335 2329 2537 2383 Sermo
2573 2326 2801 2383 Domini
2832 2327 2936 2398 qui
2969 2327 3041 2381 ad
3073 2342 3166 2382 me
3198 2326 3385 2382 factus
3415 2332 3525 2395 est,
3559 2332 3628 2385 ut

1973 2416 2044 2471 ad
2077 2414 2357 2487 populum
2381 2415 2555 2471 Israel
2574 2415 2862 2487 loquerer,
2890 2414 3004 2471 ista
3025 2414 3325 2486 praecepit:
3362 2418 3491 2472 Ecce
3513 2432 3632 2488 ego,

1974 2504 2121 2559 281
2158 2504 2214 2558 id
2258 2508 2367 2569 est,
2384 2506 2506 2575 jam
2533 2520 2683 2559 nunc
2708 2504 2954 2574 polluam
2992 2505 3384 2558 sanctuarium
3412 2521 3624 2577 meum,

1977 2596 2042 2647 ut
2061 2592 2406 2647 incendatur
2424 2590 2710 2663 templum
2733 2595 2790 2646 et
2810 2590 3037 2645 cunctis
3061 2588 3407 2663 alienigenis
3429 2589 3628 2663 pateat

1976 2698 2043 2737 ac
2074 2681 2353 2753 profanis,
2384 2684 2439 2736 et
2468 2681 2527 2735 in
2559 2697 2674 2752 quo
2709 2678 3016 2735 habebatis
3057 2678 3420 2750 superbiam,
3450 2679 3508 2735 id
3539 2696 3626 2749 es,

1977 2771 2391 2827 confidentiam
2422 2775 2479 2824 et
2499 2785 2663 2842 spem
2695 2785 2759 2824 ac
2781 2767 3137 2825 desiderium
3159 2766 3369 2824 salutis
3394 2758 3635 2824 vestrmt

1976 2860 2127 2915 atad
2152 2861 2322 2931 cujus
2345 2858 2711 2915 obsidionem
2737 2861 2940 2914 vestras
2963 2856 3173 2912 animos
3194 2856 3588 2913 formidabant
3604 2858 3631 2913 τ’

1978 2953 2034 3005 et
2065 2948 2214 3004 filios
2247 2964 2478 3020 quoque
2499 2952 2557 3002 et
2585 2944 2735 3002 tilias
2766 2962 2913 3017 quos
2944 2944 3109 3000 vobis
3140 2944 3326 3001 fames
3357 2962 3423 3001 ac
3454 2944 3631 3017 pesti-

1977 3037 2160 3093 lentia
2173 3036 2429 3109 reliquos
2451 3037 2722 3102 fecerant,
2738 3050 3083 3091 consumam
3099 3033 3317 3106 gladio.
3334 3033 3632 3106 Quidquid

213 3103 339 3185 rum
373 3103 625 3185 tuorum
656 3103 940 3201 quidquid
966 3129 1067 3184 tibi
1093 3103 1605 3195 desiderabile-est,
1637 3133 1693 3184 et
1715 3128 1869 3185 aufe-
1899 3103 1941 3168 C
1979 3143 2084 3199 ego
2119 3126 2244 3191 feci,
2274 3103 2333 3181 et
2361 3142 2463 3180 vos
2493 3124 2735 3180 facietis.
2771 3124 3011 3189 Quando
3050 3103 3414 3178 consuetudo
3445 3103 3636 3178 serva-

216 3237 332 3275 ram
364 3222 429 3275 in
450 3220 655 3292 plaga,
687 3217 827 3288 sive,
860 3221 926 3273 ut
955 3217 1093 3273 LXX
1136 3221 1455 3289 verterunt,
1488 3219 1550 3272 in
1593 3234 1872 3290 praepara-

214 3312 398 3365 tione:
430 3313 500 3363 ut
532 3306 806 3363 videlicet
834 3323 1125 3380 praepares
1154 3309 1210 3362 te
1241 3307 1312 3361 ad
1346 3323 1414 3363 ea
1441 3324 1557 3362 non
1588 3306 1871 3374 facienda,

219 3416 335 3470 qua
367 3397 571 3455 solent
601 3397 663 3452 in
694 3397 852 3452 luctu
878 3396 1021 3452 ﬁeri.
1058 3396 1183 3452 Non
1206 3394 1667 3469 planges,neque
1689 3395 1876 3468 plora-

220 3488 324 3554 bis,
353 3504 462 3543 nec
498 3486 755 3541 {luentes
784 3485 1051 3557 lacrymae
1083 3484 1340 3541 dolorem
1373 3485 1566 3541 cordis
1598 3485 1752 3541 280
1781 3501 1873 3541 os-

223 3576 492 3631 tendent:
525 3574 633 3630 sed
667 3574 717 3629 si
765 3575 907 3629 forte
957 3573 1138 3631 nimio
1189 3573 1367 3629 fueris
1422 3589 1672 3629 maerore
1701 3589 1874 3645 supe-

224 3672 397 3735 ratus,
430 3663 688 3720 tacitum
724 3663 935 3718 habeto
964 3662 1273 3735 gemitum,
1307 3678 1411 3718 nec
1442 3666 1789 3734 prorumpat
1815 3660 1876 3716 in

222 3756 406 3811 verba.
440 3758 811 3809 Mei-tuorum
840 3752 1067 3808 luctum
1090 3769 1205 3808 non
1233 3751 1551 3820 facies,vel,
1575 3756 1638 3807 ut
1659 3754 1879 3806 vertere

224 3842 380 3909 LXX,
410 3844 651 3914 gemitus
678 3843 974 3910 sanguinis
1004 3858 1201 3897 ienum
1228 3842 1402 3897 luctus
1429 3849 1532 3896 est.
1578 3840 1686 3895 Per
1720 3839 1877 3911 quod

223 3932 732 3988 ostendituxorem
760 3931 889 4001 ejus
917 3947 1047 3985 esse
1075 3930 1447 3985 morituram.
1480 3928 1692 3985 Statim
1720 3928 1877 3983 enim

225 4020 497 4092 sequitur
517 4037 530 4074 :
561 4022 623 4076 Et
648 4025 874 4074 mortua
889 4023 965 4074 est
990 4035 1131 4075 uxor
1142 4036 1268 4074 mea
1285 4020 1503 4090 vesperi
1518 4023 1535 4090 (
1542 4019 1701 4073 Prov.
1717 4016 1836 4088 x1x)
1857 4035 1881 4081 ,-

222 4110 377 4182 quod
406 4110 641 4182 proprie
666 4109 737 4163 ad
770 4108 1247 4179 conjunctionem
1264 4124 1470 4163 renum
1503 4105 1878 4180 pertinet.Ni-

223 4197 297 4252 hil
328 4199 487 4254 enim
520 4199 647 4252 viro
689 4213 866 4252 uxore
899 4198 1050 4251 bona
1069 4195 1404 4267 amabilius,
1431 4212 1561 4269 quae
1589 4213 1622 4251 a
1646 4200 1756 4251 Deo
1779 4194 1880 4249 ho-

226 4286 359 4342 mini
391 4288 760 4360 providetur,
794 4290 852 4341 et
881 4286 973 4340 cui
1009 4285 1239 4340 Domini
1264 4284 1390 4358 lege
1413 4283 1812 4356 conjungitur,
1827 4287 1885 4339 et

224 4392 397 4432 unum
429 4392 570 4432 cum
603 4392 675 4429 ea
702 4391 914 4448 corpus
946 4373 1218 4430 efficitur.
1252 4374 1531 4445 Quodque
1577 4372 1876 4444 sequitur:

1986 3226 2083 3271 tuo
2115 3217 2175 3270 in
2198 3214 2383 3280 luctu,
2406 3213 2635 3270 medius
2657 3212 2822 3269 dolor
2845 3216 2972 3281 est;
2995 3213 3224 3282 quando
3247 3216 3442 3267 autem
3469 3215 3637 3267 tanta

1985 3304 2273 3360 malorum
2290 3303 2576 3358 incumbit
2592 3301 2932 3367 necessitas,
2952 3301 3188 3357 utomni
3203 3300 3431 3373 ploratu
3447 3301 3639 3372 major

1984 3393 2082 3462 sit,
2116 3392 2527 3464 unusquisque
2566 3392 2636 3446 de
2693 3407 2802 3446 sua
2832 3389 3180 3445 necessitate
3227 3387 3519 3444 sollicitus
3561 3388 3635 3444 ad

1985 3479 2516 3553 aliorumquemvis
2547 3477 2927 3552 sintproximi
2965 3477 3235 3533 miserias
3249 3476 3631 3548 noningemi-

1985 3571 2117 3627 scit.
2140 3569 2327 3639 'Nihil,
2361 3567 2575 3641 inquit,
2601 3567 2822 3624 facietis
2852 3567 3009 3638 quod
3034 3564 3252 3622 soletin
3281 3564 3443 3622 luctu
3475 3564 3633 3621 fieri:

1986 3659 2088 3715 sed
2120 3659 2264 3714 urbe
2293 3655 2629 3729 temploque
2659 3654 2979 3720 succensis,
3007 3653 3319 3724 stupebitis
3350 3654 3421 3708 ad
3447 3651 3636 3708 malo-

1987 3764 2116 3803 rum
2145 3744 2631 3818 magnitudinem.
2655 3744 2779 3798 Non
2799 3741 3200 3811 attondebitis,
3224 3757 3328 3796 nec
3351 3741 3527 3796 nudis
3547 3739 3636 3795 in-

1986 3834 2203 3892 cedetis
2226 3832 2491 3906 pedibus,
2518 3847 2623 3886 nec
2649 3830 2960 3903 plangetis,
2987 3845 3093 3885 nec
3115 3829 3335 3884 amictu
3359 3845 3461 3884 ora
3478 3828 3633 3884 vela-

1991 3924 2146 3993 bitis,
2167 3939 2271 3979 nec
2289 3921 2450 3978 cibos
2463 3920 2706 3994 capietis
2719 3918 3203 3975 aconsolantibus
3229 3936 3240 3974 :
3258 3919 3360 3974 sed
3379 3918 3637 3974 tabesce-

1988 4013 2085 4081 tis,
2120 4016 2176 4068 et
2205 4008 2632 4067 consumemini
2664 4009 2723 4063 in
2754 4007 3166 4080 iniquitatibus
3196 4005 3428 4072 vestris,
3459 3993 3515 4063 et
3542 4005 3639 4063 vix

1990 4100 2242 4157 liberum
2273 4098 2562 4155 habebitis
2594 4097 2898 4169 gemitum,
2924 4113 2996 4152 ne
3016 4094 3324 4151 offendatis
3353 4095 3640 4151 victorum

1991 4188 2351 4262 superbiam,
2367 4187 2416 4243 si
2431 4186 2661 4259 publice
2683 4187 2819 4241 flere
2835 4185 3151 4241 videamini
3178 4202 3191 4254 ;
3207 4184 3291 4241 ita
3304 4189 3368 4240 ut
3381 4183 3642 4241 Ezechiel

1992 4279 2277 4351 propheta
2306 4277 2384 4333 sit
2402 4276 2567 4333 vobis
2586 4274 2647 4331 in
2672 4279 3029 4347 portentum,
3060 4279 3118 4329 et
3144 4273 3362 4344 omnia,
3396 4290 3521 4345 quas
3546 4271 3642 4328 ille

1992 4385 2108 4423 non
2139 4366 2274 4422 fecit
2304 4365 2361 4420 in
2389 4370 2575 4421 morte
2598 4364 2795 4419 uxoris
2828 4380 2968 4432 suae,
2986 4379 3089 4418 vos
3120 4362 3180 4417 in
3211 4360 3508 4417 eversione
3537 4376 3644 4415 ur-

228 4463 424 4521 Corona
460 4469 563 4519 tua
590 4446 979 4534 circumligata
1007 4464 1079 4519 sit
1106 4462 1236 4529 tibi,
1283 4465 1335 4517 et
1388 4462 1752 4516 calciamenta
1780 4464 1878 4515 tua
1908 4473 1953 4537 D
1992 4456 2085 4512 bis
2116 4459 2173 4511 et
2201 4453 2405 4526 templi
2428 4470 2544 4508 non
2576 4452 2820 4509 faciatis.
2844 4452 2914 4507 Et
2934 4451 3125 4506 adhuc
3142 4450 3429 4522 apertuis:
3463 4448 3528 4515 Ο,
3552 4446 3641 4503 in-

230 4557 376 4607 erunt
394 4556 453 4607 in
472 4552 715 4625 pedibus
741 4551 987 4617 tuis,boc
1008 4549 1302 4623 significat
1329 4566 1342 4605 :
1368 4549 1619 4606 Habebis
1641 4564 1871 4604 comam

233 4657 347 4710 quas
373 4641 660 4697 tondetur
691 4639 749 4694 in
781 4639 966 4707 luctu,
994 4643 1051 4695 et
1081 4637 1462 4694 calciamenta
1506 4637 1569 4693 in
1602 4636 1870 4709 pedibus,

235 4744 347 4800 quis
376 4730 655 4803 lugentes
685 4725 873 4784 solent
905 4727 1177 4798 abjicere.
1201 4726 1363 4782 Unde
1388 4731 1447 4783 et
1478 4725 1657 4783 David
1689 4726 1872 4781 Abes-

300 4925 367 4995 ζα)
400 4924 562 4979 Paria
599 4923 780 4979 habet
807 4923 917 5004 sub
952 4922 1186 4977 initium
1216 4920 1351 4976 libri
1396 4921 1585 5005 quarti
1638 4921 1700 4977 in
1731 4925 1871 4977 Mat-

239 4994 436 5068 theum
454 5012 584 5068 cap.
608 4994 852 5060 xxm,ad
877 4993 1021 5049 illud
1050 4996 1869 5068 Denteronomuprzeceptum,

240 5066 443 5135 Liqabis
472 5064 543 5122 ea
568 5070 630 5121 in
650 5082 820 5120 manu
848 5074 963 5131 tua,
998 5070 1086 5120 etc
1143 5066 1267 5132 Hoc,
1331 5064 1541 5136 inquit,
1593 5066 1871 5121 ΡΙιανὶειῈι

238 5139 368 5193 male
395 5141 820 5210 interpretantes
848 5137 1161 5210 scribebant
1178 5138 1241 5210 in
1272 5136 1609 5210 membranis
1644 5137 1867 5210 βεβαιο-

240 5224 355 5277 gum
384 5207 571 5281 loysi,
604 5210 666 5263 id
693 5212 791 5271 est,
840 5207 1025 5262 decem
1075 5208 1235 5263 verba
1262 5207 1459 5277 ‘Legis,
1490 5208 1875 5281 complicantes

240 5285 363 5347 ea,et
384 5280 620 5351 ligantcs
642 5297 698 5334 in
726 5281 983 5351 fronte,et
1012 5281 1172 5350 quasi
1197 5294 1457 5334 coronam
1483 5280 1656 5351 capiti
1673 5280 1877 5351 ﬂicien-

242 5358 330 5423 ιιι,
354 5357 409 5407 ut
430 5350 656 5423 semper
683 5350 814 5405 ante
834 5351 1014 5423 oculos
1039 5355 1408 5423 moverentur,
1435 5350 1572 5420 quod
1593 5366 1760 5423 usque
1781 5350 1874 5423 lio-

242 5421 323 5475 die
350 5422 492 5488 Indi,
520 5421 572 5479 et
592 5423 801 5488 Persae,
826 5426 877 5477 et
900 5421 1194 5493 Babylonii
1214 5423 1450 5493 faciunt,
1475 5429 1525 5477 et
1543 5422 1639 5493 qui
1662 5422 1760 5493 hoc
1775 5421 1874 5475 Ita-

245 5493 597 5576 bu‘egzit,quasi
616 5494 911 5576 religiosus
923 5496 994 5576 in
1003 5491 1223 5576 papulis
1233 5491 1541 5564 judicatur.
1551 5491 1766 5576 Fatepd
1778 5507 1874 5576 um

245 5562 685 5643 nihilosbcius,si
698 5562 818 5643 qua
835 5562 1116 5630 Rabbinis
1128 5579 1221 5631 res
1235 5562 1389 5627 suas
1419 5562 1796 5630 narrantibus
1808 5563 1874 5620 l1-

1991 4544 2136 4617 quit,
2168 4543 2253 4599 fili
2284 4542 2564 4608 hominis,
2596 4542 2656 4597 in
2689 4546 2947 4613 tempore
2972 4540 3205 4612 quando
3239 4537 3536 4595 abstulero
3568 4537 3640 4592 ab

1989 4635 2074 4691 eis
2108 4632 2508 4689 fortitudinem
2539 4646 2764 4695 eorum,
2797 4627 3019 4700 templi,
3052 4632 3117 4683 ut
3146 4627 3424 4693 diximus,
3451 4624 3634 4680 confi-

1984 4722 2241 4779 dentiam
2266 4725 2322 4778 et
2336 4719 2614 4793 gaudium
2631 4717 2957 4791 dignitatis,
2980 4716 3107 4773 etin
3131 4731 3245 4788 quo
3262 4729 3427 4786 spem
3441 4711 3627 4769 solam

1986 4918 2087 4973 des
2117 4921 2287 4997 est,et
2313 4916 2359 4997 si
2376 4914 2516 4997 quid
2532 4914 2707 4970 habet
2728 4910 3267 4997 auctoritatiquuae
3287 4907 3638 4997 hodiernum
3706 4924 3711 4929 ί

1986 4989 2139 5060 apud
2167 4979 2264 5044 eos
2294 4979 2517 5060 obtinet
2544 4984 2926 5060 consuetudg,
2953 4998 3066 5060 non
3091 4979 3461 5060 Decalogum,
3486 4979 3640 5060 quod

1987 5053 2220 5126 Hieron,
2253 5059 2453 5125 tradit,
2479 5059 2575 5113 sed
2603 5056 2825 5127 aliquot
2876 5053 3187 5124 Scriptura
3242 5057 3455 5127 textus,
3495 5053 3644 5127 duos

1986 5121 2253 5187 videlicet
2273 5121 2833 5197 Exodi,totidernque
2857 5121 3512 5197 peuteronomii,solitos
3534 5121 3643 5197 l-le-

1989 5204 2171 5258 braeos
2203 5202 2260 5256 in
2296 5199 2654 5257 membranis
2681 5193 3027 5268 describere,
3044 5193 3425 5268 atqueinstar
3443 5193 3641 5268 diade-

1990 5275 2164 5330 matis
2196 5274 2369 5328 fronti
2400 5271 2682 5341 obligare,
2720 5267 2879 5322 vittis
2910 5264 3186 5341 utrinque
3207 5264 3640 5341 diffluentibus;

1987 5362 2114 5417 qua:
2150 5350 2308 5399 tanta
2336 5334 2777 5417 estineptientis
2803 5337 3004 5411 populi
3044 5334 3645 5417 superstitioYocant

1987 5406 2122 5473 vero
2143 5428 2325 5479 manu
2336 5406 2626 5488 frontalia,
2643 5406 2899 5488 quorum
2916 5426 3034 5465 unu
3046 5427 3100 5466 m
3113 5406 3643 5488 elegantissimum,

1988 5492 2046 5546 et
2075 5488 2126 5546 si
2156 5488 2311 5565 quod
2336 5482 2574 5561 uspiam
2605 5482 2938 5559 antiquum,
2979 5482 3134 5558 apud
3166 5482 3257 5539 me
3290 5482 3397 5540 est.
