4006 6180
1588 250 1653 310 S.
1698 247 2007 312 EUSEBII
2052 245 2516 311 HIERONYMI.

3639 236 3757 301 232

345 381 666 451 habebant,
698 400 766 441 ac
794 378 1152 439 desiderium
1181 378 1243 435 in
1265 395 1383 451 quo
1403 381 1846 452 requiescebant
1866 382 1992 437 ani-
2024 412 2079 479 Α
2107 397 2300 448 mane,
2333 395 2461 452 quae
2490 374 2780 479 completa
2793 378 2934 432 sunt
2955 369 3207 479 vesperi,
3244 376 3303 428 et
3324 385 3561 479 rursum
3582 385 3760 427 mane

346 487 452 527 mea
467 488 535 528 eo
544 488 695 542 rum,
727 473 970 545 insuper
984 468 1138 527 ﬁlios
1158 485 1358 526 eorum
1374 473 1432 526 et
1453 469 1625 541 ﬁlias,
1643 471 1997 527 subauditur

343 577 414 616 ex
467 562 892 633 superioribus,
944 558 1281 616 abstulero:
1333 575 1421 629 eo,
1467 558 1680 631 inquit,
1712 565 1995 632 tempore,

346 664 483 704 cum
531 650 755 705 venerit
788 650 860 704 ad
893 653 950 704 te
997 650 1068 704 de
1109 647 1437 704 Jerusalem
1491 638 1745 720 fugiens,
1775 648 1865 704 vel
1895 648 1996 720 qui

344 737 613 806 evaserit,
661 738 863 795 dicens
894 737 1100 793 urbem
1130 753 1258 793 esse
1302 737 1665 802 subversam,
1715 741 1853 793 tunc
1896 737 1997 809 Qui

347 825 513 898 prius
536 831 804 883 tacueras
833 831 892 883 et
912 827 1199 899 gemitum
1227 824 1476 881 liberum
1501 842 1616 880 non
1638 825 1916 893 habebas,
1942 832 1999 881 et

344 919 520 971 tanta
549 932 680 972 eras
702 916 1016 989 patientiae,
1039 919 1106 970 ut
1127 915 1185 969 in
1209 914 1407 971 uxoris
1429 930 1569 971 nece
1586 913 1995 970 etlumborum

347 1002 569 1073 dolore,
604 1003 924 1076 lacrymam
956 1020 1072 1060 non
1097 1003 1417 1069 emitteres,
1452 1003 1679 1073 aperies
1706 1019 1770 1059 os
1802 1007 1997 1071 tuum,

347 1097 405 1149 et
434 1091 718 1165 loqueris,
752 1109 867 1148 non
909 1094 981 1149 ad
1014 1108 1149 1148 eum
1184 1092 1283 1164 qui
1312 1090 1555 1159 venerit,
1590 1092 1691 1147 sed
1722 1108 1858 1147 cum
1887 1108 1994 1148 eo:

349 1186 417 1238 ut
462 1198 845 1254 quaecumque
874 1185 937 1237 tu
985 1186 1232 1236 ventura
1279 1179 1650 1251 pradixeras,
1701 1179 1852 1236 282
1902 1178 1998 1235 ille

348 1272 580 1328 nuntiet
601 1272 727 1342 jam
760 1271 1034 1344 perfecta,
1052 1273 1124 1325 -et
1152 1268 1307 1324 ultra
1336 1284 1453 1324 non
1483 1268 1736 1336 tacebis;
1768 1268 1870 1324 sed
1901 1285 1997 1324 ar-

344 1376 488 1433 gues
518 1377 637 1426 eos,
661 1365 719 1415 et
739 1360 899 1416 dices
921 1362 1133 1415 cuncta
1152 1356 1268 1413 illis
1292 1358 1496 1413 merito
1516 1356 1851 1429 provenisse
1875 1374 1888 1412 :
1916 1357 1998 1414 ita

347 1455 412 1505 ut
440 1449 522 1504 sis
552 1448 670 1504 illis
701 1449 759 1502 in
784 1451 1141 1520 portentum,
1158 1447 1327 1518 juxta
1345 1445 1491 1501 illud
1513 1446 1671 1517 quod
1701 1445 1761 1501 in
1783 1446 1997 1502 Zacha-

344 1538 431 1593 ria
460 1538 745 1608 scriptum
768 1542 891 1592 est:
945 1536 1239 1607 Prophetas
1266 1538 1414 1591 viros
1459 1551 1573 1591 esse
1617 1536 1999 1607 portendentes

343 1625 526 1698 (Zach.
561 1642 644 1681 ιιι.
682 1626 757 1697 8).
784 1625 852 1680 Et
870 1623 1154 1680 Dominus
1176 1622 1315 1679 alibi
1340 1623 1602 1695 loquitur
1625 1642 1637 1679 :
1664 1626 1725 1679 in
1740 1625 1999 1679 manibus

340 1716 732 1787 prophetarum
759 1714 1112 1771 assimulatus
1132 1730 1258 1769 sum
1278 1713 1431 1785 (Osee
1451 1730 1551 1779 χιι,
1583 1702 1688 1783 10).
1710 1713 1840 1769 Haec
1853 1713 1996 1784 jux-

345 1810 405 1860 ta
434 1803 742 1860 historiam
775 1803 930 1859 dicta
959 1803 1099 1859 sint.
1146 1802 1468 1858 Veniamus
1498 1802 1570 1857 ad
1604 1818 1901 1875 anagogen
1927 1802 2001 1874 (si

344 1899 539 1949 tamen
568 1892 822 1949 violenta
869 1909 985 1949 non
1018 1892 1190 1948 fuerit
1231 1891 1355 1947 visa
1385 1891 1539 1947 cauti
1572 1890 1806 1947 lectoris
1856 1908 1999 1963 pru-

345 1982 597 2053 dentiae).
641 1981 847 2037 Filium
880 1979 1264 2037 hominisdici
1280 1979 1593 2035 Dominum
1616 1979 1996 2049 Salvatorem,

347 2070 493 2126 nulli
525 2070 798 2138 dubium,
831 2071 932 2142 qui
955 2073 1215 2126 extrema
1244 2068 1404 2133 hora,
1427 2068 1533 2123 hoc
1561 2072 1669 2136 est,
1692 2070 1763 2124 ad
1794 2084 2000 2141 vespe-

346 2177 472 2216 ram
505 2159 711 2215 mundi
746 2158 947 2230 hujus,
982 2174 1223 2214 uxorem
1258 2157 1567 2229 pristinam
1600 2156 1871 2229 perdidit,
1896 2175 2001 2215 nec

347 2249 506 2305 ﬂevit
532 2264 806 2317 eam,nec
822 2247 1041 2303 amictu
1060 2264 1162 2303 ora
1190 2246 1421 2313 velavit,
1448 2261 1551 2303 nec
1575 2246 1791 2313 recepit
1813 2247 2001 2303 ullam

348 2338 659 2393 hominum
696 2335 1179 2406 consolationem,
1228 2339 1287 2391 et
1312 2335 1436 2390 haec
1467 2340 1708 2392 ventura
1738 2336 2003 2408 praedixit

2107 471 2166 525 in
2193 469 2450 526 secundo
2471 468 2721 523 adventu
2743 465 2895 520 facta
2914 462 3182 536 probavit
3202 476 3332 533 quat
3351 464 3599 515 ventura
3619 475 3761 531 pras-

2105 553 2796 628 dixerat,sanctuariumJ
2805 553 3036 609 udaaoru
3047 554 3191 621 m,et
3203 550 3359 622 quod
3373 547 3763 605 desiderabile

2105 647 2430 702 habuerant
2458 644 2518 699 in
2540 641 2748 703 oculis.
2774 645 2830 696 et
2851 655 3027 712 super
3051 653 3169 709 quo
3189 635 3524 699 tremebant
3543 634 3763 692 anima

2106 750 2331 801 eorum,
2355 749 2483 789 esse
2507 731 2770 804 polluta:
2803 729 2955 784 ﬁlios
2985 741 3219 799 quoque
3263 741 3469 781 eorum
3520 727 3579 780 et
3608 723 3765 779 ﬁlias

2106 823 2370 879 Romano
2392 822 2585 895 gladio
2607 818 2953 875 concidisse.
2978 817 3142 882 Quod
3164 818 3362 871 autem
3381 812 3598 869 dicitur
3622 827 3634 867 :
3660 811 3764 868 Co-

2113 928 2307 967 ronam
2316 911 2580 966 habebitis
2596 911 2656 964 in
2666 908 2936 981 capitibus
2950 903 3590 972 vestris,etcalciamenta
3601 909 3767 957 erunt

2105 1002 2166 1056 in
2196 1001 2439 1072 pedibus,
2473 999 2546 1055 ad
2569 998 2730 1053 illam
2753 1000 2979 1069 partem
3001 994 3344 1058 referemus,
3367 991 3526 1063 quod
3546 1006 3764 1062 nequa-

2106 1106 2284 1162 quam
2316 1089 2515 1163 lugere
2543 1088 2814 1152 debeant,
2847 1101 2953 1141 nec
2979 1084 3152 1155 signa
3197 1082 3392 1138 luctus
3437 1096 3761 1149 assumere,

2105 1183 2416 1252 postquam
2449 1194 2550 1249 pro
2582 1176 2791 1231 umbra
2822 1172 3147 1246 receperint
3171 1170 3566 1238 veritatem,el
3587 1169 3765 1225 Naza-

2106 1268 2203 1324 raai
2224 1267 2466 1340 quidam
2488 1265 2627 1322 facti
2650 1265 2948 1330 fuerint,et
2968 1261 3380 1332 unusquisque
3393 1274 3571 1331 super
3582 1259 3763 1314 fratre

2107 1374 2214 1414 suo
2240 1354 2671 1412 consolabitur:
2707 1354 2788 1407 ita
2814 1358 2877 1407 ut
2906 1350 3172 1407 Ezechiel
3204 1365 3381 1422 quem
3414 1346 3765 1403 confortavit

2108 1450 2260 1501 Deus
2288 1445 2475 1513 Pater,
2511 1443 2589 1498 sit
2613 1442 2699 1498 eis
2735 1441 2792 1496 in
2827 1444 3186 1512 portentum,
3215 1442 3458 1495 ventura
3484 1453 3763 1510 praenun-

2106 1535 2280 1601 tians,
2316 1538 2371 1590 et
2402 1538 2713 1605 postquam
2746 1532 3028 1587 subversa
3050 1529 3228 1584 fuerit
3244 1527 3590 1598 Jerusalem,
3613 1532 3765 1583 tem-

2107 1622 2389 1696 plumque
2419 1637 2789 1691 succensum,
2813 1619 3000 1676 ethoc
3018 1622 3175 1674 totus
3197 1618 3459 1673 mundus
3481 1615 3764 1684 audierit,

2107 1717 2165 1769 et
2192 1712 2477 1784 dispersio
2510 1710 2710 1777 lsrael,
2742 1727 2870 1783 quae
2920 1707 3078 1765 orbis
3125 1707 3410 1764 terminos
3458 1706 3596 1762 colit
3619 1709 3766 1761 tunc

2108 1802 2284 1858 verba
2305 1801 2535 1857 Domini
2567 1816 2739 1872 opere
2776 1796 3087 1869 completa,
3119 1796 3376 1852 habeant
3403 1795 3764 1860 libertatem,

2108 1895 2162 1947 et
2184 1890 2405 1963 polluto
2435 1889 2767 1945 sanctuario
2796 1888 2945 1958 ejus,
2980 1887 3128 1958 Lege
3177 1884 3490 1958 completa,
3540 1883 3628 1940 vel
3661 1885 3764 1940 de-

2109 1984 2333 2035 structa
2362 1981 2687 2036 secundum
2724 1977 3082 2034 occidentem
3128 1974 3403 2039 litteram,
3452 1980 3654 2046 aperta
3683 1973 3768 2028 sit

2110 2067 2399 2139 Evangelii
2430 2067 2634 2141 gloria,
2669 2071 2726 2122 et
2756 2069 3069 2138 cognoscat
3098 2063 3298 2133 Israel,
3336 2063 3488 2135 quod
3528 2063 3658 2135 ipse
3687 2062 3770 2118 sit

2110 2156 2393 2214 Dominus
2416 2163 2471 2211 et
2486 2156 2661 2223 Deus,
2690 2156 2790 2228 qui
2814 2154 2935 2210 haec
2955 2169 3125 2209 mane
3151 2158 3398 2208 ventura
3424 2152 3763 2224 praedixerit

2110 2251 2166 2302 et
2192 2246 2416 2319 vesperi
2432 2246 2680 2318 atquein
2691 2242 3198 2301 consummatione
3218 2241 3426 2298 mundi
3447 2257 3578 2298 esse
3601 2258 3764 2297 com-

2109 2336 2282 2408 pleta,
2309 2352 2415 2391 suo
2447 2334 2707 2408 probarit
2730 2335 3001 2390 adventu.

1474 2615 1893 2708 LIBER
1987 2615 2319 2710 OCTA
2349 2609 2622 2709 VUS.

423 2898 762 2956 288-284
792 2897 940 2962 Quid
984 2896 1116 2954 aliis
1150 2897 1338 2970 prosit
1366 2897 1425 2952 in
1459 2898 1773 2969 prophetas
1807 2904 2003 2955 nostra

349 2987 620 3054 dictatio,
653 2987 753 3043 Dei
772 2986 983 3057 judicii
1000 2991 1108 3057 est,
1134 3003 1455 3059 eorumque
1476 2988 1862 3051 conscientiae,
1882 2988 2002 3061 qui,

2117 2901 2384 2973 proprios
2397 2900 2745 2955 vertentium
2765 2915 2892 2970 quae
2911 2897 3169 2970 peritura
3190 2901 3535 2953 conservant
3558 2897 3571 2952 l
3591 2898 3719 2954 Haec
3734 2919 3764 2948 ››

2113 2989 2275 3063 virgo
2308 2988 2521 3045 Christi
2555 2987 2953 3054 Eustochium,
2986 3003 3054 3042 ex
3083 2986 3275 3041 cordis
3306 2986 3673 3042 abundantia
3701 3004 3768 3043 os

351 3076 590 3133 omissis
623 3074 1148 3132 declamationibus
1178 3091 1243 3131 ac
1274 3075 1484 3147 plausu
1508 3080 1564 3131 et
1585 3077 2002 3148 compositione
2034 3124 2074 3149 η
2113 3076 2373 3133 locutum
2390 3078 2548 3145 sit,ct
2569 3076 2742 3149 paulo
2758 3075 2998 3132 liberius
3011 3092 3187 3147 quam
3206 3074 3528 3131 humilitati
3552 3081 3766 3132 nostrae

350 3165 680 3232 verborum,
701 3163 949 3236 cupiunt
970 3162 1118 3219 scire
1139 3163 1278 3235 quid
1298 3180 1501 3219 eorum
1526 3181 1737 3228 sermo,
1763 3165 1848 3220 vel
1868 3183 2000 3221 nar-

352 3257 440 3308 ret
462 3253 816 3325 praeteritum
829 3295 841 3319 ,
858 3250 946 3307 vel
962 3269 1217 3324 praesens
1230 3257 1459 3325 arguat,
1478 3252 1562 3309 vel
1586 3254 1862 3325 praedicat
1874 3271 2001 3311 esse

347 3341 865 3397 venturum.Nobis
886 3340 1215 3413 interim(a)
1241 3342 1505 3414 prodest:
1541 3342 1682 3397 dum
1706 3343 1860 3398 enim
1888 3344 1997 3399 hoc

351 3430 620 3499 facimus,
654 3435 712 3487 et
743 3428 891 3486 nihil
924 3429 1084 3486 aliud
1117 3431 1465 3503 cogitamus,
1499 3431 1557 3486 in
1592 3432 1832 3487 modum
1856 3433 1999 3488 furti

348 3520 791 3592 explanationes
817 3519 1211 3592 aggredimur,
1236 3524 1291 3574 et
1309 3520 1533 3575 dierum
1552 3520 1842 3588 miserias,
1866 3538 1999 3577 noc-

344 3608 496 3665 tium
512 3609 706 3665 studio
724 3625 1174 3681 compensamus
1195 3626 1208 3664 :
1230 3609 1492 3681 pascitur
1511 3608 1764 3672 animus,
1784 3614 1840 3665 et
1855 3609 1999 3665 obli-

345 3698 594 3756 viscitur
618 3697 816 3753 saeculi
850 3696 1274 3764 calamitatum,
1308 3699 1461 3770 quod
1494 3698 1555 3753 in
1597 3702 1853 3754 extremo
1886 3700 2000 3754 line

338 3789 468 3858 jam
518 3775 776 3860 positum
810 3786 1190 3860 congemiscit
1218 3790 1275 3842 et
1324 3780 1575 3859 parturit
1601 3788 1674 3859 (ll
1703 3787 1877 3842 Thess.
1910 3790 1996 3861 ιι),

347 3876 530 3931 donec
562 3876 661 3948 qui
684 3879 840 3930 tenet
860 3876 931 3931 de
963 3875 1152 3931 medio
1177 3877 1298 3941 ﬁat,
1318 3881 1374 3931 et
1393 3878 1568 3948 pedes
1594 3881 1998 3949 statuaequon-

346 3964 483 4018 dam
514 3962 702 4031 ferrei,
729 3962 1038 4034 fragilitate
1061 3963 1380 4035 digitorum
1402 3965 1667 4020 ﬁctilium
1691 3970 1998 4021 conteran-

346 4054 463 4105 tur.
497 4051 663 4105 Cadit
693 4051 973 4118 mundus,
1022 4055 1080 4106 et
1109 4052 1299 4106 cervix
1331 4057 1523 4108 erecta
1574 4071 1690 4109 non
1723 4054 1995 4110 ﬂectitur.

348 4142 605 4194 Pereunt
627 4138 862 4205 divitia,
886 4143 942 4193 et
965 4156 1335 4211 nequaquam
1359 4147 1549 4196 cessat
1569 4141 1828 4197 avaritia.
1853 4142 1999 4198 Con-

347 4241 588 4299 gregare
618 4225 1051 4298 festinant,qute
1083 4244 1317 4282 rursum
1353 4228 1426 4282 ab
1450 4228 1581 4283 aliis
1616 4234 1993 4301 occupentur.

346 4317 639 4371 Aruerunt
686 4313 974 4387 lacrymae,
1008 4313 1196 4386 pietas
1242 4316 1433 4370 omnis
1460 4315 1653 4372 ablata
1682 4323 1787 4373 est.
1831 4318 1995 4375 Multi

346 4403 447 4474 qui
490 4406 707 4475 petant,
757 4401 926 4474 pauci
959 4402 1060 4474 qui
1112 4402 1393 4458 tribuant.
1427 4403 1541 4459 Nec
1571 4406 1993 4479 erubescimus,

2115 3167 2402 3237 convenit,
2437 3166 2782 3221 dixerimus.
2821 3168 3102 3219 Caeterum
3134 3168 3374 3219 octavus
3404 3163 3463 3219 in
3494 3165 3770 3221 Ezechie-

2112 3256 2227 3311 lem
2256 3255 2423 3326 liber,
2458 3256 2556 3328 qui
2588 3255 2840 3312 filiorum
2873 3257 3119 3310 Ammon
3154 3260 3211 3309 et
3238 3255 3504 3327 gentium
3533 3261 3765 3311 caetera-

2112 3362 2240 3400 rum
2274 3345 2729 3416 increpationem
2762 3342 3041 3410 continet,
3080 3347 3137 3399 et
3181 3344 3500 3400 vaticinum
3530 3345 3771 3400 futuro-

2112 3452 2263 3501 rum,
2301 3433 2405 3489 hoe
2436 3434 2673 3489 habebit
2701 3432 3024 3489 exordium.
3334 3435 3343 3443 '

2182 3611 2341 3683 (Cap.
2377 3610 2571 3681 XXV.)
2602 3613 2665 3666 Et
2691 3614 2868 3683 [actus
2895 3619 2973 3667 est
2999 3628 3173 3668 sermo
3205 3612 3419 3669 Domini
3439 3612 3512 3666 ad
3539 3629 3650 3679 me,
3673 3613 3772 3668 di-

2108 3717 2269 3757 cens:
2304 3701 2413 3756 Fili
2441 3700 2697 3767 hominis,
2729 3716 2866 3773 pone
2896 3700 3039 3771 (sive
3066 3702 3316 3772 obﬁrma)
3353 3699 3551 3773 faciem
3596 3705 3774 3758 tuam

2109 3797 2297 3844 contra
2327 3788 2475 3858 ﬁlios
2506 3789 2753 3860 Ammon,
2786 3798 2839 3844 et
2864 3787 3213 3863 prophetabis
3238 3790 3306 3845 de
3324 3791 3419 3857 eis,
3443 3796 3492 3844 et
3522 3789 3679 3845 dices
3695 3791 3773 3860 ﬁ-

2110 3880 2204 3934 liis
2233 3879 2496 3933 Ammon:
2537 3878 2741 3932 Audite
2772 3878 2997 3933 verbum
3046 3879 3270 3934 Domini
3313 3878 3433 3945 Dei,
3468 3878 3582 3933 hac
3628 3879 3777 3935 dicit

2112 3970 2381 4023 Dominus
2411 3967 2588 4021 Deus:
2624 3968 2730 4022 Pro
2759 3984 2821 4023 eo
2851 3967 2991 4039 quod
3020 3968 3265 4035 dixistis,
3297 3983 3450 4039 euge,
3483 3983 3619 4036 euge
3666 3985 3767 4023 su-

2106 4073 2203 4129 per
2230 4058 2611 4111 sanctuarium
2639 4072 2823 4111 meum
2852 4056 2993 4127 (sive
3024 4058 3156 4128 quia
3212 4058 3391 4127 gavisi
3422 4059 3551 4111 estis
3591 4073 3771 4129 super

2106 4146 2483 4200 sanctuarium
2512 4145 2875 4217 meum),quia
2891 4146 3161 4216 pollutum
3178 4150 3330 4210 est,et
3349 4161 3517 4217 super
3550 4150 3771 4202 terram

2107 4234 2293 4303 Israel,
2328 4235 2462 4303 quia
2492 4232 2742 4288 desolata
2795 4236 2889 4305 est,
2938 4250 3107 4306 super
3151 4233 3373 4290 domum
3422 4233 3592 4299 Juda,
3626 4236 3773 4306 quia

2108 4323 2267 4377 ducti
2293 4326 2421 4377 sunt
2451 4324 2511 4376 in
2539 4323 2907 4394 captivitatem
2932 4341 2944 4378 :
2978 4323 3180 4378 idcirco
3200 4339 3296 4393 ego
3315 4323 3535 4379 tradam
3556 4332 3607 4378 te
3628 4325 3773 4395 ﬁliis

2108 4410 2407 4465 Orientalis
2436 4411 2577 4483 (sive
2608 4410 2823 4484 Cenem)
2872 4413 2930 4466 in
2994 4411 3393 4478 hwreditalem,
3448 4417 3500 4468 et
3529 4413 3772 4468 colloca-

346 4495 752 4565 paupertatem
781 4490 880 4545 vili
914 4489 1148 4561 palliolo
1182 4491 1571 4563 praeferentes,
1598 4493 1769 4549 Crassi
1795 4494 2002 4566 opibus
2032 4491 2077 4557 D
2111 4491 2454 4556 bunt'caulas
2479 4516 2605 4555 suas
2636 4502 2693 4554 in
2727 4508 2798 4568 te,
2830 4505 2882 4555 et
2910 4504 3115 4572 ponent
3145 4503 3206 4556 in
3236 4509 3286 4557 te
3331 4504 3580 4557 tentoria
3617 4519 3725 4558 sua
3752 4520 3768 4559 :

345 4580 654 4647 incubare;
671 4579 746 4652 (b)
762 4579 1094 4652 famemque
1110 4583 1165 4635 et
1180 4578 1476 4636 interitum
1492 4581 1882 4653 plurimorum
1897 4600 2002 4639 no-

347 4670 487 4726 stris
519 4667 814 4725 custodire
842 4666 1159 4736 thesauris,
1194 4668 1520 4725 secundum
1557 4669 1724 4726 illum
1761 4672 2001 4728 divitem

343 4761 758 4831 purpuratum,
772 4756 873 4829 qui
888 4761 953 4811 ut
969 4756 1116 4811 nihil
1130 4755 1288 4812 aliud
1309 4758 1529 4825 fecerit,
1544 4763 1898 4831 nequeenim
1916 4779 2002 4817 ra-

344 4846 513 4917 pinas
527 4847 655 4918 ejus
670 4850 726 4901 et
740 4845 1080 4917 iniquitates
1116 4845 1418 4917 Scriptura
1434 4850 1646 4902 testatu
1659 4850 1998 4922 r(Luc.xv1),

345 4934 663 4990 crudelitas
685 4935 812 5005 ejus
828 4938 1004 5007 atque
1021 4935 1296 5006 superbia
1309 4951 1424 4990 non
1460 4936 1712 4992 habebat
1724 4939 1997 5007 modum;

348 5022 561 5078 Lazaro
592 5026 726 5079 ante
747 5023 898 5079 fores
922 5024 1142 5095 jacenti
1173 5028 1348 5095 atque
1370 5024 1670 5097 semineci,
1695 5043 1848 5082 neea
1871 5027 2001 5099 qui-

346 5111 482 5167 dem
504 5109 689 5180 jussit
717 5111 844 5166 dari
876 5129 1001 5183 qua:
1040 5111 1285 5169 canibus
1329 5113 1747 5185 projiciuntur.
1789 5115 2003 5179 Quanti

346 5214 503 5257 nunc
524 5197 1447 5274 Lazarijacent,et(c)quantorum
1472 5219 1745 5275 purpurae
1758 5203 2004 5260 diversis

346 5289 613 5348 vestium
635 5284 928 5343 coloribus
966 5294 1372 5363 proteguntur,
1398 5308 1471 5347 ne
1510 5292 1570 5347 in
1602 5308 1742 5348 usus
1764 5292 2003 5363 quidem

439 5449 493 5520 a)
526 5448 703 5504 Penes
736 5443 1064 5513 Rabanum,
1086 5448 1162 5502 No
1174 5446 1252 5503 bis
1266 5451 1495 5505 interim
1505 5451 1751 5522 primum
1768 5449 1998 5521 prodest.

417 5450 494 5594 Eb)
530 5516 755 5594 Placuit
780 5515 1038 5594 Victoria
1066 5534 1136 5594 ea
1168 5519 1454 5579 Brixianis
1487 5521 1808 5590 codicibus,
1832 5523 1893 5577 in
1913 5523 1998 5594 fa-

444 5518 494 5593 b)
530 5518 755 5593 Placuit
780 5518 1038 5593 Victoria
1066 5534 1136 5593 ea
1168 5519 1454 5579 Brixianis
1487 5518 1808 5590 codicibus,
1832 5523 1893 5577 in
1914 5523 2003 5593 fa-

348 5588 596 5669 memque
640 5591 691 5650 et
731 5588 1016 5649 interitum
1063 5590 1432 5667 plurimorum
1481 5597 1691 5654 nostros
1735 5588 2008 5655 custodire

2109 4590 2220 4661 ipsi
2238 4588 2511 4644 comedent
2530 4589 2722 4658 fruges
2750 4606 2897 4659 suas,
2933 4593 2983 4645 et
3012 4591 3120 4661 ipsi
3151 4590 3331 4645 bibent
3356 4591 3441 4646 lac
3463 4590 3570 4662 [ΑΙ.
3595 4591 3773 4646 addi-

2109 4684 2207 4733 tur
2233 4679 2413 4748 tuum]
2445 4677 2589 4747 (sive
2620 4678 2921 4735 ubertatem
2951 4679 3124 4750 tuam)
3156 4679 3397 4751 daboque
3428 4679 3681 4735 Rabbath
3706 4697 3773 4736 in

2112 4767 2490 4822 habitaculum
2520 4768 2856 4823 camelorum
2877 4766 3017 4840 (sive
3037 4769 3312 4823 civitatem
3331 4769 3557 4823 Ammon
3580 4770 3642 4823 in
3660 4785 3767 4840 pa-

2110 4872 2241 4910 scua
2270 4857 2624 4924 camelorum)
2650 4874 2661 4911 :
2685 4861 2735 4911 et
2758 4857 2902 4927 ﬁlios
2930 4857 3154 4913 Ammon
3190 4859 3249 4911 in
3277 4859 3456 4913 cubile
3477 4873 3771 4929 pecorum,

2109 4947 2160 5000 et
2187 4944 2364 4999 scietis
2394 4946 2525 5016 quia
2555 4960 2648 5016 ego
2680 4947 2966 5001 Dominus.
3015 4947 3155 5014 Quia
3180 4946 3292 5002 hac
3335 4946 3473 5001 dicit
3499 4947 3775 5002 Dominus

2110 5032 2249 5088 Deus
2276 5049 2287 5087 :
2323 5038 2429 5089 Pro
2459 5033 2598 5104 quod
2623 5033 2889 5106 plausisti
2920 5051 3113 5103 manu,
3173 5043 3227 5089 et
3254 5037 3575 5107 percussisti
3618 5035 3778 5107 (sive

2111 5122 2432 5194 insonuisti)
2486 5122 2636 5193 pede,
2671 5126 2725 5178 et
2752 5125 2970 5194 gravisa
3019 5139 3073 5178 es
3128 5139 3196 5178 ex
3252 5127 3361 5180 toto
3389 5125 3589 5195 aﬂ‘ectu
3621 5123 3777 5195 (sive

2113 5213 2398 5268 insultasti
2430 5228 2499 5266 ex
2530 5214 2718 5268 animo
2748 5213 2861 5284 tuo)
2891 5228 3056 5283 super
3089 5216 3298 5268 terram
3347 5214 3515 5269 Israel
3544 5230 3555 5266 :
3591 5212 3775 5268 idcir-

2113 5319 2171 5358 co
2206 5301 2395 5376 [Vulg.
2429 5301 2593 5357 addit
2639 5301 2775 5371 ecce]
2832 5318 2925 5373 ego
2976 5301 3273 5358 extendam
3327 5318 3558 5357 manum
3583 5298 3780 5358 meam

2114 5464 2518 5612 Milligan
2547 5533 2796 5612 idem_ex
2823 5533 3036 5612 iisdem
3058 5551 3203 5592 mss.
3229 5551 3243 5593 :
3268 5534 3537 5612 etquanti
3548 5549 3783 5611 purpu-

2115 5603 2312 5667 ratil
2344 5609 2406 5666 in
2434 5622 2563 5667 usus
2592 5603 2811 5685 quidem
2837 5608 3093 5683 proprios
3124 5603 3412 5666 vertentes.
