4006 6180
223 325 346 389 237

814 331 1565 395 COMMENTARIORUM
1612 332 1690 392 IN
1735 330 2232 394 EZECHIELEM
2277 333 2424 394 LIB.
2472 333 2633 406 VIII,
2666 335 2835 396 CAP.
2872 334 3060 399 XXV.

3710 433 3717 440 1

219 460 514 533 solvitur;
551 467 618 518 ut
674 463 952 535 probetur
977 464 1171 532 nihili,
1219 465 1375 536 quod
1407 464 1723 537 putabatur
1750 478 1878 519 esse
1906 466 1962 530 Α
1990 463 2222 535 pristini
2251 463 2468 521 doloris
2484 467 2765 531 tenuit,ut
2792 466 3075 524 ultionem
3105 468 3177 523 de
3205 466 3291 523 eis
3320 471 3574 538 caperet,
3605 481 3643 521 a

220 550 760 609 fortissimum.Sed
790 552 943 609 Isaia
972 554 1311 627 superbiam
1341 553 1533 627 arguit
1572 553 1759 618 Moab,
1792 551 1880 606 di-

218 655 361 696 cens
389 660 406 698 :
449 642 776 698 Audiuimus
803 645 1194 699 contumeliam
1223 643 1427 701 Moab:
1469 642 1886 699 contumeliosus

215 737 295 786 est
322 733 536 787 nimis:
564 732 881 800 superbiam
908 735 1026 804 ejus
1045 733 1249 789 abstuli
1267 734 1395 803 (Isa.
1426 732 1566 802 xvx).
1597 731 1884 788 Jeremias

218 836 482 893 quoque,
512 824 719 876 contra
748 838 954 878 omnes
982 822 1309 878 vaticinans
1331 821 1620 887 nationes,
1654 819 1884 892 proprie

217 908 489 983 loquitur
504 909 578 987 ad
592 909 764 966 Moab
785 927 797 965 :
813 913 1086 981 Quoniam
1098 911 1401 981 conﬁdebas
1415 912 1474 965 in
1485 909 1884 965 munitionibus

218 1000 338 1053 tuis
368 999 584 1069 (Jerem.
640 1016 837 1065 vani,
866 1000 945 1067 7).
977 1001 1047 1055 Et
1094 1003 1232 1071 post
1261 998 1567 1071 paululum
1596 1017 1611 1054 :
1646 998 1884 1053 Habebis

217 1086 493 1156 ﬁduciam
520 1088 581 1141 in
609 1088 789 1157 gloria
821 1092 935 1143 tua.
971 1089 1043 1144 Et
1070 1089 1282 1144 iterum
1309 1106 1323 1143 :
1362 1087 1645 1161 Quomodo
1674 1086 1880 1159 dicitis,

215 1179 385 1247 for-tes
409 1192 605 1232 sumus
628 1180 654 1230 ἵ
679 1178 759 1232 Ac
785 1176 1028 1233 deinde:
1059 1180 1227 1235 Juxta
1251 1182 1330 1233 est
1370 1178 1485 1233 dies
1514 1177 1667 1233 Moab
1697 1180 1757 1232 ut
1785 1193 1879 1232 ve-

214 1268 358 1334 niat,
389 1278 443 1322 et
471 1267 695 1323 malitia
723 1267 839 1339 ejus
860 1268 1021 1323 velox
1036 1269 1204 1322 nimis
1226 1267 1389 1337 (Ibid.
1422 1268 1505 1333 14,
1541 1267 1649 1338 16).
1682 1271 1750 1322 Et
1766 1283 1885 1322 ma-

212 1357 511 1426 nifestius:
575 1356 744 1412 Dicite
784 1356 1043 1427 quomodo
1088 1358 1351 1413 contritus
1386 1360 1461 1412 est
1511 1357 1735 1411 baculus
1762 1356 1882 1426 glo-

132 1466 139 1473 ί
214 1447 415 1514 riosus,
466 1446 631 1515 virga
658 1446 1082 1516 magniﬁcentia:
1124 1446 1306 1513 (Ibid.,
1337 1445 1478 1517 20)?
1530 1446 1599 1501 Et
1627 1446 1878 1501 iterum:

215 1534 533 1590 Contr-itum
568 1542 650 1590 est
678 1550 850 1591 cornu
878 1533 1048 1590 Moab.
1094 1534 1225 1590 Haec
1270 1539 1465 1591 autem
1496 1534 1790 1601 dicuntur,
1818 1537 1885 1589 ut

168 1638 182 1649 °
213 1624 323 1679 sub
349 1623 798 1689 nomineMoab,
817 1623 994 1679 stulta
1016 1623 1211 1679 seaculi
1243 1624 1303 1679 in
1318 1622 1528 1680 caalum
1557 1640 1619 1680 se
1635 1623 1881 1679 efferens

214 1712 500 1785 superbia
532 1715 892 1768 conteratur.

279 1802 475 1873 (Vers.
526 1802 621 1869 42,
676 1802 762 1869 13,
813 1804 1004 1874 seqq.)
1042 1804 1169 1859 Haec
1211 1802 1347 1858 dicit
1393 1802 1654 1857 Dominus
1709 1801 1877 1856 Deus:

212 1893 318 1946 Pro
349 1906 415 1947 eo
444 1890 592 1962 quod
610 1892 744 1961 fecit
769 1891 1014 1946 Idumaea
1034 1892 1321 1961 ultionem,
1354 1898 1414 1945 ut
1430 1906 1486 1947 se
1500 1888 1885 1946 vindicaretde

212 1980 349 2049 ﬁliis
377 1980 530 2035 Iuda
552 1996 564 2034 :
595 1981 950 2051 peccavitque
968 1979 1308 2051 delinquens,
1331 1983 1383 2035 et
1404 1979 1705 2035 vindictam
1726 1994 1885 2051 expe-

213 2072 339 2125 tivit
360 2068 547 2124 deeis.
566 2068 770 2124 Idcirco
794 2069 911 2126 haec
929 2068 1064 2124 dicit
1085 2070 1354 2124 Dominus
1372 2070 1511 2124 Deus
1536 2086 1549 2123 :
1572 2067 1887 2123 Extendam

213 2175 449 2213 manum
474 2174 658 2213 meam
683 2174 846 2229 super
895 2158 1216 2225 Idumazam,
1245 2166 1297 2213 et
1323 2160 1576 2227 auferam
1602 2157 1668 2213 de
1691 2173 1756 2212 ea
1783 2156 1883 2212 ho-

213 2264 428 2303 mmem
450 2256 506 2303 et
524 2249 858 2319 jumentum.
892 2248 956 2303 Et
974 2249 1184 2318 faciam
1206 2263 1330 2303 eam
1359 2248 1634 2303 desertam
1661 2246 1733 2301 ab
1767 2250 1882 2301 Au-

217 2342 359 2400 stro,
390 2341 439 2392 et
458 2338 555 2407 qui
574 2336 769 2392 desunt
786 2335 978 2410 [Vu|g.
1001 2337 1149 2407 sunt]
1175 2338 1236 2391 in
1257 2336 1466 2402 Dedan,
1487 2335 1670 2407 gladio
1690 2335 1884 2391 cadent

222 2427 293 2481 Et
322 2425 462 2480 dabo
488 2425 756 2482 ultionem
776 2441 958 2480 meam
984 2441 1151 2497 super
1176 2424 1502 2490 Idumam,
1528 2440 1633 2496 per
1652 2440 1881 2479 manum

216 2515 423 2587 populi
446 2516 556 2570 mei
587 2514 775 2584 lsrad,
808 2521 860 2569 et
886 2514 964 2584 (α)
1009 2516 1218 2585 faciam
1247 2516 1306 2568 in
1335 2513 1504 2569 Edam
1525 2514 1693 2585 juxta
1740 2514 1885 2568 iram

214 2621 421 2673 malm,
467 2611 522 2659 et
569 2606 814 2675 furorem
874 2619 1083 2670 meum,
1141 2606 1193 2657 et
1219 2604 1394 2658 scient
1446 2601 1883 2671 indignationem

213 2709 423 2761 meum,
460 2693 600 2748 dicit
635 2694 896 2749 Dominus
926 2692 1089 2748 Deus.
1123 2692 1300 2747 LXX:
1351 2694 1477 2748 Haec
1504 2691 1644 2747 dicit
1674 2691 1885 2747 Adonai

214 2785 487 2840 Dominus
511 2800 526 2837 :
559 2788 670 2838 Pro
698 2797 759 2837 eo
782 2781 927 2852 quod
948 2782 1083 2855 fecit
1113 2780 1370 2848 Idumam,
1393 2785 1454 2836 ut
1481 2782 1885 2836 ulciscerentur

210 2875 487 2929 ultionem
508 2871 746 2928 dedomo
759 2870 921 2942 Iuda,
939 2871 1323 2926 etmemoriam
1345 2872 1697 2925 retinuerunt
1724 2870 1879 2937 mali,

211 2970 263 3019 et
290 2964 405 3018 ulli
432 2970 568 3017 sunt
594 2961 829 3017 ultione:
860 2969 1149 3032 propterea
1174 2958 1437 3017 hxcdicit
1455 2959 1677 3015 Adonai
1703 2960 1883 3014 Domi-

211 3070 320 3109 nus
339 3070 359 3106 :
382 3051 698 3108 Extendam
724 3065 953 3105 manum
979 3064 1158 3105 meam
1184 3064 1347 3120 super
1374 3048 1690 3114 Idumaeam,
1722 3055 1774 3104 et
1798 3064 1883 3103 in-

214 3144 489 3214 terﬁciam
550 3140 617 3196 de
670 3156 735 3194 ea
789 3138 1067 3194 hominem
1122 3144 1177 3193 et
1228 3154 1412 3210 pecus,
1467 3140 1516 3192 et
1570 3138 1717 3193 291
1775 3153 1874 3208 po-

1992 554 2210 626 quibus
2241 553 2300 609 in
2332 559 2498 611 utero
2548 554 2960 628 supplantatus
2999 560 3109 613 est.
3142 555 3360 613 Idcirco
3391 571 3507 611 non
3539 570 3645 628 per
3754 590 3761 603 ι

1992 642 2264 715 Angelos,
2299 659 2488 716 neque
2509 660 2612 716 per
2632 643 2814 700 alium
2847 643 3203 717 quemlibet:
3238 644 3340 703 sed
3370 643 3498 716 ipse
3526 643 3649 700 Do-

1994 733 2193 789 minus
2223 749 2464 788 manum
2484 734 2803 790 extendens
2826 751 3002 807 super
3033 734 3371 801 Idumaeam,
3405 731 3651 790 abstulit

1994 822 2063 877 de
2082 839 2147 878 ea
2168 821 2465 878 hominem
2482 823 2967 893 etjumentum,et
2977 822 3240 879 civitates
3254 822 3416 880 illius
3428 820 3653 895 redegit

1993 912 2053 966 in
2085 911 2405 982 desertum,
2440 911 2499 967 id
2529 916 2618 969 est
2641 912 2910 983 Thomam,
2945 928 3125 985 quam
3156 928 3265 968 nos
3298 912 3359 968 in
3389 912 3652 969 Austrum

1989 1001 2272 1057 vertimus
2296 1018 2310 1055 :
2346 1001 2417 1056 de
2446 1016 2563 1071 qua
2587 1004 2645 1055 et
2673 1002 2745 1056 de
2774 1000 2888 1057 alia
2927 1001 3075 1057 urbe
3104 1000 3326 1067 Dedan,
3359 998 3652 1057 interfecti

1992 1088 2187 1162 gladio
2218 1089 2443 1145 cadent.
2480 1088 2744 1161 Cumque
2770 1089 2854 1145 illi
2892 1107 2955 1146 se
2985 1091 3056 1145 de
3086 1090 3119 1146 J
3127 1090 3239 1145 uda
3268 1088 3378 1146 ulti
3409 1089 3646 1157 fuerint,

1993 1194 2099 1250 ego
2121 1178 2271 1234 dabo
2288 1177 2569 1234 ultionem
2600 1195 2779 1251 super
2799 1180 3089 1236 Idumaeos
3110 1194 3503 1251 permanum,
3528 1176 3648 1234 sive

1992 1267 2051 1322 in
2084 1284 2262 1324 manu
2294 1268 2493 1339 pepuli
2526 1269 2639 1325 mei
2667 1268 2881 1325 Israel:
2915 1273 2979 1324 ut
3009 1269 3080 1325 ab
3101 1268 3197 1324 his
3218 1266 3648 1341 opprimantur,

1992 1357 2050 1412 in
2073 1374 2219 1429 quos
2236 1357 2964 1414 exercueruntvindictam.
2989 1356 3098 1423 Qui
3120 1356 3336 1412 facient
3349 1355 3407 1413 in
3433 1356 3647 1423 Edom,

1991 1447 2110 1503 sive
2142 1448 2479 1517 Idumaaam,
2524 1448 2696 1517 juxta
2742 1446 2893 1502 iram
2941 1450 2998 1502 et
3042 1446 3297 1502 furorem
3329 1460 3550 1511 meum,
3582 1446 3651 1500 ut

1992 1553 2183 1592 meam
2206 1535 2475 1607 expleant
2495 1535 2983 1609 indignationem,
3000 1538 3057 1591 et
3084 1551 3188 1607 per
3208 1549 3424 1590 manus
3446 1531 3649 1606 populi

1991 1626 2105 1681 mei
2136 1624 2334 1694 Israel,
2366 1624 2426 1679 in
2459 1624 2760 1681 inimicam
2809 1628 3043 1697 gentem
3074 1640 3206 1681 mea
3233 1622 3324 1680 ira
3345 1621 3652 1693 desaaviat,

1990 1720 2050 1771 et
2104 1714 2437 1785 intelligant
2482 1718 2684 1770 contra
2724 1713 2991 1785 iniquam
3033 1712 3317 1769 ultionem
3349 1712 3645 1782 Idummas,

1991 1820 2183 1860 meam
2196 1806 2422 1877 justam
2448 1803 2630 1860 fuisse
2657 1802 2996 1870 vindictam,
3028 1801 3170 1859 dicit
3191 1800 3414 1858 Adonei
3444 1800 3644 1857 Domi-

1995 1894 2474 1950 nus.Secundum
2505 1892 2917 1965 tropologiam,
2948 1892 3045 1947 hic
3076 1890 3222 1947 mihi
3253 1907 3464 1947 sensus
3491 1889 3652 1946 vide-

1994 1987 2111 2039 tur.
2137 1984 2393 2039 Idumaea
2412 1987 2645 2038 terrena
2666 1980 2994 2054 appellatur
3014 1985 3070 2037 et
3091 1996 3320 2051 carnea,
3352 1995 3479 2051 qum
3508 1994 3652 2035 con-

1994 2072 2185 2143 surgit
2214 2076 2419 2127 contra
2467 2070 2621 2127 292
2675 2069 2973 2142 spiritum,
3023 2072 3089 2124 ut
3117 2085 3235 2125 non
3266 2068 3553 2124 faciamus
3582 2081 3653 2124 ea

1995 2177 2121 2233 quis
2143 2161 2388 2233 spiritus
2408 2163 2567 2223 sunt,
2599 2162 2656 2213 et
2677 2158 2934 2214 animam
2957 2158 3018 2213 in
3036 2155 3363 2213 meditullio
3395 2155 3648 2229 positam

1995 2251 2067 2306 ad
2100 2267 2162 2306 se
2194 2249 2483 2305 retrahere
2522 2246 2794 2317 festinat;
2817 2245 3060 2319 vultque
3090 2244 3345 2301 ultiones
3374 2244 3637 2315 reddere,

1997 2340 2214 2413 quibus
2244 2338 2407 2411 prius
2438 2336 2673 2392 subdita
2721 2336 2931 2401 fuerat,
2981 2333 3122 2390 ﬁliis
3161 2333 3336 2402 Juda,
3367 2337 3427 2390 et
3453 2349 3646 2389 recor-

1996 2431 2170 2486 datur
2198 2426 2416 2483 doloris
2449 2423 2696 2495 antiqui,
2723 2424 2877 2495 quod
2910 2439 3026 2478 non
3060 2421 3309 2495 propria
3339 2421 3515 2478 fuerit
3542 2437 3646 2494 po-

1996 2516 2243 2583 testatis,
2276 2519 2334 2571 et
2363 2514 2492 2570 ideo
2524 2511 2840 2568 vindictam
2879 2509 3153 2582 expetivit
3182 2510 3254 2565 de
3282 2509 3389 2577 eis,
3421 2508 3523 2579 qui
3551 2524 3646 2565 re-

1993 2608 2266 2663 cedentes
2296 2621 2329 2659 a
2357 2618 2533 2659 carne
2560 2600 2834 2673 spiritum
2880 2599 3299 2671 sequebantur.
3333 2598 3647 2669 Propterea

1991 2697 2117 2769 ipse
2141 2693 2423 2750 Dominus
2448 2690 2700 2747 filiorum
2723 2689 2878 2745 Juda
2903 2688 3059 2744 ultor
3078 2687 3359 2755 existens,
3381 2684 3646 2743 extendit

1990 2800 2232 2841 manum
2255 2799 2433 2854 super
2450 2780 2853 2846 Idumteam,et
2873 2777 3063 2833 aufert
3084 2776 3156 2832 de
3175 2791 3244 2831 ea
3261 2775 3562 2831 hominem
3582 2776 3643 2830 et

1983 2868 2639 2945 jumentum,quidquid
2660 2867 2747 2923 vel
2777 2865 3021 2922 rationis
3036 2865 3268 2921 videtur
3282 2864 3516 2934 habere,
3548 2860 3641 2919 vel

1989 2961 2275 3033 simplicis
2305 2959 2533 3029 ﬁdei,ut
2561 2973 2687 3012 eam
2712 2954 2939 3027 redigat
2958 2955 3018 3010 in
3039 2952 3439 3009 solitudinem.
3472 2952 3543 3008 Et
3571 2950 3643 3007 de

1994 3052 2252 3117 Theman,
2284 3065 2409 3120 quae
2439 3046 2859 3118 interpretatur
2886 3044 3232 3114 deﬁciens,et
3258 3041 3482 3107 Dedan,
3512 3056 3642 3113 qua

1987 3145 2046 3196 et
2073 3138 2203 3211 ipsa
2231 3137 2607 3207 cognationem
2635 3136 2826 3202 sonat,
2869 3146 3074 3187 omnes
3105 3129 3299 3203 gladio
3331 3126 3637 3200 interfecit,

214 3206 342 3287 nam
400 3247 529 3287 eam
559 3229 859 3285 desertam:
910 3235 961 3282 et
988 3227 1053 3282 de
1110 3206 1370 3282 Thomam
1423 3228 1695 3297 fugientes
1748 3206 1871 3294 gla-
1906 3206 1948 3272 (ἶ
1986 3206 2159 3301 quem
2191 3206 2388 3299 posuit
2418 3224 2478 3279 in
2511 3239 2687 3278 manu
2739 3219 2941 3293 populi
2972 3219 3064 3275 sui
3097 3217 3369 3285 lsrael,ut
3395 3218 3639 3273 subver-

210 3322 300 3377 dio
356 3320 578 3377 cadent.
644 3318 708 3373 Et
770 3316 907 3372 dabo
952 3318 1218 3372 ultionem
1269 3331 1449 3371 meam
1509 3331 1675 3387 super
1742 3315 1869 3370 Idu-

210 3428 432 3477 θέωνι,
491 3412 561 3466 in
590 3424 765 3463 manu
806 3407 999 3478 populi
1026 3406 1137 3461 mei
1185 3406 1379 3469 Israel,
1441 3411 1491 3459 et
1545 3403 1756 3476 facient
1811 3406 1871 3459 in

212 3501 454 3558 Idumen
501 3499 676 3570 juxta
734 3498 879 3551 iram
928 3510 1137 3567 meam,~
1157 3502 1209 3549 et
1259 3493 1507 3567 furorem
1561 3508 1761 3557 meum,
1821 3500 1872 3548 et

210 3595 532 3662 cognoscent
568 3587 835 3641 ultionem
880 3599 1079 3653 meam,
1138 3582 1272 3638 dicit
1320 3581 1532 3638 Adonai
1584 3583 1867 3638 Dominus.

211 3683 397 3751 Supra
444 3678 569 3733 duo
617 3676 1070 3747 proposuerunt,
1126 3688 1231 3744 pro
1282 3687 1348 3727 eo
1396 3671 1551 3743 quod
1600 3670 1872 3726 dixerunt

216 3768 377 3824 Moab
406 3771 466 3822 et
492 3764 646 3831 Seir,
682 3768 740 3818 et
760 3766 966 3834 postea
987 3761 1059 3816 de
1080 3760 1206 3816 Seir
1233 3763 1455 3826 tacens,
1478 3764 1681 3815 contra
1702 3760 1870 3815 Moab

213 3862 443 3912 tantum
473 3854 709 3910 locutus
740 3855 859 3907 est:
882 3865 1039 3905 nunc
1070 3848 1258 3904 reddit
1277 3852 1529 3921 coeptum
1551 3848 1870 3920 problems,

218 3945 365 4017 quid
383 3941 664 4009 Seir,hoc
677 3943 787 4010 est,
802 3938 1055 3993 Idumasa
1079 3937 1292 3992 fecerit.
1315 3936 1476 4002 Quod
1501 3939 1695 3991 autem
1720 3936 1873 3992 Esau

206 4037 273 4090 et
300 4032 455 4095 Seir,
486 4034 542 4085 et
584 4030 791 4096 Edom,
825 4031 882 4082 et
914 4026 1186 4096 Idumaea,
1220 4029 1278 4080 et
1324 4025 1535 4090 Duma,
1569 4041 1687 4080 una
1730 4040 1874 4098 gens

210 4121 599 4196 appellentur,
634 4135 756 4174 non
804 4115 1066 4188 ambiget
1093 4115 1194 4186 qui
1251 4114 1553 4170 scientiam
1606 4113 1877 4171 habuerit

208 4213 675 4285 Scripturarum.
724 4206 794 4261 Et
822 4209 889 4260 ut
940 4204 1011 4260 de
1041 4203 1263 4259 caeteris
1294 4202 1596 4276 pmphetis
1625 4206 1872 4275 taceam,

212 4301 379 4372 Isaia,
400 4298 719 4363 Jeremias,
744 4300 946 4364 Amos,
967 4293 1069 4366 qui
1101 4297 1307 4348 contra
1328 4292 1668 4360 ldumasam,
1691 4296 1748 4348 et
1770 4297 1876 4347 Du-

1979 3321 2137 3373 talur
2165 3316 2370 3380 Edom,
2394 3317 2451 3369 et
2479 3313 2627 3368 iram
2658 3310 2889 3366 Domini
2921 3308 3136 3365 sentiat
3165 3323 3232 3362 ac
3262 3306 3540 3376 furorem,
3572 3308 3633 3362 et

1981 3404 2269 3477 intelligat
2297 3402 2613 3458 vindictam
2644 3401 2774 3471 ejus
2805 3399 2876 3454 ad
2906 3397 3016 3452 hoc
3049 3395 3382 3469 profecisse,
3416 3398 3483 3449 ut
3509 3409 3635 3450 ser-

1977 3495 2099 3551 viat
2126 3490 2328 3548 domui
2355 3489 2666 3545 Judaelioc
2692 3490 2783 3543 est
2810 3485 2955 3541 illud
2985 3487 3057 3541 de
3085 3500 3200 3557 quo
3229 3488 3287 3539 et
3314 3481 3630 3556 Apostolus

1980 3584 2242 3655 disputat
2287 3579 2596 3636 scribens:
2653 3577 2819 3633 Iacob
2872 3574 3067 3642 dilexi,
3123 3574 3267 3628 Esau
3296 3576 3479 3628 autem
3507 3570 3629 3627 odio

1980 3673 2152 3729 habui
2181 3672 2353 3741 (Rom.
2388 3685 2464 3735 1x,
2501 3667 2608 3738 13).
2641 3663 2843 3737 Diligit
2875 3667 3071 3718 autem
3099 3660 3301 3728 Jacoh,
3334 3660 3475 3732 quia
3501 3675 3629 3715 car-

1981 3777 2156 3818 neum
2188 3763 2363 3829 atque
2392 3762 2687 3811 terrenum
2717 3751 3062 3825 supplantat
3089 3754 3147 3807 et
3161 3752 3420 3820 superat,
3442 3751 3503 3804 et
3530 3747 3630 3803 he-

1982 3849 2343 3907 nedictiones
2370 3843 2531 3899 illius
2561 3844 2820 3898 meretur
2849 3838 3129 3912 accipere.
3173 3837 3443 3893 Primum
3473 3835 3633 3893 enim

1974 3940 2146 4011 juxta
2167 3937 2487 4001 carnem,et
2508 3935 2711 4004 postea
2731 3928 3059 3986 secundum
3075 3925 3632 4000 spiritumvivimus.

1980 4030 2126 4084 Ante
2156 4022 2535 4091 vitia,deinde
2560 4017 3052 4090 virtutes,quibus
3081 4017 3225 4085 vitia
3246 4016 3636 4087 subruuntur,

1985 4116 2130 4189 quia
2156 4113 2493 4187 appositum
2506 4127 2606 4166 cor
2621 4107 2880 4165 hominis
2902 4107 2974 4163 ad
2999 4105 3290 4162 malitiam
3313 4122 3348 4161 a
3366 4103 3637 4177 pueritia,

1984 4218 2326 4275 erroresque
2382 4197 2783 4257 adolescentia:
2839 4200 2978 4252 aetas
3031 4200 3263 4251 matura
3285 4194 3641 4250 condemnat

1985 4293 2195 4366 (Genes.
2227 4288 2547 4361 vm).Unde
2576 4294 2633 4343 et
2662 4285 2878 4342 David:
2931 4284 3159 4354 Delicta,
3199 4282 3413 4354 inquit,
3437 4283 3641 4352 juvem

210 4369 383 4462 mam,
419 4393 477 4446 et
510 4387 698 4443 Edom
754 4381 1056 4438 vaticinati
1087 4386 1261 4437 sunt:
1320 4381 1536 4436 Abdias
1593 4380 1877 4453 propheta
1986 4384 2119 4439 tutis
2148 4397 2300 4441 mese,
2361 4383 2411 4433 ct
2472 4378 2813 4449 ignorantias
2869 4389 3145 4462 measrne
3177 4369 3495 4462 memineris
3522 4370 3637 4439 (Ps.

211 4457 384 4535 totam
452 4473 832 4550 prophetiam
881 4474 1087 4526 contra
1128 4469 1279 4525 hanc
1318 4468 1519 4548 dirigit
1555 4467 1874 4533 nationem,
1985 4488 2141 4538 XXIV,
2170 4471 2322 4540 7).Et
2349 4471 2546 4523 tamen
2569 4463 2874 4520 sciendum
2902 4461 3056 4532 quod
3076 4459 3253 4550 .Iacob
3275 4457 3533 4550 primam
3554 4471 3644 4550 ac:

210 4583 373 4639 quem
393 4543 789 4639 tit-potuimus
807 4559 945 4616 olim
975 4558 1388 4614 disseruimus.
1407 4543 1877 4629 Arguiturigitur
1905 4574 1953 4639 D
1984 4559 2138 4633 cepit
2165 4554 2651 4622 benedictionem,
2711 4552 2865 4606 Esau
2909 4548 3250 4639 secundam.
3282 4547 3354 4639 Et
3381 4546 3544 4639 quod
3565 4543 3640 4599 ad

210 4632 353 4721 éeir,
382 4632 936 4729 qui-quiabispidus
957 4651 1100 4713 erat,
1123 4645 1520 4719 pilosiuomen
1550 4644 1790 4716 accepit,
1821 4647 1880 4700 et
1905 4632 1946 4639 ’
1987 4632 2310 4706 extremum
2334 4643 2548 4699 dicitur
2567 4642 2639 4697 de
2662 4656 2727 4696 eo
2752 4656 2766 4695 :
2794 4639 2988 4729 Servus
3013 4638 3122 4693 eris
3158 4636 3353 4708 fratris
3370 4634 3457 4689 tui
3482 4632 3640 4729 (Gen.

210 4720 389 4801 Edom
404 4720 863 4816 sanguinariae,
887 4737 1078 4810 quiob
1098 4734 1383 4791 lenticula:
1400 4733 1877 4789 ruftecoctionem
1988 4755 2163 4805 xxv",
2194 4733 2420 4806 40),hoc
2450 4729 2765 4803 Significat,
2815 4727 2971 4800 quod
3015 4729 3325 4798 postquam
3356 4738 3488 4778 caro
3520 4720 3644 4816 spi-

215 4808 610 4908 primogenita
641 4808 920 4903 perdidit,
954 4830 1011 4882 et
1041 4825 1116 4880 ab
1146 4822 1342 4880 edulio
1359 4823 1604 4880 sortitus
1631 4822 1881 4879 vocabu-
1990 4824 2128 4883 ritui
2160 4823 2429 4893 subjecta
2447 4816 2847 4888 fuerit,illique
2877 4815 3353 4908 conjunctamaro
3382 4825 3512 4866 esse
3541 4808 3644 4867 de-

214 4901 337 4978 lum
372 4901 461 4980 est
491 4901 657 4993 (Geni
686 4920 838 4988 xxv),
862 4917 1015 4972 Esau
1046 4930 1278 4987 quoque
1314 4912 1467 4987 facta
1495 4912 1882 4984 interpretau-
1992 4915 2181 4981 sistat,
2213 4915 2272 4966 et
2302 4910 2555 4965 Idumma
2582 4909 2845 4962 transeat
2873 4901 3250 4993 iniludasam.

220 5018 336 5066 tur.
368 5013 439 5068 Et
466 4989 581 5067 hoc
612 5007 944 5074 sciendum,
976 5004 1132 5077 quod
1180 5003 1240 5058 in
1275 5002 1508 5057 Hebraeo
1556 5017 1883 5073 numquam
2064 5002 2254 5073 (Vers.
2289 4999 2378 5065 15,
2409 4998 2521 5069 16.)
2581 5000 2714 5051 Haec
2762 4993 2894 5048 dicit
2936 4991 3199 5046 Dominus
3237 4989 3380 5045 Deus
3404 5005 3431 5077 :7
3450 4989 3559 5045 Pro
3584 5002 3647 5077 eo

220 5102 512 5157 scribatur
560 5100 839 5161 Idumaaa,
871 5095 974 5151 sed
996 5075 1262 5164 semper
1290 5092 1493 5158 Edom,
1540 5107 1715 5162 quem
1750 5090 1887 5145 Idu-
1996 5091 2138 5166 quod
2157 5090 2401 5162 fecerunt
2430 5085 2725 5143 Palaestini
2744 5084 2804 5138 in
2825 5080 3067 5137 vindicta
3087 5077 3281 5151 [Vulg.
3302 5075 3647 5166 vindictam],

218 5204 425 5246 meam
457 5185 749 5262 expressit
763 5184 958 5241 Graeca
984 5181 1308 5238 translatio.
1343 5179 1727 5252 Nequaquam
1751 5194 1887 5251 ergo
1997 5165 2049 5237 et
2070 5180 2177 5236 ulti
2202 5179 2333 5235 sunt
2361 5192 2417 5231 se
2457 5182 2563 5230 toto
2592 5174 2784 5227 animo
2829 5169 3233 5262 interﬁcientes,
3284 5165 3652 5262 et-implentes

222 5278 482 5336 Idumen
511 5253 771 5351 [Itdom],
805 5278 871 5329 ut
905 5272 1067 5328 Moab
1100 5270 1329 5327 locutus
1361 5274 1472 5341 est,
1506 5268 1603 5324 sed
1635 5267 1773 5323 fecit
1795 5267 1889 5323 ul-
1998 5269 2329 5326 inimicitias
2348 5266 2873 5333 veteres.Propterea
2895 5260 3013 5317 haec
3040 5257 3177 5314 dicit
3196 5253 3651 5351 Dom_inusDeuss

221 5368 448 5425 tionem
479 5343 555 5423 de
586 5343 908 5422 filiis-Juda
933 5379 946 5419 :
979 5359 1377 5434 peccavitque,
1404 5357 1525 5415 sive
1545 5357 1890 5413 memoriam
2003 5361 2133 5415 Ecce
2161 5373 2258 5427 ego
2285 5352 2571 5413 extendam
2595 5366 2824 5407 manum
2850 5363 3029 5404 meam
3045 5363 3210 5419 super
3228 5343 3570 5413 Palmstinos,
3598 5343 3655 5397 et

304 5603 378 5673 (ιι)
412 5600 642 5656 Victor.
672 5598 898 5673 facient.
932 5594 1104 5666 juxta
1132 5591 1444 5673 Vulgatam
1475 5589 1810 5673 editionem,
1842 5593 1900 5647 et
2006 5589 2276 5673 codicum
2295 5600 2539 5673 sensum
2552 5595 2687 5643 mox
2702 5597 2936 5661 quoque
2953 5579 3251 5639 vindictam
3269 5590 3377 5654 pro
3400 5572 3659 5657 indime—

226 5659 547 5737 ﬂo‘brnum
575 5659 750 5741 γαίη,
768 5659 1153 5742 Graecumque
1177 5659 1523 5739 ποῖήσουσιν.
1541 5661 1629 5721 Ad
1648 5676 1873 5737 quorun

2006 5666 2215 5732 tionem
2242 5659 2566 5725 substituit.
