3996 6182
357 387 477 450 239

355 608 616 678 regionis,
648 608 956 679 faciamque
983 611 1040 663 in
1075 611 1154 664 eis
1189 608 1421 665 ultiones
1447 626 1697 680 magnas,
1725 626 1924 678 urgens
1952 612 2011 664 in

358 697 592 768 furores,
624 703 674 751 et
700 697 873 752 scient
901 700 1034 766 quia
1075 714 1170 766 ego
1216 699 1496 763 Dominus,
1527 715 1651 753 cum
1680 699 1874 754 dedero
1899 703 2016 753 vin-

359 784 559 841 dictam
594 800 774 840 meam
818 802 985 857 super
1029 803 1134 842 eos.
1183 787 1347 842 LXX:
1390 789 1685 858 Propterea
1736 789 1853 843 hzec
1879 787 2015 842 dicit

357 871 573 930 Adonei
599 873 896 930 Dominus:
939 881 1054 931 Pro
1108 892 1169 932 eo
1217 876 1357 948 quod
1409 879 1654 946 fecerunt
1682 877 2017 945 alienigenae

357 962 647 1033 ultionem,
681 967 732 1017 et
773 965 1174 1021 suscitaverunt
1218 965 1518 1021 vindictam
1574 966 1916 1031 insultantes,
1948 981 2018 1020 ea:

359 1051 565 1117 animo,
599 1059 660 1107 ut
685 1051 932 1109 delerent
953 1070 1118 1125 usque
1148 1057 1208 1110 in
1229 1063 1493 1110 mternum
1513 1074 1531 1108 :
1554 1062 1837 1126 propterea
1863 1055 2014 1110 298

361 1139 482 1198 haec
501 1140 640 1196 dicit
659 1140 872 1197 Adonei
889 1143 1176 1198 Dominus:
1201 1146 1331 1199 Ecce
1358 1160 1454 1213 ego
1476 1143 1766 1198 extendam
1789 1159 2016 1197 manum

357 1245 542 1286 meam
559 1245 720 1301 super
746 1233 1108 1301 alienigenas,
1129 1237 1180 1288 et
1210 1233 1536 1304 disperdam.
1552 1235 1666 1288 sive
1689 1234 2018 1302 interﬁciam

356 1317 660 1385 Cretenses,
694 1324 746 1374 et
775 1319 998 1390 perdam
1018 1321 1262 1390 reliquas
1290 1322 1488 1376 littoris
1511 1323 1822 1389 maritimae,
1855 1330 1904 1375 et
1931 1325 2017 1391 [a-

361 1409 506 1464 ciam
527 1409 586 1466 in
616 1410 695 1462 eis
725 1409 960 1463 ultiones
979 1425 1209 1480 magnas
1233 1411 1291 1464 in
1322 1409 1569 1464 vindicta
1598 1413 1825 1480 furoris,
1858 1419 1908 1466 et
1932 1426 2015 1464 co-

360 1501 616 1566 gnoscent
642 1498 776 1568 quia
806 1513 900 1567 ego
930 1498 1140 1553 Adonai
1169 1500 1450 1566 Dominus,
1472 1515 1596 1553 cum
1625 1499 1823 1554 dedero
1852 1499 2018 1554 ultio-

360 1599 486 1642 nem
511 1600 692 1640 meam
721 1601 884 1657 super
911 1601 1017 1642 eos.
1064 1590 1205 1641 Post
1253 1586 1405 1642 ﬁlios
1437 1593 1711 1654 Ammon,
1745 1587 1933 1651 Moab,
1965 1590 2021 1641 et

362 1671 508 1738 Seir,
541 1673 644 1744 qui
675 1677 734 1728 et
786 1673 902 1744 ipsi
931 1677 1070 1728 sunt
1126 1674 1385 1737 Idumasi,
1419 1679 1476 1728 et
1513 1692 1614 1746 per
1657 1676 1754 1730 Ι,οῐ
1782 1680 1839 1730 et
1868 1676 2017 1730 Esau

362 1761 578 1834 populo
609 1761 810 1828 Israel,
834 1766 891 1818 et
917 1763 1116 1818 domui
1137 1763 1302 1818 Judze
1335 1764 1679 1836 cognatione
1701 1763 2018 1830 sociantur,

361 1850 520 1908 venit
535 1851 606 1906 ad
624 1850 960 1905 Philisthim
985 1868 1132 1922 quos
1154 1852 1537 1924 Septuaginta
1559 1849 1933 1928 ἀλλοφύλους,
1959 1853 2016 1908 id

362 1943 453 1998 est
477 1940 816 2010 alienigenas
855 1939 1302 2007 transtulerunt,
1351 1958 1463 1997 non
1498 1941 1752 2014 generali
1786 1942 2020 1997 nomine

365 2027 628 2085 omnium
660 2028 945 2102 gentium,
979 2045 1104 2100 quae
1134 2045 1251 2084 non
1284 2034 1422 2084 sunt
1450 2031 1521 2085 de
1553 2047 1764 2101 genere
1793 2031 2020 2086 Judzeo-

365 2135 519 2184 rum,
544 2119 644 2174 sed
678 2117 913 2189 speciali
936 2118 1125 2189 gentis
1157 2135 1296 2184 suae,
1325 2135 1449 2190 quae
1483 2136 1636 2174 nunc
1667 2119 1881 2174 dicitur
1908 2120 2020 2175 Pa-

363 2205 614 2274 lentius,
639 2211 864 2262 mutata
883 2223 992 2261 pas
1010 2205 1224 2270 littera,
1241 2208 1410 2278 juxta
1428 2208 1756 2263 Grecorum
1781 2224 2022 2263 consue-

366 2295 654 2361 tudinem,
686 2295 746 2350 in
780 2312 834 2350 PI
867 2295 969 2366 (π),
1003 2295 1156 2351 sicut
1183 2299 1240 2350 et
1288 2296 1442 2368 apud
1473 2312 1580 2351 nos
1606 2313 1710 2368 pro
1742 2296 2019 2352 Hebraico

365 2401 545 2441 PHABE
567 2383 758 2456 (nos).
784 2385 1046 2440 Graecum
1072 2388 1128 2439 et
1158 2384 1428 2440 Latinum
1448 2385 1651 2456 pascha
1669 2385 2018 2440 celebratur.

366 2471 720 2529 Pbilistbiim
741 2472 1199 2544 interpretantur
1213 2473 1460 2529 cadentes
1480 2478 1701 2542 poculo,
1723 2475 1818 2546 qui
1834 2479 1892 2530 et
1909 2474 2022 2546 ipsi

353 2562 435 2619 de
456 2579 632 2619 aureo
654 2561 967 2634 Babylonis
989 2561 1168 2617 calice
1191 2563 1457 2618 inebriati
1481 2567 1640 2629 sunt,
1665 2568 1721 2618 et
1752 2562 2022 2631 saeviunt,

363 2656 423 2708 et
453 2655 568 2708 toto
593 2651 791 2708 animo
815 2650 1118 2717 insultant,
1147 2651 1591 2707 inimicitiarum
1616 2657 1817 2706 contra
1846 2651 2023 2708 Israel

366 2744 627 2796 veterum
641 2741 1034 2808 recordantes,
1053 2740 1270 2810 quibus
1284 2757 1317 2794 a
1339 2740 1431 2795 Dei
1447 2741 1660 2812 populo
1679 2741 1845 2797 divisi
1864 2745 2021 2796 sunt.

367 2828 632 2898 Cumque
648 2828 924 2883 dominus
938 2827 1120 2883 dicat:
1138 2827 1279 2884 Mihi
1289 2828 1606 2893 vindictam,
1626 2834 1683 2884 et
1693 2841 1745 2885 et
1757 2845 1854 2899 ego
1866 2832 2026 2886 retri.

369 2917 537 2971 buam
583 2916 763 2987 (Deut.
791 2932 972 2982 xxxn,
1001 2916 1115 2986 35),
1167 2916 1278 2987 ipsi
1309 2933 1372 2972 se
1405 2916 1771 2972 ulciscuntur
1802 2919 2022 2974 interli-

367 3004 609 3073 cientes,
642 3008 700 3060 et
728 3003 1040 3076 implentes
1063 3005 1307 3076 antiqua
1329 3007 1482 3062 odia.
1510 3006 1748 3078 Propter
1776 3023 1904 3078 qua:
1935 3024 2026 3062 ex-

364 3098 590 3154 tentam
647 3109 826 3166 super
882 3111 944 3150 se
1001 3111 1244 3150 manum
1304 3095 1534 3150 Domini
1580 3096 1853 3163 sentient,
1899 3113 2024 3168 quae

369 3181 681 3238 interﬁciat
707 3181 1126 3239 interfectores.
1165 3184 1277 3240 Pro
1320 3201 1434 3256 quo
1469 3184 1626 3251 LXX,
1659 3186 1852 3241 nescio
1884 3186 2024 3257 quid

1599 391 1662 449 S.
1712 387 2022 450 EUSEBll
2071 388 2516 449 HIERONYMI

360 519 691 588 iriterﬁciam
711 521 1107 590 interfectores,
1129 529 1178 575 cl
1193 519 1416 591 perdam
1433 522 1695 592 reliquias
1717 523 2014 576 maritima:
2045 525 2098 588 Α

3653 381 3774 445 ΜΟ

2199 521 2354 592 (ουρ.
2388 520 2612 592 XXVI.)
2639 522 2702 576 Et
2732 519 2946 593 factum
2976 528 3053 576 est
3081 520 3140 574 in
3160 518 3447 574 undecimo
3468 532 3640 587 .anuo,
3656 517 3778 588 pri-

2121 625 2210 664 ma
2243 610 2387 680 (sive
2417 611 2558 681 una)
2590 612 2816 676 mensis,
2845 611 3019 680 factus
3045 613 3125 665 est
3144 623 3320 664 sermo
3341 608 3558 662 Domini
3575 606 3645 662 ad
3666 619 3773 672 me,

2122 698 2335 753 dicens:
2392 699 2496 752 Fili
2551 699 2812 763 hominis,
2843 715 2942 770 pro
2969 714 3030 754 eo
3078 699 3217 768 quod
3245 697 3396 752 dixit
3429 697 3598 767 Tyrus
3627 695 3774 766 (sive

2123 787 2243 858 Sor)
2269 787 2334 842 de
2362 787 2675 844 Jerusalem
2700 805 2713 842 :
2748 792 2916 857 Euge,
2947 790 3235 856 confracta:
3254 793 3380 842 sunt
3403 787 3576 854 parte
3600 799 3777 855 popu-

2125 877 2303 930 lorum
2329 875 2470 946 (sive
2500 876 2742 948 gentes):
2767 893 3025 931 conversa
3054 880 3132 931 est
3160 874 3229 929 ad
3245 889 3349 940 me,
3383 871 3781 944 implebor,de-

2123 968 2272 1020 serta
2300 968 2378 1020 est
2408 965 2550 1037 (sive
2581 981 2706 1036 qua:
2733 966 2846 1036 fuit
2883 967 3063 1036 plena,
3096 963 3305 1020 deserta
3333 963 3463 1039 est);
3488 969 3780 1034 propterea

2125 1054 2243 1111 haec
2270 1053 2406 1109 dicit
2460 1055 2722 1109 Dominus
2767 1057 2936 1109 Deus:
2983 1055 3112 1109 Ecce
3166 1068 3262 1122 ego
3314 1067 3482 1122 super
3524 1053 3597 1120 te,
3644 1051 3782 1121 Tyne

2126 1143 2266 1214 (sive
2297 1143 2414 1213 Sor)
2439 1159 2452 1196 :
2485 1147 2535 1197 et
2556 1143 2839 1198 ascendere
2867 1144 3071 1214 faciam
3099 1158 3264 1213 super
3291 1145 3342 1196 te
3372 1139 3569 1213 [Vulg.
3601 1138 3672 1194 ad
3705 1139 3779 1210 te]

2125 1241 2307 1302 gentes
2335 1223 2562 1297 inultas,
2594 1235 2734 1286 sicut
2763 1232 3004 1286 ascendit
3030 1248 3189 1285 mare
3217 1231 3504 1299 ﬂuctuans.
3524 1230 3587 1284 Et
3615 1227 3779 1283 dissi-

2127 1323 2334 1392 pabunt
2364 1336 2548 1376 muros
2589 1322 2732 1392 Tyri,
2767 1323 2816 1375 et
2863 1321 3138 1375 destruent
3169 1323 3350 1374 turres
3385 1319 3526 1390 ejus,
3563 1321 3614 1372 et
3645 1318 3780 1372 bra-

2128 1411 2257 1464 dam
2305 1410 2444 1478 (sive
2495 1408 2796 1480 ventitabo)
2837 1409 3117 1480 pulverem
3164 1408 3280 1478 ejus
3319 1407 3384 1462 de
3425 1423 3517 1473 ea,
3565 1409 3614 1461 et
3643 1405 3779 1462 dabo

2129 1515 2250 1554 eam
2303 1501 2358 1553 in
2404 1499 2854 1569 limpidissimam
2894 1496 3035 1568 (sive
3092 1495 3513 1565 nitidissimam)
3563 1502 3776 1566 petran,

2130 1588 2363 1642 Siccatio
2391 1603 2720 1658 sagenarum
2740 1589 2846 1642 erit
2863 1588 2920 1641 in
2947 1585 3122 1641 medio
3153 1586 3488 1658 maris,quia
3500 1599 3595 1653 ego
3621 1584 3776 1641 locu-

2127 1685 2211 1732 tus
2232 1693 2376 1740 sum,
2409 1678 2488 1731 ait
2509 1679 2772 1732 Dominus
2785 1678 2952 1742 Deus,
2969 1679 3022 1730 et
3051 1676 3157 1730 erit
3187 1675 3247 1729 in
3274 1674 3804 1745 dereptionemgen-'

2125 1766 2289 1819 tibus.
2323 1765 2476 1819 Filiae
2535 1780 2744 1835 quoque
2793 1765 2908 1835 ejus
2938 1780 3056 1834 quae
3108 1768 3236 1818 sunt
3290 1764 3350 1818 in
3384 1778 3516 1833 agro
3549 1761 3691 1830 (sive
3720 1764 3782 1817 in

2124 1857 2334 1925 campo)
2363 1853 2550 1924 gladio
2579 1854 2996 1923 interficientur,
3030 1856 3082 1907 et
3111 1854 3280 1908 scient
3309 1853 3440 1922 quia
3469 1867 3563 1922 ego
3594 1852 3782 1908 Domi-

2127 1960 2249 1998 nus.
2283 1943 2718 2014 Consequenter
2749 1941 3062 2014 prophetiae
3109 1942 3250 1996 ordo
3282 1940 3629 1996 contexitur.
3668 1940 3776 1995 Lo-

2129 2038 2302 2088 cutus
2335 2035 2458 2086 erat
2475 2037 2676 2087 contra
2708 2031 2857 2086 filios
2874 2033 3124 2086 Ammon
3155 2035 3212 2085 et
3243 2030 3410 2085 Moab
3428 2033 3485 2085 et
3514 2030 3660 2095 Seir,
3679 2028 3779 2100 qui

2127 2120 2307 2193 etipsi
2322 2120 2766 2186 suntldumasei,
2781 2119 3208 2175 etPhilisthiim
3227 2119 3323 2190 qui
3343 2117 3781 2184 suntinlittore,

2127 2215 2184 2266 et
2215 2210 2272 2263 in
2311 2208 2570 2264 funiculo
2603 2209 2784 2264 maris
2814 2209 3087 2264 eumdem
3117 2207 3368 2262 limitem
3399 2211 3615 2263 tenent.
3643 2207 3784 2262 Post

2131 2297 2466 2353 Palaestinos
2498 2298 2654 2352 enim
2679 2297 2938 2352 succedit
2967 2296 3250 2352 Phaenicis
3274 2296 3449 2368 regio,
3473 2295 3641 2365 cujus
3663 2310 3786 2351 me-

2131 2385 2371 2457 tropolis
2402 2390 2490 2441 cst
2506 2385 2707 2441 civitas
2723 2387 2911 2457 Tyrus,
2937 2401 3066 2456 quae
3083 2384 3408 2456 appellatur
3423 2383 3658 2439 Hebraeo
3674 2383 3782 2454 Sy-

2131 2491 2311 2546 roqus
2342 2491 2609 2530 sermone
2639 2491 2743 2530 son
2773 2474 2934 2546 (Ἴης).
2971 2474 3037 2528 Et
3065 2474 3202 2546 quia
3234 2477 3404 2545 capta
3429 2470 3778 2538 Jerusalem,

2132 2564 2310 2619 etiam
2363 2564 2491 2635 ipsa
2539 2563 2737 2635 gavisa
2758 2568 2864 2628 est,
2897 2567 2953 2618 et
2986 2562 3290 2617 insultavit
3318 2577 3386 2617 ac
3415 2561 3597 2616 dixit:
3637 2563 3782 2617 Gon-

2129 2656 2318 2723 fractw
2333 2661 2458 2707 sunt
2468 2656 2640 2723 portae
2665 2650 3018 2724 populorum,
3039 2666 3144 2722 ego
3164 2655 3396 2722 portum
3411 2648 3784 2706 tutissimum

2133 2741 2336 2803 habeo,
2371 2739 2588 2811 illaque
2629 2741 2932 2805 subversa,
2979 2740 3050 2795 ad
3104 2755 3196 2794 me
3225 2739 3419 2796 omnis
3468 2737 3782 2794 multitudo

2134 2847 2414 2886 conversa
2444 2834 2552 2894 est,
2585 2846 2712 2900 qua:
2743 2829 2904 2884 illius
2935 2829 3244 2901 regebatur
3273 2827 3537 2893 arbitrio,
3563 2831 3622 2883 et
3644 2827 3786 2898 quia

2133 2919 2232 2974 illa
2252 2920 2483 2974 deserta
2500 2922 2608 2982 est,
2627 2917 2843 2973 idcirco
2865 2934 2970 2990 ego
2993 2917 3072 2972 im
3080 2915 3300 2989 plebor,
3326 2917 3445 2973 sive
3461 2933 3592 2988 qua
3611 2914 3785 2988 plena

2133 3007 2245 3062 fuit
2273 3012 2426 3072 ante,
2459 3007 2755 3079 redigetur
2786 3007 2844 3061 in
2867 3004 3266 3063 solitudinem.
3289 3003 3436 3069 Quia
3463 3005 3645 3077 igitur
3669 3004 3785 3060 ista

2135 3096 2351 3163 dixisti,
2384 3099 2441 3152 et
2460 3095 2646 3151 ruinis
2673 3094 3021 3164 Jerusalem,
3039 3111 3166 3166 qua
3191 3092 3522 3165 Deijudicio
3550 3097 3784 3166 propter

2135 3189 2369 3257 peccata
2392 3201 2498 3240 sua
2531 3185 2812 3240 subversa
2839 3189 2947 3254 est,
2979 3182 3300 3248 insultasti,
3333 3187 3640 3254 propterea
3667 3197 3782 3238 non

357 3269 649 3326 volentes.
684 3270 962 3327 Cretenses
983 3271 1346 3343 interpretati
1371 3278 1530 3338 sunt,
1563 3290 1695 3328 cum
1727 3278 1782 3328 et
1810 3273 2021 3346 Aquila
2052 3259 2094 3326 C
2134 3291 2236 3346 per
2258 3274 2520 3339 nuntios,
2555 3289 2657 3328 nec
2690 3290 2792 3345 per
2830 3271 3119 3344 quoslibet
3149 3271 3316 3338 alios,
3359 3272 3460 3327 sed
3505 3287 3610 3343 ego
3656 3269 3786 3343 ipse

359 3363 428 3416 .et
448 3360 859 3432 Symmachus,
883 3365 939 3416 et
961 3360 1279 3417 Theodotio
1303 3361 1497 3434 ipsum
1517 3363 1754 3418 verbum
1783 3363 2026 3418 Hebraei-

357 3465 506 3505 cum
535 3465 864 3504 cunaeer
897 3449 1174 3521 (armis),
1207 3451 1292 3506 vel
1326 3453 1713 3521 interfectores,
1740 3451 1829 3507 vel
1859 3453 2025 3508 inter-

371 3540 662 3609 fectionem
688 3540 1102 3607 verterint,non
1135 3538 1326 3595 solum
1354 3540 1410 3594 in
1445 3539 1710 3612 praesenti
1745 3540 1890 3607 loco,
1924 3541 2025 3598 sed

365 3626 549 3682 .etiam
569 3626 630 3682 in
654 3626 968 3699 Sophonia,
997 3627 1096 3683 ubi
1120 3633 1320 3683 contra
1335 3628 1672 3685 Palaestinos
1693 3630 1807 3685 ista
1827 3629 2029 3686 dicun-

357 3719 508 3772 tur:
543 3715 688 3772 Gaza
717 3716 930 3788 direpta
957 3719 1085 3783 erit,
1128 3720 1180 3773 et
1223 3719 1449 3773 Ascalon
1479 3720 1538 3773 in
1566 3719 1945 3790 perditionem,
1976 3727 2028 3775 et

373 3806 566 3862 Azanes
594 3806 670 3877 (a)
699 3811 754 3862 et
773 3806 1017 3863 Accaron
1039 3807 1488 3864 eradicabuntur.
1527 3809 1611 3863 Vae
1631 3809 2029 3864 habitatoribus

370 3893 616 3967 funiculi
629 3897 822 3964 maris,
841 3897 1042 3953 accolae
1057 3897 1370 3963 Cretarum,
1392 3897 1616 3953 verbum
1633 3898 1852 3953 Domini
1865 3915 2030 3971 super

371 3998 462 4038 vos
495 3982 716 4036 Comen
748 3985 898 4038 terra
925 3985 1397 4054 alienigenarum,
1420 3995 1473 4042 et
1501 3986 1814 4057 disperdam
1838 4005 1926 4044 vos
1955 4005 2030 4043 ex

373 4070 733 4136 habitatione,
767 4075 822 4126 et
839 4074 950 4128 erit
974 4073 1134 4128 Creta
1165 4076 1225 4128 in
1253 4075 1518 4145 pabulum
1535 4084 1832 4146 pastorum,
1863 4081 1915 4132 et
1939 4093 2030 4132 cu-

373 4159 482 4214 bile
509 4159 697 4214 ovium
726 4159 984 4232 (Saphon.
1019 4178 1085 4228 n,
1115 4162 1145 4216 ἆ
1196 4163 1392 4234 seqq.).
1453 4163 1521 4217 Et
1569 4162 1662 4217 hic
1705 4163 1861 4218 enim
1894 4181 2027 4220 cum

377 4247 760 4319 Septuaginta
790 4248 1004 4304 Cretam
1051 4250 1350 4313 verterint,
1407 4251 1593 4306 caeteri
1653 4251 2030 4309 translatores

373 4332 718 4409 ἄλεθρονμι.
741 4335 940 4412 κάῥρον
964 4338 982 4409 ]
1003 4381 1016 4406 ,
1041 4339 1100 4394 id
1124 4343 1212 4394 est
1242 4340 1702 4410 interfectionem,
1737 4342 1820 4396 vel
1843 4343 2030 4414 perdi~

353 4428 598 4494 tionem,
619 4425 982 4498 interpretati
1005 4431 1161 4482 sunt.
1191 4427 1272 4482 De
1305 4444 1420 4500 quo
1454 4429 1511 4484 in
1545 4431 1880 4501 supradicto
1905 4449 2030 4503 pro-

372 4514 570 4587 pheta,
605 4517 716 4570 Deo
747 4519 1076 4587 praestante,
1111 4517 1265 4589 quod
1315 4517 1484 4572 nobis
1534 4517 1722 4573 visum
1751 4524 1859 4585 est,
1892 4520 2034 4575 dixi-

2135 3380 2232 3419 ero
2263 3363 2571 3418 adversum
2621 3367 2696 3429 te,
2727 3361 2894 3432 Tyre,
2949 3367 3008 3416 et
3053 3361 3239 3416 instar
3287 3360 3572 3416 fluctuum
3603 3359 3786 3416 maris

2135 3452 2445 3507 ascendere
2464 3451 2670 3506 faciam
2692 3455 2895 3506 contra
2914 3453 2968 3505 te
2985 3448 3332 3521 Babylonios
3354 3465 3489 3504 cum
3511 3446 3783 3520 plurimis

2134 3538 2490 3604 nationibus,
2514 3555 2765 3609 quarum
2799 3538 2947 3596 295
2984 3537 3418 3608 Oppugnatione
3447 3535 3598 3592 muri
3621 3535 3708 3591 tui
3729 3538 3787 3592 et

2135 3633 2325 3684 turres
2357 3629 2750 3693 destruentur,
2807 3613 3098 3681 intentum
3150 3631 3214 3680 ut
3245 3641 3432 3697 usque
3485 3626 3557 3682 ad
3587 3623 3780 3692 solum

2136 3717 2464 3782 concidant,
2496 3721 2552 3771 et
2582 3714 2946 3787 pulvisillius
2970 3715 3227 3778 radatur,
3253 3713 3374 3770 sive
3396 3713 3455 3768 in
3490 3719 3788 3786 partesve.-

2135 3805 2253 3861 rias
2284 3804 2616 3869 ventilatur,
2640 3807 2696 3859 et
2725 3802 2808 3859 sic
2828 3802 3256 3870 humiliabitur,
3279 3807 3342 3858 ut
3363 3805 3536 3874 petra:
3556 3801 3786 3858 nitidis-

2137 3895 2300 3950 sima:
2330 3897 2736 3965 comparetur:
2769 3897 3048 3963 tantaque
3071 3891 3260 3948 eritin
3291 3891 3458 3960 urbe,
3489 3890 3785 3963 quondam

2137 3983 2632 4056 frequentissima,
2657 3981 2931 4047 solitudo,
2966 3987 3030 4036 ut
3049 3995 3276 4052 sagenae
3309 3979 3665 4052 piscatorum
3686 3996 3784 4036 ex-

2137 4072 2472 4144 pandantur
2501 4076 2557 4127 et
2577 4071 2869 4128 siccentur
2893 4071 2951 4125 in
2972 4068 3163 4127 medio
3182 4069 3329 4140 ejus.
3367 4069 3483 4142 Ego
3504 4069 3659 4125 enim
3678 4074 3790 4132 Do-

2138 4161 2335 4216 minus
2369 4159 2601 4215 locutus
2618 4177 2773 4225 sum,
2798 4161 2968 4230 cujus
2991 4159 3167 4214 verba
3190 4158 3356 4214 irrita
3372 4173 3502 4213 esse
3526 4173 3640 4212 non
3663 4173 3793 4228 pos-

2137 4253 2295 4319 sunt,
2328 4253 2385 4304 et
2400 4249 2626 4304 tradam
2650 4265 2778 4304 eam
2801 4248 2862 4302 in
2893 4248 3276 4320 direptionem
3293 4246 3586 4319 gentibus.
3613 4245 3797 4304 Filia-

2139 4353 2372 4410 quoque
2403 4338 2550 4407 ejus,
2591 4353 2717 4409 quae
2745 4342 2883 4393 sunt
2914 4337 2972 4392 in
3006 4354 3143 4410 agro
3178 4337 3298 4392 sive
3328 4335 3387 4391 in
3418 4350 3650 4406 campo,
3683 4334 3794 4402 hoc

2139 4433 2228 4484 est
2257 4428 2314 4482 in
2350 4425 2631 4482 Phainicis
2661 4425 2875 4494 littore,
2909 4427 3085 4482 urbes
3116 4432 3173 4481 et
3202 4425 3438 4498 oppida,
3479 4423 3590 4479 vici
3620 4429 3799 4494 atque

2141 4515 2819 4572 castellainterﬁcientur
2837 4514 3030 4588 gladio
3055 4533 3067 4570 :
3094 4512 3558 4586 metaphoriccbs,
3574 4511 3715 4585 quia
3726 4511 3798 4569 ﬁ-

369 4602 712 4694 mus.iUnde
737 4607 794 4659 et
815 4605 1064 4660 duarum
1089 4604 1384 4679 legionum
1416 4606 1618 4674 David,
1643 4625 1890 4679 quarum
1914 4627 2032 4666 una
2061 4631 2108 4694 Β
2140 4607 2248 4663 lias
2273 4604 2602 4678 appellavit,
2627 4604 3088 4661 interfectionem
3115 4603 3576 4694 ponitgladii,ut
3595 4617 3796 4660 rerum

365 4693 774 4766 appellabatur
799 4693 1066 4765 Phelethi,
1099 4698 1156 4749 et
1185 4694 1368 4750 altera
1397 4696 1616 4752 Cerethi
1637 4701 1657 4764 (
1674 4697 1717 4752 ll
1745 4699 1870 4768 Reg.
1903 4701 2019 4771 xv),

364 4781 574 4838 ultima
604 4782 676 4838 ab
706 4799 772 4838 eo
805 4783 963 4854 quod
1017 4783 1413 4839 interficerent
1461 4788 1633 4854 atque
1656 4784 2018 4858 jugularent,

359 4871 649 4927 Clioretim
676 4872 778 4943 [Al
799 4873 1129 4943 Cheretim],
1155 4872 1261 4927 hoc
1291 4877 1398 4940 est,
1425 4875 1837 4943 interfectorum
1867 4877 2020 4933 294

368 4975 580 5014 nomen
606 4960 845 5032 accepit.
868 4960 1180 5032 Perditque
1210 4961 1494 5017 Dominus
1517 4979 1721 5019 omnes
1743 4963 2021 5036 reliquias

363 5046 676 5103 maritimis
709 5049 986 5120 regionis,
1017 5066 1145 5121 qua:
1177 5048 1351 5105 salsis
1378 5051 1501 5122 [AL
1539 5051 1720 5123 falsa]
1753 5053 2022 5109 tunditur

367 5133 669 5205 ﬂuctibus,
694 5142 750 5192 et
766 5138 1054 5195 vindictas
1076 5155 1190 5194 non
1212 5155 1444 5210 parvas,
1465 5140 1566 5195 sed
1592 5157 1834 5214 magnas
1854 5143 2022 5199 faciet

367 5223 428 5280 in
457 5225 676 5292 furore,
711 5231 776 5280 ut
801 5227 958 5283 furor
985 5229 1114 5298 ejus
1142 5228 1318 5282 ﬁnem
1345 5227 1556 5284 habeat
1585 5229 2016 5297 misericordiae,

369 5319 426 5369 et
454 5319 766 5387 postquam
798 5314 1080 5372 ultionem
1114 5317 1330 5385 fecerit,
1355 5333 1606 5390 arguens
1638 5334 1771 5373 eum
1803 5317 2016 5392 furore,

363 5407 507 5460 tunc
536 5408 890 5477 cognoscant
914 5404 1229 5469 Palaestini,
1261 5407 1416 5477 quod
1449 5407 1576 5480 ipse
1604 5407 1680 5462 sit
1712 5407 2014 5465 Dominus.

423 5633 770 5709 .(a_)Supplet
783 5635 1076 5709 Victorius
1091 5653 1161 5694 ex
1174 5637 1303 5709 ipso
1314 5636 1420 5691 τῶν
1438 5637 1577 5694 LXX
1597 5642 1756 5696 textu
1773 5642 1844 5698 ad
1862 5641 2020 5700 hunc

368 5704 729 5770 medum'iet
755 5707 952 5768 Azotus
1002 5710 1063 5767 in
1113 5704 1348 5767 meridie
1394 5710 1660 5782 elicietur
1685 5715 1743 5770 et
1768 5713 2019 5776 Accam

2152 4697 2269 4752 fine
2300 4699 2656 4767 cognoscant
2686 4710 2918 4750 meesse
2933 4695 3246 4759 Dominun,
3271 4691 3798 4764 quiﬁeriistapra-

2130 4785 2276 4856 cepi.
2307 4785 2498 4839 Potest
2519 4783 2690 4852 juxta
2720 4782 3103 4855 tropologiam
3137 4783 3279 4853 quia
3298 4798 3403 4838 sor
3433 4797 3645 4837 nomen
3678 4780 3786 4837 He-

2131 4873 2393 4930 braicum
2415 4873 2660 4927 vertitur
2706 4872 2763 4927 in
2811 4873 3144 4942 angustiam,
3187 4871 3382 4926 omnis
3413 4871 3614 4928 anima
3659 4885 3792 4941 qua

2131 4962 2664 5034 perturbationibus
2696 4966 2978 5032 occupata
3015 4964 3125 5025 est,
3159 4961 3269 5015 Sor
3313 4959 3620 5032 appellari,
3653 4975 3790 5030 quae

2130 5051 2363 5123 quando
2393 5050 2601 5106 viderit
2629 5067 2732 5121 pro
2762 5050 2886 5106 suis
2907 5049 3062 5106 vitiis
3093 5053 3271 5120 atque
3291 5048 3540 5122 peccatis
3571 5047 3674 5103 Dei
3692 5047 3796 5118 ju-

2129 5140 2279 5196 dicio
2310 5139 2566 5196 subverti
2586 5138 2931 5209 Jerusalem,
2951 5139 3009 5194 in
3024 5156 3140 5210 qua
3162 5139 3272 5194 fuit
3291 5137 3584 5210 templum
3612 5141 3795 5209 etpa-

2129 5231 2213 5286 cis
2246 5229 2409 5296 visio,
2443 5227 2698 5284 exsultat
2728 5233 2786 5284 et
2813 5229 2882 5284 ad
2917 5245 2982 5284 se
3012 5228 3354 5300 putaturbis
3367 5227 3664 5299 quondam
3693 5225 3794 5284 in-

2129 5319 2294 5392 clytae
2319 5317 2628 5390 imperium
2650 5317 3321 5382 transferendum.Quod
3338 5317 3465 5373 etin
3478 5315 3796 5384 contrariis

2129 5407 2504 5481 dogmatibus
2553 5406 2858 5479 accipitur,
2921 5413 2978 5463 et
3044 5407 3101 5463 iu
3169 5406 3510 5465 hominibus
3561 5403 3797 5474 saeuli,

2127 5639 2499 5697 eradicabitur

2204 5712 2282 5792 (b)
2310 5711 2530 5771 Vitiosa
2558 5714 2682 5770 erat
2711 5710 2927 5773 tradam
2957 5728 3061 5790 pro
3090 5711 3308 5772 rudem.
