3996 6182
289 345 406 414 ut

902 349 1642 415 COMMENTARIORUM
1690 350 1767 412 ΙΝ
1815 349 2312 413 EZECHlELEM
2363 350 2506 413 LIB.
2555 348 2628 413 V.
2674 347 2846 414 CAP.
2887 345 3113 416 XXVI.

3593 349 3709 414 2]ιὲ

288 481 1106 557 quandoviderinthominem
1124 489 1394 543 sanctum
1413 501 1515 558 per
1531 484 1942 558 negligentiam
1973 485 2029 552 Α
2057 482 2252 541 littore
2285 483 2552 542 civitates
2572 487 2631 540 et
2651 482 2889 541 castella
2910 484 3230 555 subvertet,
3262 486 3319 543 et
3341 486 3543 559 postea
3562 483 3715 544 obsi-

292 589 427 630 esse
457 573 799 646 prolapsum
831 580 887 628 et
906 576 1165 648 gaudent
1185 580 1241 631 et
1262 575 1578 644 exsultant,
1614 574 1781 646 quasi
1806 573 1945 629 alio-

285 680 425 718 rum
450 663 648 731 ruina,
669 681 776 719 sua
813 665 893 719 sit
933 665 1298 721 resurrectio.
1336 663 1947 736 ProptereaDominus

280 752 709 817 comminatur,
723 753 878 824 quod
900 752 1025 824 ipse
1041 760 1243 809 contra
1257 753 1662 824 hujuscemodi
1680 751 1946 808 homines

281 840 549 909 dimicet,
583 845 639 895 et
667 842 982 897 ascendere
1014 841 1188 897 faciat
1217 847 1419 898 contra
1445 859 1543 897 eos
1565 841 1750 896 instar
1772 840 1946 896 mari-

281 946 500 985 norum
535 929 823 984 ﬂuctuum
855 929 1140 1001 plurimas
1171 929 1458 997 nationes,
1493 947 1620 1001 quae
1643 930 1949 985 destruant

279 1016 342 1073 in
364 1017 454 1072 eis
478 1017 770 1089 quidquid
797 1017 1260 1074 munitissimum
1283 1023 1340 1074 et
1361 1020 1600 1074 ﬁrmum
1622 1019 1870 1086 videtur,
1890 1023 1947 1073 et

282 1106 368 1162 ita
397 1107 602 1162 omnia
631 1122 835 1163 eorum
857 1114 1205 1180 argumenta
1229 1110 1550 1179 subvertet,
1587 1113 1649 1162 ut
1671 1108 1729 1162 in
1754 1107 1949 1180 pulve-

283 1213 409 1252 rem
423 1196 789 1268 redigantur.
805 1197 1059 1268 Sagenas
1078 1214 1309 1268 quoque
1325 1201 1380 1252 et
1393 1197 1537 1252 retia
1552 1197 1766 1269 quibus
1784 1196 1948 1269 prius

283 1285 591 1357 deceptam
616 1285 1060 1341 multitudinem
1080 1287 1480 1359 piscabantur,
1501 1290 1731 1342 cessare
1751 1285 1943 1351 faciat,

279 1379 340 1430 et
371 1375 432 1428 in
462 1375 711 1430 desertae
743 1374 905 1430 urbis
937 1373 1081 1443 solo,
1130 1376 1379 1448 expandi
1417 1381 1590 1447 atque
1621 1375 1847 1442 siccari,
1881 1380 1948 1430 ut

284 1479 394 1535 pro
421 1462 548 1520 illis
577 1462 680 1519 alii
711 1464 960 1519 subeant
990 1465 1328 1535 piscatores,
1381 1481 1528 1536 quos
1558 1464 1844 1520 Dominus
1876 1464 1945 1519 ad

286 1552 643 1625 piscandum
669 1552 852 1607 misit.
876 1553 985 1608 Sed
1013 1557 1067 1608 et
1090 1552 1241 1609 ﬁlias
1262 1555 1414 1625 ejus,
1439 1570 1566 1624 qua
1591 1554 1755 1625 prius
1780 1552 1949 1624 quasi

289 1641 625 1696 inthalamo
640 1641 1109 1704 servabantur,et
1119 1659 1221 1714 pro
1238 1643 1500 1715 mysticis
1517 1641 1949 1699 secretioribus-

289 1745 408 1800 que
433 1727 724 1784 doctrinis
754 1728 897 1784 nulli
931 1729 1098 1784 facile
1126 1731 1536 1796 credebantur,
1571 1747 1948 1803 processuras

278 1817 833 1890 pmtrahendasque
865 1817 924 1872 in
957 1818 1283 1890 publicum,
1315 1823 1374 1875 et
1397 1819 1802 1875 Ecclesiastico
1824 1837 1949 1875 mu-

284 1923 465 1963 crone
497 1907 888 1975 truncandas,
935 1913 1000 1963 ut
1028 1907 1360 1982 intelligant
1389 1909 1544 1981 quod
1575 1909 1701 1981 ipse
1735 1908 1810 1963 sit
1839 1909 1947 1963 Do-

282 1997 515 2065 minus,
548 1995 652 2067 qui
683 2000 743 2052 et
768 1996 1095 2052 Jerusalem
1125 2014 1226 2069 pro
1249 1999 1501 2069 peccatis
1524 2015 1839 2070 parumper
1861 2014 1951 2053 re-

269 2084 478 2157 liquit,
513 2091 574 2140 et
603 2086 739 2157 Tyri
768 2102 870 2157 pro
895 2086 1272 2142 insultatione
1297 2088 1426 2158 ejus
1449 2092 1504 2142 et
1525 2088 1736 2159 gaudio
1760 2086 1951 2142 muni-

277 2180 484 2230 menta
521 2174 838 2230 destruxit.

359 2263 522 2320 296
555 2263 742 2334 (Vere.
773 2264 808 2317 6
839 2265 1029 2335 seqq.)
1062 2263 1201 2330 Quia
1229 2265 1342 2319 haec
1379 2263 1510 2319 dicit
1542 2266 1803 2320 Dominus
1833 2264 1947 2336 (a):

283 2353 423 2408 Ecce
447 2368 552 2423 ego
581 2352 851 2408 abducam
881 2352 951 2407 ad
985 2355 1189 2424 Tyrum
1239 2353 1381 2424 (sive
1411 2355 1482 2409 ad
1512 2363 1564 2409 te
1593 2355 1722 2425 son)
1761 2354 1950 2409 Nabu-

281 2440 622 2498 chodonosor
641 2457 824 2511 regem
835 2441 1136 2513 Babylonis
1153 2443 1228 2498 ab
1243 2442 1531 2514 Aquilone,
1545 2459 1725 2514 regem
1737 2459 1947 2513 regum,

274 2548 408 2586 cum
435 2532 612 2602 equis,
649 2539 699 2586 et
715 2532 993 2598 curribus,
1025 2535 1074 2586 et
1091 2533 1382 2603 equitibus,
1414 2537 1464 2588 et
1484 2537 1626 2587 cwtu
1643 2533 1952 2604 populoque

275 2636 520 2693 magno.
554 2619 736 2674 Filias
764 2628 906 2687 tuas,
941 2637 1059 2692 qua
1089 2624 1216 2676 sunt
1249 2623 1307 2675 in
1336 2637 1487 2693 agro,
1519 2621 1702 2692 gladio
1732 2621 1949 2690 interﬁ-

275 2712 407 2776 ciat,
431 2713 484 2764 et
505 2708 870 2764 circumdabit
887 2712 940 2764 te
955 2711 1377 2779 munitionibus,
1400 2715 1451 2766 et
1475 2711 1837 2782 comportabit
1857 2727 1949 2778 ag-

273 2813 465 2868 gerem
488 2799 552 2852 in
568 2813 724 2868 gyro,
744 2802 794 2852 et
818 2799 1018 2853 levabit
1040 2803 1233 2854 contra
1251 2807 1302 2854 te
1315 2799 1584 2871 clypeum,
1609 2803 1658 2855 et
1675 2801 1882 2867 vineas,
1899 2801 1949 2853 et

277 2889 490 2943 arietes
503 2886 650 2958 (sive
669 2887 907 2958 lanceas)
919 2888 1242 2958 temperabit
1262 2889 1319 2943 in
1336 2905 1522 2943 muros
1541 2893 1682 2955 tuos,
1701 2898 1750 2945 et
1768 2893 1947 2946 turres

275 2986 405 3033 tua:
416 2975 661 3031 destruet
671 2977 732 3030 in
745 2985 1042 3031 armatura
1051 2992 1149 3031 sua
1159 3018 1171 3030 .
1188 2977 1547 3032 lnundatione
1556 2993 1817 3049 equorum
1829 2980 1945 3049 ejus

276 3066 492 3137 aperiet
522 3072 571 3120 te
594 3065 783 3137 pulvis
811 3067 1086 3131 eorum,‘a
1109 3067 1290 3121 sonitu
1311 3068 1578 3137 equitum,
1609 3075 1658 3121 et
1678 3071 1943 3145 rotarum,

276 3159 332 3212 et
352 3170 634 3210 curruum
651 3154 1011 3210 movebuntur
1027 3157 1179 3209 muri
1199 3156 1301 3221 tui,
1324 3155 1456 3210 dum
1482 3157 1754 3226 ingressus
1771 3157 1942 3226 fuerit

2057 573 2180 628 deri
2204 575 2378 629 faciat
2399 575 2638 646 Tyrum,
2659 573 2947 646 valletque
2971 591 3098 631 eam
3119 575 3391 643 exercitu,
3409 581 3466 632 et
3479 592 3710 650 aggere,

2059 668 2115 718 et
2139 664 2587 729 munitionibus,
2611 663 2914 736 vineisque
2940 665 3041 730 [Αἱ.
3067 665 3420 738 clypeisque]
3447 670 3502 721 et
3523 665 3714 721 arieti-

2058 752 2169 808 bus
2198 754 2503 824 impugnet
2535 770 2736 808 muros
2757 757 2813 808 et
2844 755 3130 819 destruat,
3154 760 3210 810 et
3229 760 3392 810 tanta
3422 755 3498 810 sit
3520 754 3714 810 multi-

2058 843 2198 897 tudo
2230 842 2495 914 equitum
2527 844 2677 912 ejus,
2719 847 2783 896 ut
2811 841 3048 913 pulvere
3079 843 3396 914 equitatus,
3428 848 3486 899 et
3515 843 3710 899 sonitu

2059 930 2344 987 ululantis
2395 931 2704 999 exercitus,
2755 935 3134 1003 rotarumque
3181 933 3428 1004 strepitu
3469 937 3526 988 et
3556 933 3706 988 291

2057 1037 2341 1092 equorum
2373 1021 2627 1086 hinnitu,
2664 1021 2827 1076 urbis
2855 1021 3234 1077 fundamenta
3255 1026 3622 1092 moveantur,
3651 1025 3710 1076 et

2055 1109 2140 1165 sic
2170 1110 2533 1182 ingrediatur
2553 1110 2848 1166 civitatem
2871 1110 3172 1181 dissipatis
3198 1109 3405 1179 muris,
3439 1111 3609 1183 quasi
3625 1111 3706 1166 de

2058 1216 2262 1270 campo
2304 1215 2545 1254 securus
2591 1199 2949 1272 ingrediens,
3001 1202 3280 1270 tantaque
3322 1199 3607 1255 securitas
3632 1200 3711 1254 sit

2058 1287 2341 1343 vincentis
2362 1288 2671 1355 exercitus,
2694 1292 2759 1344 ut
2779 1288 3002 1360 plateas
3025 1289 3159 1360 Tyri
3177 1287 3522 1345 conculcent
3537 1301 3711 1359 equo-

2060 1393 2190 1432 rum
2211 1375 2464 1449 ungulae,
2486 1382 2543 1432 et
2558 1376 2750 1432 omnis
2768 1376 3020 1449 populus
3036 1376 3094 1432 in
3116 1377 3306 1432 medio
3324 1381 3560 1434 corruat
3583 1377 3713 1433 civi-

2057 1465 2217 1533 tatis,
2241 1470 2524 1522 etstatuae
2547 1467 2844 1536 quondam
2869 1466 3114 1536 nobiles,
3139 1466 3260 1521 sive
3281 1466 3552 1522 universa
3575 1466 3712 1522 sub-

2060 1555 2274 1610 stantia
2292 1556 2348 1609 in
2369 1561 2580 1610 terram
2604 1559 2858 1625 corruat,
2880 1555 3144 1626 nihilque
3161 1555 3544 1628 pristinarum
3566 1556 3710 1610 divi-

2057 1645 2274 1699 tiarum
2307 1645 2366 1698 in
2399 1649 2730 1717 expugnata
2754 1645 2898 1699 urbe
2925 1649 3208 1710 servetur,
3241 1645 3341 1701 sed
3365 1661 3498 1700 cum
3523 1645 3712 1701 muris

2063 1733 2272 1789 domus
2304 1750 2537 1806 quoque
2568 1732 2793 1789 nobiles
2825 1734 3225 1800 destruantur,
3257 1738 3313 1789 et
3341 1737 3504 1790 tanta
3531 1733 3608 1789 sit
3635 1733 3714 1789 vi-

2061 1828 2285 1879 ctorum
2305 1823 2544 1889 szevitia,
2566 1827 2630 1877 ut
2645 1822 2806 1895 ligna
2821 1823 3141 1894 etlapides,
3162 1823 3264 1896 qui
3281 1823 3498 1879 residui
3519 1823 3716 1880 incen-

2063 1913 2158 1968 dio
2182 1911 2418 1978 fuerint,
2443 1912 2502 1967 in
2527 1912 2785 1967 medium
2811 1929 2970 1968 mare
2994 1912 3401 1983 projiciantur,
3423 1918 3480 1968 et
3492 1912 3581 1967 vel
3607 1913 3716 1968 Na-

2063 2001 2536 2069 buchodonosor,
2585 2000 2670 2056 vel
2721 2001 2846 2072 ipse
2895 2001 3179 2057 Dominus
3211 2001 3509 2074 quiescere
3540 2001 3716 2057 faciat

2063 2091 2394 2146 universam
2427 2089 2589 2144 urbis
2620 2089 2905 2156 laetitiam,
2951 2106 3070 2161 qua
3100 2089 3265 2160 prius
3293 2089 3352 2143 in
3385 2088 3629 2145 canticis
3659 2092 3717 2144 et

2063 2179 2357 2253 psalteriis
2388 2179 2758 2250 personabat,
2792 2182 2848 2232 et
2879 2179 2950 2233 ad
2981 2177 3172 2234 solum
3198 2195 3386 2251 usque
3410 2179 3714 2249 subversa,

2063 2269 2140 2324 sit
2160 2267 2396 2324 siccatio
2419 2283 2790 2339 sagenarum.
2824 2267 3105 2339 Quodque
3127 2267 3428 2339 sequitur:
3463 2268 3578 2323 Non
3597 2267 3713 2323 edi-

2060 2359 2308 2430 ﬁcaberis
2336 2358 2502 2422 ultra,
2528 2356 2759 2411 videtur
2780 2356 2966 2411 facere
2988 2357 3392 2427 quaestionem,
3417 2356 3711 2428 quomodo

2061 2464 2176 2502 non
2209 2448 2284 2502 sit
2316 2446 2617 2510 aedificata,
2665 2461 2841 2515 quam
2888 2445 3061 2500 hodie
3090 2445 3389 2501 cernimus
3419 2444 3712 2500 thnicis

2059 2534 2488 2592 nobilissimam
2523 2538 2577 2588 et
2612 2532 3070 2604 pulcherrimam
3115 2533 3430 2588 civitatem.
3483 2534 3564 2589 Ex
3594 2549 3710 2605 quo

2061 2625 2301 2697 quidam
2332 2624 2538 2678 volunt
2568 2621 2628 2677 in
2662 2621 2868 2677 ultimo
2900 2626 3160 2693 tempore
3190 2622 3313 2678 haec
3337 2622 3554 2694 Tyrum
3582 2637 3710 2677 esse

2060 2730 2388 2787 passuram,
2415 2729 2542 2784 quae
2575 2717 2776 2782 postea
2798 2727 2913 2765 non
2941 2710 3017 2765 sit
3037 2711 3400 2768 aedificanda.
3425 2711 3532 2767 Sed
3563 2726 3708 2783 quo-

2059 2804 2230 2860 modo
2253 2801 2792 2858 Nabuchodonosor
2815 2816 3126 2872 personam
3149 2816 3380 2855 servare
3404 2803 3704 2871 poterunt:

2057 2891 2378 2965 praesertim
2394 2907 2528 2946 cum
2544 2889 2811 2962 legamus
2825 2889 2882 2943 in
2898 2889 3395 2960 consequentibus
3406 2887 3710 2944 Nabucho-

2055 2983 2309 3038 donosor
2329 2995 2703 3052 oppugnasse
2724 2979 2964 3050 Tyrum,
2997 2982 3054 3033 et
3078 2977 3262 3033 labori
3284 2978 3376 3034 sui
3405 2994 3518 3033 non
3543 2992 3706 3033 acce-

2056 3070 2212 3141 pisse
2243 3068 2607 3124 mercedem:
2661 3072 2717 3122 et
2764 3072 3069 3138 propterea
3098 3065 3250 3121 tradi
3293 3066 3344 3122 ei
3375 3069 3704 3139 Egyptum.

2055 3158 2195 3229 quia
2227 3157 2321 3212 Dei
2355 3155 2654 3211 sententiae
2686 3156 2744 3210 in
2775 3155 2906 3226 Tyri
2939 3154 3374 3227 oppugnatione
3406 3153 3706 3211 servierit?

273 3248 470 3316 portas
513 3249 644 3298 tuas
682 3243 843 3315 quasi
865 3259 968 3314 per
997 3245 1286 3299 introztum
1317 3246 1467 3300 urbis
1493 3244 1769 3316 dissipata:
1799 3245 1940 3316 (sive
1970 3231 2014 3296 C
2053 3247 2283 3303 Graecas
2298 3245 2703 3301 etPhaenicum
2719 3242 3701 3315 maximequeNicolaiDamasceni,

276 3335 445 3406 quasi
473 3332 797 3402 ingrediens
827 3333 1019 3388 urbem
1045 3332 1110 3388 de
1137 3333 1370 3404 campo).
1418 3333 1653 3402 Ungulis
1683 3351 1946 3406 equorum

278 3439 512 3480 suorum
535 3422 875 3477 conculcabit
892 3437 1076 3476 omnes
1088 3423 1308 3494 plateas
1331 3427 1452 3477 tuas
1471 3439 1483 3476 ε
1505 3423 1770 3494 papulum
1789 3431 1945 3478 tuum

277 3511 468 3583 gladio
493 3510 684 3577 caedet,
714 3513 764 3565 et
792 3514 1000 3567 statuae
1027 3520 1132 3566 tuae
1152 3511 1358 3566 nobiles
1389 3513 1445 3566 in
1470 3521 1672 3568 terram
1691 3521 1945 3568 corruent

277 3601 430 3673 (sive
456 3601 826 3655 substantiam
847 3599 1192 3668 fortitudinis
1214 3606 1332 3656 tua?
1354 3601 1414 3654 in
1441 3603 1650 3655 terram
1677 3601 1941 3670 deducet).

287 3689 594 3746 Yastabunt
625 3687 766 3759 (sive
791 3687 1046 3759 vastabit)
1077 3704 1199 3759 opes
1229 3696 1372 3758 tuas,
1406 3689 1674 3760 diripient
1700 3691 1945 3760 negotia-

282 3781 461 3835 tiones
510 3781 639 3833 tuas
685 3777 829 3848 (sive
858 3777 1115 3848 spoliabit
1144 3779 1511 3832 substantiam
1558 3780 1734 3850 tuam)
1781 3781 1829 3834 et
1859 3778 1947 3834 de-

279 3874 504 3924 struent
531 3865 646 3935 (vel
688 3865 943 3937 destruet)
975 3882 1160 3921 muros
1189 3875 1333 3936 tuas,
1363 3875 1415 3922 et
1441 3866 1622 3922 domos
1651 3872 1774 3923 tuas
1796 3883 1946 3939 prae-

280 3959 467 4014 claras
487 3954 636 4023 (sive
656 3955 1065 4026 desiderabiles)
1094 3955 1398 4011 subvertent
1418 3955 1561 4026 (sive
1582 3956 1768 4028 vertet)
1798 3965 1850 4011 et
1872 3957 1950 4010 la-

277 4045 434 4118 pides
456 4053 581 4101 tuos
600 4052 653 4100 et
673 4045 833 4117 ligna
848 4047 945 4099 tua
965 4049 1017 4099 et
1035 4045 1318 4115 pulverem
1337 4047 1496 4100 tuum
1512 4047 1571 4100 in
1591 4045 1768 4101 medio
1784 4062 1948 4117 aqua-

281 4151 418 4189 rum
434 4139 645 4206 ponent
672 4134 817 4204 (sive
836 4134 1013 4188 medio
1042 4135 1214 4188 maris
1244 4134 1503 4205 injiciet.)
1532 4138 1601 4190 Et
1619 4136 1951 4205 requiescere

282 4225 498 4293 faciam
515 4222 935 4278 multitudinem
950 4231 1237 4277 cantorum
1254 4221 1445 4294 [Vulg.
1461 4225 1819 4294 canticorum]
1839 4231 1949 4280 tuo-

284 4330 413 4368 rum
434 4312 587 4384 (sive
610 4312 882 4367 destruam
905 4310 1315 4366 multitudinem
1336 4313 1671 4367 musicorum
1687 4312 1948 4384 tuorum),

284 4411 338 4458 α
357 4403 580 4458 sonitus
601 4400 944 4455 citliararum
965 4403 1187 4454 tuarum
1205 4400 1347 4470 (sive
1359 4415 1464 4456 vox
1479 4417 1819 4470 organorum
1839 4411 1953 4457 tuo-

284 4491 436 4562 rum)
449 4507 570 4545 non
586 4490 846 4545 audietur
861 4489 1120 4560 amplius.
1133 4490 1200 4544 Et
1214 4489 1352 4544 dabo
1366 4492 1417 4545 te
1434 4491 1489 4544 in
1507 4489 1953 4562 limpidissimam

2055 3341 2111 3392 et
2133 3335 2282 3392 alias
2303 3335 2688 3390 Barbarorum
2715 3332 2879 3388 aiunt
2904 3349 2984 3404 se,
3010 3333 3110 3404 qui
3129 3333 3266 3388 huic
3288 3332 3542 3389 historiae
3563 3349 3700 3388 con-

2054 3425 2369 3490 tradicunt,
2393 3423 2605 3494 legisse
2624 3421 2920 3489 historias,
2950 3428 3006 3477 et
3027 3421 3172 3477 nihil
3199 3438 3377 3493 super
3396 3437 3701 3493 oppugna-

2055 3515 2210 3569 tione
2234 3531 2267 3568 a
2287 3511 2572 3568 Chaldaeis
2599 3511 2893 3566 invenisse
2912 3511 3092 3582 Tyriae
3115 3509 3386 3575 civitatis,
3409 3526 3542 3565 cum
3567 3526 3700 3581 pro-

2041 3604 2193 3658 'bare
2214 3601 2511 3674 possimus
2529 3599 2713 3654 multa
2735 3599 2846 3654 dici
2871 3599 2929 3654 in
2952 3599 3272 3670 Scripturis
3297 3599 3465 3667 facta,
3491 3614 3622 3671 quae
3639 3597 3701 3653 in

2056 3691 2269 3747 Graecis
2285 3688 2682 3744 voluminibus
2700 3704 2814 3742 non
2833 3687 3231 3755 inveniantur;
3250 3702 3354 3743 nec
3372 3688 3579 3742 debere
3596 3702 3704 3741 nos

2057 3796 2260 3836 eorum
2283 3776 2614 3833 auctoritati
2637 3776 3031 3848 acquiescere,
3050 3791 3298 3846 quorum
3321 3775 3628 3846 perfidiam
3648 3777 3707 3829 et

2058 3866 2361 3924 mendacia
2384 3866 2762 3921 detestamur.
2796 3864 2993 3919 Potest
3013 3880 3148 3934 ergo
3175 3863 3329 3935 quod
3351 3861 3585 3928 dicitur,
3606 3877 3705 3918 nec

2059 3956 2418 4026 cediﬁcaberis
2444 3954 2612 4019 ultra,
2637 3953 2721 4008 sic
2746 3952 2953 4024 accipi,
2976 3952 3130 4024 quod
3158 3967 3528 4024 nequaquam
3552 3950 3709 4008 ultra

2060 4047 2138 4103 sit
2169 4045 2369 4116 regina
2399 4041 2770 4115 populorum,
2807 4058 2910 4096 nec
2941 4041 3242 4113 proprium
3274 4040 3490 4097 habeat
3518 4041 3597 4096 im
3608 4055 3706 4113 pe-

2063 4136 2240 4201 rium,
2255 4131 2548 4206 quomodo
2565 4130 2772 4187 habuit
2788 4130 2900 4186 sub
2913 4130 3112 4186 Hiram
3133 4135 3189 4186 et
3205 4129 3424 4186 caeteris
3441 4129 3708 4202 regibus;

2059 4225 2161 4279 sed
2192 4221 2280 4278 vel
2309 4219 2614 4290 Chaldaeis,
2647 4217 2734 4274 vel
2765 4218 3202 4289 Macedonibus,
3241 4217 3328 4275 vel
3363 4217 3709 4285 Ptolemaeis,

2061 4317 2120 4368 et
2149 4313 2220 4367 ad
2253 4315 2614 4382 postremum
2668 4308 2946 4364 Romanis
2998 4307 3235 4379 regibus
3278 4307 3564 4363 servitura
3607 4305 3706 4360 sit.

2063 4400 2217 4456 Nulli
2240 4405 2436 4455 autem
2459 4398 2802 4469 ambiguum
2826 4397 2990 4468 juxta
3009 4412 3308 4468 anagogen
3331 4393 3711 4450 Nabuchodo-

2061 4507 2237 4546 nosor
2267 4505 2460 4560 regem
2484 4485 2817 4558 Babylonis,
2844 4485 2945 4557 qui
2975 4486 3134 4541 venit
3155 4485 3228 4540 ab
3257 4483 3561 4556 Aquilone,
3593 4483 3711 4539 dia-

283 4579 436 4652 (sive
467 4578 891 4649 nitidissimam)
917 4582 1153 4649 petram.
1183 4579 1424 4634 Siccatio
1461 4595 1791 4648 sagenarum
1821 4581 1950 4651 eris,
1983 4595 2029 4660 Β
2061 4577 2260 4635 bolum
2284 4574 2553 4646 intelligi,
2579 4576 2822 4628 ouicum
2847 4573 2925 4628 sit
2953 4579 3162 4628 ventus
3185 4571 3542 4628 durissimus
3561 4575 3618 4626 et
3637 4569 3711 4625 si-

286 4685 386 4726 nce
407 4667 781 4739 zdiﬁcaberis
809 4669 975 4735 ultra,
1010 4669 1140 4739 quia
1159 4683 1252 4738 ego
1284 4667 1493 4722 locutus
1522 4684 1661 4734 sum,
1693 4667 1829 4723 dicit
1847 4669 1946 4724 Do-

290 4761 480 4814 minus
503 4758 662 4814 Deus.
692 4755 1013 4828 Utramque
1040 4756 1357 4811 editionem
1380 4773 1446 4811 ex
1471 4772 1632 4811 more
1651 4757 1946 4827 conjunxi,

290 4853 351 4904 et
389 4848 452 4903 in
492 4845 711 4920 quibus
740 4845 1094 4917 discrepant,
1126 4861 1195 4899 ex
1224 4844 1405 4900 latere
1436 4844 1723 4916 copulavi,
1757 4845 1946 4900 brevi-

292 4936 398 4992 tuti
410 4934 783 4991 voluminum
803 4933 1132 5006 providens.
1149 4933 1298 5006 Ergo
1317 4934 1470 5005 quod
1485 4934 1730 5001 dixerat,
1745 4937 1954 4989 Ascen-

2061 4667 2261 4730 nister,
2322 4663 2558 4720 nomine
2616 4663 2805 4717 dexter
2859 4664 3118 4727 vocatur,
3177 4675 3540 4732 praesumens
3595 4658 3708 4714 sibi

2061 4755 2319 4811 nominis
2341 4752 2773 4824 dignitatem,et
2791 4755 2880 4806 est
2895 4767 2994 4805 rex
3014 4765 3218 4820 regum
3248 4748 3398 4805 298
3423 4745 3712 4803 omnium-

2062 4859 2174 4916 que
2210 4857 2548 4913 regnorum,
2594 4855 2720 4910 quae
2752 4837 3006 4893 ostendit
3033 4836 3300 4905 Domino,
3347 4835 3609 4907 dixitque
3637 4835 3710 4890 ad

2061 4947 2193 4989 eum
2217 4948 2230 4986 :
2265 4932 2392 4988 Haec
2420 4930 2607 4984 omnia
2635 4929 2779 4982 mihi
2807 4926 3010 4982 tradita
3037 4929 3187 4996 sunt,
3220 4941 3340 4996 qua
3367 4924 3506 4980 dabo
3531 4923 3636 4979 tibi
3662 4925 3714 4980 si

294 5026 432 5082 dere
485 5024 696 5080 faciam
744 5024 818 5078 ad
865 5027 923 5078 te
971 5026 1172 5094 gentes
1225 5020 1442 5077 multas
1491 5021 1643 5076 sicut
1691 5021 1954 5077 ascendit
2057 5021 2347 5094 procidens
2393 5018 2706 5074 adoraveris
2756 5031 2842 5070 me
2885 5015 3093 5086 (Matth.
3140 5031 3216 5086 1v,
3264 5013 3340 5086 9).
3395 5014 3510 5070 Iste
3539 5012 3714 5069 habet

295 5130 461 5172 mare
494 5113 809 5181 ﬂuctuans,
841 5116 899 5168 et
929 5112 1038 5168 erit
1067 5112 1256 5184 Tyrus
1276 5110 1336 5166 in
1359 5111 1747 5183 direptionem
1771 5110 1955 5183 genti-
2063 5124 2247 5180 equos
2291 5111 2348 5162 et
2391 5122 2620 5173 currus,
2673 5105 2745 5160 de
2777 5103 2992 5175 quibus
3026 5101 3311 5174 scriptum
3343 5105 3468 5158 est:
3519 5102 3715 5158 Fallax

295 5203 432 5270 bus,
459 5208 604 5259 tunc
625 5202 790 5274 ponit
817 5201 1212 5269 manifestius,
1237 5199 1392 5271 quod
1417 5199 1957 5256 Nabuchodonosor
2065 5213 2233 5270 equus
2264 5198 2324 5250 in
2345 5197 2579 5250 salutem
2607 5195 2718 5265 (Ps.
2745 5209 2920 5257 xxxu,
2953 5192 3063 5263 17).
3090 5191 3193 5246 Et:
3225 5191 3578 5248 Dormierunt
3597 5207 3713 5247 om-

296 5308 500 5365 regem
531 5289 842 5363 Babylonis
863 5290 1115 5345 adducat
1137 5290 1421 5345 Dominus
1445 5289 1515 5343 ab
1539 5288 1850 5361 Aquilone,
1874 5305 1960 5344 re-
2065 5303 2162 5343 nes
2209 5287 2305 5356 qui
2350 5283 2712 5339 ascenderunt
2757 5297 2920 5352 equos
2967 5282 3080 5352 (Ps.
3142 5284 3328 5349 Lxxv).
3381 5280 3452 5335 Et
3491 5278 3552 5334 in
3599 5278 3714 5335 alio

297 5397 432 5454 gem
467 5395 694 5454 regum,
728 5395 862 5435 cum
893 5377 1061 5450 equis
1082 5381 1138 5433 et
1166 5377 1458 5446 curribus,
1491 5381 1704 5432 etcum
1729 5375 1961 5431 infinita
2067 5375 2193 5431 loco
2221 5391 2234 5430 :
2269 5377 2483 5444 Equum
2511 5375 2561 5426 et
2587 5387 2931 5426 ascensorem
2955 5370 3186 5442 projecit
3234 5371 3295 5425 in
3321 5382 3476 5424 mare
3521 5365 3713 5439 (Exod.

299 5469 592 5527 exercitus
622 5467 1024 5537 multitudine,
1074 5465 1174 5538 qui
1217 5465 1382 5538 prius
1413 5465 1687 5520 subditas
1719 5465 1869 5536 Tyro
1899 5465 1958 5519 in
2069 5481 2164 5533 xv,
2187 5465 2261 5536 1).
2293 5463 2406 5520 Iste
2429 5460 2583 5516 filias
2603 5459 2760 5533 Tyri,
2786 5459 3015 5515 animas
3039 5459 3100 5514 in
3121 5457 3391 5531 angustia
3412 5455 3548 5512 etin
3570 5471 3718 5529 quo-

368 5676 452 5750 (a)
483 5673 668 5731 Addit
684 5671 978 5731 Victorius
995 5672 1156 5744 Deus,
1191 5687 1259 5728 ex
1276 5669 1529 5764 Vulgata
1549 5667 1954 5741 Hebraiooque
1989 5671 2171 5726 textu.
