  <div class='ocr_page' id='page_1' title='image "/cluster/home/n/w/nwhite01/storage/ocr_20150623/25/hvd.32044096580493/127.png"; bbox 0 0 3996 6182; ppageno 0'>
   <div class='ocr_carea' id='block_1_1' title="bbox 351 286 468 357">
    <p class='ocr_par' dir='ltr' id='par_1_1' title="bbox 351 286 468 357">
     <span class='ocr_line' id='line_1_1' title="bbox 351 286 468 357; baseline 0.026 -3"><span class='ocrx_word' id='word_1_1' title='bbox 351 286 468 357; x_wconf 71' lang='grc'><strong>243</strong></span> 
     </span>
    </p>
   </div>
   <div class='ocr_carea' id='block_1_2' title="bbox 1602 299 2512 367">
    <p class='ocr_par' dir='ltr' id='par_1_2' title="bbox 1602 299 2512 367">
     <span class='ocr_line' id='line_1_2' title="bbox 1602 299 2512 367; baseline 0.002 -2"><span class='ocrx_word' id='word_1_2' title='bbox 1602 302 1666 365; x_wconf 91' lang='lat' dir='ltr'><strong>S.</strong></span> <span class='ocrx_word' id='word_1_3' title='bbox 1713 299 2023 366; x_wconf 85' lang='lat' dir='ltr'><strong>EUSEBII</strong></span> <span class='ocrx_word' id='word_1_4' title='bbox 2067 300 2512 367; x_wconf 82' lang='lat' dir='ltr'><strong>HIERONYMI</strong></span> 
     </span>
    </p>
   </div>
   <div class='ocr_carea' id='block_1_3' title="bbox 3633 300 3754 365">
    <p class='ocr_par' dir='ltr' id='par_1_3' title="bbox 3633 300 3754 365">
     <span class='ocr_line' id='line_1_3' title="bbox 3633 300 3754 365; baseline 0.008 -1"><span class='ocrx_word' id='word_1_5' title='bbox 3633 300 3754 365; x_wconf 75' lang='grc'><strong>244</strong></span> 
     </span>
    </p>
   </div>
   <div class='ocr_carea' id='block_1_4' title="bbox 352 424 3752 513">
    <p class='ocr_par' dir='ltr' id='par_1_4' title="bbox 352 424 3752 513">
     <span class='ocr_line' id='line_1_4' title="bbox 352 424 3752 513; baseline 0.002 -24"><span class='ocrx_word' id='word_1_6' title='bbox 352 428 491 489; x_wconf 90' lang='lat' dir='ltr'><strong>dam</strong></span> <span class='ocrx_word' id='word_1_7' title='bbox 520 434 893 506; x_wconf 79' lang='lat' dir='ltr'><strong>peccatorum</strong></span> <span class='ocrx_word' id='word_1_8' title='bbox 921 448 1149 493; x_wconf 80' lang='lat' dir='ltr'><strong>carcere</strong></span> <span class='ocrx_word' id='word_1_9' title='bbox 1179 435 1420 509; x_wconf 89' lang='lat' dir='ltr'><strong>positas,</strong></span> <span class='ocrx_word' id='word_1_10' title='bbox 1462 424 1733 494; x_wconf 83' lang='lat' dir='ltr'><strong>interficit</strong></span> <span class='ocrx_word' id='word_1_11' title='bbox 1761 436 1823 493; x_wconf 93' lang='lat' dir='ltr'><strong>in</strong></span> <span class='ocrx_word' id='word_1_12' title='bbox 1855 454 1993 512; x_wconf 89' lang='lat' dir='ltr'><strong>agro</strong></span> <span class='ocrx_word' id='word_1_13' title='bbox 2021 437 2079 504; x_wconf 84' lang='grc' dir='ltr'><strong>Α</strong></span> <span class='ocrx_word' id='word_1_14' title='bbox 2106 453 2347 495; x_wconf 84' lang='lat' dir='ltr'><strong>sensum</strong></span> <span class='ocrx_word' id='word_1_15' title='bbox 2377 437 2668 498; x_wconf 88' lang='lat' dir='ltr'><strong>dictorum</strong></span> <span class='ocrx_word' id='word_1_16' title='bbox 2699 439 3048 513; x_wconf 72' lang='lat' dir='ltr'><strong>operientes;</strong></span> <span class='ocrx_word' id='word_1_17' title='bbox 3089 441 3218 499; x_wconf 76' lang='lat' dir='ltr'><strong>Haec</strong></span> <span class='ocrx_word' id='word_1_18' title='bbox 3245 436 3377 496; x_wconf 87' lang='lat' dir='ltr'><strong>dicit</strong></span> <span class='ocrx_word' id='word_1_19' title='bbox 3400 435 3615 498; x_wconf 78' lang='lat' dir='ltr'><strong>Adonei</strong></span> <span class='ocrx_word' id='word_1_20' title='bbox 3640 438 3752 496; x_wconf 93' lang='lat' dir='ltr'><strong>Do-</strong></span> 
     </span>
    </p>
   </div>
   <div class='ocr_carea' id='block_1_5' title="bbox 353 524 1993 601">
    <p class='ocr_par' dir='ltr' id='par_1_5' title="bbox 353 524 1993 601">
     <span class='ocr_line' id='line_1_5' title="bbox 353 524 1993 601; baseline 0.003 -23"><span class='ocrx_word' id='word_1_21' title='bbox 353 538 679 595; x_wconf 88' lang='lat' dir='ltr'><strong>campoque</strong></span> <span class='ocrx_word' id='word_1_22' title='bbox 696 524 1002 592; x_wconf 90' lang='lat' dir='ltr'><strong>latissimo,</strong></span> <span class='ocrx_word' id='word_1_23' title='bbox 1017 528 1073 582; x_wconf 90' lang='lat' dir='ltr'><strong>et</strong></span> <span class='ocrx_word' id='word_1_24' title='bbox 1088 526 1415 583; x_wconf 90' lang='lat' dir='ltr'><strong>circumdat</strong></span> <span class='ocrx_word' id='word_1_25' title='bbox 1425 528 1643 601; x_wconf 82' lang='lat' dir='ltr'><strong>Tyrum</strong></span> <span class='ocrx_word' id='word_1_26' title='bbox 1658 527 1993 583; x_wconf 84' lang='lat' dir='ltr'><strong>munitioni-</strong></span> 
     </span>
    </p>
   </div>
   <div class='ocr_carea' id='block_1_6' title="bbox 350 610 1992 689">
    <p class='ocr_par' dir='ltr' id='par_1_6' title="bbox 350 610 1992 689">
     <span class='ocr_line' id='line_1_6' title="bbox 350 610 1992 689; baseline 0.003 -22"><span class='ocrx_word' id='word_1_27' title='bbox 350 610 464 667; x_wconf 85' lang='lat' dir='ltr'><strong>bus</strong></span> <span class='ocrx_word' id='word_1_28' title='bbox 493 611 640 683; x_wconf 87' lang='lat' dir='ltr'><strong>suis,</strong></span> <span class='ocrx_word' id='word_1_29' title='bbox 672 616 736 668; x_wconf 90' lang='lat' dir='ltr'><strong>ut</strong></span> <span class='ocrx_word' id='word_1_30' title='bbox 765 612 1025 670; x_wconf 85' lang='lat' dir='ltr'><strong>clausam</strong></span> <span class='ocrx_word' id='word_1_31' title='bbox 1054 618 1266 684; x_wconf 84' lang='lat' dir='ltr'><strong>teneat,</strong></span> <span class='ocrx_word' id='word_1_32' title='bbox 1299 620 1356 671; x_wconf 94' lang='lat' dir='ltr'><strong>et</strong></span> <span class='ocrx_word' id='word_1_33' title='bbox 1386 615 1585 671; x_wconf 91' lang='lat' dir='ltr'><strong>nullus</strong></span> <span class='ocrx_word' id='word_1_34' title='bbox 1615 632 1681 672; x_wconf 83' lang='lat' dir='ltr'><strong>ex</strong></span> <span class='ocrx_word' id='word_1_35' title='bbox 1711 632 1780 671; x_wconf 91' lang='lat' dir='ltr'><strong>ea</strong></span> <span class='ocrx_word' id='word_1_36' title='bbox 1810 616 1992 689; x_wconf 84' lang='lat' dir='ltr'><strong>Baby-</strong></span> 
     </span>
    </p>
   </div>
   <div class='ocr_carea' id='block_1_7' title="bbox 350 697 1993 778">
    <p class='ocr_par' dir='ltr' id='par_1_7' title="bbox 350 697 1993 778">
     <span class='ocr_line' id='line_1_7' title="bbox 350 697 1993 778; baseline 0.004 -24"><span class='ocrx_word' id='word_1_37' title='bbox 350 697 491 755; x_wconf 91' lang='lat' dir='ltr'><strong>lonii</strong></span> <span class='ocrx_word' id='word_1_38' title='bbox 521 700 675 773; x_wconf 89' lang='lat' dir='ltr'><strong>regis</strong></span> <span class='ocrx_word' id='word_1_39' title='bbox 704 702 945 759; x_wconf 79' lang='lat' dir='ltr'><strong>evadere</strong></span> <span class='ocrx_word' id='word_1_40' title='bbox 976 704 1161 776; x_wconf 81' lang='lat' dir='ltr'><strong>possit</strong></span> <span class='ocrx_word' id='word_1_41' title='bbox 1188 705 1524 778; x_wconf 89' lang='lat' dir='ltr'><strong>imperium.</strong></span> <span class='ocrx_word' id='word_1_42' title='bbox 1558 706 1830 761; x_wconf 83' lang='lat' dir='ltr'><strong>Destruet</strong></span> <span class='ocrx_word' id='word_1_43' title='bbox 1862 722 1993 761; x_wconf 89' lang='lat' dir='ltr'><strong>mu-</strong></span> 
     </span>
    </p>
   </div>
   <div class='ocr_carea' id='block_1_8' title="bbox 348 793 1991 867">
    <p class='ocr_par' dir='ltr' id='par_1_8' title="bbox 348 793 1991 867">
     <span class='ocr_line' id='line_1_8' title="bbox 348 793 1991 867; baseline 0.003 -22"><span class='ocrx_word' id='word_1_44' title='bbox 348 804 445 845; x_wconf 87' lang='lat' dir='ltr'><strong>ros</strong></span> <span class='ocrx_word' id='word_1_45' title='bbox 474 793 785 864; x_wconf 90' lang='lat' dir='ltr'><strong>turresque</strong></span> <span class='ocrx_word' id='word_1_46' title='bbox 805 794 1121 864; x_wconf 80' lang='lat' dir='ltr'><strong>subvertet,</strong></span> <span class='ocrx_word' id='word_1_47' title='bbox 1146 799 1202 851; x_wconf 92' lang='lat' dir='ltr'><strong>et</strong></span> <span class='ocrx_word' id='word_1_48' title='bbox 1223 795 1508 867; x_wconf 88' lang='lat' dir='ltr'><strong>quidquid</strong></span> <span class='ocrx_word' id='word_1_49' title='bbox 1531 796 1678 851; x_wconf 91' lang='lat' dir='ltr'><strong>forte</strong></span> <span class='ocrx_word' id='word_1_50' title='bbox 1701 794 1909 851; x_wconf 79' lang='lat' dir='ltr'><strong>habuit</strong></span> <span class='ocrx_word' id='word_1_51' title='bbox 1930 795 1991 850; x_wconf 91' lang='lat' dir='ltr'><strong>in</strong></span> 
     </span>
    </p>
   </div>
   <div class='ocr_carea' id='block_1_9' title="bbox 347 879 1990 954">
    <p class='ocr_par' dir='ltr' id='par_1_9' title="bbox 347 879 1990 954">
     <span class='ocr_line' id='line_1_9' title="bbox 347 879 1990 954; baseline 0.004 -20"><span class='ocrx_word' id='word_1_52' title='bbox 347 879 744 953; x_wconf 86' lang='lat' dir='ltr'><strong>dogmatibus,</strong></span> <span class='ocrx_word' id='word_1_53' title='bbox 794 882 1176 940; x_wconf 85' lang='lat' dir='ltr'><strong>inundatione</strong></span> <span class='ocrx_word' id='word_1_54' title='bbox 1221 900 1504 954; x_wconf 90' lang='lat' dir='ltr'><strong>equorum</strong></span> <span class='ocrx_word' id='word_1_55' title='bbox 1551 886 1678 954; x_wconf 89' lang='lat' dir='ltr'><strong>ejus</strong></span> <span class='ocrx_word' id='word_1_56' title='bbox 1708 888 1765 939; x_wconf 91' lang='lat' dir='ltr'><strong>et</strong></span> <span class='ocrx_word' id='word_1_57' title='bbox 1793 884 1990 941; x_wconf 86' lang='lat' dir='ltr'><strong>sonitu</strong></span> 
     </span>
    </p>
   </div>
   <div class='ocr_carea' id='block_1_10' title="bbox 342 967 1989 1045">
    <p class='ocr_par' dir='ltr' id='par_1_10' title="bbox 342 967 1989 1045">
     <span class='ocr_line' id='line_1_10' title="bbox 342 967 1989 1045; baseline 0.004 -23"><span class='ocrx_word' id='word_1_58' title='bbox 342 967 611 1039; x_wconf 86' lang='lat' dir='ltr'><strong>equitum</strong></span> <span class='ocrx_word' id='word_1_59' title='bbox 638 974 1016 1044; x_wconf 81' lang='lat' dir='ltr'><strong>rotarumque</strong></span> <span class='ocrx_word' id='word_1_60' title='bbox 1045 976 1101 1028; x_wconf 91' lang='lat' dir='ltr'><strong>et</strong></span> <span class='ocrx_word' id='word_1_61' title='bbox 1121 989 1402 1029; x_wconf 90' lang='lat' dir='ltr'><strong>curruum</strong></span> <span class='ocrx_word' id='word_1_62' title='bbox 1424 972 1669 1045; x_wconf 88' lang='lat' dir='ltr'><strong>strepitu</strong></span> <span class='ocrx_word' id='word_1_63' title='bbox 1692 974 1989 1045; x_wconf 88' lang='lat' dir='ltr'><strong>pertremi-</strong></span> 
     </span>
    </p>
   </div>
   <div class='ocr_carea' id='block_1_11' title="bbox 342 1058 1990 1134">
    <p class='ocr_par' dir='ltr' id='par_1_11' title="bbox 342 1058 1990 1134">
     <span class='ocr_line' id='line_1_11' title="bbox 342 1058 1990 1134; baseline 0.004 -23"><span class='ocrx_word' id='word_1_64' title='bbox 342 1058 483 1124; x_wconf 88' lang='lat' dir='ltr'><strong>scet,</strong></span> <span class='ocrx_word' id='word_1_65' title='bbox 510 1062 568 1113; x_wconf 91' lang='lat' dir='ltr'><strong>et</strong></span> <span class='ocrx_word' id='word_1_66' title='bbox 587 1058 949 1132; x_wconf 84' lang='lat' dir='ltr'><strong>ingredietur</strong></span> <span class='ocrx_word' id='word_1_67' title='bbox 969 1066 1167 1133; x_wconf 89' lang='lat' dir='ltr'><strong>portas</strong></span> <span class='ocrx_word' id='word_1_68' title='bbox 1189 1063 1338 1134; x_wconf 88' lang='lat' dir='ltr'><strong>ejus,</strong></span> <span class='ocrx_word' id='word_1_69' title='bbox 1362 1060 1525 1117; x_wconf 91' lang='lat' dir='ltr'><strong>nullo</strong></span> <span class='ocrx_word' id='word_1_70' title='bbox 1546 1061 1910 1134; x_wconf 88' lang='lat' dir='ltr'><strong>prohibente,</strong></span> <span class='ocrx_word' id='word_1_71' title='bbox 1933 1067 1990 1118; x_wconf 92' lang='lat' dir='ltr'><strong>et</strong></span> 
     </span>
    </p>
   </div>
   <div class='ocr_carea' id='block_1_12' title="bbox 340 1144 1990 1223">
    <p class='ocr_par' dir='ltr' id='par_1_12' title="bbox 340 1144 1990 1223">
     <span class='ocr_line' id='line_1_12' title="bbox 340 1144 1990 1223; baseline 0.004 -22"><span class='ocrx_word' id='word_1_72' title='bbox 340 1144 567 1217; x_wconf 88' lang='lat' dir='ltr'><strong>plateas</strong></span> <span class='ocrx_word' id='word_1_73' title='bbox 616 1147 864 1205; x_wconf 86' lang='lat' dir='ltr'><strong>civitatis</strong></span> <span class='ocrx_word' id='word_1_74' title='bbox 897 1165 909 1204; x_wconf 89' lang='lat'><strong>:</strong></span> <span class='ocrx_word' id='word_1_75' title='bbox 958 1151 1095 1219; x_wconf 89' lang='lat' dir='ltr'><strong>Quia</strong></span> <span class='ocrx_word' id='word_1_76' title='bbox 1140 1152 1254 1207; x_wconf 87' lang='lat' dir='ltr'><strong>lata</strong></span> <span class='ocrx_word' id='word_1_77' title='bbox 1292 1155 1340 1207; x_wconf 88' lang='lat' dir='ltr'><strong>et</strong></span> <span class='ocrx_word' id='word_1_78' title='bbox 1369 1153 1610 1223; x_wconf 86' lang='lat' dir='ltr'><strong>spatiosa</strong></span> <span class='ocrx_word' id='word_1_79' title='bbox 1640 1153 1731 1207; x_wconf 88' lang='lat' dir='ltr'><strong>via</strong></span> <span class='ocrx_word' id='word_1_80' title='bbox 1759 1160 1836 1207; x_wconf 88' lang='lat' dir='ltr'><strong>est</strong></span> <span class='ocrx_word' id='word_1_81' title='bbox 1866 1167 1990 1223; x_wconf 66' lang='lat' dir='ltr'><strong>quae</strong></span> 
     </span>
    </p>
   </div>
   <div class='ocr_carea' id='block_1_13' title="bbox 340 1232 1988 1312">
    <p class='ocr_par' dir='ltr' id='par_1_13' title="bbox 340 1232 1988 1312">
     <span class='ocr_line' id='line_1_13' title="bbox 340 1232 1988 1312; baseline 0.004 -23"><span class='ocrx_word' id='word_1_82' title='bbox 340 1232 494 1290; x_wconf 80' lang='lat' dir='ltr'><strong>ducit</strong></span> <span class='ocrx_word' id='word_1_83' title='bbox 524 1237 597 1292; x_wconf 78' lang='lat' dir='ltr'><strong>ad</strong></span> <span class='ocrx_word' id='word_1_84' title='bbox 622 1246 850 1294; x_wconf 86' lang='lat' dir='ltr'><strong>mortem</strong></span> <span class='ocrx_word' id='word_1_85' title='bbox 879 1240 1089 1308; x_wconf 74' lang='lat' dir='ltr'><strong>(Matth.</strong></span> <span class='ocrx_word' id='word_1_86' title='bbox 1120 1258 1220 1307; x_wconf 81' lang='lat' dir='ltr'><strong>vn,</strong></span> <span class='ocrx_word' id='word_1_87' title='bbox 1257 1241 1364 1311; x_wconf 92' lang='grc'><strong>13),</strong></span> <span class='ocrx_word' id='word_1_88' title='bbox 1397 1256 1681 1312; x_wconf 91' lang='lat' dir='ltr'><strong>equorum</strong></span> <span class='ocrx_word' id='word_1_89' title='bbox 1712 1241 1840 1312; x_wconf 86' lang='lat' dir='ltr'><strong>ejus</strong></span> <span class='ocrx_word' id='word_1_90' title='bbox 1866 1240 1988 1296; x_wconf 88' lang='lat' dir='ltr'><strong>cal-</strong></span> 
     </span>
    </p>
   </div>
   <div class='ocr_carea' id='block_1_14' title="bbox 341 1325 1989 1401">
    <p class='ocr_par' dir='ltr' id='par_1_14' title="bbox 341 1325 1989 1401">
     <span class='ocr_line' id='line_1_14' title="bbox 341 1325 1989 1401; baseline 0.003 -21"><span class='ocrx_word' id='word_1_91' title='bbox 341 1325 559 1381; x_wconf 89' lang='lat' dir='ltr'><strong>cabunt</strong></span> <span class='ocrx_word' id='word_1_92' title='bbox 575 1326 829 1399; x_wconf 63' lang='lat' dir='ltr'><strong>ungulas,</strong></span> <span class='ocrx_word' id='word_1_93' title='bbox 847 1327 1299 1401; x_wconf 90' lang='lat' dir='ltr'><strong>universamque</strong></span> <span class='ocrx_word' id='word_1_94' title='bbox 1320 1328 1712 1385; x_wconf 87' lang='lat' dir='ltr'><strong>substantiam</strong></span> <span class='ocrx_word' id='word_1_95' title='bbox 1735 1329 1854 1385; x_wconf 90' lang='lat' dir='ltr'><strong>sive</strong></span> <span class='ocrx_word' id='word_1_96' title='bbox 1876 1334 1989 1385; x_wconf 89' lang='lat' dir='ltr'><strong>sta-</strong></span> 
     </span>
    </p>
   </div>
   <div class='ocr_carea' id='block_1_15' title="bbox 338 1415 1986 1490">
    <p class='ocr_par' dir='ltr' id='par_1_15' title="bbox 338 1415 1986 1490">
     <span class='ocr_line' id='line_1_15' title="bbox 338 1415 1986 1490; baseline 0.003 -20"><span class='ocrx_word' id='word_1_97' title='bbox 338 1418 473 1471; x_wconf 87' lang='lat' dir='ltr'><strong>tuas</strong></span> <span class='ocrx_word' id='word_1_98' title='bbox 504 1415 748 1484; x_wconf 87' lang='lat' dir='ltr'><strong>nobiles,</strong></span> <span class='ocrx_word' id='word_1_99' title='bbox 782 1416 994 1486; x_wconf 81' lang='lat' dir='ltr'><strong>quibus</strong></span> <span class='ocrx_word' id='word_1_100' title='bbox 1017 1417 1129 1473; x_wconf 91' lang='lat' dir='ltr'><strong>sibi</strong></span> <span class='ocrx_word' id='word_1_101' title='bbox 1152 1418 1438 1490; x_wconf 83' lang='lat' dir='ltr'><strong>imagines</strong></span> <span class='ocrx_word' id='word_1_102' title='bbox 1462 1419 1748 1474; x_wconf 85' lang='lat' dir='ltr'><strong>ﬁnxerant</strong></span> <span class='ocrx_word' id='word_1_103' title='bbox 1769 1417 1986 1475; x_wconf 86' lang='lat' dir='ltr'><strong>falsita-</strong></span> 
     </span>
    </p>
   </div>
   <div class='ocr_carea' id='block_1_16' title="bbox 338 1494 1985 1578">
    <p class='ocr_par' dir='ltr' id='par_1_16' title="bbox 338 1494 1985 1578">
     <span class='ocr_line' id='line_1_16' title="bbox 338 1494 1985 1578; baseline 0.002 -18"><span class='ocrx_word' id='word_1_104' title='bbox 338 1504 434 1573; x_wconf 89' lang='lat' dir='ltr'><strong>tis,</strong></span> <span class='ocrx_word' id='word_1_105' title='bbox 468 1505 540 1561; x_wconf 92' lang='lat' dir='ltr'><strong>de</strong></span> <span class='ocrx_word' id='word_1_106' title='bbox 571 1494 785 1577; x_wconf 82' lang='lat' dir='ltr'><strong>quibus</strong></span> <span class='ocrx_word' id='word_1_107' title='bbox 807 1507 1092 1578; x_wconf 89' lang='lat' dir='ltr'><strong>scriptum</strong></span> <span class='ocrx_word' id='word_1_108' title='bbox 1113 1512 1232 1564; x_wconf 91' lang='lat' dir='ltr'><strong>est:</strong></span> <span class='ocrx_word' id='word_1_109' title='bbox 1266 1509 1515 1575; x_wconf 78' lang='lat' dir='ltr'><strong>Domine,</strong></span> <span class='ocrx_word' id='word_1_110' title='bbox 1548 1511 1609 1563; x_wconf 90' lang='lat' dir='ltr'><strong>in</strong></span> <span class='ocrx_word' id='word_1_111' title='bbox 1638 1510 1860 1565; x_wconf 79' lang='lat' dir='ltr'><strong>civitate</strong></span> <span class='ocrx_word' id='word_1_112' title='bbox 1890 1516 1985 1564; x_wconf 89' lang='lat' dir='ltr'><strong>tua</strong></span> 
     </span>
    </p>
   </div>
   <div class='ocr_carea' id='block_1_17' title="bbox 337 1594 1984 1669">
    <p class='ocr_par' dir='ltr' id='par_1_17' title="bbox 337 1594 1984 1669">
     <span class='ocr_line' id='line_1_17' title="bbox 337 1594 1984 1669; baseline 0.003 -20"><span class='ocrx_word' id='word_1_113' title='bbox 337 1597 607 1663; x_wconf 79' lang='lat' dir='ltr'><strong>imagines</strong></span> <span class='ocrx_word' id='word_1_114' title='bbox 655 1610 844 1651; x_wconf 88' lang='lat' dir='ltr'><strong>eorum</strong></span> <span class='ocrx_word' id='word_1_115' title='bbox 884 1594 1174 1669; x_wconf 87' lang='lat' dir='ltr'><strong>dissipabis</strong></span> <span class='ocrx_word' id='word_1_116' title='bbox 1222 1597 1335 1669; x_wconf 88' lang='lat' dir='ltr'><strong>(Ps.</strong></span> <span class='ocrx_word' id='word_1_117' title='bbox 1372 1615 1540 1669; x_wconf 83' lang='lat' dir='ltr'><strong>Lxxn,</strong></span> <span class='ocrx_word' id='word_1_118' title='bbox 1583 1599 1697 1667; x_wconf 85' lang='lat'><strong>20),</strong></span> <span class='ocrx_word' id='word_1_119' title='bbox 1749 1598 1821 1653; x_wconf 90' lang='lat' dir='ltr'><strong>ad</strong></span> <span class='ocrx_word' id='word_1_120' title='bbox 1871 1601 1984 1654; x_wconf 91' lang='lat' dir='ltr'><strong>ter-</strong></span> 
     </span>
    </p>
   </div>
   <div class='ocr_carea' id='block_1_18' title="bbox 337 1683 1983 1760">
    <p class='ocr_par' dir='ltr' id='par_1_18' title="bbox 337 1683 1983 1760">
     <span class='ocr_line' id='line_1_18' title="bbox 337 1683 1983 1760; baseline 0.004 -23"><span class='ocrx_word' id='word_1_121' title='bbox 337 1698 464 1738; x_wconf 88' lang='lat' dir='ltr'><strong>ram</strong></span> <span class='ocrx_word' id='word_1_122' title='bbox 483 1683 734 1755; x_wconf 90' lang='lat' dir='ltr'><strong>dejiciet,</strong></span> <span class='ocrx_word' id='word_1_123' title='bbox 753 1689 810 1741; x_wconf 92' lang='lat' dir='ltr'><strong>et</strong></span> <span class='ocrx_word' id='word_1_124' title='bbox 830 1686 1146 1743; x_wconf 88' lang='lat' dir='ltr'><strong>destructis</strong></span> <span class='ocrx_word' id='word_1_125' title='bbox 1168 1686 1372 1757; x_wconf 91' lang='lat' dir='ltr'><strong>muris,</strong></span> <span class='ocrx_word' id='word_1_126' title='bbox 1394 1688 1606 1743; x_wconf 92' lang='lat' dir='ltr'><strong>domus</strong></span> <span class='ocrx_word' id='word_1_127' title='bbox 1628 1703 1860 1760; x_wconf 91' lang='lat' dir='ltr'><strong>quoque</strong></span> <span class='ocrx_word' id='word_1_128' title='bbox 1881 1705 1983 1744; x_wconf 93' lang='lat' dir='ltr'><strong>no-</strong></span> 
     </span>
    </p>
   </div>
   <div class='ocr_carea' id='block_1_19' title="bbox 332 1771 1983 1849">
    <p class='ocr_par' dir='ltr' id='par_1_19' title="bbox 332 1771 1983 1849">
     <span class='ocr_line' id='line_1_19' title="bbox 332 1771 1983 1849; baseline 0.003 -20"><span class='ocrx_word' id='word_1_129' title='bbox 332 1771 482 1830; x_wconf 76' lang='lat' dir='ltr'><strong>biles</strong></span> <span class='ocrx_word' id='word_1_130' title='bbox 504 1776 934 1844; x_wconf 89' lang='lat' dir='ltr'><strong>subvertentur,</strong></span> <span class='ocrx_word' id='word_1_131' title='bbox 960 1792 1105 1848; x_wconf 91' lang='lat' dir='ltr'><strong>quas</strong></span> <span class='ocrx_word' id='word_1_132' title='bbox 1127 1775 1238 1831; x_wconf 91' lang='lat' dir='ltr'><strong>sibi</strong></span> <span class='ocrx_word' id='word_1_133' title='bbox 1261 1780 1584 1849; x_wconf 87' lang='lat' dir='ltr'><strong>paraverat,</strong></span> <span class='ocrx_word' id='word_1_134' title='bbox 1608 1781 1664 1832; x_wconf 91' lang='lat' dir='ltr'><strong>et</strong></span> <span class='ocrx_word' id='word_1_135' title='bbox 1683 1776 1744 1832; x_wconf 91' lang='lat' dir='ltr'><strong>in</strong></span> <span class='ocrx_word' id='word_1_136' title='bbox 1765 1777 1983 1849; x_wconf 84' lang='lat' dir='ltr'><strong>quibus</strong></span> 
     </span>
    </p>
   </div>
   <div class='ocr_carea' id='block_1_20' title="bbox 334 1864 1980 1937">
    <p class='ocr_par' dir='ltr' id='par_1_20' title="bbox 334 1864 1980 1937">
     <span class='ocr_line' id='line_1_20' title="bbox 334 1864 1980 1937; baseline 0.001 -17"><span class='ocrx_word' id='word_1_137' title='bbox 334 1864 684 1933; x_wconf 83' lang='lat' dir='ltr'><strong>exsultabat,</strong></span> <span class='ocrx_word' id='word_1_138' title='bbox 734 1868 906 1937; x_wconf 91' lang='lat' dir='ltr'><strong>atque</strong></span> <span class='ocrx_word' id='word_1_139' title='bbox 934 1864 995 1921; x_wconf 91' lang='lat' dir='ltr'><strong>in</strong></span> <span class='ocrx_word' id='word_1_140' title='bbox 1026 1868 1249 1922; x_wconf 86' lang='lat' dir='ltr'><strong>tantam</strong></span> <span class='ocrx_word' id='word_1_141' title='bbox 1297 1866 1717 1922; x_wconf 89' lang='lat' dir='ltr'><strong>desolationem</strong></span> <span class='ocrx_word' id='word_1_142' title='bbox 1765 1867 1980 1936; x_wconf 88' lang='lat' dir='ltr'><strong>veniet,</strong></span> 
     </span>
    </p>
   </div>
   <div class='ocr_carea' id='block_1_21' title="bbox 332 1952 1975 2027">
    <p class='ocr_par' dir='ltr' id='par_1_21' title="bbox 332 1952 1975 2027">
     <span class='ocr_line' id='line_1_21' title="bbox 332 1952 1975 2027; baseline 0.001 -18"><span class='ocrx_word' id='word_1_143' title='bbox 332 1958 401 2009; x_wconf 91' lang='lat' dir='ltr'><strong>ut</strong></span> <span class='ocrx_word' id='word_1_144' title='bbox 429 1953 653 2026; x_wconf 88' lang='lat' dir='ltr'><strong>lapides</strong></span> <span class='ocrx_word' id='word_1_145' title='bbox 683 1954 811 2024; x_wconf 79' lang='lat' dir='ltr'><strong>eius</strong></span> <span class='ocrx_word' id='word_1_146' title='bbox 840 1957 897 2009; x_wconf 89' lang='lat' dir='ltr'><strong>et</strong></span> <span class='ocrx_word' id='word_1_147' title='bbox 927 1952 1086 2027; x_wconf 84' lang='lat' dir='ltr'><strong>ligna</strong></span> <span class='ocrx_word' id='word_1_148' title='bbox 1111 1954 1327 2027; x_wconf 90' lang='lat' dir='ltr'><strong>quibus</strong></span> <span class='ocrx_word' id='word_1_149' title='bbox 1349 1954 1735 2011; x_wconf 80' lang='lat' dir='ltr'><strong>sedilicaverat</strong></span> <span class='ocrx_word' id='word_1_150' title='bbox 1755 1971 1975 2025; x_wconf 74' lang='lat' dir='ltr'><strong>murus,</strong></span> 
     </span>
    </p>
   </div>
   <div class='ocr_carea' id='block_1_22' title="bbox 333 2043 1977 2117">
    <p class='ocr_par' dir='ltr' id='par_1_22' title="bbox 333 2043 1977 2117">
     <span class='ocr_line' id='line_1_22' title="bbox 333 2043 1977 2117; baseline 0.001 -19"><span class='ocrx_word' id='word_1_151' title='bbox 333 2046 392 2099; x_wconf 91' lang='lat' dir='ltr'><strong>et</strong></span> <span class='ocrx_word' id='word_1_152' title='bbox 418 2045 698 2099; x_wconf 64' lang='lat' dir='ltr'><strong>caementa</strong></span> <span class='ocrx_word' id='word_1_153' title='bbox 727 2046 1152 2112; x_wconf 82' lang='lat' dir='ltr'><strong>construxerat,</strong></span> <span class='ocrx_word' id='word_1_154' title='bbox 1184 2043 1494 2116; x_wconf 89' lang='lat' dir='ltr'><strong>projiciant</strong></span> <span class='ocrx_word' id='word_1_155' title='bbox 1513 2044 1574 2099; x_wconf 92' lang='lat' dir='ltr'><strong>in</strong></span> <span class='ocrx_word' id='word_1_156' title='bbox 1598 2045 1977 2117; x_wconf 84' lang='lat' dir='ltr'><strong>profundum,</strong></span> 
     </span>
    </p>
   </div>
   <div class='ocr_carea' id='block_1_23' title="bbox 334 2132 1979 2206">
    <p class='ocr_par' dir='ltr' id='par_1_23' title="bbox 334 2132 1979 2206">
     <span class='ocr_line' id='line_1_23' title="bbox 334 2132 1979 2206; baseline 0.001 -18"><span class='ocrx_word' id='word_1_157' title='bbox 334 2132 562 2189; x_wconf 88' lang='lat' dir='ltr'><strong>cantica</strong></span> <span class='ocrx_word' id='word_1_158' title='bbox 582 2148 691 2202; x_wconf 90' lang='lat' dir='ltr'><strong>que</strong></span> <span class='ocrx_word' id='word_1_159' title='bbox 711 2132 840 2203; x_wconf 91' lang='lat' dir='ltr'><strong>ejus</strong></span> <span class='ocrx_word' id='word_1_160' title='bbox 869 2136 926 2188; x_wconf 93' lang='lat' dir='ltr'><strong>et</strong></span> <span class='ocrx_word' id='word_1_161' title='bbox 946 2133 1193 2201; x_wconf 88' lang='lat' dir='ltr'><strong>musica,</strong></span> <span class='ocrx_word' id='word_1_162' title='bbox 1226 2134 1444 2205; x_wconf 91' lang='lat' dir='ltr'><strong>quibus</strong></span> <span class='ocrx_word' id='word_1_163' title='bbox 1474 2133 1586 2190; x_wconf 89' lang='lat' dir='ltr'><strong>sibi</strong></span> <span class='ocrx_word' id='word_1_164' title='bbox 1608 2134 1668 2189; x_wconf 93' lang='lat' dir='ltr'><strong>in</strong></span> <span class='ocrx_word' id='word_1_165' title='bbox 1691 2133 1979 2206; x_wconf 88' lang='lat' dir='ltr'><strong>sapientia</strong></span> 
     </span>
    </p>
   </div>
   <div class='ocr_carea' id='block_1_24' title="bbox 333 2219 1977 2293">
    <p class='ocr_par' dir='ltr' id='par_1_24' title="bbox 333 2219 1977 2293">
     <span class='ocr_line' id='line_1_24' title="bbox 333 2219 1977 2293; baseline 0 -16"><span class='ocrx_word' id='word_1_166' title='bbox 333 2219 514 2293; x_wconf 87' lang='lat' dir='ltr'><strong>hujus</strong></span> <span class='ocrx_word' id='word_1_167' title='bbox 536 2219 733 2277; x_wconf 63' lang='lat' dir='ltr'><strong>saeculi</strong></span> <span class='ocrx_word' id='word_1_168' title='bbox 756 2221 1102 2291; x_wconf 83' lang='lat' dir='ltr'><strong>confidebat,</strong></span> <span class='ocrx_word' id='word_1_169' title='bbox 1126 2226 1183 2278; x_wconf 92' lang='lat' dir='ltr'><strong>et</strong></span> <span class='ocrx_word' id='word_1_170' title='bbox 1204 2222 1396 2278; x_wconf 89' lang='lat' dir='ltr'><strong>omnis</strong></span> <span class='ocrx_word' id='word_1_171' title='bbox 1414 2222 1773 2279; x_wconf 90' lang='lat' dir='ltr'><strong>cithararum</strong></span> <span class='ocrx_word' id='word_1_172' title='bbox 1795 2238 1977 2278; x_wconf 88' lang='lat' dir='ltr'><strong>sonus</strong></span> 
     </span>
    </p>
   </div>
   <div class='ocr_carea' id='block_1_25' title="bbox 335 2309 1978 2384">
    <p class='ocr_par' dir='ltr' id='par_1_25' title="bbox 335 2309 1978 2384">
     <span class='ocr_line' id='line_1_25' title="bbox 335 2309 1978 2384; baseline 0.001 -18"><span class='ocrx_word' id='word_1_173' title='bbox 335 2326 453 2366; x_wconf 89' lang='lat' dir='ltr'><strong>non</strong></span> <span class='ocrx_word' id='word_1_174' title='bbox 484 2310 755 2366; x_wconf 85' lang='lat' dir='ltr'><strong>audietur</strong></span> <span class='ocrx_word' id='word_1_175' title='bbox 782 2309 1064 2382; x_wconf 89' lang='lat' dir='ltr'><strong>amplius,</strong></span> <span class='ocrx_word' id='word_1_176' title='bbox 1096 2314 1151 2367; x_wconf 89' lang='lat' dir='ltr'><strong>et</strong></span> <span class='ocrx_word' id='word_1_177' title='bbox 1180 2310 1423 2384; x_wconf 89' lang='lat' dir='ltr'><strong>piscatio</strong></span> <span class='ocrx_word' id='word_1_178' title='bbox 1452 2312 1580 2383; x_wconf 91' lang='lat' dir='ltr'><strong>ejus</strong></span> <span class='ocrx_word' id='word_1_179' title='bbox 1616 2310 1887 2379; x_wconf 90' lang='lat' dir='ltr'><strong>cessabit,</strong></span> <span class='ocrx_word' id='word_1_180' title='bbox 1920 2316 1978 2367; x_wconf 91' lang='lat' dir='ltr'><strong>et</strong></span> 
     </span>
    </p>
   </div>
   <div class='ocr_carea' id='block_1_26' title="bbox 332 2398 1976 2473">
    <p class='ocr_par' dir='ltr' id='par_1_26' title="bbox 332 2398 1976 2473">
     <span class='ocr_line' id='line_1_26' title="bbox 332 2398 1976 2473; baseline 0.001 -17"><span class='ocrx_word' id='word_1_181' title='bbox 332 2398 444 2456; x_wconf 90' lang='lat' dir='ltr'><strong>erit</strong></span> <span class='ocrx_word' id='word_1_182' title='bbox 470 2398 733 2467; x_wconf 89' lang='lat' dir='ltr'><strong>humilis,</strong></span> <span class='ocrx_word' id='word_1_183' title='bbox 765 2399 847 2455; x_wconf 90' lang='lat' dir='ltr'><strong>ita</strong></span> <span class='ocrx_word' id='word_1_184' title='bbox 867 2403 933 2455; x_wconf 88' lang='lat' dir='ltr'><strong>ut</strong></span> <span class='ocrx_word' id='word_1_185' title='bbox 956 2400 1193 2457; x_wconf 89' lang='lat' dir='ltr'><strong>siccatio</strong></span> <span class='ocrx_word' id='word_1_186' title='bbox 1218 2416 1589 2473; x_wconf 88' lang='lat' dir='ltr'><strong>sagenarum,</strong></span> <span class='ocrx_word' id='word_1_187' title='bbox 1613 2404 1670 2457; x_wconf 90' lang='lat' dir='ltr'><strong>et</strong></span> <span class='ocrx_word' id='word_1_188' title='bbox 1686 2399 1839 2456; x_wconf 90' lang='lat' dir='ltr'><strong>ultra</strong></span> <span class='ocrx_word' id='word_1_189' title='bbox 1861 2417 1976 2457; x_wconf 92' lang='lat' dir='ltr'><strong>non</strong></span> 
     </span>
    </p>
   </div>
   <div class='ocr_carea' id='block_1_27' title="bbox 333 2488 1978 2562">
    <p class='ocr_par' dir='ltr' id='par_1_27' title="bbox 333 2488 1978 2562">
     <span class='ocr_line' id='line_1_27' title="bbox 333 2488 1978 2562; baseline 0 -17"><span class='ocrx_word' id='word_1_190' title='bbox 333 2489 669 2559; x_wconf 65' lang='lat' dir='ltr'><strong>mdiflcetur,</strong></span> <span class='ocrx_word' id='word_1_191' title='bbox 695 2488 831 2562; x_wconf 88' lang='lat' dir='ltr'><strong>quia</strong></span> <span class='ocrx_word' id='word_1_192' title='bbox 850 2489 921 2545; x_wconf 91' lang='lat' dir='ltr'><strong>ad</strong></span> <span class='ocrx_word' id='word_1_193' title='bbox 938 2490 1170 2547; x_wconf 93' lang='lat' dir='ltr'><strong>Domini</strong></span> <span class='ocrx_word' id='word_1_194' title='bbox 1188 2491 1539 2546; x_wconf 88' lang='lat' dir='ltr'><strong>sententiam</strong></span> <span class='ocrx_word' id='word_1_195' title='bbox 1556 2490 1773 2546; x_wconf 90' lang='lat' dir='ltr'><strong>tradita</strong></span> <span class='ocrx_word' id='word_1_196' title='bbox 1786 2491 1978 2546; x_wconf 89' lang='lat' dir='ltr'><strong>Nabu-</strong></span> 
     </span>
    </p>
   </div>
   <div class='ocr_carea' id='block_1_28' title="bbox 332 2578 1976 2652">
    <p class='ocr_par' dir='ltr' id='par_1_28' title="bbox 332 2578 1976 2652">
     <span class='ocr_line' id='line_1_28' title="bbox 332 2578 1976 2652; baseline 0.001 -17"><span class='ocrx_word' id='word_1_197' title='bbox 332 2579 717 2647; x_wconf 85' lang='lat' dir='ltr'><strong>chodonosor,</strong></span> <span class='ocrx_word' id='word_1_198' title='bbox 765 2578 1004 2635; x_wconf 90' lang='lat' dir='ltr'><strong>omnino</strong></span> <span class='ocrx_word' id='word_1_199' title='bbox 1035 2578 1313 2635; x_wconf 87' lang='lat' dir='ltr'><strong>subversa</strong></span> <span class='ocrx_word' id='word_1_200' title='bbox 1349 2584 1457 2648; x_wconf 90' lang='lat' dir='ltr'><strong>est,</strong></span> <span class='ocrx_word' id='word_1_201' title='bbox 1504 2581 1673 2651; x_wconf 83' lang='lat' dir='ltr'><strong>juxta</strong></span> <span class='ocrx_word' id='word_1_202' title='bbox 1714 2580 1869 2652; x_wconf 93' lang='lat' dir='ltr'><strong>quod</strong></span> <span class='ocrx_word' id='word_1_203' title='bbox 1918 2584 1976 2636; x_wconf 91' lang='lat' dir='ltr'><strong>et</strong></span> 
     </span>
    </p>
   </div>
   <div class='ocr_carea' id='block_1_29' title="bbox 327 2667 1971 2741">
    <p class='ocr_par' dir='ltr' id='par_1_29' title="bbox 327 2667 1971 2741">
     <span class='ocr_line' id='line_1_29' title="bbox 327 2667 1971 2741; baseline -0.001 -16"><span class='ocrx_word' id='word_1_204' title='bbox 327 2668 640 2741; x_wconf 87' lang='lat' dir='ltr'><strong>Apostolus</strong></span> <span class='ocrx_word' id='word_1_205' title='bbox 669 2667 842 2724; x_wconf 90' lang='lat' dir='ltr'><strong>dicit:</strong></span> <span class='ocrx_word' id='word_1_206' title='bbox 876 2668 1018 2735; x_wconf 90' lang='lat' dir='ltr'><strong>Quos</strong></span> <span class='ocrx_word' id='word_1_207' title='bbox 1039 2668 1248 2723; x_wconf 91' lang='lat' dir='ltr'><strong>tradidi</strong></span> <span class='ocrx_word' id='word_1_208' title='bbox 1273 2668 1515 2735; x_wconf 70' lang='lat' dir='ltr'><strong>Satanae,</strong></span> <span class='ocrx_word' id='word_1_209' title='bbox 1546 2672 1606 2723; x_wconf 90' lang='lat' dir='ltr'><strong>ut</strong></span> <span class='ocrx_word' id='word_1_210' title='bbox 1636 2668 1848 2724; x_wconf 80' lang='lat' dir='ltr'><strong>discant</strong></span> <span class='ocrx_word' id='word_1_211' title='bbox 1867 2686 1971 2725; x_wconf 90' lang='lat' dir='ltr'><strong>non</strong></span> 
     </span>
    </p>
   </div>
   <div class='ocr_carea' id='block_1_30' title="bbox 330 2756 1977 2827">
    <p class='ocr_par' dir='ltr' id='par_1_30' title="bbox 330 2756 1977 2827">
     <span class='ocr_line' id='line_1_30' title="bbox 330 2756 1977 2827; baseline 0.001 -15"><span class='ocrx_word' id='word_1_212' title='bbox 330 2758 711 2827; x_wconf 86' lang='lat' dir='ltr'><strong>blasphemare</strong></span> <span class='ocrx_word' id='word_1_213' title='bbox 752 2757 799 2825; x_wconf 90' lang='grc' dir='ltr'><strong>(Ι</strong></span> <span class='ocrx_word' id='word_1_214' title='bbox 835 2758 968 2812; x_wconf 89' lang='lat' dir='ltr'><strong>Tim.</strong></span> <span class='ocrx_word' id='word_1_215' title='bbox 1004 2774 1042 2824; x_wconf 79' lang='grc' dir='ltr'><strong>ι,</strong></span> <span class='ocrx_word' id='word_1_216' title='bbox 1075 2756 1187 2827; x_wconf 85' lang='lat'><strong>28).</strong></span> <span class='ocrx_word' id='word_1_217' title='bbox 1237 2760 1382 2812; x_wconf 87' lang='lat' dir='ltr'><strong>Loca</strong></span> <span class='ocrx_word' id='word_1_218' title='bbox 1424 2756 1687 2812; x_wconf 83' lang='lat' dir='ltr'><strong>difﬁcilia</strong></span> <span class='ocrx_word' id='word_1_219' title='bbox 1716 2766 1875 2823; x_wconf 87' lang='lat' dir='ltr'><strong>sunt,</strong></span> <span class='ocrx_word' id='word_1_220' title='bbox 1918 2762 1977 2813; x_wconf 90' lang='lat' dir='ltr'><strong>et</strong></span> 
     </span>
    </p>
   </div>
   <div class='ocr_carea' id='block_1_31' title="bbox 328 2843 1974 2918">
    <p class='ocr_par' dir='ltr' id='par_1_31' title="bbox 328 2843 1974 2918">
     <span class='ocr_line' id='line_1_31' title="bbox 328 2843 1974 2918; baseline 0.002 -19"><span class='ocrx_word' id='word_1_221' title='bbox 328 2844 588 2917; x_wconf 90' lang='lat' dir='ltr'><strong>prudens</strong></span> <span class='ocrx_word' id='word_1_222' title='bbox 633 2844 815 2901; x_wconf 80' lang='lat' dir='ltr'><strong>lector</strong></span> <span class='ocrx_word' id='word_1_223' title='bbox 856 2861 921 2899; x_wconf 91' lang='lat' dir='ltr'><strong>ac</strong></span> <span class='ocrx_word' id='word_1_224' title='bbox 965 2843 1213 2916; x_wconf 86' lang='lat' dir='ltr'><strong>diligens</strong></span> <span class='ocrx_word' id='word_1_225' title='bbox 1257 2845 1429 2900; x_wconf 91' lang='lat' dir='ltr'><strong>debet</strong></span> <span class='ocrx_word' id='word_1_226' title='bbox 1456 2845 1757 2918; x_wconf 88' lang='lat' dir='ltr'><strong>ignoscere</strong></span> <span class='ocrx_word' id='word_1_227' title='bbox 1789 2845 1974 2902; x_wconf 89' lang='lat' dir='ltr'><strong>labori</strong></span> 
     </span>
    </p>
   </div>
   <div class='ocr_carea' id='block_1_32' title="bbox 327 2932 1973 3007">
    <p class='ocr_par' dir='ltr' id='par_1_32' title="bbox 327 2932 1973 3007">
     <span class='ocr_line' id='line_1_32' title="bbox 327 2932 1973 3007; baseline 0 -17"><span class='ocrx_word' id='word_1_228' title='bbox 327 2950 478 2991; x_wconf 91' lang='lat' dir='ltr'><strong>meo.</strong></span> <span class='ocrx_word' id='word_1_229' title='bbox 509 2934 621 2989; x_wconf 89' lang='lat' dir='ltr'><strong>Aut</strong></span> <span class='ocrx_word' id='word_1_230' title='bbox 643 2934 692 2990; x_wconf 91' lang='lat' dir='ltr'><strong>si</strong></span> <span class='ocrx_word' id='word_1_231' title='bbox 715 2932 927 2990; x_wconf 91' lang='lat' dir='ltr'><strong>melius</strong></span> <span class='ocrx_word' id='word_1_232' title='bbox 948 2933 1087 3007; x_wconf 93' lang='lat' dir='ltr'><strong>quid</strong></span> <span class='ocrx_word' id='word_1_233' title='bbox 1115 2933 1368 3005; x_wconf 91' lang='lat' dir='ltr'><strong>potuerit</strong></span> <span class='ocrx_word' id='word_1_234' title='bbox 1386 2933 1665 3003; x_wconf 90' lang='lat' dir='ltr'><strong>invenire,</strong></span> <span class='ocrx_word' id='word_1_235' title='bbox 1697 2938 1754 2990; x_wconf 90' lang='lat' dir='ltr'><strong>et</strong></span> <span class='ocrx_word' id='word_1_236' title='bbox 1777 2950 1882 3007; x_wconf 91' lang='lat' dir='ltr'><strong>ego</strong></span> <span class='ocrx_word' id='word_1_237' title='bbox 1913 2935 1973 2991; x_wconf 93' lang='lat' dir='ltr'><strong>in</strong></span> 
     </span>
    </p>
   </div>
   <div class='ocr_carea' id='block_1_33' title="bbox 326 3022 1972 3096">
    <p class='ocr_par' dir='ltr' id='par_1_33' title="bbox 326 3022 1972 3096">
     <span class='ocr_line' id='line_1_33' title="bbox 326 3022 1972 3096; baseline 0.001 -16"><span class='ocrx_word' id='word_1_238' title='bbox 326 3025 457 3096; x_wconf 89' lang='lat' dir='ltr'><strong>ejus</strong></span> <span class='ocrx_word' id='word_1_239' title='bbox 478 3022 741 3083; x_wconf 87' lang='lat' dir='ltr'><strong>transibo</strong></span> <span class='ocrx_word' id='word_1_240' title='bbox 763 3022 1142 3079; x_wconf 88' lang='lat' dir='ltr'><strong>sententiam:</strong></span> <span class='ocrx_word' id='word_1_241' title='bbox 1165 3022 1485 3079; x_wconf 89' lang='lat' dir='ltr'><strong>dummodo</strong></span> <span class='ocrx_word' id='word_1_242' title='bbox 1504 3023 1727 3079; x_wconf 88' lang='lat' dir='ltr'><strong>noverit</strong></span> <span class='ocrx_word' id='word_1_243' title='bbox 1742 3024 1972 3081; x_wconf 89' lang='lat' dir='ltr'><strong>veniam</strong></span> 
     </span>
    </p>
   </div>
   <div class='ocr_carea' id='block_1_34' title="bbox 328 3109 1739 3186">
    <p class='ocr_par' dir='ltr' id='par_1_34' title="bbox 328 3109 1739 3186">
     <span class='ocr_line' id='line_1_34' title="bbox 328 3109 1739 3186; baseline -0.001 -17"><span class='ocrx_word' id='word_1_244' title='bbox 328 3129 507 3186; x_wconf 89' lang='lat' dir='ltr'><strong>quam</strong></span> <span class='ocrx_word' id='word_1_245' title='bbox 538 3112 682 3168; x_wconf 88' lang='lat' dir='ltr'><strong>mihi</strong></span> <span class='ocrx_word' id='word_1_246' title='bbox 713 3111 949 3179; x_wconf 90' lang='lat' dir='ltr'><strong>tribuet,</strong></span> <span class='ocrx_word' id='word_1_247' title='bbox 982 3126 1043 3167; x_wconf 90' lang='lat' dir='ltr'><strong>se</strong></span> <span class='ocrx_word' id='word_1_248' title='bbox 1074 3110 1147 3166; x_wconf 92' lang='lat' dir='ltr'><strong>ab</strong></span> <span class='ocrx_word' id='word_1_249' title='bbox 1180 3109 1309 3166; x_wconf 91' lang='lat' dir='ltr'><strong>aliis</strong></span> <span class='ocrx_word' id='word_1_250' title='bbox 1340 3115 1739 3184; x_wconf 89' lang='lat' dir='ltr'><strong>accepturum.</strong></span> 
     </span>
    </p>
   </div>
   <div class='ocr_carea' id='block_1_35' title="bbox 2099 529 3744 603">
    <p class='ocr_par' dir='ltr' id='par_1_35' title="bbox 2099 529 3744 603">
     <span class='ocr_line' id='line_1_35' title="bbox 2099 529 3744 603; baseline 0.001 -20"><span class='ocrx_word' id='word_1_251' title='bbox 2099 530 2287 584; x_wconf 89' lang='lat' dir='ltr'><strong>minus</strong></span> <span class='ocrx_word' id='word_1_252' title='bbox 2338 531 2493 602; x_wconf 86' lang='lat' dir='ltr'><strong>Tyro,</strong></span> <span class='ocrx_word' id='word_1_253' title='bbox 2546 547 2674 602; x_wconf 73' lang='lat' dir='ltr'><strong>quae</strong></span> <span class='ocrx_word' id='word_1_254' title='bbox 2722 530 3000 587; x_wconf 86' lang='lat' dir='ltr'><strong>Hebraice</strong></span> <span class='ocrx_word' id='word_1_255' title='bbox 3050 530 3377 603; x_wconf 88' lang='lat' dir='ltr'><strong>appellatur</strong></span> <span class='ocrx_word' id='word_1_256' title='bbox 3423 546 3530 585; x_wconf 75' lang='lat' dir='ltr'><strong>son</strong></span> <span class='ocrx_word' id='word_1_257' title='bbox 3580 529 3744 601; x_wconf 66' lang='lat'><strong>(&#39;11:):</strong></span> 
     </span>
    </p>
   </div>
   <div class='ocr_carea' id='block_1_36' title="bbox 2098 618 3746 693">
    <p class='ocr_par' dir='ltr' id='par_1_36' title="bbox 2098 618 3746 693">
     <span class='ocr_line' id='line_1_36' title="bbox 2098 618 3746 693; baseline 0.001 -20"><span class='ocrx_word' id='word_1_258' title='bbox 2098 618 2393 693; x_wconf 78' lang='lat' dir='ltr'><strong>Numquid</strong></span> <span class='ocrx_word' id='word_1_259' title='bbox 2416 620 2473 675; x_wconf 90' lang='lat' dir='ltr'><strong>in</strong></span> <span class='ocrx_word' id='word_1_260' title='bbox 2491 620 2585 676; x_wconf 91' lang='lat' dir='ltr'><strong>die</strong></span> <span class='ocrx_word' id='word_1_261' title='bbox 2602 621 2783 676; x_wconf 73' lang='lat' dir='ltr'><strong>ruinae</strong></span> <span class='ocrx_word' id='word_1_262' title='bbox 2798 624 2932 691; x_wconf 65' lang='lat' dir='ltr'><strong>tuas,</strong></span> <span class='ocrx_word' id='word_1_263' title='bbox 2951 621 3184 691; x_wconf 89' lang='lat' dir='ltr'><strong>quando</strong></span> <span class='ocrx_word' id='word_1_264' title='bbox 3207 618 3746 675; x_wconf 86' lang='lat' dir='ltr'><strong>Nabuchodonosor</strong></span> 
     </span>
    </p>
   </div>
   <div class='ocr_carea' id='block_1_37' title="bbox 2098 707 3745 781">
    <p class='ocr_par' dir='ltr' id='par_1_37' title="bbox 2098 707 3745 781">
     <span class='ocr_line' id='line_1_37' title="bbox 2098 707 3745 781; baseline -0.002 -15"><span class='ocrx_word' id='word_1_265' title='bbox 2098 714 2492 781; x_wconf 88' lang='lat' dir='ltr'><strong>oppugnante,</strong></span> <span class='ocrx_word' id='word_1_266' title='bbox 2526 711 2837 776; x_wconf 90' lang='lat' dir='ltr'><strong>corrueris,</strong></span> <span class='ocrx_word' id='word_1_267' title='bbox 2872 712 2928 765; x_wconf 92' lang='lat' dir='ltr'><strong>et</strong></span> <span class='ocrx_word' id='word_1_268' title='bbox 2950 708 3009 764; x_wconf 92' lang='lat' dir='ltr'><strong>in</strong></span> <span class='ocrx_word' id='word_1_269' title='bbox 3036 708 3258 781; x_wconf 90' lang='lat' dir='ltr'><strong>gemitu</strong></span> <span class='ocrx_word' id='word_1_270' title='bbox 3279 707 3745 776; x_wconf 88' lang='lat' dir='ltr'><strong>vulneratorum,</strong></span> 
     </span>
    </p>
   </div>
   <div class='ocr_carea' id='block_1_38' title="bbox 2099 796 3746 870">
    <p class='ocr_par' dir='ltr' id='par_1_38' title="bbox 2099 796 3746 870">
     <span class='ocr_line' id='line_1_38' title="bbox 2099 796 3746 870; baseline -0.001 -15"><span class='ocrx_word' id='word_1_271' title='bbox 2099 799 2219 855; x_wconf 91' lang='lat' dir='ltr'><strong>sive</strong></span> <span class='ocrx_word' id='word_1_272' title='bbox 2231 800 2662 855; x_wconf 89' lang='lat' dir='ltr'><strong>interfectorum</strong></span> <span class='ocrx_word' id='word_1_273' title='bbox 2674 799 2795 870; x_wconf 92' lang='lat' dir='ltr'><strong>,qui</strong></span> <span class='ocrx_word' id='word_1_274' title='bbox 2809 798 2985 855; x_wconf 91' lang='lat' dir='ltr'><strong>occisi</strong></span> <span class='ocrx_word' id='word_1_275' title='bbox 3000 797 3212 853; x_wconf 86' lang='lat' dir='ltr'><strong>fuerint</strong></span> <span class='ocrx_word' id='word_1_276' title='bbox 3226 797 3285 852; x_wconf 92' lang='lat' dir='ltr'><strong>in</strong></span> <span class='ocrx_word' id='word_1_277' title='bbox 3300 796 3493 852; x_wconf 89' lang='lat' dir='ltr'><strong>medio</strong></span> <span class='ocrx_word' id='word_1_278' title='bbox 3506 796 3614 863; x_wconf 90' lang='lat' dir='ltr'><strong>tui,</strong></span> <span class='ocrx_word' id='word_1_279' title='bbox 3627 813 3746 853; x_wconf 89' lang='lat' dir='ltr'><strong>non</strong></span> 
     </span>
    </p>
   </div>
   <div class='ocr_carea' id='block_1_39' title="bbox 2099 886 3747 959">
    <p class='ocr_par' dir='ltr' id='par_1_39' title="bbox 2099 886 3747 959">
     <span class='ocr_line' id='line_1_39' title="bbox 2099 886 3747 959; baseline -0.002 -14"><span class='ocrx_word' id='word_1_280' title='bbox 2099 890 2622 945; x_wconf 90' lang='lat' dir='ltr'><strong>commovebuntur</strong></span> <span class='ocrx_word' id='word_1_281' title='bbox 2637 887 2883 944; x_wconf 69' lang='lat' dir='ltr'><strong>insulsa?</strong></span> <span class='ocrx_word' id='word_1_282' title='bbox 2906 887 2970 942; x_wconf 90' lang='lat' dir='ltr'><strong>Et</strong></span> <span class='ocrx_word' id='word_1_283' title='bbox 2990 886 3344 943; x_wconf 91' lang='lat' dir='ltr'><strong>descendent</strong></span> <span class='ocrx_word' id='word_1_284' title='bbox 3357 902 3563 942; x_wconf 92' lang='lat' dir='ltr'><strong>omnes</strong></span> <span class='ocrx_word' id='word_1_285' title='bbox 3579 902 3747 959; x_wconf 71' lang='lat' dir='ltr'><strong>reges</strong></span> 
     </span>
    </p>
   </div>
   <div class='ocr_carea' id='block_1_40' title="bbox 2099 974 3748 1048">
    <p class='ocr_par' dir='ltr' id='par_1_40' title="bbox 2099 974 3748 1048">
     <span class='ocr_line' id='line_1_40' title="bbox 2099 974 3748 1048; baseline -0.002 -15"><span class='ocrx_word' id='word_1_286' title='bbox 2099 977 2169 1033; x_wconf 91' lang='lat' dir='ltr'><strong>de</strong></span> <span class='ocrx_word' id='word_1_287' title='bbox 2199 977 2459 1044; x_wconf 89' lang='lat' dir='ltr'><strong>sedibus,</strong></span> <span class='ocrx_word' id='word_1_288' title='bbox 2493 976 2611 1033; x_wconf 89' lang='lat' dir='ltr'><strong>sive</strong></span> <span class='ocrx_word' id='word_1_289' title='bbox 2641 976 2805 1033; x_wconf 91' lang='lat' dir='ltr'><strong>soliis</strong></span> <span class='ocrx_word' id='word_1_290' title='bbox 2834 976 2979 1040; x_wconf 91' lang='lat' dir='ltr'><strong>suis,</strong></span> <span class='ocrx_word' id='word_1_291' title='bbox 3010 980 3068 1031; x_wconf 91' lang='lat' dir='ltr'><strong>et</strong></span> <span class='ocrx_word' id='word_1_292' title='bbox 3098 974 3391 1048; x_wconf 91' lang='lat' dir='ltr'><strong>principes</strong></span> <span class='ocrx_word' id='word_1_293' title='bbox 3434 974 3615 1030; x_wconf 80' lang='lat' dir='ltr'><strong>maris</strong></span> <span class='ocrx_word' id='word_1_294' title='bbox 3645 975 3748 1047; x_wconf 91' lang='lat' dir='ltr'><strong>qui</strong></span> 
     </span>
    </p>
   </div>
   <div class='ocr_carea' id='block_1_41' title="bbox 2094 1064 3750 1140">
    <p class='ocr_par' dir='ltr' id='par_1_41' title="bbox 2094 1064 3750 1140">
     <span class='ocr_line' id='line_1_41' title="bbox 2094 1064 3750 1140; baseline -0.001 -18"><span class='ocrx_word' id='word_1_295' title='bbox 2094 1067 2338 1122; x_wconf 89' lang='lat' dir='ltr'><strong>diversis</strong></span> <span class='ocrx_word' id='word_1_296' title='bbox 2365 1066 2656 1140; x_wconf 90' lang='lat' dir='ltr'><strong>imperant</strong></span> <span class='ocrx_word' id='word_1_297' title='bbox 2680 1065 2911 1133; x_wconf 89' lang='lat' dir='ltr'><strong>insulis,</strong></span> <span class='ocrx_word' id='word_1_298' title='bbox 2935 1069 2994 1121; x_wconf 89' lang='lat' dir='ltr'><strong>et</strong></span> <span class='ocrx_word' id='word_1_299' title='bbox 3017 1064 3293 1121; x_wconf 89' lang='lat' dir='ltr'><strong>auferent</strong></span> <span class='ocrx_word' id='word_1_300' title='bbox 3319 1065 3655 1120; x_wconf 88' lang='lat' dir='ltr'><strong>diademata</strong></span> <span class='ocrx_word' id='word_1_301' title='bbox 3678 1065 3750 1121; x_wconf 92' lang='lat' dir='ltr'><strong>de</strong></span> 
     </span>
    </p>
   </div>
   <div class='ocr_carea' id='block_1_42' title="bbox 2097 1152 3753 1229">
    <p class='ocr_par' dir='ltr' id='par_1_42' title="bbox 2097 1152 3753 1229">
     <span class='ocr_line' id='line_1_42' title="bbox 2097 1152 3753 1229; baseline -0.002 -17"><span class='ocrx_word' id='word_1_302' title='bbox 2097 1156 2385 1229; x_wconf 88' lang='lat' dir='ltr'><strong>capitibus</strong></span> <span class='ocrx_word' id='word_1_303' title='bbox 2402 1156 2546 1226; x_wconf 79' lang='lat' dir='ltr'><strong>suis,</strong></span> <span class='ocrx_word' id='word_1_304' title='bbox 2566 1171 2801 1211; x_wconf 90' lang='lat' dir='ltr'><strong>omnem</strong></span> <span class='ocrx_word' id='word_1_305' title='bbox 2819 1154 3104 1226; x_wconf 89' lang='lat' dir='ltr'><strong>regnandi</strong></span> <span class='ocrx_word' id='word_1_306' title='bbox 3131 1152 3379 1225; x_wconf 88' lang='lat' dir='ltr'><strong>gloriam</strong></span> <span class='ocrx_word' id='word_1_307' title='bbox 3396 1152 3753 1224; x_wconf 88' lang='lat' dir='ltr'><strong>deponentes</strong></span> 
     </span>
    </p>
   </div>
   <div class='ocr_carea' id='block_1_43' title="bbox 2096 1240 3750 1318">
    <p class='ocr_par' dir='ltr' id='par_1_43' title="bbox 2096 1240 3750 1318">
     <span class='ocr_line' id='line_1_43' title="bbox 2096 1240 3750 1318; baseline -0.002 -17"><span class='ocrx_word' id='word_1_308' title='bbox 2096 1250 2154 1301; x_wconf 90' lang='lat' dir='ltr'><strong>et</strong></span> <span class='ocrx_word' id='word_1_309' title='bbox 2171 1249 2361 1301; x_wconf 89' lang='lat' dir='ltr'><strong>vestes</strong></span> <span class='ocrx_word' id='word_1_310' title='bbox 2383 1244 2864 1318; x_wconf 90' lang='lat' dir='ltr'><strong>pretiosissimas,</strong></span> <span class='ocrx_word' id='word_1_311' title='bbox 2897 1248 2957 1300; x_wconf 90' lang='lat' dir='ltr'><strong>et</strong></span> <span class='ocrx_word' id='word_1_312' title='bbox 2981 1241 3315 1299; x_wconf 81' lang='lat' dir='ltr'><strong>incredibili</strong></span> <span class='ocrx_word' id='word_1_313' title='bbox 3338 1242 3615 1298; x_wconf 88' lang='lat' dir='ltr'><strong>varietate</strong></span> <span class='ocrx_word' id='word_1_314' title='bbox 3636 1240 3750 1297; x_wconf 89' lang='lat' dir='ltr'><strong>ful-</strong></span> 
     </span>
    </p>
   </div>
   <div class='ocr_carea' id='block_1_44' title="bbox 2094 1328 3749 1407">
    <p class='ocr_par' dir='ltr' id='par_1_44' title="bbox 2094 1328 3749 1407">
     <span class='ocr_line' id='line_1_44' title="bbox 2094 1328 3749 1407; baseline -0.002 -18"><span class='ocrx_word' id='word_1_315' title='bbox 2094 1339 2316 1407; x_wconf 91' lang='lat' dir='ltr'><strong>gentes,</strong></span> <span class='ocrx_word' id='word_1_316' title='bbox 2351 1334 2631 1405; x_wconf 86' lang='lat' dir='ltr'><strong>abjicient</strong></span> <span class='ocrx_word' id='word_1_317' title='bbox 2662 1349 2695 1388; x_wconf 88' lang='lat' dir='ltr'><strong>a</strong></span> <span class='ocrx_word' id='word_1_318' title='bbox 2717 1349 2800 1403; x_wconf 91' lang='lat' dir='ltr'><strong>se,</strong></span> <span class='ocrx_word' id='word_1_319' title='bbox 2833 1337 2889 1388; x_wconf 92' lang='lat' dir='ltr'><strong>et</strong></span> <span class='ocrx_word' id='word_1_320' title='bbox 2911 1330 3171 1403; x_wconf 91' lang='lat' dir='ltr'><strong>stuporis</strong></span> <span class='ocrx_word' id='word_1_321' title='bbox 3198 1328 3605 1402; x_wconf 88' lang='lat' dir='ltr'><strong>magnitudine</strong></span> <span class='ocrx_word' id='word_1_322' title='bbox 3627 1347 3749 1387; x_wconf 87' lang='lat' dir='ltr'><strong>ver-</strong></span> 
     </span>
    </p>
   </div>
   <div class='ocr_carea' id='block_1_45' title="bbox 2094 1419 3745 1494">
    <p class='ocr_par' dir='ltr' id='par_1_45' title="bbox 2094 1419 3745 1494">
     <span class='ocr_line' id='line_1_45' title="bbox 2094 1419 3745 1494; baseline -0.002 -15"><span class='ocrx_word' id='word_1_323' title='bbox 2094 1428 2292 1479; x_wconf 91' lang='lat' dir='ltr'><strong>tentur</strong></span> <span class='ocrx_word' id='word_1_324' title='bbox 2310 1423 2370 1478; x_wconf 86' lang='lat' dir='ltr'><strong>in</strong></span> <span class='ocrx_word' id='word_1_325' title='bbox 2392 1422 2735 1491; x_wconf 89' lang='lat' dir='ltr'><strong>amentiam,</strong></span> <span class='ocrx_word' id='word_1_326' title='bbox 2768 1426 2944 1494; x_wconf 91' lang='lat' dir='ltr'><strong>atque</strong></span> <span class='ocrx_word' id='word_1_327' title='bbox 2966 1419 3302 1476; x_wconf 90' lang='lat' dir='ltr'><strong>humilitate</strong></span> <span class='ocrx_word' id='word_1_328' title='bbox 3329 1419 3557 1490; x_wconf 89' lang='lat' dir='ltr'><strong>dejecti,</strong></span> <span class='ocrx_word' id='word_1_329' title='bbox 3583 1421 3745 1476; x_wconf 89' lang='lat' dir='ltr'><strong>sede-</strong></span> 
     </span>
    </p>
   </div>
   <div class='ocr_carea' id='block_1_46' title="bbox 2091 1508 3749 1578">
    <p class='ocr_par' dir='ltr' id='par_1_46' title="bbox 2091 1508 3749 1578">
     <span class='ocr_line' id='line_1_46' title="bbox 2091 1508 3749 1578; baseline -0.002 -11"><span class='ocrx_word' id='word_1_330' title='bbox 2091 1512 2241 1567; x_wconf 91' lang='lat' dir='ltr'><strong>bunt</strong></span> <span class='ocrx_word' id='word_1_331' title='bbox 2269 1511 2329 1567; x_wconf 93' lang='lat' dir='ltr'><strong>in</strong></span> <span class='ocrx_word' id='word_1_332' title='bbox 2360 1516 2536 1578; x_wconf 90' lang='lat' dir='ltr'><strong>terra,</strong></span> <span class='ocrx_word' id='word_1_333' title='bbox 2569 1516 2625 1567; x_wconf 92' lang='lat' dir='ltr'><strong>et</strong></span> <span class='ocrx_word' id='word_1_334' title='bbox 2654 1527 2789 1566; x_wconf 91' lang='lat' dir='ltr'><strong>cum</strong></span> <span class='ocrx_word' id='word_1_335' title='bbox 2820 1514 2876 1566; x_wconf 90' lang='lat' dir='ltr'><strong>te</strong></span> <span class='ocrx_word' id='word_1_336' title='bbox 2904 1509 3155 1565; x_wconf 90' lang='lat' dir='ltr'><strong>viderint</strong></span> <span class='ocrx_word' id='word_1_337' title='bbox 3182 1508 3494 1576; x_wconf 87' lang='lat' dir='ltr'><strong>corruisse,</strong></span> <span class='ocrx_word' id='word_1_338' title='bbox 3527 1508 3638 1565; x_wconf 83' lang='lat' dir='ltr'><strong>sibi</strong></span> <span class='ocrx_word' id='word_1_339' title='bbox 3670 1510 3749 1566; x_wconf 88' lang='lat' dir='ltr'><strong>si-</strong></span> 
     </span>
    </p>
   </div>
   <div class='ocr_carea' id='block_1_47' title="bbox 2092 1597 3747 1671">
    <p class='ocr_par' dir='ltr' id='par_1_47' title="bbox 2092 1597 3747 1671">
     <span class='ocr_line' id='line_1_47' title="bbox 2092 1597 3747 1671; baseline -0.002 -13"><span class='ocrx_word' id='word_1_340' title='bbox 2092 1601 2256 1658; x_wconf 90' lang='lat' dir='ltr'><strong>milia</strong></span> <span class='ocrx_word' id='word_1_341' title='bbox 2284 1601 2685 1657; x_wconf 74' lang='lat' dir='ltr'><strong>formidabant</strong></span> <span class='ocrx_word' id='word_1_342' title='bbox 2709 1617 2722 1655; x_wconf 92' lang='lat'>:</span> <span class='ocrx_word' id='word_1_343' title='bbox 2759 1598 3022 1671; x_wconf 89' lang='lat' dir='ltr'><strong>nihilque</strong></span> <span class='ocrx_word' id='word_1_344' title='bbox 3054 1598 3346 1670; x_wconf 88' lang='lat' dir='ltr'><strong>putabunt</strong></span> <span class='ocrx_word' id='word_1_345' title='bbox 3370 1597 3428 1652; x_wconf 82' lang='lat' dir='ltr'><strong>in</strong></span> <span class='ocrx_word' id='word_1_346' title='bbox 3454 1601 3621 1653; x_wconf 72' lang='lat' dir='ltr'><strong>terrea</strong></span> <span class='ocrx_word' id='word_1_347' title='bbox 3642 1599 3747 1655; x_wconf 90' lang='lat' dir='ltr'><strong>bo-</strong></span> 
     </span>
    </p>
   </div>
   <div class='ocr_carea' id='block_1_48' title="bbox 2092 1688 3753 1763">
    <p class='ocr_par' dir='ltr' id='par_1_48' title="bbox 2092 1688 3753 1763">
     <span class='ocr_line' id='line_1_48' title="bbox 2092 1688 3753 1763; baseline -0.002 -16"><span class='ocrx_word' id='word_1_348' title='bbox 2092 1692 2186 1747; x_wconf 91' lang='lat' dir='ltr'><strong>nis</strong></span> <span class='ocrx_word' id='word_1_349' title='bbox 2206 1707 2335 1747; x_wconf 91' lang='lat' dir='ltr'><strong>esse</strong></span> <span class='ocrx_word' id='word_1_350' title='bbox 2356 1694 2702 1763; x_wconf 91' lang='lat' dir='ltr'><strong>perpetuum</strong></span> <span class='ocrx_word' id='word_1_351' title='bbox 2724 1714 2737 1757; x_wconf 87' lang='lat'><strong>;</strong></span> <span class='ocrx_word' id='word_1_352' title='bbox 2761 1689 2861 1745; x_wconf 93' lang='lat' dir='ltr'><strong>sed</strong></span> <span class='ocrx_word' id='word_1_353' title='bbox 2884 1704 2915 1744; x_wconf 93' lang='lat' dir='ltr'><strong>e</strong></span> <span class='ocrx_word' id='word_1_354' title='bbox 2937 1688 3228 1743; x_wconf 89' lang='lat' dir='ltr'><strong>contrario</strong></span> <span class='ocrx_word' id='word_1_355' title='bbox 3251 1692 3558 1743; x_wconf 90' lang='lat' dir='ltr'><strong>assument</strong></span> <span class='ocrx_word' id='word_1_356' title='bbox 3573 1703 3753 1760; x_wconf 89' lang='lat' dir='ltr'><strong>super</strong></span> 
     </span>
    </p>
   </div>
   <div class='ocr_carea' id='block_1_49' title="bbox 2092 1776 3743 1847">
    <p class='ocr_par' dir='ltr' id='par_1_49' title="bbox 2092 1776 3743 1847">
     <span class='ocr_line' id='line_1_49' title="bbox 2092 1776 3743 1847; baseline -0.002 -11"><span class='ocrx_word' id='word_1_357' title='bbox 2092 1785 2147 1836; x_wconf 91' lang='lat' dir='ltr'><strong>te</strong></span> <span class='ocrx_word' id='word_1_358' title='bbox 2179 1779 2523 1847; x_wconf 91' lang='lat' dir='ltr'><strong>lamentum,</strong></span> <span class='ocrx_word' id='word_1_359' title='bbox 2556 1783 2613 1835; x_wconf 91' lang='lat' dir='ltr'><strong>et</strong></span> <span class='ocrx_word' id='word_1_360' title='bbox 2642 1777 2830 1834; x_wconf 79' lang='lat' dir='ltr'><strong>flebile</strong></span> <span class='ocrx_word' id='word_1_361' title='bbox 2860 1777 3151 1832; x_wconf 87' lang='lat' dir='ltr'><strong>canticum</strong></span> <span class='ocrx_word' id='word_1_362' title='bbox 3177 1776 3743 1845; x_wconf 86' lang='lat' dir='ltr'><strong>commemorabunt,</strong></span> 
     </span>
    </p>
   </div>
   <div class='ocr_carea' id='block_1_50' title="bbox 2090 1864 3748 1939">
    <p class='ocr_par' dir='ltr' id='par_1_50' title="bbox 2090 1864 3748 1939">
     <span class='ocr_line' id='line_1_50' title="bbox 2090 1864 3748 1939; baseline -0.002 -14"><span class='ocrx_word' id='word_1_363' title='bbox 2090 1870 2349 1925; x_wconf 89' lang='lat' dir='ltr'><strong>dicentes</strong></span> <span class='ocrx_word' id='word_1_364' title='bbox 2376 1887 2389 1924; x_wconf 93' lang='lat'><strong>:</strong></span> <span class='ocrx_word' id='word_1_365' title='bbox 2422 1868 2721 1933; x_wconf 89' lang='lat' dir='ltr'><strong>Quomodo</strong></span> <span class='ocrx_word' id='word_1_366' title='bbox 2744 1866 2944 1939; x_wconf 90' lang='lat' dir='ltr'><strong>peristi</strong></span> <span class='ocrx_word' id='word_1_367' title='bbox 2969 1881 3093 1937; x_wconf 75' lang='lat' dir='ltr'><strong>quae</strong></span> <span class='ocrx_word' id='word_1_368' title='bbox 3116 1864 3347 1921; x_wconf 87' lang='lat' dir='ltr'><strong>habitas</strong></span> <span class='ocrx_word' id='word_1_369' title='bbox 3373 1865 3485 1937; x_wconf 72' lang='lat' dir='ltr'><strong>(At.</strong></span> <span class='ocrx_word' id='word_1_370' title='bbox 3511 1865 3748 1922; x_wconf 78' lang='lat' dir='ltr'><strong>habita-</strong></span> 
     </span>
    </p>
   </div>
   <div class='ocr_carea' id='block_1_51' title="bbox 2089 1953 3739 2028">
    <p class='ocr_par' dir='ltr' id='par_1_51' title="bbox 2089 1953 3739 2028">
     <span class='ocr_line' id='line_1_51' title="bbox 2089 1953 3739 2028; baseline -0.002 -15"><span class='ocrx_word' id='word_1_371' title='bbox 2089 1958 2217 2028; x_wconf 88' lang='lat' dir='ltr'><strong>bas)</strong></span> <span class='ocrx_word' id='word_1_372' title='bbox 2261 1957 2322 2013; x_wconf 92' lang='lat' dir='ltr'><strong>in</strong></span> <span class='ocrx_word' id='word_1_373' title='bbox 2354 1957 2522 2021; x_wconf 89' lang='lat' dir='ltr'><strong>mari,</strong></span> <span class='ocrx_word' id='word_1_374' title='bbox 2573 1957 2713 2012; x_wconf 90' lang='lat' dir='ltr'><strong>urbs</strong></span> <span class='ocrx_word' id='word_1_375' title='bbox 2743 1954 2983 2028; x_wconf 81' lang='lat' dir='ltr'><strong>inclyta,</strong></span> <span class='ocrx_word' id='word_1_376' title='bbox 3034 1954 3153 2010; x_wconf 90' lang='lat' dir='ltr'><strong>sive</strong></span> <span class='ocrx_word' id='word_1_377' title='bbox 3182 1953 3421 2011; x_wconf 88' lang='lat' dir='ltr'><strong>laudata</strong></span> <span class='ocrx_word' id='word_1_378' title='bbox 3451 1955 3479 2010; x_wconf 79' lang='lat' dir='ltr'><strong>‘t</strong></span> <span class='ocrx_word' id='word_1_379' title='bbox 3522 1955 3739 2027; x_wconf 80' lang='lat' dir='ltr'><strong>Tyrum</strong></span> 
     </span>
    </p>
   </div>
   <div class='ocr_carea' id='block_1_52' title="bbox 2089 2042 3742 2114">
    <p class='ocr_par' dir='ltr' id='par_1_52' title="bbox 2089 2042 3742 2114">
     <span class='ocr_line' id='line_1_52' title="bbox 2089 2042 3742 2114; baseline -0.003 -11"><span class='ocrx_word' id='word_1_380' title='bbox 2089 2045 2245 2103; x_wconf 88' lang='lat' dir='ltr'><strong>enim</strong></span> <span class='ocrx_word' id='word_1_381' title='bbox 2263 2044 2444 2101; x_wconf 90' lang='lat' dir='ltr'><strong>fuisse</strong></span> <span class='ocrx_word' id='word_1_382' title='bbox 2459 2043 2739 2114; x_wconf 91' lang='lat' dir='ltr'><strong>insulam,</strong></span> <span class='ocrx_word' id='word_1_383' title='bbox 2753 2048 2812 2100; x_wconf 93' lang='lat' dir='ltr'><strong>et</strong></span> <span class='ocrx_word' id='word_1_384' title='bbox 2829 2042 3082 2099; x_wconf 92' lang='lat' dir='ltr'><strong>nulllum</strong></span> <span class='ocrx_word' id='word_1_385' title='bbox 3098 2043 3381 2099; x_wconf 89' lang='lat' dir='ltr'><strong>habuisse</strong></span> <span class='ocrx_word' id='word_1_386' title='bbox 3398 2043 3468 2099; x_wconf 92' lang='lat' dir='ltr'><strong>de</strong></span> <span class='ocrx_word' id='word_1_387' title='bbox 3486 2047 3642 2099; x_wconf 88' lang='lat' dir='ltr'><strong>terra</strong></span> <span class='ocrx_word' id='word_1_388' title='bbox 3657 2043 3742 2099; x_wconf 89' lang='lat' dir='ltr'><strong>in-</strong></span> 
     </span>
    </p>
   </div>
   <div class='ocr_carea' id='block_1_53' title="bbox 2088 2132 3741 2206">
    <p class='ocr_par' dir='ltr' id='par_1_53' title="bbox 2088 2132 3741 2206">
     <span class='ocr_line' id='line_1_53' title="bbox 2088 2132 3741 2206; baseline -0.001 -15"><span class='ocrx_word' id='word_1_389' title='bbox 2088 2134 2349 2206; x_wconf 90' lang='lat' dir='ltr'><strong>troitum,</strong></span> <span class='ocrx_word' id='word_1_390' title='bbox 2371 2134 2431 2189; x_wconf 91' lang='lat' dir='ltr'><strong>in</strong></span> <span class='ocrx_word' id='word_1_391' title='bbox 2458 2134 2691 2203; x_wconf 69' lang='lat' dir='ltr'><strong>Graecis,</strong></span> <span class='ocrx_word' id='word_1_392' title='bbox 2718 2132 3079 2204; x_wconf 89' lang='lat' dir='ltr'><strong>Latinisque,</strong></span> <span class='ocrx_word' id='word_1_393' title='bbox 3104 2135 3161 2189; x_wconf 90' lang='lat' dir='ltr'><strong>et</strong></span> <span class='ocrx_word' id='word_1_394' title='bbox 3183 2132 3457 2189; x_wconf 81' lang='lat' dir='ltr'><strong>Barbarie</strong></span> <span class='ocrx_word' id='word_1_395' title='bbox 3478 2132 3741 2190; x_wconf 86' lang='lat' dir='ltr'><strong>historiis</strong></span> 
     </span>
    </p>
   </div>
   <div class='ocr_carea' id='block_1_54' title="bbox 2088 2220 3739 2297">
    <p class='ocr_par' dir='ltr' id='par_1_54' title="bbox 2088 2220 3739 2297">
     <span class='ocr_line' id='line_1_54' title="bbox 2088 2220 3739 2297; baseline -0.002 -18"><span class='ocrx_word' id='word_1_396' title='bbox 2088 2224 2340 2297; x_wconf 89' lang='lat' dir='ltr'><strong>legimus</strong></span> <span class='ocrx_word' id='word_1_397' title='bbox 2364 2242 2376 2280; x_wconf 89' lang='lat'><strong>:</strong></span> <span class='ocrx_word' id='word_1_398' title='bbox 2411 2224 2513 2280; x_wconf 89' lang='lat' dir='ltr'><strong>sed</strong></span> <span class='ocrx_word' id='word_1_399' title='bbox 2547 2226 2748 2297; x_wconf 91' lang='lat' dir='ltr'><strong>postea</strong></span> <span class='ocrx_word' id='word_1_400' title='bbox 2778 2240 2812 2278; x_wconf 93' lang='lat' dir='ltr'><strong>a</strong></span> <span class='ocrx_word' id='word_1_401' title='bbox 2839 2220 3382 2278; x_wconf 89' lang='lat' dir='ltr'><strong>Nabuchodonosor</strong></span> <span class='ocrx_word' id='word_1_402' title='bbox 3410 2235 3541 2293; x_wconf 84' lang='lat' dir='ltr'><strong>rege</strong></span> <span class='ocrx_word' id='word_1_403' title='bbox 3570 2220 3739 2277; x_wconf 82' lang='lat' dir='ltr'><strong>Chal-</strong></span> 
     </span>
    </p>
   </div>
   <div class='ocr_carea' id='block_1_55' title="bbox 2087 2308 3738 2382">
    <p class='ocr_par' dir='ltr' id='par_1_55' title="bbox 2087 2308 3738 2382">
     <span class='ocr_line' id='line_1_55' title="bbox 2087 2308 3738 2382; baseline -0.002 -12"><span class='ocrx_word' id='word_1_404' title='bbox 2087 2315 2366 2382; x_wconf 51' lang='lat' dir='ltr'><strong>datorum,</strong></span> <span class='ocrx_word' id='word_1_405' title='bbox 2412 2312 2525 2379; x_wconf 88' lang='lat' dir='ltr'><strong>vel,</strong></span> <span class='ocrx_word' id='word_1_406' title='bbox 2569 2316 2635 2367; x_wconf 92' lang='lat' dir='ltr'><strong>ut</strong></span> <span class='ocrx_word' id='word_1_407' title='bbox 2663 2310 2929 2368; x_wconf 90' lang='lat' dir='ltr'><strong>nonnulli</strong></span> <span class='ocrx_word' id='word_1_408' title='bbox 2960 2310 3280 2377; x_wconf 84' lang='lat' dir='ltr'><strong>afﬁrmant,</strong></span> <span class='ocrx_word' id='word_1_409' title='bbox 3314 2311 3385 2366; x_wconf 92' lang='lat' dir='ltr'><strong>ab</strong></span> <span class='ocrx_word' id='word_1_410' title='bbox 3415 2311 3569 2366; x_wconf 72' lang='lat'><strong>800</strong></span> <span class='ocrx_word' id='word_1_411' title='bbox 3602 2308 3738 2366; x_wconf 80' lang='lat' dir='ltr'><strong>Ale-</strong></span> 
     </span>
    </p>
   </div>
   <div class='ocr_carea' id='block_1_56' title="bbox 2085 2401 3733 2475">
    <p class='ocr_par' dir='ltr' id='par_1_56' title="bbox 2085 2401 3733 2475">
     <span class='ocr_line' id='line_1_56' title="bbox 2085 2401 3733 2475; baseline -0.003 -16"><span class='ocrx_word' id='word_1_412' title='bbox 2085 2404 2327 2473; x_wconf 85' lang='lat' dir='ltr'><strong>xandro,</strong></span> <span class='ocrx_word' id='word_1_413' title='bbox 2347 2418 2480 2475; x_wconf 88' lang='lat' dir='ltr'><strong>rege</strong></span> <span class='ocrx_word' id='word_1_414' title='bbox 2497 2401 2815 2458; x_wconf 88' lang='lat' dir='ltr'><strong>Macedonu</strong></span> <span class='ocrx_word' id='word_1_415' title='bbox 2826 2417 2903 2470; x_wconf 92' lang='lat' dir='ltr'><strong>m,</strong></span> <span class='ocrx_word' id='word_1_416' title='bbox 2922 2402 3111 2473; x_wconf 90' lang='lat' dir='ltr'><strong>jactos</strong></span> <span class='ocrx_word' id='word_1_417' title='bbox 3127 2416 3255 2456; x_wconf 89' lang='lat' dir='ltr'><strong>esse</strong></span> <span class='ocrx_word' id='word_1_418' title='bbox 3276 2415 3540 2472; x_wconf 86' lang='lat' dir='ltr'><strong>aggeres,</strong></span> <span class='ocrx_word' id='word_1_419' title='bbox 3560 2403 3619 2455; x_wconf 92' lang='lat' dir='ltr'><strong>et</strong></span> <span class='ocrx_word' id='word_1_420' title='bbox 3634 2415 3733 2472; x_wconf 93' lang='lat' dir='ltr'><strong>op-</strong></span> 
     </span>
    </p>
   </div>
   <div class='ocr_carea' id='block_1_57' title="bbox 2086 2487 3731 2567">
    <p class='ocr_par' dir='ltr' id='par_1_57' title="bbox 2086 2487 3731 2567">
     <span class='ocr_line' id='line_1_57' title="bbox 2086 2487 3731 2567; baseline -0.004 -18"><span class='ocrx_word' id='word_1_421' title='bbox 2086 2492 2438 2567; x_wconf 89' lang='lat' dir='ltr'><strong>pugnatione</strong></span> <span class='ocrx_word' id='word_1_422' title='bbox 2465 2492 2786 2562; x_wconf 90' lang='lat' dir='ltr'><strong>vineisque,</strong></span> <span class='ocrx_word' id='word_1_423' title='bbox 2821 2493 2878 2545; x_wconf 92' lang='lat' dir='ltr'><strong>et</strong></span> <span class='ocrx_word' id='word_1_424' title='bbox 2907 2488 3188 2545; x_wconf 88' lang='lat' dir='ltr'><strong>arietibus</strong></span> <span class='ocrx_word' id='word_1_425' title='bbox 3217 2487 3410 2545; x_wconf 86' lang='lat' dir='ltr'><strong>locum</strong></span> <span class='ocrx_word' id='word_1_426' title='bbox 3441 2503 3731 2561; x_wconf 58' lang='lat' dir='ltr'><strong>praepara-</strong></span> 
     </span>
    </p>
   </div>
   <div class='ocr_carea' id='block_1_58' title="bbox 2083 2576 3732 2654">
    <p class='ocr_par' dir='ltr' id='par_1_58' title="bbox 2083 2576 3732 2654">
     <span class='ocr_line' id='line_1_58' title="bbox 2083 2576 3732 2654; baseline -0.004 -16"><span class='ocrx_word' id='word_1_427' title='bbox 2083 2587 2233 2654; x_wconf 90' lang='lat' dir='ltr'><strong>tum,</strong></span> <span class='ocrx_word' id='word_1_428' title='bbox 2266 2599 2332 2638; x_wconf 91' lang='lat' dir='ltr'><strong>ac</strong></span> <span class='ocrx_word' id='word_1_429' title='bbox 2363 2582 2433 2637; x_wconf 93' lang='lat' dir='ltr'><strong>de</strong></span> <span class='ocrx_word' id='word_1_430' title='bbox 2463 2580 2659 2637; x_wconf 91' lang='lat' dir='ltr'><strong>insula</strong></span> <span class='ocrx_word' id='word_1_431' title='bbox 2686 2580 2899 2635; x_wconf 89' lang='lat' dir='ltr'><strong>factam</strong></span> <span class='ocrx_word' id='word_1_432' title='bbox 2928 2593 3056 2635; x_wconf 89' lang='lat' dir='ltr'><strong>esse</strong></span> <span class='ocrx_word' id='word_1_433' title='bbox 3085 2576 3480 2651; x_wconf 89' lang='lat' dir='ltr'><strong>peninsulam.</strong></span> <span class='ocrx_word' id='word_1_434' title='bbox 3514 2577 3732 2651; x_wconf 89' lang='lat' dir='ltr'><strong>Tuigi-</strong></span> 
     </span>
    </p>
   </div>
   <div class='ocr_carea' id='block_1_59' title="bbox 2083 2665 3736 2742">
    <p class='ocr_par' dir='ltr' id='par_1_59' title="bbox 2083 2665 3736 2742">
     <span class='ocr_line' id='line_1_59' title="bbox 2083 2665 3736 2742; baseline -0.002 -15"><span class='ocrx_word' id='word_1_435' title='bbox 2083 2676 2200 2739; x_wconf 88' lang='lat' dir='ltr'><strong>tur,</strong></span> <span class='ocrx_word' id='word_1_436' title='bbox 2234 2688 2266 2727; x_wconf 91' lang='grc' dir='ltr'>ο</span> <span class='ocrx_word' id='word_1_437' title='bbox 2295 2672 2419 2738; x_wconf 91' lang='lat' dir='ltr'><strong>Sor,</strong></span> <span class='ocrx_word' id='word_1_438' title='bbox 2455 2687 2487 2725; x_wconf 91' lang='grc' dir='ltr'>ο</span> <span class='ocrx_word' id='word_1_439' title='bbox 2514 2671 2683 2742; x_wconf 81' lang='lat' dir='ltr'><strong>Tyre,</strong></span> <span class='ocrx_word' id='word_1_440' title='bbox 2727 2686 2857 2741; x_wconf 70' lang='lat' dir='ltr'><strong>qua:</strong></span> <span class='ocrx_word' id='word_1_441' title='bbox 2894 2668 3193 2741; x_wconf 89' lang='lat' dir='ltr'><strong>quondam</strong></span> <span class='ocrx_word' id='word_1_442' title='bbox 3222 2666 3385 2722; x_wconf 82' lang='lat' dir='ltr'><strong>fuisti</strong></span> <span class='ocrx_word' id='word_1_443' title='bbox 3414 2665 3475 2722; x_wconf 90' lang='lat' dir='ltr'><strong>in</strong></span> <span class='ocrx_word' id='word_1_444' title='bbox 3507 2666 3736 2723; x_wconf 88' lang='lat' dir='ltr'><strong>cunctis</strong></span> 
     </span>
    </p>
   </div>
   <div class='ocr_carea' id='block_1_60' title="bbox 2085 2754 3735 2826">
    <p class='ocr_par' dir='ltr' id='par_1_60' title="bbox 2085 2754 3735 2826">
     <span class='ocr_line' id='line_1_60' title="bbox 2085 2754 3735 2826; baseline -0.002 -12"><span class='ocrx_word' id='word_1_445' title='bbox 2085 2760 2405 2817; x_wconf 88' lang='lat' dir='ltr'><strong>fortissima</strong></span> <span class='ocrx_word' id='word_1_446' title='bbox 2422 2758 2656 2826; x_wconf 89' lang='lat' dir='ltr'><strong>insulis,</strong></span> <span class='ocrx_word' id='word_1_447' title='bbox 2674 2758 2797 2814; x_wconf 89' lang='lat' dir='ltr'><strong>sive</strong></span> <span class='ocrx_word' id='word_1_448' title='bbox 2815 2758 2873 2812; x_wconf 90' lang='lat' dir='ltr'><strong>in</strong></span> <span class='ocrx_word' id='word_1_449' title='bbox 2891 2755 3140 2813; x_wconf 90' lang='lat' dir='ltr'><strong>urbibus</strong></span> <span class='ocrx_word' id='word_1_450' title='bbox 3162 2755 3427 2811; x_wconf 91' lang='lat' dir='ltr'><strong>omnium</strong></span> <span class='ocrx_word' id='word_1_451' title='bbox 3450 2771 3587 2811; x_wconf 87' lang='lat' dir='ltr'><strong>voce</strong></span> <span class='ocrx_word' id='word_1_452' title='bbox 3606 2754 3735 2811; x_wconf 88' lang='lat' dir='ltr'><strong>lau-</strong></span> 
     </span>
    </p>
   </div>
   <div class='ocr_carea' id='block_1_61' title="bbox 2083 2844 3730 2917">
    <p class='ocr_par' dir='ltr' id='par_1_61' title="bbox 2083 2844 3730 2917">
     <span class='ocr_line' id='line_1_61' title="bbox 2083 2844 3730 2917; baseline -0.004 -12"><span class='ocrx_word' id='word_1_453' title='bbox 2083 2850 2221 2905; x_wconf 90' lang='lat' dir='ltr'><strong>data</strong></span> <span class='ocrx_word' id='word_1_454' title='bbox 2232 2865 2364 2904; x_wconf 91' lang='lat' dir='ltr'><strong>cum</strong></span> <span class='ocrx_word' id='word_1_455' title='bbox 2383 2847 2813 2903; x_wconf 87' lang='lat' dir='ltr'><strong>habitatoribus</strong></span> <span class='ocrx_word' id='word_1_456' title='bbox 2830 2845 2972 2913; x_wconf 88' lang='lat' dir='ltr'><strong>tuis,</strong></span> <span class='ocrx_word' id='word_1_457' title='bbox 2987 2862 3135 2917; x_wconf 91' lang='lat' dir='ltr'><strong>quos</strong></span> <span class='ocrx_word' id='word_1_458' title='bbox 3151 2844 3407 2901; x_wconf 88' lang='lat' dir='ltr'><strong>universi</strong></span> <span class='ocrx_word' id='word_1_459' title='bbox 3423 2844 3730 2913; x_wconf 84' lang='lat' dir='ltr'><strong>timebant,</strong></span> 
     </span>
    </p>
   </div>
   <div class='ocr_carea' id='block_1_62' title="bbox 2084 2932 3733 3011">
    <p class='ocr_par' dir='ltr' id='par_1_62' title="bbox 2084 2932 3733 3011">
     <span class='ocr_line' id='line_1_62' title="bbox 2084 2932 3733 3011; baseline -0.004 -16"><span class='ocrx_word' id='word_1_460' title='bbox 2084 2938 2375 3011; x_wconf 92' lang='lat' dir='ltr'><strong>quomodo</strong></span> <span class='ocrx_word' id='word_1_461' title='bbox 2403 2937 2597 2993; x_wconf 90' lang='lat' dir='ltr'><strong>subito</strong></span> <span class='ocrx_word' id='word_1_462' title='bbox 2641 2935 2963 2992; x_wconf 83' lang='lat' dir='ltr'><strong>corruisti?</strong></span> <span class='ocrx_word' id='word_1_463' title='bbox 3010 2935 3174 2990; x_wconf 91' lang='lat' dir='ltr'><strong>Nunc</strong></span> <span class='ocrx_word' id='word_1_464' title='bbox 3218 2934 3562 3006; x_wconf 89' lang='lat' dir='ltr'><strong>stupebunt,</strong></span> <span class='ocrx_word' id='word_1_465' title='bbox 3613 2932 3733 2990; x_wconf 79' lang='lat' dir='ltr'><strong>sive</strong></span> 
     </span>
    </p>
   </div>
   <div class='ocr_carea' id='block_1_63' title="bbox 2082 3022 3728 3100">
    <p class='ocr_par' dir='ltr' id='par_1_63' title="bbox 2082 3022 3728 3100">
     <span class='ocr_line' id='line_1_63' title="bbox 2082 3022 3728 3100; baseline -0.004 -17"><span class='ocrx_word' id='word_1_466' title='bbox 2082 3027 2374 3100; x_wconf 86' lang='lat' dir='ltr'><strong>pavebunt</strong></span> <span class='ocrx_word' id='word_1_467' title='bbox 2402 3042 2579 3098; x_wconf 90' lang='lat' dir='ltr'><strong>super</strong></span> <span class='ocrx_word' id='word_1_468' title='bbox 2608 3029 2664 3081; x_wconf 91' lang='lat' dir='ltr'><strong>te</strong></span> <span class='ocrx_word' id='word_1_469' title='bbox 2696 3025 2914 3092; x_wconf 64' lang='lat' dir='ltr'><strong>insulse,</strong></span> <span class='ocrx_word' id='word_1_470' title='bbox 2965 3027 3023 3079; x_wconf 90' lang='lat' dir='ltr'><strong>et</strong></span> <span class='ocrx_word' id='word_1_471' title='bbox 3052 3028 3118 3079; x_wconf 90' lang='lat' dir='ltr'><strong>ut</strong></span> <span class='ocrx_word' id='word_1_472' title='bbox 3148 3022 3358 3079; x_wconf 89' lang='lat' dir='ltr'><strong>melius</strong></span> <span class='ocrx_word' id='word_1_473' title='bbox 3388 3023 3641 3079; x_wconf 89' lang='lat' dir='ltr'><strong>habetur</strong></span> <span class='ocrx_word' id='word_1_474' title='bbox 3667 3022 3728 3078; x_wconf 91' lang='lat' dir='ltr'><strong>in</strong></span> 
     </span>
    </p>
   </div>
   <div class='ocr_carea' id='block_1_64' title="bbox 2082 3111 3732 3187">
    <p class='ocr_par' dir='ltr' id='par_1_64' title="bbox 2082 3111 3732 3187">
     <span class='ocr_line' id='line_1_64' title="bbox 2082 3111 3732 3187; baseline -0.003 -15"><span class='ocrx_word' id='word_1_475' title='bbox 2082 3115 2383 3187; x_wconf 88' lang='lat' dir='ltr'><strong>Hebraico,</strong></span> <span class='ocrx_word' id='word_1_476' title='bbox 2407 3131 2594 3181; x_wconf 89' lang='lat' dir='ltr'><strong>naves,</strong></span> <span class='ocrx_word' id='word_1_477' title='bbox 2618 3115 2677 3169; x_wconf 91' lang='lat' dir='ltr'><strong>in</strong></span> <span class='ocrx_word' id='word_1_478' title='bbox 2701 3114 2793 3169; x_wconf 90' lang='lat' dir='ltr'><strong>die</strong></span> <span class='ocrx_word' id='word_1_479' title='bbox 2815 3114 3045 3186; x_wconf 90' lang='lat' dir='ltr'><strong>pavoris</strong></span> <span class='ocrx_word' id='word_1_480' title='bbox 3065 3117 3125 3169; x_wconf 91' lang='lat' dir='ltr'><strong>et</strong></span> <span class='ocrx_word' id='word_1_481' title='bbox 3145 3111 3328 3167; x_wconf 65' lang='lat' dir='ltr'><strong>ruinae</strong></span> <span class='ocrx_word' id='word_1_482' title='bbox 3351 3116 3485 3181; x_wconf 67' lang='lat' dir='ltr'><strong>tuas,</strong></span> <span class='ocrx_word' id='word_1_483' title='bbox 3517 3115 3575 3168; x_wconf 92' lang='lat' dir='ltr'><strong>et</strong></span> <span class='ocrx_word' id='word_1_484' title='bbox 3594 3116 3732 3168; x_wconf 90' lang='lat' dir='ltr'><strong>tur-</strong></span> 
     </span>
    </p>
   </div>
   <div class='ocr_carea' id='block_1_65' title="bbox 398 3185 3729 3274">
    <p class='ocr_par' dir='ltr' id='par_1_65' title="bbox 398 3185 3729 3274">
     <span class='ocr_line' id='line_1_65' title="bbox 398 3185 3729 3274; baseline 0.001 -19"><span class='ocrx_word' id='word_1_485' title='bbox 398 3200 584 3273; x_wconf 87' lang='lat' dir='ltr'><strong>(Vers.</strong></span> <span class='ocrx_word' id='word_1_486' title='bbox 619 3200 688 3254; x_wconf 89' lang='grc'><strong>15</strong></span> <span class='ocrx_word' id='word_1_487' title='bbox 716 3200 903 3272; x_wconf 85' lang='lat' dir='ltr'><strong>seqq.)</strong></span> <span class='ocrx_word' id='word_1_488' title='bbox 947 3201 1073 3257; x_wconf 66' lang='lat' dir='ltr'><strong>Haec</strong></span> <span class='ocrx_word' id='word_1_489' title='bbox 1117 3199 1252 3255; x_wconf 79' lang='lat' dir='ltr'><strong>dicit</strong></span> <span class='ocrx_word' id='word_1_490' title='bbox 1298 3201 1559 3256; x_wconf 76' lang='lat' dir='ltr'><strong>Dominus</strong></span> <span class='ocrx_word' id='word_1_491' title='bbox 1605 3202 1745 3257; x_wconf 89' lang='lat' dir='ltr'><strong>Deus</strong></span> <span class='ocrx_word' id='word_1_492' title='bbox 1780 3206 1924 3274; x_wconf 83' lang='lat' dir='ltr'><strong>Tyro</strong></span> <span class='ocrx_word' id='word_1_493' title='bbox 1948 3221 1967 3256; x_wconf 92' lang='lat'><strong><em>:</em></strong></span> <span class='ocrx_word' id='word_1_494' title='bbox 2000 3185 2043 3253; x_wconf 67' lang='grc' dir='ltr'>Ε</span> <span class='ocrx_word' id='word_1_495' title='bbox 2083 3185 2379 3261; x_wconf 86' lang='lat' dir='ltr'><strong>babuntur</strong></span> <span class='ocrx_word' id='word_1_496' title='bbox 2404 3203 2607 3261; x_wconf 74' lang='lat' dir='ltr'><strong>insula:</strong></span> <span class='ocrx_word' id='word_1_497' title='bbox 2636 3204 2697 3258; x_wconf 91' lang='lat' dir='ltr'><strong>in</strong></span> <span class='ocrx_word' id='word_1_498' title='bbox 2729 3185 2898 3258; x_wconf 78' lang='lat' dir='ltr'><strong>mari.</strong></span> <span class='ocrx_word' id='word_1_499' title='bbox 2945 3202 3107 3259; x_wconf 89' lang='lat' dir='ltr'><strong>Unde</strong></span> <span class='ocrx_word' id='word_1_500' title='bbox 3151 3201 3607 3274; x_wconf 90' lang='lat' dir='ltr'><strong>consequentius</strong></span> <span class='ocrx_word' id='word_1_501' title='bbox 3639 3204 3729 3259; x_wconf 88' lang='lat' dir='ltr'><strong>est</strong></span> 
     </span>
    </p>
   </div>
   <div class='ocr_carea' id='block_1_66' title="bbox 328 3289 1971 3362">
    <p class='ocr_par' dir='ltr' id='par_1_66' title="bbox 328 3289 1971 3362">
     <span class='ocr_line' id='line_1_66' title="bbox 328 3289 1971 3362; baseline 0.001 -16"><span class='ocrx_word' id='word_1_502' title='bbox 328 3289 605 3361; x_wconf 85' lang='lat' dir='ltr'><strong>Numquid</strong></span> <span class='ocrx_word' id='word_1_503' title='bbox 627 3304 739 3345; x_wconf 87' lang='lat' dir='ltr'><strong>non</strong></span> <span class='ocrx_word' id='word_1_504' title='bbox 776 3306 811 3345; x_wconf 91' lang='lat' dir='ltr'><strong>a</strong></span> <span class='ocrx_word' id='word_1_505' title='bbox 838 3291 1021 3344; x_wconf 78' lang='lat' dir='ltr'><strong>sonitu</strong></span> <span class='ocrx_word' id='word_1_506' title='bbox 1047 3289 1227 3343; x_wconf 63' lang='lat' dir='ltr'><strong>ruina:</strong></span> <span class='ocrx_word' id='word_1_507' title='bbox 1257 3290 1381 3357; x_wconf 74' lang='lat' dir='ltr'><strong>tuae,</strong></span> <span class='ocrx_word' id='word_1_508' title='bbox 1423 3299 1474 3344; x_wconf 86' lang='lat' dir='ltr'><strong>et</strong></span> <span class='ocrx_word' id='word_1_509' title='bbox 1500 3291 1710 3360; x_wconf 85' lang='lat' dir='ltr'><strong>gemitu</strong></span> <span class='ocrx_word' id='word_1_510' title='bbox 1738 3292 1971 3362; x_wconf 87' lang='lat' dir='ltr'><strong>interfe-</strong></span> 
     </span>
    </p>
   </div>
   <div class='ocr_carea' id='block_1_67' title="bbox 328 3377 1972 3451">
    <p class='ocr_par' dir='ltr' id='par_1_67' title="bbox 328 3377 1972 3451">
     <span class='ocr_line' id='line_1_67' title="bbox 328 3377 1972 3451; baseline 0 -16"><span class='ocrx_word' id='word_1_511' title='bbox 328 3382 539 3436; x_wconf 87' lang='lat' dir='ltr'><strong>ctorum</strong></span> <span class='ocrx_word' id='word_1_512' title='bbox 562 3382 802 3446; x_wconf 88' lang='lat' dir='ltr'><strong>tuorum,</strong></span> <span class='ocrx_word' id='word_1_513' title='bbox 835 3394 961 3451; x_wconf 84' lang='lat' dir='ltr'><strong>cum</strong></span> <span class='ocrx_word' id='word_1_514' title='bbox 980 3379 1145 3433; x_wconf 88' lang='lat' dir='ltr'><strong>occisi</strong></span> <span class='ocrx_word' id='word_1_515' title='bbox 1169 3379 1383 3449; x_wconf 84' lang='lat' dir='ltr'><strong>fuerint</strong></span> <span class='ocrx_word' id='word_1_516' title='bbox 1412 3379 1471 3432; x_wconf 91' lang='lat' dir='ltr'><strong>in</strong></span> <span class='ocrx_word' id='word_1_517' title='bbox 1500 3377 1677 3434; x_wconf 91' lang='lat' dir='ltr'><strong>medio</strong></span> <span class='ocrx_word' id='word_1_518' title='bbox 1699 3380 1799 3446; x_wconf 87' lang='lat' dir='ltr'><strong>tui,</strong></span> <span class='ocrx_word' id='word_1_519' title='bbox 1831 3395 1972 3435; x_wconf 87' lang='lat' dir='ltr'><strong>eom-</strong></span> 
     </span>
    </p>
   </div>
   <div class='ocr_carea' id='block_1_68' title="bbox 331 3465 1970 3525">
    <p class='ocr_par' dir='ltr' id='par_1_68' title="bbox 331 3465 1970 3525">
     <span class='ocr_line' id='line_1_68' title="bbox 331 3465 1970 3525; baseline -0.001 0"><span class='ocrx_word' id='word_1_520' title='bbox 331 3468 689 3525; x_wconf 86' lang='lat' dir='ltr'><strong>movebuntur</strong></span> <span class='ocrx_word' id='word_1_521' title='bbox 712 3467 913 3524; x_wconf 65' lang='lat' dir='ltr'><strong>insulse</strong></span> <span class='ocrx_word' id='word_1_522' title='bbox 927 3470 953 3521; x_wconf 70' lang='lat'><strong>.9</strong></span> <span class='ocrx_word' id='word_1_523' title='bbox 979 3468 1042 3522; x_wconf 87' lang='lat' dir='ltr'><strong>Et</strong></span> <span class='ocrx_word' id='word_1_524' title='bbox 1061 3465 1382 3522; x_wconf 88' lang='lat' dir='ltr'><strong>descendent</strong></span> <span class='ocrx_word' id='word_1_525' title='bbox 1400 3466 1466 3521; x_wconf 92' lang='lat' dir='ltr'><strong>de</strong></span> <span class='ocrx_word' id='word_1_526' title='bbox 1482 3466 1699 3522; x_wconf 78' lang='lat' dir='ltr'><strong>sedibus</strong></span> <span class='ocrx_word' id='word_1_527' title='bbox 1720 3470 1835 3523; x_wconf 86' lang='lat' dir='ltr'><strong>suis</strong></span> <span class='ocrx_word' id='word_1_528' title='bbox 1856 3484 1970 3524; x_wconf 91' lang='lat' dir='ltr'><strong>om-</strong></span> 
     </span>
    </p>
   </div>
   <div class='ocr_carea' id='block_1_69' title="bbox 327 3557 1971 3630">
    <p class='ocr_par' dir='ltr' id='par_1_69' title="bbox 327 3557 1971 3630">
     <span class='ocr_line' id='line_1_69' title="bbox 327 3557 1971 3630; baseline 0 -17"><span class='ocrx_word' id='word_1_529' title='bbox 327 3574 426 3614; x_wconf 81' lang='lat' dir='ltr'><strong>nes</strong></span> <span class='ocrx_word' id='word_1_530' title='bbox 440 3559 717 3630; x_wconf 84' lang='lat' dir='ltr'><strong>principes</strong></span> <span class='ocrx_word' id='word_1_531' title='bbox 735 3558 908 3612; x_wconf 89' lang='lat' dir='ltr'><strong>maris</strong></span> <span class='ocrx_word' id='word_1_532' title='bbox 925 3574 944 3611; x_wconf 89' lang='lat'><strong><em>:</em></strong></span> <span class='ocrx_word' id='word_1_533' title='bbox 973 3564 1026 3611; x_wconf 85' lang='lat' dir='ltr'><strong>et</strong></span> <span class='ocrx_word' id='word_1_534' title='bbox 1048 3559 1298 3627; x_wconf 83' lang='lat' dir='ltr'><strong>auferent</strong></span> <span class='ocrx_word' id='word_1_535' title='bbox 1314 3557 1547 3611; x_wconf 75' lang='lat' dir='ltr'><strong>exuvias</strong></span> <span class='ocrx_word' id='word_1_536' title='bbox 1566 3572 1714 3626; x_wconf 89' lang='lat' dir='ltr'><strong>suas,</strong></span> <span class='ocrx_word' id='word_1_537' title='bbox 1737 3560 1787 3612; x_wconf 88' lang='lat' dir='ltr'><strong>et</strong></span> <span class='ocrx_word' id='word_1_538' title='bbox 1807 3560 1971 3613; x_wconf 84' lang='lat' dir='ltr'><strong>vesti-</strong></span> 
     </span>
    </p>
   </div>
   <div class='ocr_carea' id='block_1_70' title="bbox 324 3644 1971 3718">
    <p class='ocr_par' dir='ltr' id='par_1_70' title="bbox 324 3644 1971 3718">
     <span class='ocr_line' id='line_1_70' title="bbox 324 3644 1971 3718; baseline -0.001 -15"><span class='ocrx_word' id='word_1_539' title='bbox 324 3650 621 3703; x_wconf 86' lang='lat' dir='ltr'><strong>mentasua</strong></span> <span class='ocrx_word' id='word_1_540' title='bbox 639 3647 796 3702; x_wconf 89' lang='lat' dir='ltr'><strong>varia</strong></span> <span class='ocrx_word' id='word_1_541' title='bbox 815 3645 1092 3718; x_wconf 87' lang='lat' dir='ltr'><strong>abjicient,</strong></span> <span class='ocrx_word' id='word_1_542' title='bbox 1112 3653 1165 3700; x_wconf 88' lang='lat' dir='ltr'><strong>et</strong></span> <span class='ocrx_word' id='word_1_543' title='bbox 1185 3644 1484 3700; x_wconf 88' lang='lat' dir='ltr'><strong>indaentur</strong></span> <span class='ocrx_word' id='word_1_544' title='bbox 1493 3645 1646 3701; x_wconf 70' lang='lat'><strong>299</strong></span> <span class='ocrx_word' id='word_1_545' title='bbox 1658 3653 1891 3717; x_wconf 82' lang='lat' dir='ltr'><strong>stupore.</strong></span> <span class='ocrx_word' id='word_1_546' title='bbox 1908 3649 1971 3703; x_wconf 92' lang='lat' dir='ltr'><strong>In</strong></span> 
     </span>
    </p>
   </div>
   <div class='ocr_carea' id='block_1_71' title="bbox 324 3735 2025 3806">
    <p class='ocr_par' dir='ltr' id='par_1_71' title="bbox 324 3735 2025 3806">
     <span class='ocr_line' id='line_1_71' title="bbox 324 3735 2025 3806; baseline 0.001 -13"><span class='ocrx_word' id='word_1_547' title='bbox 324 3740 475 3793; x_wconf 83' lang='lat' dir='ltr'><strong>terra</strong></span> <span class='ocrx_word' id='word_1_548' title='bbox 512 3735 790 3804; x_wconf 79' lang='lat' dir='ltr'><strong>sedebant,</strong></span> <span class='ocrx_word' id='word_1_549' title='bbox 833 3743 884 3791; x_wconf 89' lang='lat' dir='ltr'><strong>et</strong></span> <span class='ocrx_word' id='word_1_550' title='bbox 922 3736 1143 3791; x_wconf 85' lang='lat' dir='ltr'><strong>attoniti</strong></span> <span class='ocrx_word' id='word_1_551' title='bbox 1181 3750 1346 3806; x_wconf 87' lang='lat' dir='ltr'><strong>super</strong></span> <span class='ocrx_word' id='word_1_552' title='bbox 1374 3735 1655 3806; x_wconf 86' lang='lat' dir='ltr'><strong>repentino</strong></span> <span class='ocrx_word' id='word_1_553' title='bbox 1704 3751 1832 3791; x_wconf 83' lang='lat' dir='ltr'><strong>casu</strong></span> <span class='ocrx_word' id='word_1_554' title='bbox 1880 3744 1970 3791; x_wconf 88' lang='lat' dir='ltr'><strong>tuo</strong></span> <span class='ocrx_word' id='word_1_555' title='bbox 2022 3788 2025 3795; x_wconf 90' lang='lat'><strong>.</strong></span> 
     </span>
    </p>
   </div>
   <div class='ocr_carea' id='block_1_72' title="bbox 323 3823 1969 3895">
    <p class='ocr_par' dir='ltr' id='par_1_72' title="bbox 323 3823 1969 3895">
     <span class='ocr_line' id='line_1_72' title="bbox 323 3823 1969 3895; baseline -0.001 -14"><span class='ocrx_word' id='word_1_556' title='bbox 323 3825 812 3893; x_wconf 84' lang='lat' dir='ltr'><strong>admiranbuntar,</strong></span> <span class='ocrx_word' id='word_1_557' title='bbox 845 3827 897 3879; x_wconf 88' lang='lat' dir='ltr'><strong>et</strong></span> <span class='ocrx_word' id='word_1_558' title='bbox 924 3828 1259 3880; x_wconf 84' lang='lat' dir='ltr'><strong>assumentes</strong></span> <span class='ocrx_word' id='word_1_559' title='bbox 1277 3839 1440 3895; x_wconf 83' lang='lat' dir='ltr'><strong>super</strong></span> <span class='ocrx_word' id='word_1_560' title='bbox 1459 3826 1507 3879; x_wconf 88' lang='lat' dir='ltr'><strong>te</strong></span> <span class='ocrx_word' id='word_1_561' title='bbox 1529 3823 1849 3895; x_wconf 89' lang='lat' dir='ltr'><strong>lamentum,</strong></span> <span class='ocrx_word' id='word_1_562' title='bbox 1876 3826 1969 3880; x_wconf 87' lang='lat' dir='ltr'><strong>di-</strong></span> 
     </span>
    </p>
   </div>
   <div class='ocr_carea' id='block_1_73' title="bbox 320 3912 1969 3984">
    <p class='ocr_par' dir='ltr' id='par_1_73' title="bbox 320 3912 1969 3984">
     <span class='ocr_line' id='line_1_73' title="bbox 320 3912 1969 3984; baseline -0.001 -13"><span class='ocrx_word' id='word_1_563' title='bbox 320 3917 441 3971; x_wconf 78' lang='lat' dir='ltr'><strong>cent</strong></span> <span class='ocrx_word' id='word_1_564' title='bbox 469 3914 609 3970; x_wconf 83' lang='lat' dir='ltr'><strong>tibi:</strong></span> <span class='ocrx_word' id='word_1_565' title='bbox 638 3912 908 3982; x_wconf 83' lang='lat' dir='ltr'><strong>Quomodo</strong></span> <span class='ocrx_word' id='word_1_566' title='bbox 931 3915 1131 3984; x_wconf 86' lang='lat' dir='ltr'><strong>peristi</strong></span> <span class='ocrx_word' id='word_1_567' title='bbox 1158 3927 1283 3984; x_wconf 71' lang='lat' dir='ltr'><strong>qua:</strong></span> <span class='ocrx_word' id='word_1_568' title='bbox 1311 3914 1526 3968; x_wconf 79' lang='lat' dir='ltr'><strong>habitas</strong></span> <span class='ocrx_word' id='word_1_569' title='bbox 1553 3914 1614 3967; x_wconf 91' lang='lat' dir='ltr'><strong>in</strong></span> <span class='ocrx_word' id='word_1_570' title='bbox 1642 3915 1807 3983; x_wconf 88' lang='lat' dir='ltr'><strong>mari,</strong></span> <span class='ocrx_word' id='word_1_571' title='bbox 1839 3914 1969 3970; x_wconf 83' lang='lat' dir='ltr'><strong>urbs</strong></span> 
     </span>
    </p>
   </div>
   <div class='ocr_carea' id='block_1_74' title="bbox 322 3992 1968 4073">
    <p class='ocr_par' dir='ltr' id='par_1_74' title="bbox 322 3992 1968 4073">
     <span class='ocr_line' id='line_1_74' title="bbox 322 3992 1968 4073; baseline 0.001 -16"><span class='ocrx_word' id='word_1_572' title='bbox 322 4003 556 4073; x_wconf 78' lang='lat' dir='ltr'><strong>inclyta,</strong></span> <span class='ocrx_word' id='word_1_573' title='bbox 598 4016 725 4073; x_wconf 68' lang='lat' dir='ltr'><strong>quae</strong></span> <span class='ocrx_word' id='word_1_574' title='bbox 764 4002 927 4073; x_wconf 79' lang='lat' dir='ltr'><strong>fuisti</strong></span> <span class='ocrx_word' id='word_1_575' title='bbox 951 4003 1114 4072; x_wconf 87' lang='lat' dir='ltr'><strong>fortis</strong></span> <span class='ocrx_word' id='word_1_576' title='bbox 1145 4003 1203 4056; x_wconf 87' lang='lat' dir='ltr'><strong>in</strong></span> <span class='ocrx_word' id='word_1_577' title='bbox 1234 3992 1382 4056; x_wconf 75' lang='lat' dir='ltr'><strong>mari</strong></span> <span class='ocrx_word' id='word_1_578' title='bbox 1411 4016 1535 4056; x_wconf 88' lang='lat' dir='ltr'><strong>cum</strong></span> <span class='ocrx_word' id='word_1_579' title='bbox 1565 4001 1968 4058; x_wconf 86' lang='lat' dir='ltr'><strong>habitatoribus</strong></span> 
     </span>
    </p>
   </div>
   <div class='ocr_carea' id='block_1_75' title="bbox 322 4088 1967 4163">
    <p class='ocr_par' dir='ltr' id='par_1_75' title="bbox 322 4088 1967 4163">
     <span class='ocr_line' id='line_1_75' title="bbox 322 4088 1967 4163; baseline 0.002 -18"><span class='ocrx_word' id='word_1_580' title='bbox 322 4092 429 4145; x_wconf 85' lang='lat' dir='ltr'><strong>tuis</strong></span> <span class='ocrx_word' id='word_1_581' title='bbox 449 4104 579 4161; x_wconf 88' lang='lat' dir='ltr'><strong>quos</strong></span> <span class='ocrx_word' id='word_1_582' title='bbox 594 4088 967 4161; x_wconf 79' lang='lat' dir='ltr'><strong>formidabant</strong></span> <span class='ocrx_word' id='word_1_583' title='bbox 985 4092 1235 4147; x_wconf 87' lang='lat' dir='ltr'><strong>universi</strong></span> <span class='ocrx_word' id='word_1_584' title='bbox 1252 4093 1278 4143; x_wconf 69' lang='lat'><strong>.9</strong></span> <span class='ocrx_word' id='word_1_585' title='bbox 1305 4095 1463 4147; x_wconf 86' lang='lat' dir='ltr'><strong>Nunc</strong></span> <span class='ocrx_word' id='word_1_586' title='bbox 1489 4091 1781 4163; x_wconf 76' lang='lat' dir='ltr'><strong>stupebant</strong></span> <span class='ocrx_word' id='word_1_587' title='bbox 1804 4108 1967 4148; x_wconf 89' lang='lat' dir='ltr'><strong>naves</strong></span> 
     </span>
    </p>
   </div>
   <div class='ocr_carea' id='block_1_76' title="bbox 319 4178 1967 4252">
    <p class='ocr_par' dir='ltr' id='par_1_76' title="bbox 319 4178 1967 4252">
     <span class='ocr_line' id='line_1_76' title="bbox 319 4178 1967 4252; baseline 0.002 -17"><span class='ocrx_word' id='word_1_588' title='bbox 319 4181 382 4235; x_wconf 88' lang='lat' dir='ltr'><strong>in</strong></span> <span class='ocrx_word' id='word_1_589' title='bbox 391 4178 480 4235; x_wconf 89' lang='lat' dir='ltr'><strong>die</strong></span> <span class='ocrx_word' id='word_1_590' title='bbox 488 4181 710 4251; x_wconf 83' lang='lat' dir='ltr'><strong>pavoris</strong></span> <span class='ocrx_word' id='word_1_591' title='bbox 721 4180 882 4249; x_wconf 88' lang='lat' dir='ltr'><strong>tui,et</strong></span> <span class='ocrx_word' id='word_1_592' title='bbox 899 4179 1269 4236; x_wconf 88' lang='lat' dir='ltr'><strong>turbabantur</strong></span> <span class='ocrx_word' id='word_1_593' title='bbox 1286 4180 1489 4237; x_wconf 78' lang='lat' dir='ltr'><strong>insulae</strong></span> <span class='ocrx_word' id='word_1_594' title='bbox 1502 4181 1561 4234; x_wconf 90' lang='lat' dir='ltr'><strong>in</strong></span> <span class='ocrx_word' id='word_1_595' title='bbox 1577 4182 1742 4247; x_wconf 89' lang='lat' dir='ltr'><strong>mari,</strong></span> <span class='ocrx_word' id='word_1_596' title='bbox 1756 4196 1814 4237; x_wconf 92' lang='lat' dir='ltr'><strong>eo</strong></span> <span class='ocrx_word' id='word_1_597' title='bbox 1827 4182 1967 4252; x_wconf 87' lang='lat' dir='ltr'><strong>quod</strong></span> 
     </span>
    </p>
   </div>
   <div class='ocr_carea' id='block_1_77' title="bbox 316 4268 1964 4338">
    <p class='ocr_par' dir='ltr' id='par_1_77' title="bbox 316 4268 1964 4338">
     <span class='ocr_line' id='line_1_77' title="bbox 316 4268 1964 4338; baseline 0.002 -14"><span class='ocrx_word' id='word_1_598' title='bbox 316 4268 506 4325; x_wconf 86' lang='lat' dir='ltr'><strong>nullas</strong></span> <span class='ocrx_word' id='word_1_599' title='bbox 526 4269 841 4338; x_wconf 80' lang='lat' dir='ltr'><strong>egrediatur</strong></span> <span class='ocrx_word' id='word_1_600' title='bbox 856 4284 927 4324; x_wconf 78' lang='lat' dir='ltr'><strong>ea:</strong></span> <span class='ocrx_word' id='word_1_601' title='bbox 950 4276 1018 4324; x_wconf 88' lang='lat' dir='ltr'><strong>te.</strong></span> <span class='ocrx_word' id='word_1_602' title='bbox 1045 4268 1216 4324; x_wconf 86' lang='lat' dir='ltr'><strong>LXX:</strong></span> <span class='ocrx_word' id='word_1_603' title='bbox 1248 4270 1389 4338; x_wconf 83' lang='lat' dir='ltr'><strong>Quia</strong></span> <span class='ocrx_word' id='word_1_604' title='bbox 1410 4268 1528 4326; x_wconf 66' lang='lat' dir='ltr'><strong>haec</strong></span> <span class='ocrx_word' id='word_1_605' title='bbox 1547 4269 1685 4325; x_wconf 83' lang='lat' dir='ltr'><strong>dicit</strong></span> <span class='ocrx_word' id='word_1_606' title='bbox 1703 4271 1964 4327; x_wconf 87' lang='lat' dir='ltr'><strong>Dominus</strong></span> 
     </span>
    </p>
   </div>
   <div class='ocr_carea' id='block_1_78' title="bbox 315 4357 1963 4429">
    <p class='ocr_par' dir='ltr' id='par_1_78' title="bbox 315 4357 1963 4429">
     <span class='ocr_line' id='line_1_78' title="bbox 315 4357 1963 4429; baseline 0 -14"><span class='ocrx_word' id='word_1_607' title='bbox 315 4360 459 4415; x_wconf 88' lang='lat' dir='ltr'><strong>Deus</strong></span> <span class='ocrx_word' id='word_1_608' title='bbox 470 4357 587 4414; x_wconf 89' lang='lat' dir='ltr'><strong>Sor.</strong></span> <span class='ocrx_word' id='word_1_609' title='bbox 610 4358 799 4414; x_wconf 85' lang='lat' dir='ltr'><strong>Nonne</strong></span> <span class='ocrx_word' id='word_1_610' title='bbox 812 4375 847 4413; x_wconf 91' lang='lat' dir='ltr'><strong>a</strong></span> <span class='ocrx_word' id='word_1_611' title='bbox 861 4373 984 4415; x_wconf 88' lang='lat' dir='ltr'><strong>voce</strong></span> <span class='ocrx_word' id='word_1_612' title='bbox 995 4360 1178 4415; x_wconf 63' lang='lat' dir='ltr'><strong>ruinae</strong></span> <span class='ocrx_word' id='word_1_613' title='bbox 1193 4362 1299 4413; x_wconf 60' lang='lat' dir='ltr'><strong>tam</strong></span> <span class='ocrx_word' id='word_1_614' title='bbox 1314 4374 1436 4413; x_wconf 88' lang='lat' dir='ltr'><strong>cum</strong></span> <span class='ocrx_word' id='word_1_615' title='bbox 1450 4360 1822 4429; x_wconf 81' lang='lat' dir='ltr'><strong>ingemuerint</strong></span> <span class='ocrx_word' id='word_1_616' title='bbox 1838 4361 1963 4415; x_wconf 87' lang='lat' dir='ltr'><strong>val-</strong></span> 
     </span>
    </p>
   </div>
   <div class='ocr_carea' id='block_1_79' title="bbox 314 4446 1959 4521">
    <p class='ocr_par' dir='ltr' id='par_1_79' title="bbox 314 4446 1959 4521">
     <span class='ocr_line' id='line_1_79' title="bbox 314 4446 1959 4521; baseline 0 -17"><span class='ocrx_word' id='word_1_617' title='bbox 314 4449 502 4504; x_wconf 85' lang='lat' dir='ltr'><strong>nerati</strong></span> <span class='ocrx_word' id='word_1_618' title='bbox 520 4448 622 4513; x_wconf 91' lang='lat' dir='ltr'><strong>tui,</strong></span> <span class='ocrx_word' id='word_1_619' title='bbox 652 4464 777 4503; x_wconf 89' lang='lat' dir='ltr'><strong>cum</strong></span> <span class='ocrx_word' id='word_1_620' title='bbox 800 4448 1127 4517; x_wconf 82' lang='lat' dir='ltr'><strong>evaginatus</strong></span> <span class='ocrx_word' id='word_1_621' title='bbox 1144 4449 1318 4519; x_wconf 81' lang='lat' dir='ltr'><strong>fuerit</strong></span> <span class='ocrx_word' id='word_1_622' title='bbox 1342 4446 1560 4517; x_wconf 87' lang='lat' dir='ltr'><strong>gladius</strong></span> <span class='ocrx_word' id='word_1_623' title='bbox 1580 4448 1639 4502; x_wconf 90' lang='lat' dir='ltr'><strong>in</strong></span> <span class='ocrx_word' id='word_1_624' title='bbox 1662 4449 1838 4504; x_wconf 86' lang='lat' dir='ltr'><strong>medio</strong></span> <span class='ocrx_word' id='word_1_625' title='bbox 1857 4450 1959 4521; x_wconf 87' lang='lat' dir='ltr'><strong>tui,</strong></span> 
     </span>
    </p>
   </div>
   <div class='ocr_carea' id='block_1_80' title="bbox 2080 3292 3727 3367">
    <p class='ocr_par' dir='ltr' id='par_1_80' title="bbox 2080 3292 3727 3367">
     <span class='ocr_line' id='line_1_80' title="bbox 2080 3292 3727 3367; baseline -0.001 -17"><span class='ocrx_word' id='word_1_626' title='bbox 2080 3311 2259 3367; x_wconf 89' lang='lat' dir='ltr'><strong>supra</strong></span> <span class='ocrx_word' id='word_1_627' title='bbox 2279 3310 2442 3349; x_wconf 86' lang='lat' dir='ltr'><strong>naves</strong></span> <span class='ocrx_word' id='word_1_628' title='bbox 2461 3292 2670 3365; x_wconf 85' lang='lat' dir='ltr'><strong>legere,</strong></span> <span class='ocrx_word' id='word_1_629' title='bbox 2703 3309 2774 3348; x_wconf 90' lang='lat' dir='ltr'><strong>ne</strong></span> <span class='ocrx_word' id='word_1_630' title='bbox 2799 3293 3057 3348; x_wconf 89' lang='lat' dir='ltr'><strong>secundo</strong></span> <span class='ocrx_word' id='word_1_631' title='bbox 3083 3295 3377 3364; x_wconf 86' lang='lat' dir='ltr'><strong>ponantur</strong></span> <span class='ocrx_word' id='word_1_632' title='bbox 3400 3292 3639 3353; x_wconf 67' lang='lat' dir='ltr'><strong>insulas;</strong></span> <span class='ocrx_word' id='word_1_633' title='bbox 3661 3307 3727 3348; x_wconf 92' lang='lat' dir='ltr'><strong>eo</strong></span> 
     </span>
    </p>
   </div>
   <div class='ocr_carea' id='block_1_81' title="bbox 2080 3379 3725 3455">
    <p class='ocr_par' dir='ltr' id='par_1_81' title="bbox 2080 3379 3725 3455">
     <span class='ocr_line' id='line_1_81' title="bbox 2080 3379 3725 3455; baseline -0.002 -16"><span class='ocrx_word' id='word_1_634' title='bbox 2080 3384 2233 3455; x_wconf 91' lang='lat' dir='ltr'><strong>quod</strong></span> <span class='ocrx_word' id='word_1_635' title='bbox 2265 3381 2464 3438; x_wconf 91' lang='lat' dir='ltr'><strong>nullus</strong></span> <span class='ocrx_word' id='word_1_636' title='bbox 2495 3381 2831 3455; x_wconf 88' lang='lat' dir='ltr'><strong>egrediatur</strong></span> <span class='ocrx_word' id='word_1_637' title='bbox 2860 3397 2931 3438; x_wconf 84' lang='lat' dir='ltr'><strong>ex</strong></span> <span class='ocrx_word' id='word_1_638' title='bbox 2957 3385 3034 3447; x_wconf 92' lang='lat' dir='ltr'><strong>te,</strong></span> <span class='ocrx_word' id='word_1_639' title='bbox 3067 3381 3208 3452; x_wconf 90' lang='lat' dir='ltr'><strong>sive,</strong></span> <span class='ocrx_word' id='word_1_640' title='bbox 3253 3385 3315 3435; x_wconf 89' lang='lat' dir='ltr'><strong>ut</strong></span> <span class='ocrx_word' id='word_1_641' title='bbox 3342 3379 3725 3453; x_wconf 87' lang='lat' dir='ltr'><strong>Septuaginta</strong></span> 
     </span>
    </p>
   </div>
   <div class='ocr_carea' id='block_1_82' title="bbox 2080 3469 3726 3542">
    <p class='ocr_par' dir='ltr' id='par_1_82' title="bbox 2080 3469 3726 3542">
     <span class='ocr_line' id='line_1_82' title="bbox 2080 3469 3726 3542; baseline 0 -15"><span class='ocrx_word' id='word_1_642' title='bbox 2080 3472 2533 3539; x_wconf 88' lang='lat' dir='ltr'><strong>transtulerunt,</strong></span> <span class='ocrx_word' id='word_1_643' title='bbox 2564 3472 2625 3526; x_wconf 87' lang='lat' dir='ltr'><strong>in</strong></span> <span class='ocrx_word' id='word_1_644' title='bbox 2645 3471 2733 3526; x_wconf 89' lang='lat' dir='ltr'><strong>die</strong></span> <span class='ocrx_word' id='word_1_645' title='bbox 2753 3472 3082 3540; x_wconf 85' lang='lat' dir='ltr'><strong>egressionis</strong></span> <span class='ocrx_word' id='word_1_646' title='bbox 3112 3473 3261 3527; x_wconf 63' lang='lat' dir='ltr'><strong>tuae:</strong></span> <span class='ocrx_word' id='word_1_647' title='bbox 3293 3470 3526 3542; x_wconf 92' lang='lat' dir='ltr'><strong>quando</strong></span> <span class='ocrx_word' id='word_1_648' title='bbox 3547 3469 3726 3527; x_wconf 85' lang='lat' dir='ltr'><strong>fueris</strong></span> 
     </span>
    </p>
   </div>
   <div class='ocr_carea' id='block_1_83' title="bbox 2082 3557 3727 3633">
    <p class='ocr_par' dir='ltr' id='par_1_83' title="bbox 2082 3557 3727 3633">
     <span class='ocr_line' id='line_1_83' title="bbox 2082 3557 3727 3633; baseline -0.002 -16"><span class='ocrx_word' id='word_1_649' title='bbox 2082 3561 2259 3617; x_wconf 89' lang='lat' dir='ltr'><strong>ducta</strong></span> <span class='ocrx_word' id='word_1_650' title='bbox 2288 3560 2534 3633; x_wconf 91' lang='lat' dir='ltr'><strong>captiva.</strong></span> <span class='ocrx_word' id='word_1_651' title='bbox 2567 3563 2697 3615; x_wconf 66' lang='lat' dir='ltr'><strong>Haec</strong></span> <span class='ocrx_word' id='word_1_652' title='bbox 2722 3559 2957 3615; x_wconf 89' lang='lat' dir='ltr'><strong>interim</strong></span> <span class='ocrx_word' id='word_1_653' title='bbox 2982 3558 3151 3631; x_wconf 89' lang='lat' dir='ltr'><strong>quasi</strong></span> <span class='ocrx_word' id='word_1_654' title='bbox 3179 3558 3444 3630; x_wconf 65' lang='lat' dir='ltr'><strong>quaedam</strong></span> <span class='ocrx_word' id='word_1_655' title='bbox 3468 3557 3727 3614; x_wconf 67' lang='lat' dir='ltr'><strong>historiae</strong></span> 
     </span>
    </p>
   </div>
   <div class='ocr_carea' id='block_1_84' title="bbox 2072 3645 3732 3723">
    <p class='ocr_par' dir='ltr' id='par_1_84' title="bbox 2072 3645 3732 3723">
     <span class='ocr_line' id='line_1_84' title="bbox 2072 3645 3732 3723; baseline -0.002 -17"><span class='ocrx_word' id='word_1_656' title='bbox 2072 3651 2233 3723; x_wconf 87' lang='lat' dir='ltr'><strong>jacta</strong></span> <span class='ocrx_word' id='word_1_657' title='bbox 2254 3650 2368 3706; x_wconf 83' lang='lat' dir='ltr'><strong>sint</strong></span> <span class='ocrx_word' id='word_1_658' title='bbox 2392 3648 2810 3704; x_wconf 89' lang='lat' dir='ltr'><strong>fundamenta:</strong></span> <span class='ocrx_word' id='word_1_659' title='bbox 2836 3663 2994 3703; x_wconf 91' lang='lat' dir='ltr'><strong>nunc</strong></span> <span class='ocrx_word' id='word_1_660' title='bbox 3015 3645 3321 3719; x_wconf 87' lang='lat' dir='ltr'><strong>spirituale</strong></span> <span class='ocrx_word' id='word_1_661' title='bbox 3336 3645 3593 3703; x_wconf 91' lang='lat' dir='ltr'><strong>nitemur</strong></span> <span class='ocrx_word' id='word_1_662' title='bbox 3610 3645 3732 3703; x_wconf 92' lang='lat' dir='ltr'><strong>cul-</strong></span> 
     </span>
    </p>
   </div>
   <div class='ocr_carea' id='block_1_85' title="bbox 2081 3735 3721 3810">
    <p class='ocr_par' dir='ltr' id='par_1_85' title="bbox 2081 3735 3721 3810">
     <span class='ocr_line' id='line_1_85' title="bbox 2081 3735 3721 3810; baseline -0.002 -16"><span class='ocrx_word' id='word_1_663' title='bbox 2081 3754 2212 3795; x_wconf 88' lang='lat' dir='ltr'><strong>men</strong></span> <span class='ocrx_word' id='word_1_664' title='bbox 2231 3738 2550 3810; x_wconf 91' lang='lat' dir='ltr'><strong>imponere.</strong></span> <span class='ocrx_word' id='word_1_665' title='bbox 2571 3737 2749 3810; x_wconf 82' lang='lat' dir='ltr'><strong>Finge</strong></span> <span class='ocrx_word' id='word_1_666' title='bbox 2767 3736 3042 3807; x_wconf 88' lang='lat' dir='ltr'><strong>aliquem,</strong></span> <span class='ocrx_word' id='word_1_667' title='bbox 3056 3736 3158 3791; x_wconf 92' lang='lat' dir='ltr'><strong>diu</strong></span> <span class='ocrx_word' id='word_1_668' title='bbox 3177 3740 3405 3791; x_wconf 86' lang='lat' dir='ltr'><strong>servata</strong></span> <span class='ocrx_word' id='word_1_669' title='bbox 3420 3735 3721 3808; x_wconf 87' lang='lat' dir='ltr'><strong>pudicitia,</strong></span> 
     </span>
    </p>
   </div>
   <div class='ocr_carea' id='block_1_86' title="bbox 2078 3824 3725 3899">
    <p class='ocr_par' dir='ltr' id='par_1_86' title="bbox 2078 3824 3725 3899">
     <span class='ocr_line' id='line_1_86' title="bbox 2078 3824 3725 3899; baseline -0.001 -16"><span class='ocrx_word' id='word_1_670' title='bbox 2078 3826 2283 3884; x_wconf 90' lang='lat' dir='ltr'><strong>multis</strong></span> <span class='ocrx_word' id='word_1_671' title='bbox 2304 3825 2570 3883; x_wconf 81' lang='lat' dir='ltr'><strong>floruisse</strong></span> <span class='ocrx_word' id='word_1_672' title='bbox 2589 3825 2928 3897; x_wconf 90' lang='lat' dir='ltr'><strong>virtutibus,</strong></span> <span class='ocrx_word' id='word_1_673' title='bbox 2959 3829 3017 3881; x_wconf 90' lang='lat' dir='ltr'><strong>et</strong></span> <span class='ocrx_word' id='word_1_674' title='bbox 3036 3828 3239 3898; x_wconf 89' lang='lat' dir='ltr'><strong>postea</strong></span> <span class='ocrx_word' id='word_1_675' title='bbox 3262 3824 3322 3879; x_wconf 89' lang='lat' dir='ltr'><strong>in</strong></span> <span class='ocrx_word' id='word_1_676' title='bbox 3347 3824 3544 3898; x_wconf 89' lang='lat' dir='ltr'><strong>aliquo</strong></span> <span class='ocrx_word' id='word_1_677' title='bbox 3562 3826 3725 3899; x_wconf 85' lang='lat' dir='ltr'><strong>gravi</strong></span> 
     </span>
    </p>
   </div>
   <div class='ocr_carea' id='block_1_87' title="bbox 2079 3914 3724 3989">
    <p class='ocr_par' dir='ltr' id='par_1_87' title="bbox 2079 3914 3724 3989">
     <span class='ocr_line' id='line_1_87' title="bbox 2079 3914 3724 3989; baseline -0.002 -16"><span class='ocrx_word' id='word_1_678' title='bbox 2079 3915 2428 3989; x_wconf 91' lang='lat' dir='ltr'><strong>mortalique</strong></span> <span class='ocrx_word' id='word_1_679' title='bbox 2449 3919 2683 3989; x_wconf 89' lang='lat' dir='ltr'><strong>peccato</strong></span> <span class='ocrx_word' id='word_1_680' title='bbox 2704 3932 2832 3973; x_wconf 90' lang='lat' dir='ltr'><strong>esse</strong></span> <span class='ocrx_word' id='word_1_681' title='bbox 2852 3914 3177 3988; x_wconf 91' lang='lat' dir='ltr'><strong>collapsum</strong></span> <span class='ocrx_word' id='word_1_682' title='bbox 3203 3932 3215 3971; x_wconf 94' lang='lat'>:</span> <span class='ocrx_word' id='word_1_683' title='bbox 3250 3930 3444 3971; x_wconf 89' lang='lat' dir='ltr'><strong>nonne</strong></span> <span class='ocrx_word' id='word_1_684' title='bbox 3465 3916 3536 3971; x_wconf 92' lang='lat' dir='ltr'><strong>ad</strong></span> <span class='ocrx_word' id='word_1_685' title='bbox 3559 3915 3724 3971; x_wconf 91' lang='lat' dir='ltr'><strong>soni-</strong></span> 
     </span>
    </p>
   </div>
   <div class='ocr_carea' id='block_1_88' title="bbox 2075 4003 3722 4078">
    <p class='ocr_par' dir='ltr' id='par_1_88' title="bbox 2075 4003 3722 4078">
     <span class='ocr_line' id='line_1_88' title="bbox 2075 4003 3722 4078; baseline -0.002 -16"><span class='ocrx_word' id='word_1_686' title='bbox 2075 4011 2202 4062; x_wconf 91' lang='lat' dir='ltr'><strong>tum</strong></span> <span class='ocrx_word' id='word_1_687' title='bbox 2235 4007 2415 4061; x_wconf 69' lang='lat' dir='ltr'><strong>ruinss</strong></span> <span class='ocrx_word' id='word_1_688' title='bbox 2446 4007 2572 4078; x_wconf 91' lang='lat' dir='ltr'><strong>ejus</strong></span> <span class='ocrx_word' id='word_1_689' title='bbox 2603 4005 3162 4077; x_wconf 89' lang='lat' dir='ltr'><strong>interfectarumque</strong></span> <span class='ocrx_word' id='word_1_690' title='bbox 3190 4003 3474 4059; x_wconf 88' lang='lat' dir='ltr'><strong>virtutum</strong></span> <span class='ocrx_word' id='word_1_691' title='bbox 3517 4019 3722 4060; x_wconf 88' lang='lat' dir='ltr'><strong>omnes</strong></span> 
     </span>
    </p>
   </div>
   <div class='ocr_carea' id='block_1_89' title="bbox 2076 4092 3723 4165">
    <p class='ocr_par' dir='ltr' id='par_1_89' title="bbox 2076 4092 3723 4165">
     <span class='ocr_line' id='line_1_89' title="bbox 2076 4092 3723 4165; baseline -0.001 -14"><span class='ocrx_word' id='word_1_692' title='bbox 2076 4094 2281 4151; x_wconf 66' lang='lat' dir='ltr'><strong>insulae</strong></span> <span class='ocrx_word' id='word_1_693' title='bbox 2296 4094 2714 4150; x_wconf 87' lang='lat' dir='ltr'><strong>movebuntur:</strong></span> <span class='ocrx_word' id='word_1_694' title='bbox 2732 4092 2791 4148; x_wconf 93' lang='lat' dir='ltr'><strong>hi</strong></span> <span class='ocrx_word' id='word_1_695' title='bbox 2810 4092 3075 4149; x_wconf 86' lang='lat' dir='ltr'><strong>videlicet</strong></span> <span class='ocrx_word' id='word_1_696' title='bbox 3087 4092 3188 4165; x_wconf 91' lang='lat' dir='ltr'><strong>qui</strong></span> <span class='ocrx_word' id='word_1_697' title='bbox 3201 4092 3374 4150; x_wconf 90' lang='lat' dir='ltr'><strong>salsis</strong></span> <span class='ocrx_word' id='word_1_698' title='bbox 3389 4092 3723 4165; x_wconf 88' lang='lat' dir='ltr'><strong>amarisque</strong></span> 
     </span>
    </p>
   </div>
   <div class='ocr_carea' id='block_1_90' title="bbox 2075 4180 3723 4256">
    <p class='ocr_par' dir='ltr' id='par_1_90' title="bbox 2075 4180 3723 4256">
     <span class='ocr_line' id='line_1_90' title="bbox 2075 4180 3723 4256; baseline -0.002 -16"><span class='ocrx_word' id='word_1_699' title='bbox 2075 4184 2254 4256; x_wconf 89' lang='lat' dir='ltr'><strong>hujus</strong></span> <span class='ocrx_word' id='word_1_700' title='bbox 2275 4181 2471 4238; x_wconf 60' lang='lat' dir='ltr'><strong>saeculi</strong></span> <span class='ocrx_word' id='word_1_701' title='bbox 2493 4183 2826 4238; x_wconf 89' lang='lat' dir='ltr'><strong>tunduntur</strong></span> <span class='ocrx_word' id='word_1_702' title='bbox 2847 4181 3124 4239; x_wconf 84' lang='lat' dir='ltr'><strong>ﬂuctibus</strong></span> <span class='ocrx_word' id='word_1_703' title='bbox 3139 4182 3168 4237; x_wconf 78' lang='lat' dir='ltr'><strong>‘t</strong></span> <span class='ocrx_word' id='word_1_704' title='bbox 3197 4186 3254 4238; x_wconf 91' lang='lat' dir='ltr'><strong>et</strong></span> <span class='ocrx_word' id='word_1_705' title='bbox 3273 4180 3629 4237; x_wconf 90' lang='lat' dir='ltr'><strong>descendent</strong></span> <span class='ocrx_word' id='word_1_706' title='bbox 3648 4181 3723 4237; x_wconf 91' lang='lat' dir='ltr'><strong>de</strong></span> 
     </span>
    </p>
   </div>
   <div class='ocr_carea' id='block_1_91' title="bbox 2073 4269 3723 4344">
    <p class='ocr_par' dir='ltr' id='par_1_91' title="bbox 2073 4269 3723 4344">
     <span class='ocr_line' id='line_1_91' title="bbox 2073 4269 3723 4344; baseline -0.002 -15"><span class='ocrx_word' id='word_1_707' title='bbox 2073 4272 2282 4329; x_wconf 87' lang='lat' dir='ltr'><strong>throno</strong></span> <span class='ocrx_word' id='word_1_708' title='bbox 2304 4271 2592 4343; x_wconf 66' lang='lat' dir='ltr'><strong>superbia:</strong></span> <span class='ocrx_word' id='word_1_709' title='bbox 2614 4287 2754 4340; x_wconf 79' lang='lat' dir='ltr'><strong>suae,</strong></span> <span class='ocrx_word' id='word_1_710' title='bbox 2775 4288 2980 4329; x_wconf 90' lang='lat' dir='ltr'><strong>omnes</strong></span> <span class='ocrx_word' id='word_1_711' title='bbox 3001 4270 3102 4344; x_wconf 91' lang='lat' dir='ltr'><strong>qui</strong></span> <span class='ocrx_word' id='word_1_712' title='bbox 3117 4271 3177 4327; x_wconf 92' lang='lat' dir='ltr'><strong>in</strong></span> <span class='ocrx_word' id='word_1_713' title='bbox 3196 4270 3393 4328; x_wconf 73' lang='lat' dir='ltr'><strong>saaculi</strong></span> <span class='ocrx_word' id='word_1_714' title='bbox 3413 4269 3592 4343; x_wconf 89' lang='lat' dir='ltr'><strong>hujus</strong></span> <span class='ocrx_word' id='word_1_715' title='bbox 3608 4270 3723 4326; x_wconf 87' lang='lat' dir='ltr'><strong>sal-</strong></span> 
     </span>
    </p>
   </div>
   <div class='ocr_carea' id='block_1_92' title="bbox 2072 4359 3716 4434">
    <p class='ocr_par' dir='ltr' id='par_1_92' title="bbox 2072 4359 3716 4434">
     <span class='ocr_line' id='line_1_92' title="bbox 2072 4359 3716 4434; baseline -0.002 -17"><span class='ocrx_word' id='word_1_716' title='bbox 2072 4360 2277 4434; x_wconf 88' lang='lat' dir='ltr'><strong>sugine</strong></span> <span class='ocrx_word' id='word_1_717' title='bbox 2308 4359 2600 4434; x_wconf 87' lang='lat' dir='ltr'><strong>principes</strong></span> <span class='ocrx_word' id='word_1_718' title='bbox 2628 4360 2995 4426; x_wconf 89' lang='lat' dir='ltr'><strong>videbantur,</strong></span> <span class='ocrx_word' id='word_1_719' title='bbox 3034 4365 3092 4417; x_wconf 88' lang='lat' dir='ltr'><strong>et</strong></span> <span class='ocrx_word' id='word_1_720' title='bbox 3128 4359 3461 4416; x_wconf 89' lang='lat' dir='ltr'><strong>humilitate</strong></span> <span class='ocrx_word' id='word_1_721' title='bbox 3485 4359 3716 4430; x_wconf 87' lang='lat' dir='ltr'><strong>dejecti,</strong></span> 
     </span>
    </p>
   </div>
   <div class='ocr_carea' id='block_1_93' title="bbox 2072 4447 3721 4522">
    <p class='ocr_par' dir='ltr' id='par_1_93' title="bbox 2072 4447 3721 4522">
     <span class='ocr_line' id='line_1_93' title="bbox 2072 4447 3721 4522; baseline -0.002 -16"><span class='ocrx_word' id='word_1_722' title='bbox 2072 4450 2336 4507; x_wconf 88' lang='lat' dir='ltr'><strong>auferent</strong></span> <span class='ocrx_word' id='word_1_723' title='bbox 2354 4449 2686 4505; x_wconf 89' lang='lat' dir='ltr'><strong>diademata</strong></span> <span class='ocrx_word' id='word_1_724' title='bbox 2706 4450 2777 4504; x_wconf 87' lang='lat' dir='ltr'><strong>de</strong></span> <span class='ocrx_word' id='word_1_725' title='bbox 2798 4448 3090 4522; x_wconf 86' lang='lat' dir='ltr'><strong>capitibus</strong></span> <span class='ocrx_word' id='word_1_726' title='bbox 3111 4448 3256 4516; x_wconf 90' lang='lat' dir='ltr'><strong>suis,</strong></span> <span class='ocrx_word' id='word_1_727' title='bbox 3294 4465 3423 4521; x_wconf 63' lang='lat' dir='ltr'><strong>quas</strong></span> <span class='ocrx_word' id='word_1_728' title='bbox 3444 4447 3721 4503; x_wconf 85' lang='lat' dir='ltr'><strong>videban-</strong></span> 
     </span>
    </p>
   </div>
   <div class='ocr_carea' id='block_1_94' title="bbox 312 4535 3721 4620">
    <p class='ocr_par' dir='ltr' id='par_1_94' title="bbox 312 4535 3721 4620">
     <span class='ocr_line' id='line_1_94' title="bbox 312 4535 3721 4620; baseline -0.001 -26"><span class='ocrx_word' id='word_1_729' title='bbox 312 4536 791 4594; x_wconf 82' lang='lat' dir='ltr'><strong>commovebantar</strong></span> <span class='ocrx_word' id='word_1_730' title='bbox 816 4537 1038 4605; x_wconf 80' lang='lat' dir='ltr'><strong>insulse,</strong></span> <span class='ocrx_word' id='word_1_731' title='bbox 1083 4544 1135 4592; x_wconf 89' lang='lat' dir='ltr'><strong>et</strong></span> <span class='ocrx_word' id='word_1_732' title='bbox 1162 4536 1481 4593; x_wconf 84' lang='lat' dir='ltr'><strong>descendent</strong></span> <span class='ocrx_word' id='word_1_733' title='bbox 1507 4536 1573 4592; x_wconf 89' lang='lat' dir='ltr'><strong>de</strong></span> <span class='ocrx_word' id='word_1_734' title='bbox 1598 4536 1818 4592; x_wconf 89' lang='lat' dir='ltr'><strong>sedibus</strong></span> <span class='ocrx_word' id='word_1_735' title='bbox 1845 4540 1961 4593; x_wconf 87' lang='lat' dir='ltr'><strong>suis</strong></span> <span class='ocrx_word' id='word_1_736' title='bbox 1989 4554 2036 4620; x_wconf 70' lang='grc' dir='ltr'>Β</span> <span class='ocrx_word' id='word_1_737' title='bbox 2067 4544 2164 4596; x_wconf 91' lang='lat' dir='ltr'><strong>tur</strong></span> <span class='ocrx_word' id='word_1_738' title='bbox 2193 4538 2363 4595; x_wconf 90' lang='lat' dir='ltr'><strong>bonis</strong></span> <span class='ocrx_word' id='word_1_739' title='bbox 2393 4538 2668 4611; x_wconf 88' lang='lat' dir='ltr'><strong>operibus</strong></span> <span class='ocrx_word' id='word_1_740' title='bbox 2714 4537 3036 4610; x_wconf 90' lang='lat' dir='ltr'><strong>possidere,</strong></span> <span class='ocrx_word' id='word_1_741' title='bbox 3083 4542 3141 4593; x_wconf 90' lang='lat' dir='ltr'><strong>et</strong></span> <span class='ocrx_word' id='word_1_742' title='bbox 3180 4537 3531 4593; x_wconf 84' lang='lat' dir='ltr'><strong>vestimenta</strong></span> <span class='ocrx_word' id='word_1_743' title='bbox 3556 4535 3721 4592; x_wconf 90' lang='lat' dir='ltr'><strong>varia</strong></span> 
     </span>
    </p>
   </div>
   <div class='ocr_carea' id='block_1_95' title="bbox 310 4625 1954 4700">
    <p class='ocr_par' dir='ltr' id='par_1_95' title="bbox 310 4625 1954 4700">
     <span class='ocr_line' id='line_1_95' title="bbox 310 4625 1954 4700; baseline -0.001 -16"><span class='ocrx_word' id='word_1_744' title='bbox 310 4641 494 4684; x_wconf 83' lang='lat' dir='ltr'><strong>omnes</strong></span> <span class='ocrx_word' id='word_1_745' title='bbox 507 4626 784 4698; x_wconf 79' lang='lat' dir='ltr'><strong>principes</strong></span> <span class='ocrx_word' id='word_1_746' title='bbox 802 4627 993 4694; x_wconf 89' lang='lat' dir='ltr'><strong>maris,</strong></span> <span class='ocrx_word' id='word_1_747' title='bbox 1016 4628 1069 4680; x_wconf 89' lang='lat' dir='ltr'><strong>et</strong></span> <span class='ocrx_word' id='word_1_748' title='bbox 1088 4625 1344 4700; x_wconf 86' lang='lat' dir='ltr'><strong>auferent</strong></span> <span class='ocrx_word' id='word_1_749' title='bbox 1362 4641 1588 4682; x_wconf 89' lang='lat' dir='ltr'><strong>coronas</strong></span> <span class='ocrx_word' id='word_1_750' title='bbox 1616 4642 1760 4693; x_wconf 88' lang='lat' dir='ltr'><strong>suas,</strong></span> <span class='ocrx_word' id='word_1_751' title='bbox 1791 4630 1842 4682; x_wconf 92' lang='lat' dir='ltr'><strong>et</strong></span> <span class='ocrx_word' id='word_1_752' title='bbox 1863 4643 1954 4682; x_wconf 87' lang='lat' dir='ltr'><strong>ve-</strong></span> 
     </span>
    </p>
   </div>
   <div class='ocr_carea' id='block_1_96' title="bbox 309 4712 1956 4772">
    <p class='ocr_par' dir='ltr' id='par_1_96' title="bbox 309 4712 1956 4772">
     <span class='ocr_line' id='line_1_96' title="bbox 309 4712 1956 4772; baseline -0.001 0"><span class='ocrx_word' id='word_1_753' title='bbox 309 4716 584 4772; x_wconf 83' lang='lat' dir='ltr'><strong>stimentis</strong></span> <span class='ocrx_word' id='word_1_754' title='bbox 601 4715 717 4771; x_wconf 85' lang='lat' dir='ltr'><strong>suis</strong></span> <span class='ocrx_word' id='word_1_755' title='bbox 728 4712 905 4771; x_wconf 81' lang='lat' dir='ltr'><strong>variis</strong></span> <span class='ocrx_word' id='word_1_756' title='bbox 923 4714 1312 4770; x_wconf 79' lang='lat' dir='ltr'><strong>nudabantur?</strong></span> <span class='ocrx_word' id='word_1_757' title='bbox 1329 4716 1533 4771; x_wconf 85' lang='lat' dir='ltr'><strong>Furore</strong></span> <span class='ocrx_word' id='word_1_758' title='bbox 1554 4716 1831 4771; x_wconf 88' lang='lat' dir='ltr'><strong>insanient</strong></span> <span class='ocrx_word' id='word_1_759' title='bbox 1844 4734 1863 4771; x_wconf 91' lang='lat'><strong><em>:</em></strong></span> <span class='ocrx_word' id='word_1_760' title='bbox 1895 4718 1956 4771; x_wconf 88' lang='lat' dir='ltr'><strong>in</strong></span> 
     </span>
    </p>
   </div>
   <div class='ocr_carea' id='block_1_97' title="bbox 312 4802 1955 4876">
    <p class='ocr_par' dir='ltr' id='par_1_97' title="bbox 312 4802 1955 4876">
     <span class='ocr_line' id='line_1_97' title="bbox 312 4802 1955 4876; baseline 0 -15"><span class='ocrx_word' id='word_1_761' title='bbox 312 4808 461 4861; x_wconf 84' lang='lat' dir='ltr'><strong>terra</strong></span> <span class='ocrx_word' id='word_1_762' title='bbox 487 4804 767 4871; x_wconf 84' lang='lat' dir='ltr'><strong>sedebant,</strong></span> <span class='ocrx_word' id='word_1_763' title='bbox 812 4811 863 4860; x_wconf 86' lang='lat' dir='ltr'><strong>et</strong></span> <span class='ocrx_word' id='word_1_764' title='bbox 892 4802 1270 4875; x_wconf 80' lang='lat' dir='ltr'><strong>formidabant</strong></span> <span class='ocrx_word' id='word_1_765' title='bbox 1291 4803 1655 4876; x_wconf 86' lang='lat' dir='ltr'><strong>perditionem</strong></span> <span class='ocrx_word' id='word_1_766' title='bbox 1682 4821 1859 4873; x_wconf 86' lang='lat' dir='ltr'><strong>suam,</strong></span> <span class='ocrx_word' id='word_1_767' title='bbox 1906 4808 1955 4861; x_wconf 89' lang='lat' dir='ltr'><strong>et</strong></span> 
     </span>
    </p>
   </div>
   <div class='ocr_carea' id='block_1_98' title="bbox 308 4893 1955 4965">
    <p class='ocr_par' dir='ltr' id='par_1_98' title="bbox 308 4893 1955 4965">
     <span class='ocr_line' id='line_1_98' title="bbox 308 4893 1955 4965; baseline 0.001 -17"><span class='ocrx_word' id='word_1_768' title='bbox 308 4896 521 4962; x_wconf 82' lang='lat' dir='ltr'><strong>gement</strong></span> <span class='ocrx_word' id='word_1_769' title='bbox 539 4909 703 4965; x_wconf 88' lang='lat' dir='ltr'><strong>super</strong></span> <span class='ocrx_word' id='word_1_770' title='bbox 721 4899 791 4960; x_wconf 87' lang='lat' dir='ltr'><strong>te,</strong></span> <span class='ocrx_word' id='word_1_771' title='bbox 824 4900 875 4948; x_wconf 84' lang='lat' dir='ltr'><strong>et</strong></span> <span class='ocrx_word' id='word_1_772' title='bbox 895 4895 1172 4948; x_wconf 89' lang='lat' dir='ltr'><strong>assument</strong></span> <span class='ocrx_word' id='word_1_773' title='bbox 1192 4908 1357 4964; x_wconf 88' lang='lat' dir='ltr'><strong>super</strong></span> <span class='ocrx_word' id='word_1_774' title='bbox 1380 4901 1430 4949; x_wconf 86' lang='lat' dir='ltr'><strong>te</strong></span> <span class='ocrx_word' id='word_1_775' title='bbox 1452 4893 1774 4964; x_wconf 88' lang='lat' dir='ltr'><strong>lamentum,</strong></span> <span class='ocrx_word' id='word_1_776' title='bbox 1795 4896 1847 4950; x_wconf 91' lang='lat' dir='ltr'><strong>et</strong></span> <span class='ocrx_word' id='word_1_777' title='bbox 1865 4893 1955 4950; x_wconf 89' lang='lat' dir='ltr'><strong>di-</strong></span> 
     </span>
    </p>
   </div>
   <div class='ocr_carea' id='block_1_99' title="bbox 306 4980 1951 5055">
    <p class='ocr_par' dir='ltr' id='par_1_99' title="bbox 306 4980 1951 5055">
     <span class='ocr_line' id='line_1_99' title="bbox 306 4980 1951 5055; baseline 0.002 -19"><span class='ocrx_word' id='word_1_778' title='bbox 306 4988 429 5036; x_wconf 84' lang='lat' dir='ltr'><strong>cent</strong></span> <span class='ocrx_word' id='word_1_779' title='bbox 470 4981 614 5036; x_wconf 87' lang='lat' dir='ltr'><strong>tibi:</strong></span> <span class='ocrx_word' id='word_1_780' title='bbox 658 4981 928 5050; x_wconf 87' lang='lat' dir='ltr'><strong>Quomodo</strong></span> <span class='ocrx_word' id='word_1_781' title='bbox 969 4983 1165 5053; x_wconf 85' lang='lat' dir='ltr'><strong>peristi</strong></span> <span class='ocrx_word' id='word_1_782' title='bbox 1206 4984 1259 5036; x_wconf 84' lang='lat' dir='ltr'><strong>et</strong></span> <span class='ocrx_word' id='word_1_783' title='bbox 1306 4980 1573 5053; x_wconf 86' lang='lat' dir='ltr'><strong>dissipata</strong></span> <span class='ocrx_word' id='word_1_784' title='bbox 1610 4998 1667 5039; x_wconf 89' lang='lat' dir='ltr'><strong>es</strong></span> <span class='ocrx_word' id='word_1_785' title='bbox 1694 4984 1755 5037; x_wconf 88' lang='lat' dir='ltr'><strong>in</strong></span> <span class='ocrx_word' id='word_1_786' title='bbox 1785 4985 1951 5055; x_wconf 87' lang='lat' dir='ltr'><strong>mari,</strong></span> 
     </span>
    </p>
   </div>
   <div class='ocr_carea' id='block_1_100' title="bbox 306 5067 1954 5143">
    <p class='ocr_par' dir='ltr' id='par_1_100' title="bbox 306 5067 1954 5143">
     <span class='ocr_line' id='line_1_100' title="bbox 306 5067 1954 5143; baseline 0.001 -18"><span class='ocrx_word' id='word_1_787' title='bbox 306 5069 437 5125; x_wconf 87' lang='lat' dir='ltr'><strong>urbs</strong></span> <span class='ocrx_word' id='word_1_788' title='bbox 466 5067 708 5138; x_wconf 86' lang='lat' dir='ltr'><strong>laudata,</strong></span> <span class='ocrx_word' id='word_1_789' title='bbox 742 5086 858 5141; x_wconf 72' lang='lat' dir='ltr'><strong>quae</strong></span> <span class='ocrx_word' id='word_1_790' title='bbox 875 5072 1036 5143; x_wconf 88' lang='lat' dir='ltr'><strong>fuisti</strong></span> <span class='ocrx_word' id='word_1_791' title='bbox 1063 5072 1227 5142; x_wconf 79' lang='lat' dir='ltr'><strong>fortis</strong></span> <span class='ocrx_word' id='word_1_792' title='bbox 1253 5072 1311 5126; x_wconf 90' lang='lat' dir='ltr'><strong>in</strong></span> <span class='ocrx_word' id='word_1_793' title='bbox 1330 5071 1477 5125; x_wconf 88' lang='lat' dir='ltr'><strong>mari</strong></span> <span class='ocrx_word' id='word_1_794' title='bbox 1502 5072 1640 5142; x_wconf 87' lang='lat' dir='ltr'><strong>ipsa,</strong></span> <span class='ocrx_word' id='word_1_795' title='bbox 1667 5078 1717 5127; x_wconf 89' lang='lat' dir='ltr'><strong>et</strong></span> <span class='ocrx_word' id='word_1_796' title='bbox 1740 5071 1954 5126; x_wconf 88' lang='lat' dir='ltr'><strong>habita-</strong></span> 
     </span>
    </p>
   </div>
   <div class='ocr_carea' id='block_1_101' title="bbox 306 5148 1952 5230">
    <p class='ocr_par' dir='ltr' id='par_1_101' title="bbox 306 5148 1952 5230">
     <span class='ocr_line' id='line_1_101' title="bbox 306 5148 1952 5230; baseline 0 -15"><span class='ocrx_word' id='word_1_797' title='bbox 306 5166 448 5215; x_wconf 86' lang='lat' dir='ltr'><strong>tores</strong></span> <span class='ocrx_word' id='word_1_798' title='bbox 476 5158 613 5230; x_wconf 86' lang='lat' dir='ltr'><strong>ejus,</strong></span> <span class='ocrx_word' id='word_1_799' title='bbox 634 5173 760 5230; x_wconf 62' lang='lat' dir='ltr'><strong>qux</strong></span> <span class='ocrx_word' id='word_1_800' title='bbox 785 5157 934 5215; x_wconf 87' lang='lat' dir='ltr'><strong>dedit</strong></span> <span class='ocrx_word' id='word_1_801' title='bbox 958 5161 1209 5215; x_wconf 85' lang='lat' dir='ltr'><strong>timorem</strong></span> <span class='ocrx_word' id='word_1_802' title='bbox 1229 5176 1391 5215; x_wconf 90' lang='lat' dir='ltr'><strong>suum</strong></span> <span class='ocrx_word' id='word_1_803' title='bbox 1412 5148 1663 5215; x_wconf 82' lang='lat' dir='ltr'><strong>omnibus</strong></span> <span class='ocrx_word' id='word_1_804' title='bbox 1684 5159 1952 5215; x_wconf 86' lang='lat' dir='ltr'><strong>habitato-</strong></span> 
     </span>
    </p>
   </div>
   <div class='ocr_carea' id='block_1_102' title="bbox 304 5248 1949 5320">
    <p class='ocr_par' dir='ltr' id='par_1_102' title="bbox 304 5248 1949 5320">
     <span class='ocr_line' id='line_1_102' title="bbox 304 5248 1949 5320; baseline 0 -14"><span class='ocrx_word' id='word_1_805' title='bbox 304 5250 458 5306; x_wconf 83' lang='lat' dir='ltr'><strong>ribus</strong></span> <span class='ocrx_word' id='word_1_806' title='bbox 484 5250 598 5305; x_wconf 86' lang='lat' dir='ltr'><strong>suis</strong></span> <span class='ocrx_word' id='word_1_807' title='bbox 617 5251 642 5301; x_wconf 83' lang='lat'><em>?</em></span> <span class='ocrx_word' id='word_1_808' title='bbox 669 5249 732 5303; x_wconf 82' lang='lat' dir='ltr'><strong>Et</strong></span> <span class='ocrx_word' id='word_1_809' title='bbox 758 5249 1135 5320; x_wconf 82' lang='lat' dir='ltr'><strong>formidabant</strong></span> <span class='ocrx_word' id='word_1_810' title='bbox 1163 5249 1370 5307; x_wconf 63' lang='lat' dir='ltr'><strong>insulse</strong></span> <span class='ocrx_word' id='word_1_811' title='bbox 1395 5249 1461 5303; x_wconf 87' lang='lat' dir='ltr'><strong>in</strong></span> <span class='ocrx_word' id='word_1_812' title='bbox 1490 5248 1578 5304; x_wconf 88' lang='lat' dir='ltr'><strong>die</strong></span> <span class='ocrx_word' id='word_1_813' title='bbox 1607 5251 1786 5304; x_wconf 75' lang='lat' dir='ltr'><strong>ruina:</strong></span> <span class='ocrx_word' id='word_1_814' title='bbox 1816 5257 1949 5317; x_wconf 60' lang='lat' dir='ltr'><strong>tuae,</strong></span> 
     </span>
    </p>
   </div>
   <div class='ocr_carea' id='block_1_103' title="bbox 302 5336 1951 5395">
    <p class='ocr_par' dir='ltr' id='par_1_103' title="bbox 302 5336 1951 5395">
     <span class='ocr_line' id='line_1_103' title="bbox 302 5336 1951 5395; baseline -0.001 0"><span class='ocrx_word' id='word_1_815' title='bbox 302 5342 354 5395; x_wconf 86' lang='lat' dir='ltr'><strong>et</strong></span> <span class='ocrx_word' id='word_1_816' title='bbox 383 5337 752 5395; x_wconf 88' lang='lat' dir='ltr'><strong>turbabantur</strong></span> <span class='ocrx_word' id='word_1_817' title='bbox 779 5338 984 5394; x_wconf 71' lang='lat' dir='ltr'><strong>insulse</strong></span> <span class='ocrx_word' id='word_1_818' title='bbox 1013 5340 1075 5393; x_wconf 88' lang='lat' dir='ltr'><strong>in</strong></span> <span class='ocrx_word' id='word_1_819' title='bbox 1102 5340 1251 5393; x_wconf 89' lang='lat' dir='ltr'><strong>mari</strong></span> <span class='ocrx_word' id='word_1_820' title='bbox 1281 5341 1341 5393; x_wconf 91' lang='lat' dir='ltr'><strong>in</strong></span> <span class='ocrx_word' id='word_1_821' title='bbox 1371 5341 1523 5394; x_wconf 76' lang='lat' dir='ltr'><strong>exitu</strong></span> <span class='ocrx_word' id='word_1_822' title='bbox 1543 5341 1654 5394; x_wconf 88' lang='lat' dir='ltr'><strong>tuo.</strong></span> <span class='ocrx_word' id='word_1_823' title='bbox 1688 5336 1951 5393; x_wconf 90' lang='lat' dir='ltr'><strong>Primum</strong></span> 
     </span>
    </p>
   </div>
   <div class='ocr_carea' id='block_1_104' title="bbox 303 5424 1951 5503">
    <p class='ocr_par' dir='ltr' id='par_1_104' title="bbox 303 5424 1951 5503">
     <span class='ocr_line' id='line_1_104' title="bbox 303 5424 1951 5503; baseline -0.002 -22"><span class='ocrx_word' id='word_1_824' title='bbox 303 5426 433 5499; x_wconf 90' lang='lat' dir='ltr'><strong>ipsa</strong></span> <span class='ocrx_word' id='word_1_825' title='bbox 448 5425 705 5483; x_wconf 66' lang='lat' dir='ltr'><strong>historiae</strong></span> <span class='ocrx_word' id='word_1_826' title='bbox 721 5425 897 5482; x_wconf 91' lang='lat' dir='ltr'><strong>verba</strong></span> <span class='ocrx_word' id='word_1_827' title='bbox 912 5427 1241 5498; x_wconf 88' lang='lat' dir='ltr'><strong>pandamus</strong></span> <span class='ocrx_word' id='word_1_828' title='bbox 1260 5426 1606 5483; x_wconf 88' lang='lat' dir='ltr'><strong>brevissima</strong></span> <span class='ocrx_word' id='word_1_829' title='bbox 1626 5424 1951 5503; x_wconf 80' lang='grc' dir='ltr'><strong>μεταφράσει</strong></span> 
     </span>
    </p>
   </div>
   <div class='ocr_carea' id='block_1_105' title="bbox 370 5654 1944 5731">
    <p class='ocr_par' dir='ltr' id='par_1_105' title="bbox 370 5654 1944 5731">
     <span class='ocr_line' id='line_1_105' title="bbox 370 5654 1944 5731; baseline 0.001 -18"><span class='ocrx_word' id='word_1_830' title='bbox 370 5655 448 5730; x_wconf 87' lang='lat' dir='ltr'><strong>(a)</strong></span> <span class='ocrx_word' id='word_1_831' title='bbox 468 5655 576 5714; x_wconf 88' lang='lat' dir='ltr'><strong>Pro</strong></span> <span class='ocrx_word' id='word_1_832' title='bbox 591 5657 696 5729; x_wconf 84' lang='lat' dir='ltr'><strong>tui,</strong></span> <span class='ocrx_word' id='word_1_833' title='bbox 725 5656 881 5731; x_wconf 90' lang='lat' dir='ltr'><strong>quod</strong></span> <span class='ocrx_word' id='word_1_834' title='bbox 897 5654 1161 5726; x_wconf 79' lang='lat' dir='ltr'><strong>Vaticani</strong></span> <span class='ocrx_word' id='word_1_835' title='bbox 1178 5672 1289 5714; x_wconf 92' lang='lat' dir='ltr'><strong>ms.</strong></span> <span class='ocrx_word' id='word_1_836' title='bbox 1309 5672 1415 5729; x_wconf 89' lang='lat' dir='ltr'><strong>ope</strong></span> <span class='ocrx_word' id='word_1_837' title='bbox 1438 5656 1824 5726; x_wconf 88' lang='lat' dir='ltr'><strong>restitiumus,</strong></span> <span class='ocrx_word' id='word_1_838' title='bbox 1860 5657 1944 5717; x_wconf 84' lang='lat' dir='ltr'><strong>vi-</strong></span> 
     </span>
    </p>
   </div>
   <div class='ocr_carea' id='block_1_106' title="bbox 2066 4624 3715 4697">
    <p class='ocr_par' dir='ltr' id='par_1_106' title="bbox 2066 4624 3715 4697">
     <span class='ocr_line' id='line_1_106' title="bbox 2066 4624 3715 4697; baseline -0.001 -14"><span class='ocrx_word' id='word_1_839' title='bbox 2066 4628 2398 4685; x_wconf 86' lang='lat' dir='ltr'><strong>diversitate</strong></span> <span class='ocrx_word' id='word_1_840' title='bbox 2418 4626 2701 4683; x_wconf 90' lang='lat' dir='ltr'><strong>virtutum</strong></span> <span class='ocrx_word' id='word_1_841' title='bbox 2720 4624 2998 4697; x_wconf 88' lang='lat' dir='ltr'><strong>abjicient</strong></span> <span class='ocrx_word' id='word_1_842' title='bbox 3028 4628 3085 4681; x_wconf 91' lang='lat' dir='ltr'><strong>et</strong></span> <span class='ocrx_word' id='word_1_843' title='bbox 3108 4624 3428 4680; x_wconf 88' lang='lat' dir='ltr'><strong>induentur</strong></span> <span class='ocrx_word' id='word_1_844' title='bbox 3453 4628 3715 4697; x_wconf 89' lang='lat' dir='ltr'><strong>stupore,</strong></span> 
     </span>
    </p>
   </div>
   <div class='ocr_carea' id='block_1_107' title="bbox 2065 4713 3718 4788">
    <p class='ocr_par' dir='ltr' id='par_1_107' title="bbox 2065 4713 3718 4788">
     <span class='ocr_line' id='line_1_107' title="bbox 2065 4713 3718 4788; baseline -0.002 -15"><span class='ocrx_word' id='word_1_845' title='bbox 2065 4717 2184 4773; x_wconf 89' lang='lat' dir='ltr'><strong>sive</strong></span> <span class='ocrx_word' id='word_1_846' title='bbox 2212 4716 2443 4773; x_wconf 90' lang='lat' dir='ltr'><strong>timoris</strong></span> <span class='ocrx_word' id='word_1_847' title='bbox 2473 4713 2875 4788; x_wconf 83' lang='lat' dir='ltr'><strong>magnitudine</strong></span> <span class='ocrx_word' id='word_1_848' title='bbox 2904 4713 3337 4785; x_wconf 89' lang='lat' dir='ltr'><strong>quodammodo</strong></span> <span class='ocrx_word' id='word_1_849' title='bbox 3359 4713 3718 4771; x_wconf 88' lang='lat' dir='ltr'><strong>videbuntur</strong></span> 
     </span>
    </p>
   </div>
   <div class='ocr_carea' id='block_1_108' title="bbox 2063 4802 3717 4877">
    <p class='ocr_par' dir='ltr' id='par_1_108' title="bbox 2063 4802 3717 4877">
     <span class='ocr_line' id='line_1_108' title="bbox 2063 4802 3717 4877; baseline -0.002 -16"><span class='ocrx_word' id='word_1_850' title='bbox 2063 4806 2295 4877; x_wconf 84' lang='lat' dir='ltr'><strong>insani;</strong></span> <span class='ocrx_word' id='word_1_851' title='bbox 2332 4804 2734 4875; x_wconf 89' lang='lat' dir='ltr'><strong>sedebuntque</strong></span> <span class='ocrx_word' id='word_1_852' title='bbox 2764 4802 2950 4873; x_wconf 88' lang='lat' dir='ltr'><strong>humi,</strong></span> <span class='ocrx_word' id='word_1_853' title='bbox 2983 4806 3042 4859; x_wconf 90' lang='lat' dir='ltr'><strong>et</strong></span> <span class='ocrx_word' id='word_1_854' title='bbox 3071 4806 3378 4875; x_wconf 87' lang='lat' dir='ltr'><strong>stupentes</strong></span> <span class='ocrx_word' id='word_1_855' title='bbox 3409 4819 3590 4875; x_wconf 88' lang='lat' dir='ltr'><strong>super</strong></span> <span class='ocrx_word' id='word_1_856' title='bbox 3621 4819 3717 4859; x_wconf 86' lang='lat' dir='ltr'><strong>re-</strong></span> 
     </span>
    </p>
   </div>
   <div class='ocr_carea' id='block_1_109' title="bbox 2064 4890 3715 4968">
    <p class='ocr_par' dir='ltr' id='par_1_109' title="bbox 2064 4890 3715 4968">
     <span class='ocr_line' id='line_1_109' title="bbox 2064 4890 3715 4968; baseline -0.002 -17"><span class='ocrx_word' id='word_1_857' title='bbox 2064 4894 2302 4968; x_wconf 90' lang='lat' dir='ltr'><strong>pentino</strong></span> <span class='ocrx_word' id='word_1_858' title='bbox 2332 4909 2472 4949; x_wconf 90' lang='lat' dir='ltr'><strong>casu</strong></span> <span class='ocrx_word' id='word_1_859' title='bbox 2503 4894 2633 4964; x_wconf 89' lang='lat' dir='ltr'><strong>ejus</strong></span> <span class='ocrx_word' id='word_1_860' title='bbox 2658 4891 3145 4948; x_wconf 88' lang='lat' dir='ltr'><strong>admirabuntur:</strong></span> <span class='ocrx_word' id='word_1_861' title='bbox 3179 4890 3474 4948; x_wconf 80' lang='lat' dir='ltr'><strong>intentum</strong></span> <span class='ocrx_word' id='word_1_862' title='bbox 3500 4896 3564 4947; x_wconf 92' lang='lat' dir='ltr'><strong>ut</strong></span> <span class='ocrx_word' id='word_1_863' title='bbox 3583 4907 3715 4948; x_wconf 90' lang='lat' dir='ltr'><strong>om-</strong></span> 
     </span>
    </p>
   </div>
   <div class='ocr_carea' id='block_1_110' title="bbox 2063 4978 3713 5054">
    <p class='ocr_par' dir='ltr' id='par_1_110' title="bbox 2063 4978 3713 5054">
     <span class='ocr_line' id='line_1_110' title="bbox 2063 4978 3713 5054; baseline -0.001 -15"><span class='ocrx_word' id='word_1_864' title='bbox 2063 4998 2168 5039; x_wconf 94' lang='lat' dir='ltr'><strong>nes</strong></span> <span class='ocrx_word' id='word_1_865' title='bbox 2186 4984 2493 5038; x_wconf 87' lang='lat' dir='ltr'><strong>assumant</strong></span> <span class='ocrx_word' id='word_1_866' title='bbox 2507 4979 2811 5053; x_wconf 88' lang='lat' dir='ltr'><strong>planctum</strong></span> <span class='ocrx_word' id='word_1_867' title='bbox 2824 4984 2881 5036; x_wconf 90' lang='lat' dir='ltr'><strong>et</strong></span> <span class='ocrx_word' id='word_1_868' title='bbox 2894 4978 3372 5037; x_wconf 88' lang='lat' dir='ltr'><strong>lamentationem</strong></span> <span class='ocrx_word' id='word_1_869' title='bbox 3388 4995 3713 5054; x_wconf 90' lang='lat' dir='ltr'><strong>supereum</strong></span> 
     </span>
    </p>
   </div>
   <div class='ocr_carea' id='block_1_111' title="bbox 2064 5068 3714 5146">
    <p class='ocr_par' dir='ltr' id='par_1_111' title="bbox 2064 5068 3714 5146">
     <span class='ocr_line' id='line_1_111' title="bbox 2064 5068 3714 5146; baseline -0.001 -19"><span class='ocrx_word' id='word_1_870' title='bbox 2064 5072 2163 5146; x_wconf 89' lang='lat' dir='ltr'><strong>qui</strong></span> <span class='ocrx_word' id='word_1_871' title='bbox 2192 5071 2432 5142; x_wconf 88' lang='lat' dir='ltr'><strong>corruit,</strong></span> <span class='ocrx_word' id='word_1_872' title='bbox 2465 5075 2523 5126; x_wconf 93' lang='lat' dir='ltr'><strong>et</strong></span> <span class='ocrx_word' id='word_1_873' title='bbox 2552 5069 2783 5125; x_wconf 88' lang='lat' dir='ltr'><strong>dicant:</strong></span> <span class='ocrx_word' id='word_1_874' title='bbox 2817 5070 3122 5134; x_wconf 88' lang='lat' dir='ltr'><strong>Quomodo</strong></span> <span class='ocrx_word' id='word_1_875' title='bbox 3154 5069 3379 5143; x_wconf 87' lang='lat' dir='ltr'><strong>peristi,</strong></span> <span class='ocrx_word' id='word_1_876' title='bbox 3413 5069 3515 5143; x_wconf 90' lang='lat' dir='ltr'><strong>qui</strong></span> <span class='ocrx_word' id='word_1_877' title='bbox 3544 5068 3714 5142; x_wconf 86' lang='lat' dir='ltr'><strong>prius</strong></span> 
     </span>
    </p>
   </div>
   <div class='ocr_carea' id='block_1_112' title="bbox 2062 5158 3714 5233">
    <p class='ocr_par' dir='ltr' id='par_1_112' title="bbox 2062 5158 3714 5233">
     <span class='ocr_line' id='line_1_112' title="bbox 2062 5158 3714 5233; baseline -0.002 -15"><span class='ocrx_word' id='word_1_878' title='bbox 2062 5162 2260 5219; x_wconf 89' lang='lat' dir='ltr'><strong>salvus</strong></span> <span class='ocrx_word' id='word_1_879' title='bbox 2284 5176 2417 5217; x_wconf 89' lang='lat' dir='ltr'><strong>eras</strong></span> <span class='ocrx_word' id='word_1_880' title='bbox 2443 5162 2466 5215; x_wconf 77' lang='lat' dir='ltr'><strong>P</strong></span> <span class='ocrx_word' id='word_1_881' title='bbox 2495 5158 2789 5232; x_wconf 91' lang='lat' dir='ltr'><strong>quomodo</strong></span> <span class='ocrx_word' id='word_1_882' title='bbox 2810 5158 3106 5227; x_wconf 89' lang='lat' dir='ltr'><strong>corruisti,</strong></span> <span class='ocrx_word' id='word_1_883' title='bbox 3141 5158 3242 5233; x_wconf 88' lang='lat' dir='ltr'><strong>qui</strong></span> <span class='ocrx_word' id='word_1_884' title='bbox 3265 5163 3429 5216; x_wconf 88' lang='lat' dir='ltr'><strong>tanto</strong></span> <span class='ocrx_word' id='word_1_885' title='bbox 3450 5163 3714 5230; x_wconf 86' lang='lat' dir='ltr'><strong>tempore</strong></span> 
     </span>
    </p>
   </div>
   <div class='ocr_carea' id='block_1_113' title="bbox 2062 5247 3712 5321">
    <p class='ocr_par' dir='ltr' id='par_1_113' title="bbox 2062 5247 3712 5321">
     <span class='ocr_line' id='line_1_113' title="bbox 2062 5247 3712 5321; baseline -0.002 -14"><span class='ocrx_word' id='word_1_886' title='bbox 2062 5255 2331 5319; x_wconf 89' lang='lat' dir='ltr'><strong>steteras,</strong></span> <span class='ocrx_word' id='word_1_887' title='bbox 2360 5248 2461 5321; x_wconf 91' lang='lat' dir='ltr'><strong>qui</strong></span> <span class='ocrx_word' id='word_1_888' title='bbox 2494 5248 2552 5303; x_wconf 93' lang='lat' dir='ltr'><strong>in</strong></span> <span class='ocrx_word' id='word_1_889' title='bbox 2585 5248 2731 5304; x_wconf 89' lang='lat' dir='ltr'><strong>mari</strong></span> <span class='ocrx_word' id='word_1_890' title='bbox 2762 5248 2943 5319; x_wconf 90' lang='lat' dir='ltr'><strong>hujus</strong></span> <span class='ocrx_word' id='word_1_891' title='bbox 2974 5248 3172 5305; x_wconf 72' lang='lat' dir='ltr'><strong>seaculi</strong></span> <span class='ocrx_word' id='word_1_892' title='bbox 3204 5249 3355 5305; x_wconf 87' lang='lat' dir='ltr'><strong>inter</strong></span> <span class='ocrx_word' id='word_1_893' title='bbox 3384 5264 3588 5304; x_wconf 89' lang='lat' dir='ltr'><strong>omnes</strong></span> <span class='ocrx_word' id='word_1_894' title='bbox 3618 5247 3712 5303; x_wconf 90' lang='lat' dir='ltr'><strong>in-</strong></span> 
     </span>
    </p>
   </div>
   <div class='ocr_carea' id='block_1_114' title="bbox 2061 5336 3713 5412">
    <p class='ocr_par' dir='ltr' id='par_1_114' title="bbox 2061 5336 3713 5412">
     <span class='ocr_line' id='line_1_114' title="bbox 2061 5336 3713 5412; baseline -0.002 -17"><span class='ocrx_word' id='word_1_895' title='bbox 2061 5338 2246 5412; x_wconf 83' lang='lat' dir='ltr'><strong>clytos</strong></span> <span class='ocrx_word' id='word_1_896' title='bbox 2275 5337 2594 5412; x_wconf 87' lang='lat' dir='ltr'><strong>putabaris,</strong></span> <span class='ocrx_word' id='word_1_897' title='bbox 2644 5336 2743 5407; x_wconf 91' lang='lat' dir='ltr'><strong>qui</strong></span> <span class='ocrx_word' id='word_1_898' title='bbox 2777 5352 2907 5392; x_wconf 90' lang='lat' dir='ltr'><strong>eras</strong></span> <span class='ocrx_word' id='word_1_899' title='bbox 2936 5343 3281 5393; x_wconf 89' lang='lat' dir='ltr'><strong>cunctorum</strong></span> <span class='ocrx_word' id='word_1_900' title='bbox 3313 5336 3584 5409; x_wconf 83' lang='lat' dir='ltr'><strong>Opinione</strong></span> <span class='ocrx_word' id='word_1_901' title='bbox 3613 5351 3713 5391; x_wconf 89' lang='lat' dir='ltr'><strong>ro-</strong></span> 
     </span>
    </p>
   </div>
   <div class='ocr_carea' id='block_1_115' title="bbox 2061 5424 3712 5498">
    <p class='ocr_par' dir='ltr' id='par_1_115' title="bbox 2061 5424 3712 5498">
     <span class='ocr_line' id='line_1_115' title="bbox 2061 5424 3712 5498; baseline -0.002 -13"><span class='ocrx_word' id='word_1_902' title='bbox 2061 5428 2271 5485; x_wconf 89' lang='lat' dir='ltr'><strong>bustus</strong></span> <span class='ocrx_word' id='word_1_903' title='bbox 2289 5426 2318 5482; x_wconf 82' lang='lat' dir='ltr'><strong>‘t</strong></span> <span class='ocrx_word' id='word_1_904' title='bbox 2345 5431 2403 5482; x_wconf 91' lang='lat' dir='ltr'><strong>et</strong></span> <span class='ocrx_word' id='word_1_905' title='bbox 2423 5424 2781 5481; x_wconf 87' lang='lat' dir='ltr'><strong>habitatores</strong></span> <span class='ocrx_word' id='word_1_906' title='bbox 2804 5424 2882 5496; x_wconf 89' lang='lat' dir='ltr'><strong>(a)</strong></span> <span class='ocrx_word' id='word_1_907' title='bbox 2913 5425 3020 5496; x_wconf 90' lang='lat' dir='ltr'><strong>tui,</strong></span> <span class='ocrx_word' id='word_1_908' title='bbox 3054 5425 3165 5482; x_wconf 92' lang='lat' dir='ltr'><strong>hoc</strong></span> <span class='ocrx_word' id='word_1_909' title='bbox 3186 5428 3295 5495; x_wconf 88' lang='lat' dir='ltr'><strong>est,</strong></span> <span class='ocrx_word' id='word_1_910' title='bbox 3327 5424 3712 5498; x_wconf 81' lang='lat' dir='ltr'><strong>cogitationes</strong></span> 
     </span>
    </p>
   </div>
   <div class='ocr_carea' id='block_1_116' title="bbox 2056 5654 3709 5732">
    <p class='ocr_par' dir='ltr' id='par_1_116' title="bbox 2056 5654 3709 5732">
     <span class='ocr_line' id='line_1_116' title="bbox 2056 5654 3709 5732; baseline -0.003 -14"><span class='ocrx_word' id='word_1_911' title='bbox 2056 5657 2224 5732; x_wconf 89' lang='lat' dir='ltr'><strong>tiose,</strong></span> <span class='ocrx_word' id='word_1_912' title='bbox 2249 5656 2547 5731; x_wconf 90' lang='lat' dir='ltr'><strong>nulloque,</strong></span> <span class='ocrx_word' id='word_1_913' title='bbox 2576 5658 2677 5715; x_wconf 91' lang='lat' dir='ltr'><strong>aut</strong></span> <span class='ocrx_word' id='word_1_914' title='bbox 2699 5654 3021 5731; x_wconf 81' lang='lat' dir='ltr'><strong>incongrue</strong></span> <span class='ocrx_word' id='word_1_915' title='bbox 3046 5658 3391 5732; x_wconf 84' lang='lat' dir='ltr'><strong>sensuerat,</strong></span> <span class='ocrx_word' id='word_1_916' title='bbox 3427 5657 3573 5731; x_wconf 85' lang='lat' dir='ltr'><strong>Tyri.</strong></span> <span class='ocrx_word' id='word_1_917' title='bbox 3609 5655 3709 5716; x_wconf 85' lang='lat' dir='ltr'><strong>Li-</strong></span> 
     </span>
    </p>
   </div>
  </div>
