4006 6180
276 320 388 388 248

825 321 1569 392 GOMMENTARIORUM
1615 322 1694 389 1N
1739 322 2237 390 EZECHIELEM
2280 323 2429 389 LIB.
2479 325 2639 397 VllI.
2673 326 2841 390 CAP.
2882 318 3124 393 XXVII.

3556 314 3676 392 μθ

266 456 604 518 fortissima
636 459 947 518 adversum
976 463 1177 519 omnia
1195 459 1921 536 ignitadiabolijaculare-
1949 467 2005 531 Α
2036 477 2202 531 num,
2225 466 2283 518 et
2298 460 2451 518 ultra
2480 478 2596 518 non
2654 462 2790 525 eris.
2851 464 3180 522 secundum
3222 458 3369 521 illud
3417 459 3575 538 quod
3612 460 3673 520 in

264 548 561 615 sistentes,
580 550 710 621 quae
724 550 888 622 prius
909 556 1075 608 erant
1099 551 1396 607 formidini
1419 551 1697 607 omnibus
1720 550 1921 605 adver-

258 637 453 703 sariis,
486 652 667 704 versae
693 644 833 694 sunt
863 641 921 695 in
945 644 1265 712 stuporem.
1285 640 1397 696 Sed
1414 644 1681 710 etnaves,
1709 655 1917 695 omnes

241 725 529 795 sidelicet
554 727 761 788 sancti.
794 729 897 800 qui
930 728 1107 801 hujus
1121 728 1317 785 saeculi
1344 730 1564 785 fluctus
1587 732 1919 795 transeunt,

254 816 679 888 obstupescent
707 833 844 873 cum
866 822 922 873 te
944 817 1193 873 viderint
1211 818 1557 875 concidisse.
1582 817 1644 873 In
1689 817 1782 873 die
1824 834 1921 888 pa-

253 905 411 961 voris
441 908 501 961 et
531 904 715 960 ruinae
746 910 860 960 tua:
894 907 1300 962 turbabuntur
1324 905 1554 975 insulae,
1578 922 1651 961 ne
1694 910 1750 961 et
1779 906 1919 978 ipsas

256 995 408 1051 τοι
440 992 662 1050 similia
678 995 1030 1051 sustineant.
1049 995 1313 1051 Aliorum
1330 995 1490 1052 enim
1515 996 1697 1050 ruinae
1720 1011 1918 1051 exem-

257 1083 358 1158 pla
377 1086 681 1156 justorum
714 1088 878 1153 sunt,
910 1085 1052 1140 dum
1084 1101 1288 1141 omnes
1309 1084 1545 1140 inﬁrmo
1564 1089 1620 1140 et
1645 1083 1917 1140 imbecilo

260 1177 417 1229 statu
440 1172 873 1245 ﬂuctuantique
899 1173 1143 1246 vestigio
1176 1175 1234 1228 in
1267 1173 1377 1230 isto
1404 1173 1615 1230 sacculo
1661 1190 1918 1229 commo-

259 1278 480 1329 ramur,
497 1265 557 1317 et
574 1279 907 1334 numquam
922 1267 1223 1318 estnostra
1236 1267 1390 1318 certe
1403 1279 1728 1334 securaque
1741 1263 1917 1318 victo-

257 1350 343 1407 ria
369 1369 383 1405 :
418 1351 661 1423 quando
692 1351 1067 1423 egredientur
1096 1368 1165 1407 ex
1189 1354 1244 1406 te
1275 1351 1377 1423 qui
1413 1351 1578 1424 prius
1603 1354 1916 1420 steterant;

253 1438 342 1495 vel
371 1438 435 1494 in
466 1439 628 1495 exitu
660 1443 784 1506 tuo,
818 1439 876 1494 in
901 1440 1017 1495 fine
1036 1443 1093 1495 et
1112 1440 1623 1496 consummatione
1644 1445 1766 1496 tua.
1792 1441 1917 1496 Non

255 1527 409 1584 enim
432 1543 506 1583 ex
530 1528 864 1600 praeteritis,
898 1529 997 1584 sed
1034 1545 1102 1584 ex
1131 1529 1521 1601 praesentibus
1559 1529 1916 1600 judicamur.

252 1617 724 1689 Cavendumque
737 1620 846 1687 est,
864 1621 923 1672 et
945 1634 1179 1690 semper
1195 1617 1549 1684 timendum,
1573 1635 1645 1674 ne
1664 1622 1917 1674 veterem

250 1705 498 1780 gloriam
533 1709 595 1761 et
630 1705 880 1761 solidam
908 1705 1264 1777 firmitatem,
1285 1705 1464 1762 unius
1486 1706 1641 1762 horae
1664 1706 1918 1779 procella

251 1795 356 1852 sub
363 1799 559 1851 vertat
571 1837 583 1849 .

316 1883 511 1955 (Vers.
540 1883 610 1937 19
625 1883 777 1954 seq.)
800 1883 941 1951 Quia
966 1881 1085 1939 hate
1105 1882 1243 1938 dicit
1264 1883 1527 1938 Dominus
1544 1881 1561 1955 [
1568 1882 1738 1955 Vulg.
1757 1881 1922 1938 addit

253 1971 586 2043 Deus]:Cum
601 1970 800 2027 dedero
814 1979 863 2026 te
876 1970 1067 2027 urbem
1077 1971 1376 2027 desolatam
1386 1973 1791 2027 sicutcivitates
1807 1986 1928 2043 quae

257 2076 364 2117 non
380 2061 789 2127 habitantur,et
807 2060 1089 2116 adduxere
1108 2077 1275 2132 super
1286 2065 1337 2116 te
1351 2062 1687 2130 abyssum,et
1701 2076 1926 2132 operue-

258 2157 372 2207 nnt
391 2153 444 2206 te
462 2164 632 2221 aquae
657 2150 869 2215 multa,
890 2156 942 2205 et
958 2148 1255 2205 detraxero
1278 2158 1462 2205 tecum
1482 2150 1568 2204 his
1579 2151 1677 2221 qui
1711 2149 1928 2206 descen-

263 2239 400 2295 dunt
414 2242 475 2294 in
488 2240 675 2294 locum
685 2238 832 2307 (sive
853 2239 923 2293 ad
935 2254 1021 2294 eos
1041 2239 1141 2310 qui
1152 2237 1481 2293 descendunt
1496 2239 1555 2293 in
1592 2238 1824 2310 foveam)
1846 2238 1927 2294 ad

266 2330 529 2401 pupulum
555 2329 975 2399 sempiternum,
998 2332 1049 2383 et
1064 2327 1403 2383 collocavero
1424 2331 1474 2382 te
1496 2329 1555 2381 in
1577 2335 1726 2383 terra
1742 2328 1925 2382 novis-

276 2419 426 2473 sima
438 2417 577 2488 (sive
597 2419 659 2472 in
673 2416 955 2489 profundo
973 2417 1268 2488 terrarum)
1289 2418 1430 2471 sicut
1477 2415 1804 2472 solitudines
1836 2433 1923 2472 ve-

270 2514 433 2574 teres,
450 2522 569 2561 cum
585 2506 671 2561 his
689 2508 789 2577 qui
802 2505 1156 2561 deducuntur
1203 2508 1264 2561 in
1311 2506 1490 2561 lacum
1528 2504 1674 2576 (sive
1704 2504 1924 2561 descen-

268 2596 419 2651 dunt
440 2597 503 2651 in
518 2596 780 2667 foveam),
815 2599 874 2650 ut
925 2612 1035 2651 non
1087 2595 1371 2663 habiteris,
1421 2597 1471 2650 et
1515 2592 1704 2666 [Vulg.
1752 2597 1921 2650 Porro

264 2684 419 2755 cum]
448 2683 651 2740 dedero
680 2685 923 2753 gloriam
950 2686 1008 2739 in
1038 2691 1184 2740 terra
1214 2685 1510 2739 viventium
1537 2682 1681 2762 (sive
1712 2692 1774 2738 ut
1812 2700 1923 2739 non

261 2790 520 2842 resurges
549 2775 612 2828 in
641 2780 791 2829 terra
818 2775 1168 2841 viventium),
1192 2772 1262 2827 ad
1290 2772 1534 2828 nihilum
1562 2772 1816 2843 redigam
1872 2782 1924 2827 te

263 2863 406 2934 (sive
421 2861 796 2936 perditionem
812 2861 950 2918 dabo
967 2863 1038 2935 te)
1063 2866 1117 2918 et
1134 2879 1246 2918 non
1266 2864 1394 2930 eris,
1420 2867 1470 2917 et
1507 2862 1771 2933 requisita
1811 2878 1922 2916 non

259 2952 566 3009 invenieris
594 2950 791 3024 [Vulg.
829 2950 993 3008 addit
1021 2951 1192 3024 ultra]
1225 2954 1283 3006 in
1332 2952 1746 3022 sempiternum,
1789 2950 1922 3005 dicit

259 3042 528 3098 Dominus
559 3043 719 3096 Deus.
752 3042 898 3097 Cum
933 3040 1335 3112 superioribus
1358 3042 1544 3112 junge
1581 3055 1708 3111 quae
1767 3039 1922 3095 dicta

262 3134 416 3186 sunt.
450 3129 701 3195 Quando
731 3132 786 3184 te
818 3129 1052 3196 dedero,
1086 3146 1118 3184 o
1159 3130 1326 3201 Tyre,
1359 3128 1563 3183 urbem
1597 3128 1656 3182 in
1715 3143 1918 3199 perpe-

2032 550 2144 606 alio
2176 550 2406 623 psalmo
2429 551 2715 624 scriptum
2737 556 2852 608 est:
2884 553 3106 610 Dimitte
3132 554 3275 610 mihi
3303 557 3366 611 ut
3381 554 3678 625 refrigerer

2028 643 2356 713 priusquam
2383 641 2596 711 abeam,
2630 649 2681 696 et
2709 642 2949 713 amplius
2986 658 3097 698 non
3126 659 3217 699 ero
3270 644 3383 716 (Ps.
3441 656 3677 713 XXXVIII,

2032 730 2142 801 14).
2176 729 2301 785 Non
2338 730 2492 801 quod
2523 746 2652 786 esse
2674 730 2917 786 desistat
2938 731 3039 802 qui
3060 730 3119 786 in
3143 732 3330 804 pcenis
3351 736 3440 788 est
3464 731 3681 804 sempi-

2030 817 2247 874 ternis:
2277 818 2377 874 sed
2411 819 2567 890 quod
2603 818 2703 890 qui
2738 820 2849 875 Deo
2897 836 3011 874 non
3056 819 3216 890 vivit,
3256 820 3313 876 in
3362 819 3681 893 Seripturis

2030 907 2250 961 sanctis
2272 906 2501 961 dicatur
2522 923 2635 962 non
2676 906 3016 964 subsistere.
3042 908 3272 965 Undeet
3301 909 3506 965 Esther
3534 925 3680 966 con-

2028 999 2120 1051 tra
2149 994 2596 1067 idolaloquens:
2630 997 2706 1052 Ne
2735 996 2941 1068 tradas,
2965 996 3185 1069 inquit,
3213 1006 3483 1069 sceptrum
3523 1004 3680 1055 tuum

2027 1086 2115 1140 his
2141 1086 2237 1157 qui
2266 1101 2376 1141 non
2404 1089 2533 1141 sunt
2563 1087 2775 1157 (Esther
2806 1087 2940 1157 xw).
2985 1086 3193 1159 Utique
3244 1091 3411 1143 erant
3460 1088 3679 1160 quibus

2030 1175 2298 1230 obsecrat
2326 1191 2398 1229 ne
2428 1175 2727 1242 tradatur;
2761 1176 2862 1231 sed
2894 1179 3009 1231 Deo
3042 1192 3155 1232 non
3198 1180 3383 1247 erant,
3416 1177 3518 1248 qui
3564 1175 3680 1231 vir-

2027 1263 2279 1331 tutibus,
2314 1267 2371 1319 et
2402 1262 2616 1318 viventi
2652 1263 2767 1319 Deo
2790 1280 2921 1320 esse
2951 1269 3268 1322 cesserant.
3301 1265 3371 1320 Et
3414 1264 3526 1321 hoc
3584 1280 3684 1320 no-

2030 1352 2305 1417 tandum,
2338 1352 2494 1424 quod
2525 1352 2806 1423 quaeritur
2831 1354 3018 1425 Tyrus
3040 1354 3112 1410 ab
3138 1371 3205 1410 eo
3226 1353 3325 1426 qui
3348 1353 3509 1410 venit
3531 1370 3687 1427 quaa-

2029 1456 2178 1507 rere,
2212 1444 2269 1495 et
2301 1439 2530 1496 salvum
2564 1440 2751 1497 facere
2783 1442 2940 1513 quod
2973 1442 3243 1514 perierat,
3276 1446 3333 1499 et
3362 1442 3685 1516 nonaginta

2027 1545 2236 1584 novem
2272 1529 2478 1585 ovibus
2509 1529 2569 1584 in
2601 1529 2904 1585 montibus
2936 1529 3256 1601 derelictis,
3278 1529 3681 1602 quaritunam

2030 1634 2336 1674 erroneam
2397 1634 2562 1673 ovem
2611 1620 2762 1690 (Luc.
2823 1619 2961 1690 x1x).
3014 1618 3222 1675 Mulier
3268 1635 3504 1691 quoque
3553 1635 3682 1693 qua

2030 1723 2211 1762 unam
2242 1705 2588 1762 drachmam
2607 1702 2960 1778 perdiderat,
2993 1709 3221 1778 quierit,
3248 1711 3306 1764 et
3333 1706 3574 1774 invenit,
3624 1712 3684 1765 et

2026 1795 2250 1851 vicinas
2273 1800 2552 1852 convocat
2581 1795 2652 1850 ad
2676 1794 2887 1850 ltBtiﬁtB
2932 1797 3268 1852 societatem
3329 1797 3516 1865 (Ibid.,
3565 1796 3678 1867 45).

2036 1883 2134 1938 Sin
2166 1888 2362 1940 autem
2394 1883 2676 1955 requisita
2704 1901 2821 1940 non
2851 1884 3147 1940 invenitur
3175 1886 3384 1957 Tyrus,
3445 1902 3563 1942 non
3594 1887 3686 1943 est

2037 1973 2353 2044 quaerentis
2368 1971 2596 2038 vitium,
2629 1973 2729 2028 sed
2753 1974 2882 2044 ejus
2904 1973 3004 2044 qui
3029 1972 3163 2028 boni
3187 1973 3439 2045 pastoris
3465 1974 3685 2048 fugerit

2038 2078 2302 2117 manum.
2334 2062 2401 2117 Et
2420 2062 2588 2129 ultra,
2621 2061 2834 2134 inquit,
2864 2078 2976 2118 non
3004 2064 3115 2117 eris
3146 2065 3203 2118 in
3246 2065 3642 2135 sempiternum
3667 2081 3681 2132 ;

2036 2151 2153 2206 sive
2188 2155 2253 2206 ut
2280 2151 2357 2223 (a)
2389 2150 2448 2205 in
2480 2149 2759 2206 Hebraico
2790 2168 2974 2206 LOLAM
3008 2135 3209 2219 051375,
3272 2156 3329 2207 et
3376 2152 3437 2207 in
3487 2152 3684 2209 Grzeco

2035 2236 2189 2306 αἰῶν,
2214 2238 2514 2306 scribitur,
2534 2256 2721 2294 unum
2740 2237 3017 2295 saeculum
3036 2238 3521 2312 signiﬁcatjuxta
3542 2240 3687 2297 illud

2034 2326 2217 2393 Isaiae,
2235 2328 2334 2399 qui
2358 2331 2489 2399 post
2505 2327 2881 2400 septuaginta
2903 2344 3089 2383 annos
3112 2327 3251 2383 dicit
3278 2329 3495 2401 Tyrum
3520 2330 3687 2387 resti-

2033 2416 2312 2485 tuendam
2336 2415 2709 2489 inintegrum
2727 2419 2948 2471 statum
2974 2418 3101 2485 (Isa.
3134 2421 3319 2485 xxxii).
3362 2417 3541 2474 Aiunt
3579 2436 3683 2475 au-

2032 2506 2151 2559 tem
2184 2521 2369 2559 unum
2388 2503 2690 2569 saeculum,
2713 2504 2772 2558 id
2795 2508 2902 2575 est,
2922 2504 3194 2571 humanae
3217 2512 3447 2578 tempus
3469 2508 3677 2580 aetatis,

2033 2592 2407 2665 septuaginta
2436 2608 2722 2648 annorum
2746 2609 2992 2649 numero
3013 2594 3343 2666 supputari.
3368 2594 3679 2652 Psalmista

2034 2682 2299 2737 dicente:
2333 2683 2455 2738 Dies
2488 2698 2767 2737 annorum
2795 2686 3129 2749 nostrorum,
3165 2684 3226 2738 in
3276 2685 3409 2754 ipsis
3463 2689 3678 2756 septua-

2029 2773 2189 2842 ginta
2219 2772 2374 2826 anni.
2398 2772 2499 2827 Sin
2528 2780 2711 2826 autem
2742 2773 2797 2825 in
2826 2772 3153 2843 potentibus,
3186 2772 3460 2843 octoginta
3514 2773 3674 2841 anni,

2030 2859 2295 2932 quidquid
2321 2877 2509 2931 supra,
2543 2860 2699 2915 labor
2726 2868 2777 2915 et
2805 2859 2959 2916 dolor
2985 2867 3061 2916 est
3106 2864 3219 2931 (Ps.
3279 2877 3503 2929 LXXXIX,
3566 2862 3675 2934 16).

2030 2949 2148 3005 Hoc
2171 2948 2671 3021 metaphrasticibc
2695 2949 3035 3019 breviterde
3056 2949 3207 3021 Tyro
3229 2949 3677 3014 diximus.Quod

2031 3041 2087 3093 et
2117 3038 2188 3093 ad
2223 3053 2322 3091 eos
2356 3035 2555 3092 referri
2584 3040 2778 3109 potest
2807 3036 2977 3108 quiin
2991 3037 3266 3110 angustia
3286 3038 3462 3109 hujus
3481 3038 3677 3095 seaculi

2029 3124 2352 3192 constituti,
2402 3125 2775 3187 deducuntur
2827 3126 2897 3181 ad
2932 3125 3170 3194 inferos,
3224 3131 3279 3183 et
3335 3127 3678 3199 operiuntur

263 3224 429 3275 tuum
462 3217 823 3285 desolatam,
855 3217 1011 3274 sicut
1042 3217 1304 3273 civitates
1335 3222 1474 3273 sunt
1489 3216 1618 3272 alia;
1638 3233 1766 3288 qua
1789 3232 1914 3270 om-
1946 3202 1989 3269 C
2028 3214 2261 3288 abyssis
2277 3214 2671 3287 ﬂuctibusque
2689 3220 3080 3287 pcenarum,et
3100 3215 3421 3272 trahuntur
3438 3217 3511 3274 ad
3534 3217 3677 3274 infe-

265 3307 397 3364 nino
414 3323 538 3363 non
566 3306 936 3372 habitantur,
959 3310 1015 3361 et
1035 3290 1328 3362 adduxero
1349 3321 1526 3378 super
1539 3308 1595 3360 te
1616 3305 1915 3377 abyssum,

263 3400 316 3453 et
340 3395 692 3469 operuerint
724 3399 781 3450 te
810 3411 975 3467 aquae
1006 3391 1224 3465 multis“,
1251 3394 1339 3450 vel
1383 3394 1643 3450 hostium
1672 3392 1917 3449 inﬁnita

267 3484 704 3555 multitudines,
728 3483 816 3539 vel
840 3488 994 3540 certe
1016 3484 1115 3556 qui
1134 3484 1204 3539 ad
1229 3482 1483 3539 insulam
1498 3481 1758 3555 loquitur
1777 3486 1832 3537 et
1844 3483 1916 3537 ad

268 3575 465 3631 urbem
497 3590 562 3628 1n
594 3572 797 3629 insula
825 3574 1206 3629 constitutam
1239 3571 1595 3645 tropologice
1649 3572 1918 3627 adversa-

266 3664 483 3720 riorum
509 3661 904 3734 frequentiam
941 3662 1138 3735 abyssi
1168 3662 1445 3717 ﬂuctibus
1477 3665 1810 3732 comparat:
1862 3664 1921 3716 et

265 3752 567 3809 detraxero
597 3755 658 3807 te
688 3767 822 3806 cum
855 3751 950 3807 his
968 3750 1069 3824 qui
1090 3751 1455 3807 descendunt
1477 3751 1536 3805 in
1565 3750 1781 3821 lacum,
1802 3749 1921 3806 sive

263 3841 320 3898 in
337 3843 594 3907 foveam,
618 3840 693 3896 ad
715 3857 816 3896 eos
838 3840 940 3912 qui
959 3839 1019 3895 in
1041 3840 1270 3896 inferno
1294 3844 1451 3907 sunt,
1479 3840 1551 3895 de
1602 3838 1818 3910 quibus
1867 3844 1924 3894 et

267 3932 327 3986 in
354 3929 884 4003 Psalmislegimus
911 3947 924 3985 :
958 3930 1275 3987 Introibunt
1302 3932 1361 3984 in
1393 3930 1666 4001 inferiora
1724 3936 1882 3983 terrae
1902 3945 1921 3982 .-

273 4017 562 4074 tradentur
596 4020 663 4072 in
716 4034 918 4074 manus
975 4020 1166 4091 gladii,
1222 4023 1406 4091 partes
1462 4017 1713 4089 vulpium
1764 4018 1926 4072 erunt

276 4107 389 4173 (Ps.
419 4123 549 4175 Lm,
583 4107 826 4178 10,11);
862 4108 934 4162 ad
985 4105 1270 4180 populum
1319 4106 1767 4178 sempiternum,
1822 4104 1921 4160 ubi

271 4200 359 4253 est
386 4195 560 4252 ﬂetus
582 4194 915 4263 oculorum,
948 4200 1006 4251 et
1030 4195 1247 4252 stridor
1277 4195 1562 4262 dentium,
1591 4198 1647 4249 et
1678 4210 1926 4274 posuero

264 4289 321 4341 te
347 4284 407 4341 in
438 4290 604 4341 terra
635 4283 976 4353 novissima,
997 4284 1057 4339 in
1081 4301 1200 4357 qua
1220 4284 1500 4355 antiquus
1518 4283 1691 4338 draco
1711 4281 1927 4338 consti-

265 4378 430 4429 tutus
457 4376 574 4439 est,
596 4376 659 4429 et
673 4372 828 4429 sicut
844 4377 1066 4428 veteres
1088 4371 1438 4428 solitudines
1471 4374 1646 4443 atque
1677 4370 1926 4436 deserta,

266 4462 364 4518 ubi
398 4460 570 4517 nulla
582 4460 876 4516 bonorum
889 4460 1237 4529 recordatio,
1262 4461 1363 4516 sed
1381 4477 1559 4533 pcenaa
1576 4462 1748 4514 erunt
1768 4476 1927 4515 sem-

2026 3304 2186 3359 riora
2214 3308 2398 3371 terrae,
2431 3308 2490 3359 et
2522 3303 2613 3359 his
2643 3303 2994 3375 copulantur
3025 3304 3124 3376 qui
3166 3305 3226 3360 in
3252 3305 3431 3362 veteri
3463 3305 3674 3364 solitu-

2027 3393 2164 3449 dine
2196 3397 2355 3462 sunt,
2389 3396 2446 3448 et
2475 3393 2850 3449 deducuntur
2879 3393 2938 3448 in
2967 3391 3182 3465 lacum,
3213 3393 3333 3450 sive
3355 3394 3414 3450 in
3446 3395 3673 3452 foveam

2027 3482 2467 3554 sempiternam,
2497 3486 2563 3536 ut
2610 3481 2764 3537 ultra
2829 3499 2944 3541 non
2992 3481 3333 3538 habitentur
3361 3500 3393 3538 a
3449 3483 3671 3555 Spiritu

2028 3576 2251 3627 sancto.
2284 3570 2365 3626 De
2396 3570 2613 3641 quibus
2639 3569 2923 3643 scriptum
2954 3575 3043 3625 est
3067 3588 3079 3627 :
3105 3572 3448 3643 Impiuscum
3467 3573 3673 3630 cecide-

2028 3663 2103 3716 rit
2132 3662 2193 3715 in
2207 3660 2550 3732 profundum
2563 3660 2860 3730 malorum,
2881 3661 3177 3715 contemnit
3196 3660 3376 3732 (Prov.
3410 3678 3569 3730 xvul,
3591 3662 3671 3734 3).

2029 3749 2145 3804 Nec
2177 3749 2247 3803 de
2269 3752 2475 3803 caetero
2504 3752 2676 3803 erunt
2709 3748 2768 3802 in
2798 3751 2954 3802 terra
2981 3747 3320 3816 viventium,
3373 3750 3477 3804 sed
3529 3748 3678 3821 peri-

2032 3838 2199 3904 bunt,
2228 3841 2286 3891 et
2301 3836 2644 3908 redigentur
2664 3836 2735 3890 ad
2758 3834 2947 3906 nihili,
2968 3839 3024 3892 et
3054 3840 3168 3891 Deo
3192 3853 3321 3892 esse
3341 3838 3675 3894 cessabunt.

2031 3924 2256 3990 Quibus
2276 3923 2631 3979 testimoniis
2653 3924 3000 3991 abutuntur,
3022 3923 3122 3996 qui
3139 3924 3345 3980 dicunt
3360 3924 3679 4000 impiorum

2032 4014 2109 4086 (b)
2131 4017 2190 4069 et
2218 4029 2333 4067 non
2366 4017 2736 4084 peccatorum
2770 4029 2971 4084 poenas
3000 4028 3129 4069 esse
3176 4017 3527 4086 perpetuas:
3582 4013 3680 4087 qui

2036 4101 2264 4175 quaesiti
2295 4119 2329 4157 a
2361 4106 2493 4168 Deo,
2520 4117 2636 4158 non
2667 4106 2807 4157 sunt
2836 4101 3077 4174 inventi,
3109 4103 3263 4159 308
3305 4107 3360 4160 et
3409 4104 3470 4161 in
3526 4108 3684 4160 aeter~

2036 4208 2177 4247 num
2211 4207 2339 4247 esse
2371 4194 2714 4246 cessarunt:
2769 4191 2908 4263 quia
2936 4207 3044 4247 suo
3101 4191 3238 4248 vitio
3298 4192 3684 4265 perdiderunt

2037 4296 2170 4336 eum
2201 4280 2302 4351 qui
2333 4279 2512 4336 dicit:
2546 4281 2663 4353 Ego.
2681 4295 2807 4335 sum
2836 4281 2945 4336 vita
2964 4280 3141 4352 (Joan.
3169 4298 3285 4349 xxv,
3316 4283 3394 4353 6).

2108 4369 2268 4440 (Cap.
2304 4367 2553 4439 XXVII.)
2584 4369 2647 4423 Et
2674 4370 2888 4439 factum
2904 4376 2985 4424 est
3010 4369 3235 4425 verbum
3253 4370 3476 4426 Domini
3492 4368 3562 4425 ad
3576 4387 3685 4441 me,

2036 4457 2252 4513 dicens:
2297 4459 2369 4513 Tu
2399 4473 2546 4526 ergo,
2578 4458 2667 4528 ﬁli
2694 4457 2951 4525 hominis,
3002 4473 3223 4513 assume
3274 4473 3443 4529 super
3484 4459 3689 4530 Tyrum

267 4551 535 4624 piternze,
566 4564 763 4621 neque
790 4554 846 4605 te
876 4550 1064 4605 fecero
1098 4549 1371 4606 suscitari
1421 4548 1479 4603 in
1528 4553 1683 4603 terra
1738 4548 1933 4603 viven-
1966 4566 2011 4631 D
2043 4547 2363 4612 tamentam,
2396 4553 2446 4602 et
2477 4545 2625 4601 dices
2646 4547 2780 4616 Tyro
2798 4562 2919 4617 quae
2936 4546 3149 4601 habitat
3164 4547 3224 4601 in
3247 4547 3480 4603 introitu
3493 4548 3687 4614 maris,

269 4638 440 4705 tium,
472 4639 550 4694 de
581 4653 702 4710 qua
716 4637 1001 4710 scriptum
1023 4641 1114 4693 est
1139 4655 1152 4692 :
1175 4639 1331 4693 Beati
1349 4638 1524 4707 mites,
1541 4636 1808 4708 quoniam
1826 4638 1937 4707 ipsi

268 4728 626 4799 possidebunt
656 4734 861 4783 terram
891 4727 1098 4792 (Matth.
1131 4743 1187 4794 ν,
1220 4727 1295 4798 4).
1347 4727 1419 4781 Et
1474 4725 1531 4780 in
1586 4725 1701 4781 alio
1767 4724 1893 4781 loco
1922 4742 1936 4781 :

272 4816 503 4874 Placebo
527 4817 762 4872 Domino
793 4816 946 4873 ειη
978 4818 1039 4871 in
1074 4818 1293 4887 regione
1320 4816 1572 4875 vivorum
1609 4815 1721 4887 (Ps.
1784 4831 1935 4881 cxxv,

275 4906 360 4977 9):
391 4911 541 4962 tunc
572 4903 857 4978 redigeris
890 4906 949 4961 in
982 4903 1177 4974 nihili,
1224 4903 1344 4960 sive
1399 4903 1620 4975 peribis
1655 4903 1717 4958 in
1773 4907 1938 4959 aeter-

278 5084 417 5154 quet
441 5080 871 5155 Hieronymum
898 5080 1176 5137 insistere
1197 5080 1426 5155 Scriptu
1437 5097 1519 5155 ris
1531 5080 1724 5155 verbis
1743 5082 1816 5137 ad
1834 5082 1942 5155 Ty-

279 5151 432 5222 rum,
467 5167 600 5224 quae
625 5151 791 5225 [iisti
815 5156 978 5225 fortis
1001 5155 1061 5207 in
1082 5154 1235 5208 mari
1250 5151 1378 5208 cum
1390 5151 1788 5209 habitatoribus
1808 5151 1936 5223 tuis,

437 5223 824 5295 formidabant
848 5226 1120 5281 universi.

347 5278 1102 5367 (grammarianubi:
1134 5293 1482 5367 particulam
1512 5278 1567 5363 '7,
1597 5294 1796 5362 lamed,
1856 5293 1938 5350 1e-

280 5388 483 5466 gentes
518 5369 695 5466 @5137,
726 5385 881 5466 quod
925 5384 1054 5441 sine
1086 5384 1265 5441 lamed
1324 5400 1440 5439 non
1493 5386 1685 5454 potest
1731 5399 1940 5440 sonare

285 5457 345 5510 in
373 5457 800 5526 sempiternum.
819 5457 1007 5512 MART.

350 5526 431 5596 (b)
458 5523 740 5584 Pluribus
769 5528 881 5583 hac
911 5528 984 5583 de
1012 5527 1150 5583 rein
1175 5527 1290 5582 fine
1305 5523 1947 5582 commcntariorumin’

281 5596 801 5672 Isaiamidi‘ximus,
834 5603 893 5657 et
921 5599 993 5655 ad
1046 5598 1258 5671 dialog.
1294 5601 1320 5654 1
1364 5601 1589 5672 contra_
1610 5596 1936 5672 Pelagian.,

280 5666 862 5746 num.28.Duplicém
885 5686 1096 5746 nempe
1115 5666 1527 5728 damnatorum
1542 5666 1791 5726 classem
1819 5666 1940 5728 dis;

2047 4636 2403 4707 negotiationi
2431 4634 2763 4705 populorum
2790 4633 2861 4689 ad
2901 4634 3115 4689 insulas
3170 4634 3377 4689 multas
3424 4634 3567 4705 (sive
3621 4636 3691 4692 ab

2048 4725 2244 4780 insulis
2274 4723 2532 4795 multis.).
2566 4719 2700 4780 Haec
2726 4722 2859 4778 dicit
2887 4723 3148 4778 Dominus
3178 4723 3335 4778 Deus.
3368 4721 3430 4778 Si
3458 4721 3693 4780 voluero

2048 4816 2229 4869 totam
2254 4812 2619 4884 prophetiam
2649 4815 2853 4867 contra
2872 4812 3111 4884 Tyrum,
3140 4810 3262 4866 sive
3282 4826 3459 4883 super
3476 4810 3697 4869 lamen-

2051 4901 2270 4957 tatione
2298 4901 2455 4973 Tyri,
2479 4917 2596 4956 uno
2619 4916 2891 4957 sermone
2907 4897 3420 4972 comprehendere,
3463 4904 3521 4957 et
3577 4899 3699 4959 lon-

2050 5078 2240 5153 tingui
2272 5082 2539 5153 oportere
2562 5078 2661 5153 _ad
2688 5076 3047 5153 ‘Hieronymi
3104 5080 3414 5153 mentem,“
3442 5096 3696 5153 quorum

2052 5148 2219 5215 alids,
2252 5148 2401 5221 quos
2432 5148 2532 5224 ille
2558 5148 2773 5221 impios
2803 5148 2989 5214 vocat,
3039 5149 3291 5219 aeternis,
3342 5148 3491 5209 alios
3547 5169 3697 5224 quos

2049 5221 2862 5295 peccatores,sive_quos_aut_
2908 5224 3280 5295 peccatorum
3338 5221 3697 5295 paenituerit,

2052 5290 2154 5350 aut
2174 5290 2661 5365 levioracrimina
2681 5290 3119 5365 obstninkerint,
3144 5290 3417 5352 finiendis
3438 5290 3699 5365 aliquané

2049 5367 2121 5421 do
2145 5364 2501 5438 cruciatibus
2523 5364 2791 5438 deputat.
2821 5363 3073 5419 Confuso
3105 5370 3300 5438 autem
3325 5371 3496 5422 antea
3526 5363 3700 5438 atque

2046 5437 2419 5493 incommodo
2443 5433 2619 5492 sensu
2648 5433 2973 5506 legebatur,
3016 5438 3114 5507 qui
3165 5437 3352 5491 dicunt
3407 5433 3705 5507 impiorum

2046 5511 2207 5579 atque
2232 5511 2577 5579 peccatorum
2597 5522 2787 5579 pinnas
2806 5522 2918 5561 non
2946 5522 3058 5563 esse
3085 5516 3389 5579 perpetuas.
3420 5507 3600 5579 Nobis
3629 5509 3703 5565 ad

2043 5577 2241 5652 veram
2272 5579 2579 5652 lectionem
2605 5577 3024 5652 restituendam
3056 5577 3355 5652 suppetias
3375 5577 3561 5637 tulere
3594 5580 3705 5637 Va-

2048 5650 2257 5708 ticanae
2287 5649 2513 5708 Charta:
2546 5653 2604 5708 et
2631 5649 2929 5708 Rabanus.
