4006 6180
258 337 379 403 247
1531 339 1596 399 S.
1641 333 1954 400 EUSEBII
1997 335 2436 402 HlERONYMl
3543 331 3664 398 248

260 487 403 549 gum
422 471 651 541 iaciam,
674 469 732 530 et
747 488 989 530 sensum
1010 469 1243 528 lectoris
1260 469 1577 528 obscurum
1598 497 1612 540 ;
1632 471 1774 527 dum
1788 486 1907 526 om-
1936 470 1990 537 Α
2093 471 2278 543 (Vers.
2311 474 2365 541 4,
2393 473 2475 546 5.)
2508 475 2760 531 Finitimi
2789 474 2870 531 tui
2884 474 2980 548 qui
3008 481 3057 531 te
3084 471 3525 546 aediﬁcaverunt,
3557 472 3663 526 im-

261 562 362 620 nia
391 560 566 618 simul
600 578 711 616 non
749 565 938 633 potest
967 565 1160 616 mente
1193 561 1461 628 retinere,
1515 560 1801 632 praecipue
1849 559 1908 613 in
2011 562 2301 633 pleverunt
2327 563 2568 620 decorem
2593 573 2768 620 tuum.
2815 566 3092 620 Abietibus
3148 565 3216 618 de
3263 562 3430 617 Sanir
3478 564 3668 617 extru-

263 651 481 724 quibus
511 653 582 706 ab
614 651 893 706 Hebraico
916 652 973 705 in
1006 651 1114 706 hoc
1145 650 1270 705 loco
1302 649 1433 706 LXX
1467 650 1642 706 editio
1692 650 1908 706 discre-

263 744 384 813 pat,
415 740 525 795 hoc
554 744 662 805 est,
697 757 823 811 qua:
856 739 1208 810 addiderint,
1241 755 1436 811 quaave
1493 740 1907 794 subtraxerint.

265 829 474 900 Itaque
505 833 708 884 nostra
736 828 958 886 erimus
990 829 1465 901 interpretatione
1521 827 1795 895 contenti,
1855 831 1912 882 et

265 917 452 976 sicubi
483 917 812 985 dissonant,
847 933 912 972 ex
933 917 1110 973 latere
1132 917 1561 990 copulabimus,
1596 917 1911 989 perfectam

266 1005 531 1064 omnium
569 1007 680 1061 Deo
706 1006 782 1078 (a)
800 1006 1104 1061 scientiam
1121 1005 1514 1076 reliquentes:
1548 1010 1605 1061 et
1627 1005 1765 1074 quid
1805 1021 1910 1060 no-

261 1081 356 1153 bis
373 1095 639 1150 videatur
659 1095 717 1150 iu
735 1092 1006 1167 singulis,
1029 1095 1276 1150 breviter
1295 1095 1763 1150 admonebimus.
1806 1093 1914 1158 Qui

267 1184 586 1257 plangitur,
622 1184 814 1240 adhuc
847 1199 997 1240 cura:
1029 1188 1120 1238 est
1135 1184 1185 1239 ei
1210 1201 1242 1238 a
1273 1200 1389 1255 quo
1413 1183 1726 1255 plangitur.
1752 1183 1914 1239 Unde

271 1278 329 1330 et
357 1272 593 1329 Samuel
625 1273 799 1328 ﬂebat
849 1276 1024 1344 atque
1055 1272 1366 1345 plangebat
1418 1290 1594 1344 super
1649 1272 1787 1328 Saul
1843 1273 1913 1345 (ll

270 1366 403 1432 Reg.
437 1371 551 1432 xv).
586 1366 652 1416 Et
685 1361 984 1432 apostolus
1015 1361 1230 1418 Paulus
1262 1362 1618 1418 lamentatur
1650 1367 1707 1418 et
1757 1362 1916 1434 luget

270 1467 449 1523 super
477 1451 571 1507 his
603 1451 702 1523 qui
735 1451 998 1507 fornicati
1031 1455 1170 1507 sunt
1199 1456 1254 1506 et
1286 1468 1399 1507 non
1440 1456 1685 1525 egerunt
1733 1452 1914 1524 ι)ωηί-

267 1539 509 1594 tentiam
543 1541 614 1611 (ll
638 1540 758 1596 Cor.
781 1541 904 1612 x11).
928 1542 998 1596 Et
1015 1541 1297 1596 Jeremias
1322 1542 1792 1596 Lamentationes
1823 1559 1917 1596 su-

267 1645 372 1702 per
387 1623 682 1685 eversione
700 1629 1024 1686 Jerusalem
1052 1635 1304 1701 quatuor
1324 1630 1526 1685 scribit
1563 1629 1912 1702 alphabetis.

270 1721 508 1779 Habitat
528 1719 1166 1792 ergo,juxtalitteram,
1199 1719 1538 1791 Tyrus,sive
1569 1719 1695 1786 Sor,
1728 1719 1786 1775 in
1832 1720 1916 1774 in-

2017 657 2218 707 xerunt
2251 657 2299 708 te
2328 670 2448 707 cum
2473 655 2724 709 omnibus
2746 653 3004 708 tabulatis
3023 653 3215 707 maris.
3237 650 3469 706 Cedrum
3489 649 3553 704 de
3570 651 3666 705 Li-

2023 740 2162 796 bano
2192 740 2464 811 tulerunt,
2498 746 2555 796 ut
2575 746 2827 814 facerent
2847 743 2948 797 tibi
2967 740 3281 811 malum.(b)
3304 739 3412 794 Pro
3429 756 3541 812 quo
3565 729 3714 794 ηεξ-⁸

2020 826 2140 882 scio
2171 828 2310 898 quid
2340 827 2616 899 volentes,
2650 829 2730 883 ita
2765 829 2901 884 LXX
2937 827 3398 883 transtulerunt:
3459 827 3668 882 Beelim

2019 916 2129 987 ﬁlii
2157 918 2241 971 tui
2267 917 2749 974 circumdederunt
2779 918 2883 973 tibi
2912 917 3191 972 decorem:
3226 915 3418 972 cedrus
3470 917 3536 970 de
3568 915 3668 970 Sa-

2019 1007 2114 1060 nir
2149 1005 2421 1062 aediﬁcata
2453 1011 2528 1062 est
2559 1007 2697 1062 tibi:
2719 1010 2908 1063 tenues
2939 1007 3162 1062 tabulas
3201 1005 3548 1078 cypressinas
3605 1004 3672 1060 de

2021 1095 2230 1150 Libano
2256 1097 2520 1163 tulerunt,
2553 1100 2610 1150 ut
2639 1100 2883 1166 facerent
2913 1097 3017 1152 tibi
3034 1096 3206 1150 malos
3234 1094 3510 1164 abiegnas.
3544 1093 3672 1149 Ser-

2020 1199 2116 1237 mo
2148 1184 2305 1238 enim
2337 1175 2566 1251 Beelim,
2597 1185 2656 1240 in
2688 1185 2798 1240 hoc
2820 1185 2944 1240 loco
2958 1185 3113 1256 apud
3139 1184 3407 1239 Hebraeos
3433 1182 3670 1255 penitus

2023 1288 2138 1327 non
2171 1272 2437 1338 habetur,
2471 1274 2571 1328 sed
2601 1291 2703 1346 pro
2735 1275 2942 1329 Beetim
2974 1273 3261 1345 scriptum
3283 1276 3370 1327 est
3391 1287 3670 1326 GBBULAIC

2024 1346 2282 1446 (T5111),
2315 1363 2467 1433 quod
2500 1362 3070 1434 signiﬁcatterminos
3096 1369 3233 1417 tuos.
3261 1361 3322 1416 1n
3347 1377 3413 1415 eo
3435 1375 3671 1432 quoque

2024 1451 2178 1522 quod
2211 1451 2501 1515 diXerunt,
2535 1452 2646 1521 ﬁlii
2675 1454 2776 1518 tui,
2809 1451 2966 1506 verbi
3010 1450 3392 1522 ambiguitate
3446 1447 3668 1519 decepti

2025 1544 2186 1604 sunt,
2218 1545 2274 1594 et
2290 1540 2592 1611 scriptura
2615 1539 3173 1607 similitudine,dum
3197 1537 3671 1610 pronuntiatione

2024 1628 2252 1684 diversa
2280 1630 2494 1684 eaedem
2529 1628 2751 1694 litterae,
2797 1632 3293 1694 caementariorum,
3348 1630 3416 1700 (c)
3446 1636 3495 1684 et
3526 1628 3671 1698 ﬁlio-

2023 1733 2167 1781 rum,
2178 1734 2418 1773 BONAICH
2433 1722 2488 1774 et
2500 1719 3218 1805 nemrcnﬁunﬂeguntur.
3243 1719 3286 1773 Ο
3309 1718 3486 1792 igitur
3500 1719 3670 1787 Tyre,

269 1808 448 1866 troitu
481 1809 698 1865 maris:
733 1807 819 1862 vel
846 1807 1002 1878 quod
1028 1809 1189 1879 prius
1219 1807 1414 1862 insula
1441 1808 1567 1879 fuit,
1618 1809 1705 1864 vel
1759 1809 1913 1880 quod
1948 1842 1995 1906 Β
2028 1823 2152 1878 quae
2193 1806 2390 1862 dixisti
2450 1825 2552 1880 per
2583 1809 2944 1880 superbiam,
2984 1808 3227 1864 Perfecti
3289 1806 3512 1863 decoris
3565 1822 3672 1878 ego

276 1903 450 1972 portu
481 1897 778 1952 tutissimo
808 1897 879 1950 de
910 1895 1024 1952 alto
1057 1896 1354 1952 venientes
1387 1897 1592 1969 recipit
1623 1914 1817 1965 naves,
1865 1901 1921 1953 et
1948 1895 1994 1906 ”
2031 1911 2184 1965 sum,
2210 1895 2327 1950 sive
2343 1912 2446 1968 ego
2469 1896 2735 1952 decorem
2786 1895 2931 1950 mihi
2981 1895 3360 1963 circumdedi,
3412 1913 3545 1950 cum
3590 1895 3676 1950 sis

274 1992 364 2043 est
392 1986 704 2059 negotiatio
731 1984 1078 2058 populorum
1103 1987 1174 2040 ad
1198 1986 1423 2041 insulas
1442 1987 1679 2052 multas,
1704 1987 1823 2042 sive
1850 1987 1923 2041 de

273 2075 486 2132 insulis
503 2074 899 2140 multis.Quod
922 2075 1154 2145 quidem
1179 2091 1364 2146 usque
1381 2075 1552 2130 hodie
1569 2080 1918 2148 perseverat,

275 2169 341 2220 ut
369 2164 634 2219 omnium
665 2163 1087 2236 propemodum
1111 2164 1374 2236 gentium
1405 2164 1464 2219 in
1495 2163 1594 2220 illa
1615 2181 1920 2221 exercean-

278 2255 377 2308 tur
397 2252 1030 2324 commerciaﬂoeptam
1055 2256 1247 2307 autem
1272 2252 1808 2326 interpretationem
1832 2272 1919 2310 se-

277 2345 540 2412 quentes,
575 2341 862 2414 quidquid
896 2341 966 2396 de
995 2343 1143 2414 Tyro
1174 2341 1408 2409 dicitur,
1467 2344 1789 2398 referamus
1849 2345 1922 2400 ad

277 2432 538 2505 συνοχῆν,
563 2431 620 2486 id
653 2435 758 2488 est.
787 2433 1080 2500 angustias
1113 2431 1287 2487 istius
1318 2432 1732 2504 mundi,quiin
1756 2433 1922 2488 mali-

274 2535 389 2596 gno
441 2521 665 2593 positus
704 2525 811 2587 est,
844 2525 901 2576 et
957 2519 1130 2576 variis
1179 2521 1716 2593 perturbationibus
1759 2523 1922 2592 quasi

277 2610 556 2666 ﬂuctibus
577 2614 905 2666 coarctatur
934 2614 1109 2680 atque
1142 2611 1486 2682 percutitur.
1524 2610 1603 2666 De
1651 2609 1922 2682 hujusce-

278 2699 440 2755 modi
471 2698 932 2771 negotiatoribus
961 2703 1016 2754 et
1042 2698 1099 2752 in
1131 2697 1357 2769 psalmo
1382 2699 1626 2771 mystico
1658 2716 1925 2756 sermone

279 2792 553 2844 narratur
586 2805 598 2842 :
631 2781 737 2855 Qui
764 2786 1090 2841 descendunt
1119 2803 1272 2840 mare
1301 2790 1358 2842 in
1391 2789 1642 2856 navibus,
1665 2791 1925 2859 facientes

279 2877 620 2948 Operationes
655 2879 713 2930 in
742 2876 898 2946 aquis
918 2875 1130 2945 multis,
1160 2877 1268 2946 ipsi
1304 2875 1558 2931 viderunt
1611 2892 1776 2947 opera
1821 2881 1924 2933 Do-

280 2965 808 3032 mini,etmirabilia
825 2965 944 3036 ejus
967 2966 1026 3018 in
1045 2965 1318 3034 profundo
1347 2967 1459 3033 (Ps.
1496 2981 1607 3031 τινι,
1659 2966 1748 3033 23,
1809 2969 1922 3039 24).

351 3054 540 3124 (Vera.
573 3053 651 3124 3.)
685 3053 723 3110 0
759 3054 916 3124 Tyre,
949 3051 1162 3122 dixisti,
1199 3057 1437 3125 Per/ceti
1463 3054 1672 3110 decoris
1688 3071 1784 3124 ego
1805 3072 1927 3110 sum

281 3144 424 3212 (sive
454 3143 675 3208 dixisti,
701 3141 1047 3196 Circumdedi
1092 3143 1237 3196 mihi
1288 3159 1381 3213 ego
1441 3142 1706 3215 decorem)
1758 3148 1807 3199 et
1863 3145 1924 3200 in

281 3231 440 3289 corde
468 3233 643 3285 maris
674 3232 802 3285 sita.
837 3229 1096 3284 Primum
1130 3231 1349 3286 crimen
1381 3235 1469 3286 est
1498 3233 1651 3304 Tyri,
1701 3233 1750 3288 si
1783 3233 1921 3306 quid
1953 3209 1995 3274 C

277 3320 508 3376 videtur
539 3319 750 3374 habere
781 3318 938 3388 boni,
973 3335 1085 3373 non
1117 3319 1215 3373 Dei
1247 3326 1472 3391 putare,
1506 3323 1604 3376 sed
1637 3339 1835 3391 suum,
1868 3328 1925 3378 et

279 3411 436 3467 ³04
466 3425 699 3464 omnem
734 3407 1254 3480 pulchritudinem,
1289 3426 1414 3480 quae
1449 3408 1529 3464 illi
1562 3411 1632 3465 de
1679 3411 1923 3466 diversis

275 3500 434 3556 venit
463 3497 797 3570 regionibus
824 3496 1069 3568 propriae
1101 3497 1387 3554 aastimare
1419 3498 1732 3571 diligentiae
1753 3511 1925 3572 atque

279 3588 534 3644 virtutis.
573 3586 721 3642 Dixit
749 3585 904 3640 enim
931 3603 942 3641 :
975 3585 1214 3658 Perfecti
1243 3587 1449 3642 decoris
1477 3604 1574 3656 ego
1630 3606 1753 3643 sum
1805 3589 1924 3644 sive

276 3693 372 3749 ego
401 3677 546 3731 mihi
570 3675 907 3731 circumdedi
959 3674 1223 3747 decorem,
1285 3693 1418 3731 cum
1479 3676 1556 3732 sit
1609 3676 1670 3732 in
1729 3679 1922 3747 corde,

277 3767 389 3824 hoc
413 3769 521 3832 est,
555 3765 613 3820 in
630 3765 820 3820 medio
852 3764 1034 3820 maris
1065 3763 1197 3835 sita,
1230 3768 1286 3818 et
1336 3766 1501 3837 quasi
1556 3766 1749 3821 insula
1807 3786 1926 3823 mo-

276 3841 497 3923 veatur,
519 3859 576 3909 et
605 3853 866 3918 fluctuet,
891 3858 950 3908 et
980 3854 1273 3908 undarum
1293 3853 1648 3910 illisionibus
1669 3857 1922 3912 confrin-

283 3947 476 4016 gatur.
511 3941 671 4006 Quod
705 3943 899 3994 autem
927 3956 1024 3994 cor
1054 3941 1255 4007 maris,
1290 3943 1549 3997 medium
1610 3944 1919 4017 significet,

283 4036 340 4086 et
361 4030 456 4084 ille
473 4028 848 4100 prOpheticus
865 4045 1055 4083 sermo
1074 4029 1437 4084 demonstrat
1461 4048 1473 4085 :
1501 4032 1794 4100 Propterea
1813 4051 1924 4089 non

277 4118 600 4175 timebimus
629 4133 753 4170 cum
781 4117 1097 4171 conturbata
1130 4119 1298 4187 fuerit
1327 4125 1498 4186 terra,
1554 4127 1604 4174 et
1658 4120 1925 4176 translati

275 4208 482 4262 montes
511 4205 572 4259 in
601 4219 691 4260 cor
719 4205 908 4258 maris.
940 4205 1251 4259 Sonuerunt
1281 4208 1331 4259 et
1358 4207 1594 4263 turbata:
1606 4210 1732 4262 sunt
1761 4225 1922 4280 aqua?

276 4311 469 4352 eorum
499 4295 610 4366 (Ps.
643 4310 770 4361 XLV,
803 4295 855 4360 2,
895 4292 971 4363 3).
1007 4293 1118 4348 Sed
1167 4300 1224 4347 et
1282 4295 1559 4350 Dominus
1603 4301 1804 4352 noster
1861 4297 1918 4353 in

278 4386 452 4441 Corde
481 4389 667 4451 terrae,
701 4381 809 4438 hoc
840 4386 946 4449 est,
973 4381 1031 4436 in
1062 4382 1273 4452 medio,
1308 4383 1378 4438 ad
1413 4383 1519 4453 [Αἰ.
1554 4389 1609 4438 et
1639 4385 1735 4456 ad)
1783 4385 1920 4442 infe-

274 4491 371 4530 ros
401 4473 616 4528 dicitur
643 4470 1038 4528 descendisse.
1099 4470 1248 4526 Vera
1303 4477 1498 4527 autem
1559 4477 1614 4528 et
1667 4474 1920 4544 perfecta

2032 1984 2142 2038 sita
2175 1984 2232 2038 in
2267 1985 2457 2040 medio
2490 1985 2657 2051 mari,
2684 1987 2818 2040 audi
2849 1991 3069 2058 quanta
3099 1985 3203 2041 tibi
3255 1985 3354 2042 Dei
3404 1984 3677 2058 largitate

2032 2072 2242 2129 collata
2275 2073 2410 2129 sint.
2433 2073 2690 2129 Finitimi
2714 2080 2771 2130 et
2793 2075 3142 2130 contermini
3168 2075 3275 2142 tui,
3301 2073 3401 2146 qui
3457 2091 3571 2129 non
3603 2074 3678 2128 de

2032 2163 2392 2235 longinquis,
2431 2164 2530 2219 sed
2561 2164 2631 2219 de
2653 2163 2857 2219 vicinis
2889 2168 3028 2219 sunt
3045 2163 3402 2236 regionibus,
3426 2162 3537 2235 ipsi
3563 2163 3679 2217 im-

2033 2251 2336 2324 pleverunt
2365 2253 2630 2308 decorem
2662 2256 2853 2319 tuum,
2885 2258 2941 2308 et
2983 2258 3045 2308 tu
3106 2257 3278 2325 putas
3323 2256 3492 2307 tuum
3544 2268 3678 2307 esse

2033 2341 2187 2412 quod
2227 2340 2484 2396 alienum
2530 2341 2666 2396 est?
2706 2345 2773 2396 Et
2811 2341 3069 2414 loquitur
3125 2341 3294 2413 quasi
3343 2341 3416 2396 ad
3468 2357 3678 2396 navem

2029 2433 2327 2504 τροπικῶς,
2363 2429 2526 2485 urbis
2557 2430 2895 2502 signiﬁcans
2918 2429 3435 2502 pulchritudinem,
3471 2435 3528 2485 et
3584 2447 3681 2485 re-

2034 2537 2163 2574 rum
2180 2519 2444 2574 omnium
2471 2520 2987 2586 abundantiam,ut
3008 2524 3318 2592 postquam
3346 2518 3682 2574 universam

2032 2607 2192 2663 illius
2238 2607 2697 2680 suppellectilem
2755 2608 3148 2680 descripserit,
3209 2607 3453 2676 malum,
3514 2613 3686 2664 ante-

2036 2713 2224 2766 mnas,
2261 2697 2411 2754 805
2448 2715 2660 2768 remos,
2693 2697 2837 2765 vela,
2872 2715 3126 2769 proram,
3151 2697 3434 2769 carinam,
3489 2696 3687 2767 funes,

2035 2787 2344 2858 opertoria,
2380 2785 2579 2858 pelles,
2613 2792 2667 2842 et
2693 2793 2898 2843 cetera
2928 2787 3145 2859 quibus
3176 2785 3412 2842 navium
3461 2787 3691 2860 optime

2035 2875 2459 2930 instructorum
2492 2892 2638 2931 usus
2667 2875 2923 2947 indiget:
2956 2879 3096 2932 tunc
3125 2879 3538 2948 tempestatem
3572 2869 3690 2944 illi,

2035 2968 2090 3018 et
2118 2969 2362 3019 ventum
2395 2959 2681 3036 austrum,
2708 2982 2822 3036 quo
2854 2965 3069 3020 ﬂuctus
3090 2963 3328 3020 maximi
3353 2979 3691 3020 commove-

2036 3053 2276 3120 buntur,
2309 3054 2507 3110 venire
2537 3054 2860 3125 denuntiet,
2885 3059 2941 3110 et
2969 3071 3096 3109 eam
3119 3053 3423 3124 subjacere
3446 3056 3687 3110 nautra-

2036 3143 2150 3214 gio.
2184 3143 2292 3198 Per
2323 3160 2449 3214 quae
2483 3142 2774 3215 significat
2805 3143 2968 3198 urbis
3012 3143 3190 3216 Tyriae
3239 3143 3594 3199 eversionem
3651 3161 3690 3198 a

2039 3247 2173 3302 rege
2195 3231 2750 3297 Nabuchodonosor,
2795 3231 2933 3298 sive,
2986 3236 3050 3286 ut
3107 3231 3276 3286 multi
3325 3236 3555 3304 putant,
3604 3231 3684 3287 ab

2031 3319 2358 3375 Alexandro
2418 3336 2550 3391 rege
2603 3319 3008 3386 Macedonum,
3067 3320 3167 3392 qui
3222 3337 3322 3376 sex
3373 3319 3684 3376 mensibus

2034 3408 2224 3480 ipsam
2259 3409 2467 3462 urbem
2489 3408 2808 3474 obscdisse,
2841 3412 2898 3464 et
2922 3409 3145 3480 cepisse
3175 3413 3468 3481 narratur,
3517 3415 3684 3482 post-

2035 3514 2168 3568 qam
2213 3497 2452 3552 Darium
2487 3496 2622 3551 vicit
2667 3497 2724 3552 in
2761 3497 2944 3570 Lycia.
2993 3497 3171 3554 Juxta
3221 3499 3497 3570 mysticos
3542 3514 3683 3555 vero

2033 3585 2388 3652 intellectus,
2427 3585 2718 3641 abietibus
2749 3586 2868 3642 sive
2897 3587 3086 3642 cedris
3147 3587 3217 3642 de
3254 3588 3442 3654 Sanir,
3509 3587 3683 3645 navis

2033 3675 2215 3750 Tyriae
2264 3673 2528 3730 tabulata
2563 3675 2886 3745 caeduntur,
2949 3676 3167 3746 quibus
3222 3677 3433 3732 texitur
3495 3679 3684 3748 atque

2033 3764 2450 3837 compingitur,
2475 3767 2531 3818 et
2562 3763 2732 3818 cedro
2755 3763 2873 3818 sive
2900 3764 3197 3837 cyparisso
3219 3766 3290 3820 de
3308 3764 3510 3821 Libano
3540 3781 3676 3818 ma-

2031 3853 2125 3908 lus
2157 3854 2284 3924 ejus
2311 3853 2417 3924 :(d)
2450 3852 2739 3907 abietibus
2766 3853 3320 3924 propterlaevitatem
3347 3853 3446 3926 [FL
3470 3851 3682 3909 levita-

2030 3944 2172 4014 tem]
2197 3945 2622 4013 juncturasque
2647 3941 2982 3997 tabularum
3022 3941 3260 3998 mollius
3320 3942 3568 3998 invicem
3617 3959 3689 3999 se

2031 4031 2360 4086 tenentium
2394 4035 2566 4102 atque
2608 4029 3034 4086 mordentium:
3097 4031 3217 4086 sive
3262 4032 3474 4098 cedris,
3514 4033 3683 4104 quod

2032 4118 2258 4192 lignum
2295 4117 2657 4190 imputribile
2689 4123 2801 4174 est.
2844 4123 2920 4174 De
2958 4119 3128 4175 Sanir
3183 4124 3376 4176 autem
3436 4119 3684 4190 dicitur,

2032 4209 2181 4280 quod
2218 4208 2638 4280 interpretatur
2666 4211 2757 4263 via
2792 4207 3070 4277 lucernae;
3102 4213 3204 4265 aut
3234 4215 3300 4264 ut
3347 4227 3452 4266 nos
3479 4209 3686 4266 verius

2030 4296 2408 4366 arbitramur,
2440 4295 2572 4350 dens
2601 4297 2944 4367 vigiliarum,
2980 4313 3047 4352 eo
3070 4298 3224 4367 quod
3257 4299 3452 4354 omnis
3509 4299 3690 4357 navis

2028 4384 2407 4459 prosperitas,
2441 4389 2497 4439 et
2521 4383 2834 4440 illustratio
2863 4385 3085 4441 venerit
3113 4401 3182 4441 ex
3235 4403 3370 4443 vero
3424 4386 3686 4444 lumine.

2027 4475 2198 4531 Sanir
2227 4479 2425 4529 autem
2457 4473 3078 4544 monsjuxtalitteram
3101 4475 3224 4546 ipse
3241 4475 3444 4549 estqui
3461 4478 3519 4531 et
3539 4475 3693 4532 Her-

275 4561 652 4636 pulchritudo
682 4560 741 4615 in
774 4558 935 4615 nullo
967 4559 1294 4631 hominum,
1328 4559 1439 4615 nisi
1473 4561 1531 4617 in
1563 4561 1913 4617 Christicor-
1945 4578 1990 4643 Ι)
2021 4581 2180 4633 mon,
2215 4579 2391 4635 quem
2423 4561 2520 4617 alii
2544 4568 2751 4617 vocant
2781 4561 3012 4619 Sanior.
3047 4563 3196 4637 Lege
3226 4563 3548 4621 historiam.
3581 4568 3691 4622 Li-

225 4657 433 4725 ,pore,
471 4651 625 4724 quod
675 4651 1088 4721 interpretatur
1145 4648 1420 4718 Ecclesia,
1477 4654 1533 4705 et
1589 4650 1913 4707 multorum

270 4745 614 4797 sanctorum
634 4737 948 4793 virtutibus
997 4741 1402 4809 congregatur.
1460 4737 1621 4794 Unde
1679 4744 1736 4794 et
1791 4740 1916 4812 ipse

271 4827 542 4900 loquitur
570 4827 640 4883 ad
673 4842 950 4900 sponsam
977 4843 988 4881 :
1017 4827 1142 4880 Tota
1149 4825 1380 4896 pulchra
1403 4844 1480 4894 es,
1492 4831 1750 4899 proxima
1769 4845 1912 4894 mea,

273 4923 330 4971 et
359 4917 584 4972 macula
611 4933 721 4972 non
751 4924 829 4972 est
858 4917 915 4971 in
945 4923 994 4971 te
1014 4914 1194 4984 (Cant.
1224 4932 1298 4983 ιν,
1331 4916 1407 4986 7).

416 5092 492 5166 (ᾳ)
522 5092 611 5148 Sic
635 5093 852 5150 habent
882 5098 1014 5166 post
1041 5093 1255 5149 Victor.
1283 5109 1424 5148 mss.
1451 5109 1683 5166 quoque
1705 5097 1908 5152 nostri.

269 5163 667 5235 Martianaaus,
705 5171 837 5235 post
869 5163 1195 5231 Erasmum,
1230 5166 1577 5220 sententiam'

335 5237 415 5309 (b)
447 5234 552 5304 Qui
585 5234 1246 5309 suolocosubsequitur
1272 5253 1338 5291 ex
1375 5235 1516 5291 LXX
1563 5237 1910 5309 interpreta-

260 5305 422 5380 tione
455 5305 905 5380 versiculus,hic
927 5305 1161 5380 quoque
1195 5311 1431 5376 frustra,
1483 5311 1655 5378 atque
1688 5305 1908 5363 incom-

263 5379 436 5434 modo
467 5380 537 5434 ad
563 5377 771 5451 seriem
795 5377 1355 5451 orationis—respectu
1382 5377 1907 5451 poneb’aturauem

261 5466 370 5504 nos
401 5451 472 5503 ad
505 5467 648 5505 mss.
685 5447 857 5503 ﬁdem
890 5447 1299 5522 expunginius,
1334 5447 1397 5505 et
1429 5467 1534 5505 suo
1577 5447 1907 5506 semel'loco

263 5536 658 5576 recensemus.

335 5591 408 5662 (c)
437 5595 656 5662 Legunt
686 5590 862 5646 iidem
895 5589 1146 5662 editores
1177 5593 1399 5662 Erasm.
1436 5596 1492 5647 et
1523 5591 1793 5659 Mariam,
1822 5610 1907 5649 se-

263 5661 525 5722 cundam
542 5679 738 5720 vocem
756 5661 1005 5731 benaich,
1028 5678 1152 5735 quae
1167 5661 1319 5734 filios
1332 5672 1450 5721 tuos
1471 5663 1781 5734 signiﬁcat;
1805 5665 1905 5720 sed

2028 4654 2200 4709 banus
2232 4652 2646 4723 interpretatur
2695 4651 2919 4718 candor,
2981 4652 3100 4708 sive
3149 4652 3456 4709 dealbatio:
3512 4655 3688 4725 quod

2025 4747 2083 4798 et
2111 4743 2306 4814 ipsum
2333 4741 2403 4795 ad
2436 4739 2684 4812 gratiam
2716 4740 2969 4812 pertinet
3027 4741 3265 4798 aliunde
3318 4742 3690 4801 venientem.

2095 4831 2280 4900 (Vers.
2312 4832 2390 4895 6.)
2424 4831 2661 4897 Quercus
2709 4829 2774 4885 de
2822 4829 3000 4885 Busan
3030 4829 3351 4887 dolaverunt
3382 4833 3439 4887 in
3487 4848 3692 4891 remos

2024 4928 2176 4975 tuos:
2211 4922 2454 4974 transtra
2485 4923 2587 4974 tua
2611 4920 2859 4989 fecerunt
2890 4921 2994 4975 tibi
3013 4935 3083 4975 ex
3141 4920 3298 4976 ebore
3353 4919 3556 4990 Indico,
3629 4927 3692 4978 et

2021 5114 2136 5169 non
2165 5095 2367 5168 legunt
2393 5095 2643 5166 primam
2677 5095 2926 5169 bonaicb,
2961 5115 3086 5169 quae
3115 5099 3520 5165 cwmentarios,
3543 5097 3691 5157 sive

2017 5168 2370 5238 aediﬁcatores
2403 5171 2519 5222 tuos
2544 5172 2731 5224 sonat.
2757 5168 3040 5224 Distincte
3069 5173 3266 5226 tamen
3305 5187 3448 5226 mss.
3506 5171 3690 5226 codi-

2020 5256 2113 5294 ces
2145 5239 2396 5294 retinent
2417 5255 2585 5295 voces
2619 5257 2653 5294 a
2684 5239 2852 5294 nobis
2884 5240 3069 5296 editas
3097 5260 3110 5309 ;
3175 5242 3330 5297 unde
3361 5240 3547 5298 facilis
3579 5249 3696 5300 est;

2018 5309 2573 5395 conjecturaunulla
2605 5313 3006 5395 manuscripta
3051 5313 3405 5395 eaemplaria
3461 5317 3688 5395 contu—

2018 5381 2158 5438 lisse
2191 5398 2324 5437 mox
2353 5381 2558 5437 citatos
2590 5386 2854 5437 auctores
2887 5381 2956 5437 ad
2981 5381 3687 5443 restitutionemHebrai-

2020 5469 2220 5508 corum
2245 5453 2576 5508 verborum.
2613 5453 2796 5509 MART.

2089 5523 2440 5606 (od)Supplet
2462 5525 2674 5592 Victor,
2711 5527 3100 5595 quorumdam
3132 5543 3238 5601 ope
3257 5544 3398 5584 mss.
3423 5527 3688 5587 verbum

2020 5599 2280 5666 erigitur.
