4006 6180
421 273 535 342 251
1669 279 1734 340 8.
1779 275 2003 342 EUSE]

2239 275 2583 342 ERONYMI
2687 303 2690 306 ’
3706 273 3821 340 259

423 412 798 473 Sidoniorum.
825 414 923 472 Isti
954 413 1236 472 venantur
1253 411 1520 472 incautas
1543 413 1770 471 animas
1799 413 1860 471 in
1882 415 2067 471 subli-
2094 413 2150 481 Α
2180 417 2599 483 memorantur,
2623 417 2679 470 et
2707 413 2778 470 ad
2807 412 3109 471 terrendos
3139 410 3338 470 hostes
3360 412 3529 469 scuta
3545 413 3601 468 et
3629 408 3828 485 galeas

421 503 620 560 mibus
649 505 1016 572 constitutas,
1051 510 1113 560 ut
1141 505 1213 560 ad
1246 509 1476 561 terrena
1519 505 1831 572 deducant,
1863 509 1918 560 et
1947 505 2068 562 efﬁ-
2175 503 2327 559 inter
2343 520 2645 558 murorum
2670 502 3109 576 propugnacula
3128 502 3528 575 suspendisse.
3549 500 3832 573 Spiritus-

419 593 656 649 ciuntur
695 593 969 665 remiges,
1001 599 1066 650 ut
1115 595 1334 650 ducant
1363 611 1461 650 eas
1492 595 1562 650 ad
1604 594 1925 666 naufragia.
1961 595 2062 650 Sa-
2174 593 2248 648 lis
2278 599 2473 648 autem
2502 592 2886 664 intelligentia
2918 592 3057 647 illud
3090 597 3280 657 sonat,
3309 591 3465 663 quod
3498 591 3837 662 Persae,qui

416 680 643 754 pientes
673 686 868 738 autem
897 683 1168 756 Tyri,qui
1201 685 1258 738 in
1283 683 1499 739 malam
1522 688 1743 755 partem
1768 683 2062 756 accipiun-
2175 682 2636 754 interpretantur
2665 687 2948 748 tentantes,
2983 683 3101 737 sive
3131 684 3370 742 tentati;
3403 685 3458 735 et
3491 680 3648 752 Lydi,
3685 697 3838 752 quos

415 775 536 834 tur,
568 788 672 842 per
701 788 876 843 quam
912 773 1296 844 sapientiores
1329 777 1467 828 sunt
1492 773 1596 827 filii
1626 774 1999 829 tenebrarum
2031 790 2064 828 a
2171 781 2454 842 generatos
2486 771 2872 843 intelligimus
2901 789 2913 838 ;
2948 775 3004 826 et
3033 771 3251 843 Libyes,
3277 769 3378 842 qui
3413 769 3694 825 Hebraico
3718 787 3836 824 ser-

417 859 554 915 ﬁliis
585 859 753 927 lucis,
777 861 886 932 ipsi
923 861 1252 934 gubernant
1273 863 1490 934 Tyrum
1513 862 1815 934 naufragio
1842 880 2062 934 prapa-
2173 876 2344 915 mone
2370 859 2738 932 appellantur
2760 877 2911 914 PHUT
2936 860 3118 930 (ωε),
3143 864 3198 914 et
3229 862 3538 914 vertuntur
3571 859 3632 912 in
3655 875 3713 913 os
3737 859 3832 929 (ab

417 952 603 1004 ratam
637 950 790 1021 (Luc.
824 952 960 1020 xvx).
995 951 1260 1006 Seniores
1295 951 1456 1006 Biblii
1491 956 1547 1006 et
1590 952 1906 1023 prudentes
1935 953 2063 1022 ejus
2173 965 2288 1016 ore,
2308 966 2420 1004 non
2446 950 2516 1004 ab
2542 949 2953 1019 osse),frustra
2969 950 3186 1020 Tyrum
3210 947 3473 1003 nitantur
3497 947 3828 1013 defendere,

415 1038 792 1110 prazbuerunt
821 1045 1033 1094 nautas
1057 1041 1206 1112 Tyro
1238 1042 1307 1096 ad
1342 1039 1757 1105 ministerium,
1781 1041 1899 1097 sive
1925 1058 2060 1097 con-
2171 1053 2304 1091 cum
2330 1037 2646 1091 tentatione
2664 1041 3036 1107 superentur,
3059 1033 3487 1107 etgenerationi
3511 1052 3576 1090 ac
3598 1034 3830 1090 libidini

412 1126 772 1182 fortavcrunt
803 1129 1112 1183 consilium
1146 1130 1293 1199 ejus.
1330 1131 1506 1185 Sacra
1556 1135 1752 1185 narrat
1792 1131 2058 1197 historia,
2171 1124 2440 1190 serviant,
2474 1141 2755 1196 cassaque
2787 1129 3018 1179 tantum
3049 1124 3224 1178 verba
3255 1123 3675 1196 multiplicent,
3709 1141 3826 1179 non

413 1215 675 1272 seniores
707 1216 993 1289 plurimos
1028 1217 1206 1273 fuisse
1236 1235 1270 1272 a
1316 1219 1561 1274 Domino
1613 1220 1972 1291 reprobatos,
2007 1226 2062 1275 et
2168 1213 2448 1269 habentes
2479 1212 2705 1286 galeam
2738 1211 2964 1282 salutiS,
3002 1229 3107 1268 nec
3155 1217 3389 1267 scutum
3421 1212 3556 1268 ﬁdei
3605 1213 3823 1284 (Ephes.

406 1303 676 1374 juniores
722 1305 935 1361 electos
982 1305 1042 1360 in
1071 1311 1274 1378 typum
1323 1307 1639 1380 Synagogaa
1671 1313 1729 1362 et
1770 1307 2056 1363 Ecclesia.
2168 1303 2283 1374 v1);
2319 1304 2418 1358 sed
2450 1303 2695 1375 gloriam
2730 1307 2957 1357 tantum
3008 1301 3437 1374 strepitumque
3483 1319 3822 1358 sermonum

415 1393 620 1448 Senior
648 1393 784 1449 Cain
809 1395 1099 1465 abjicitur,
1123 1399 1180 1450 et
1207 1395 1562 1466 Abeljunior
1591 1396 1825 1469 eligitur
1846 1397 2054 1468 (Genes.
2169 1391 2532 1464 preetendant
2561 1392 2632 1446 ad
2669 1396 2939 1446 ornatum
2971 1389 3148 1446 illius.

412 1481 488 1553 ιν)
524 1497 536 1535 :
573 1481 780 1537 Ismael
822 1483 979 1538 filius
1013 1484 1298 1540 Abraham
1349 1486 1576 1542 alienus
1607 1503 1640 1540 a
1669 1491 1830 1558 patre
1859 1491 1970 1551 est,
2004 1491 2060 1541 et
2238 1480 2421 1551 (Vers.
2460 1480 2569 1550 11.)
2600 1480 2733 1537 Filii
2770 1479 2967 1534 Aradii
2994 1495 3118 1534 cum
3149 1480 3398 1534 exercitu
3429 1486 3519 1533 tuo
3551 1477 3668 1550 [ΑΙ.
3701 1478 3823 1552 suo]

411 1570 573 1625 Isaac
595 1571 798 1642 junior
817 1571 1214 1629 hereditatem
1241 1575 1687 1646 accepit(Genes.
1720 1576 1858 1645 xxr).
1885 1575 2056 1630 Filio-
2165 1574 2322 1625 erant
2349 1585 2512 1640 super
2529 1585 2708 1624 muros
2727 1579 2846 1624 tuos
2878 1571 2936 1622 in
2952 1569 3188 1624 circuitu
3225 1585 3236 1621 :
3269 1567 3428 1622 sedet
3458 1573 3706 1638 Pygmaei
3729 1569 3830 1639 qui

409 1674 542 1714 rum
577 1676 808 1732 quoque
841 1661 1000 1716 Isaac
1023 1662 1220 1717 senior
1251 1663 1401 1718 Esau
1422 1668 1662 1719 venator
1690 1668 1796 1732 est,
1815 1669 1872 1718 et
1890 1681 2056 1735 vaga.
2165 1667 2321 1713 erant
2347 1660 2407 1712 in
2429 1659 2508 1729 (a)
2527 1658 2774 1712 turribus
2796 1657 3218 1729 tuis,pharetras
3238 1673 3370 1712 suas
3396 1655 3506 1728 [ΑΙ.
3531 1656 3679 1730 tuas]
3701 1674 3825 1712 sus-

409 1750 510 1802 tur
561 1747 619 1802 in
670 1748 941 1817 saltibus,
966 1750 1170 1822 junior
1209 1751 1389 1806 Jacob
1440 1750 1784 1824 simpliciter
1831 1752 2057 1808 habitat
2092 1781 2137 1845 B
2164 1747 2471 1819 pemlerunt
2502 1749 2559 1801 in
2577 1749 2756 1802 muris
2785 1748 2894 1802 tuis
2921 1763 3023 1817 per
3048 1748 3397 1817 gyrum,ipsi
3414 1747 3830 1816 compleverunt

410 1835 567 1892 domi
593 1838 807 1908 (Gencs.
831 1839 981 1909 xxv).
999 1839 1159 1895 Unde
1173 1839 1455 1910 scriptum
1479 1846 1567 1895 est
1585 1840 1712 1895 etin
1729 1841 2012 1898 Malachia
2039 1860 2051 1896 :
2092 1835 2135 1845 “’
2162 1838 2636 1910 pulchritudinem
2668 1841 2840 1891 tuam.
2874 1836 3012 1890 LXX
3042 1852 3054 1891 :
3080 1837 3217 1891 Filii
3244 1835 3598 1901 Aradiorum,
3627 1844 3685 1892 et
3702 1837 3829 1909 for-

409 1924 573 1981 Jacob
603 1924 788 1981 dilexi
814 1944 833 1980 .’
866 1928 1009 1982 Esau
1051 1932 1234 1983 autem
1265 1928 1388 1984 odio
1419 1929 1590 1984 habui
1616 1930 1775 2000 (Mal.
1811 1948 1849 1995 1,
1881 1933 1957 1998 2).
1990 1931 2057 1985 Et
2163 1927 2337 1982 titudo
2392 1930 2485 1980 tua
2512 1942 2676 1997 super
2726 1941 2910 1980 muros
2941 1929 3078 1996 tuos,
3113 1927 3172 1980 in
3199 1927 3444 1980 circuitu
3491 1925 3732 1982 custodes
3765 1929 3831 1980 in

409 2017 561 2069 recte
585 2015 753 2084 juxta
769 2015 1110 2086 Apostolum
1143 2017 1318 2087 (Rom.
1347 2034 1426 2085 IX,
1452 2018 1560 2090 13),
1592 2018 1738 2072 nihil
1768 2018 1826 2072 in
1850 2019 2054 2073 matris
2164 2016 2408 2072 turribus
2429 2018 2538 2070 tuis
2562 2019 2742 2070 erant.
2767 2014 3063 2070 Pharetras
3081 2031 3209 2070 suas
3234 2016 3630 2086 suspenderunt
3649 2031 3832 2087 super

410 2105 574 2158 utero
606 2103 902 2158 constituti
934 2105 1070 2159 boni
1117 2105 1201 2161 vel
1236 2105 1373 2161 mali
1423 2107 1696 2174 fecerant,
1723 2123 1827 2162 nec
1869 2107 2053 2162 habe-
2159 2105 2572 2176 propugnacula
2593 2112 2690 2158 tua
2708 2121 2808 2176 per
2831 2121 3056 2177 gyrum.
3081 2105 3189 2175 Ipsi
3203 2106 3550 2175 perfecerunt
3566 2105 3827 2160 decorem

407 2189 551 2247 bant
582 2192 853 2247 meritum
888 2211 990 2249 nec
1020 2194 1322 2261 offensam,
1357 2198 1422 2250 ut
1450 2195 1594 2251 alter
1634 2195 1964 2267 eligeretur,
1997 2201 2054 2252 et
2159 2197 2338 2249 tuum.
2370 2194 2626 2249 Verbum
2659 2209 2923 2248 casuum
2955 2193 3217 2263 (ων-τω),
3240 2192 3463 2264 Aquilae
3486 2192 3678 2265 prima
3696 2193 3824 2249 edi-

407 2281 552 2336 alter
575 2281 946 2354 abjicerotur,
969 2283 1079 2338 nisi
1103 2285 1256 2355 quod
1281 2285 1508 2358 intypo,
1529 2291 1592 2340 ut
1613 2285 2051 2357 diximus,Syn-
2161 2283 2261 2348 tio,
2295 2285 2560 2355 Pygmeos
2579 2299 2597 2336 :
2630 2281 3044 2354 Symmachus,
3062 2283 3139 2352 (b)
3173 2283 3343 2338 Medos
3369 2301 3380 2338 :
3407 2282 3819 2354 Septuaginta,

406 2385 600 2442 agogaa
631 2374 687 2426 et
735 2370 1022 2440 Ecclesiae,
1055 2373 1250 2429 senior
1280 2373 1592 2445 repellitur,
1624 2379 1681 2429 et
1727 2376 2052 2430 assumitur
2157 2372 2400 2427 custodes
2433 2391 2451 2426 :
2483 2371 2798 2426 Theodotio
2851 2371 3149 2438 Gomadim,
3186 2371 3381 2444 ipsum
3433 2371 3814 2440 Hebraicum,

395 2459 615 2531 junior.
642 2459 876 2527 Omnes,
912 2461 1122 2532 inquit,
1149 2479 1324 2518 naves
1346 2463 1524 2518 maris
1546 2468 1604 2519 et
1635 2469 1822 2519 nautae
1845 2481 2046 2520 earum
2159 2460 2520 2533 interpretati
2551 2464 2706 2515 sunt.
2723 2461 2978 2514 Aradum
3004 2459 3261 2515 insulam
3287 2477 3412 2532 quae
3430 2465 3555 2516 tota
3572 2460 3650 2515 sit
3670 2459 3812 2516 civi-

401 2547 641 2604 fuerunt
671 2549 730 2604 in
767 2550 980 2623 populo
1015 2552 1425 2625 negotiationis
1455 2558 1631 2625 Tyras,
1657 2553 1775 2610 sive
1805 2554 1863 2608 in
1892 2554 2048 2609 Occi-
2156 2554 2269 2618 tas,
2303 2555 2360 2605 et
2387 2553 2591 2606 contra
2620 2566 2682 2604 se
2714 2549 2971 2620 positum
3004 2548 3284 2620 oppidum
3315 2549 3679 2603 Antaradum
3703 2548 3811 2604 ha-

403 2637 640 2694 dentem
700 2639 1050 2696 Occidentis.
1109 2642 1408 2705 Quomodo
1467 2643 1682 2697 dicitur
1743 2642 2046 2698 Canticum
2156 2639 2310 2707 beat,
2344 2639 2648 2709 vicinaque
2681 2639 2757 2693 sit
2787 2639 2958 2710 Tyro,
2990 2643 3047 2693 et
3077 2638 3395 2710 pratendat
3423 2637 3482 2693 in
3517 2637 3811 2693 Phanicis

401 2725 798 2793 Canticorum,
821 2733 877 2782 et
903 2728 1181 2784 saeculum
1212 2731 1319 2800 (At.
1347 2730 1580 2801 saecula]
1605 2730 1971 2800 saeculorum,
1991 2736 2048 2788 et
2155 2727 2346 2784 littore
2377 2729 2530 2783 310
2562 2726 2918 2783 continentis
2949 2732 3134 2792 terra,
3167 2742 3356 2798 usque
3406 2726 3579 2782 hodie
3609 2729 3813 2783 cerni-

399 2829 575 2884 opera
602 2831 873 2886 cperum;
912 2821 974 2870 ut
1005 2817 1294 2872 canticum
1317 2821 1510 2890 majus
1531 2819 1662 2874 aliis
1683 2820 1924 2876 canticis
1947 2821 2045 2888 sit,
2157 2834 2288 2872 mus
2325 2835 2337 2872 ε
2374 2817 2431 2871 hi
2467 2820 2604 2872 sunt
2635 2817 2695 2870 in
2727 2815 2978 2871 exercitu
3011 2815 3173 2871 urbis
3205 2816 3385 2888 Tyriae
3411 2817 3812 2887 custodesque

400 2905 457 2956 et
486 2901 765 2958 saeculum
791 2903 1074 2974 prolixius
1101 2904 1234 2960 aliis
1265 2907 1516 2973 saeculis,
1538 2925 1802 2979 opusque
1823 2911 2044 2965 caeteris
2152 2907 2403 2961 turrium
2429 2909 2639 2975 ejus,et
2661 2905 3411 2976 suspenderuntpharetras
3433 2921 3576 2960 suas
3598 2922 3813 2978 pergy-

400 2990 675 3061 operibus
707 2991 910 3047 utilius
944 3010 956 3048 :
987 2993 1070 3048 sic
1099 2993 1426 3065 appellatur
1455 2995 1736 3052 Occidens
1765 2997 2043 3053 Occiden-
2154 2993 2722 3065 rum,complentque
2747 2993 3240 3065 pulchritudinem
3264 2994 3494 3064 ejus,ut
3514 2995 3808 3066 sagittarii

397 3077 494 3145 tis,
517 3084 580 3134 ut
610 3080 1078 3151 magnitudinem
1107 3082 1563 3138 Occidentalium
1587 3085 1838 3156 partium
1859 3086 2042 3158 signi-
2080 3148 2112 3158 η
2151 3100 2280 3140 esse
2309 3083 2772 3147 doceantur,sive
2799 3082 3044 3154 pygmasi
3066 3082 3340 3150 sunt,hoc
3360 3081 3796 3154 estbellatores,

399 3166 548 3222 ﬁcet.
582 3168 650 3222 Et
681 3148 922 3240 pulchre
971 3187 1146 3226 naves
1179 3171 1380 3241 maris,
1409 3177 1465 3226 et
1512 3148 1700 3229 nautae
1728 3148 1952 3242 earum“,
1985 3182 2043 3232 et
2072 3148 2113 3215 (ἶ
2150 3177 2207 3229 et
2231 3173 2303 3228 ad
2325 3170 2475 3227 bella
2497 3148 3065 3243 promptissimi,&no
3081 3176 3180 3238 τῆς
3199 3148 3586 3243 ἡυγμῆςηυω
3607 3148 3808 3228 Greco

397 3255 648 3327 remiges
680 3256 781 3327 qui
813 3256 871 3312 in
922 3258 1106 3327 Tyriae
1137 3259 1299 3314 navis
1329 3261 1541 3317 auxilio
1575 3267 1730 3329 sunt,
1767 3280 1882 3319 non
1917 3282 2040 3336 per-
2153 3278 2420 3318 sermone
2450 3261 2509 3316 in
2540 3264 2812 3316 certamen
2842 3261 3104 3316 vertitur.
3137 3259 3239 3315 Sin
3265 3265 3462 3316 autem
3495 3261 3690 3316 Aradii
3714 3262 3816 3316 de-

396 3347 544 3416 gunt
573 3345 642 3400 ad
682 3344 998 3414 Orientem,
1031 3363 1135 3402 nec
1183 3349 1255 3403 ad
1288 3352 1480 3404 ortum
1529 3349 1794 3418 luminis,
1826 3353 1923 3408 ubi
1955 3354 2042 3410 sol
2147 3355 2410 3424 ponentes
2431 3354 2663 3420 sonant,
2688 3348 2880 3404 omnis
2909 3348 3011 3420 qui
3041 3348 3350 3420 praetendit
3381 3349 3511 3405 falsi
3542 3349 3810 3404 nominis

385 3431 634 3504 justitia:
653 3434 932 3505 nascitur,
954 3435 1052 3490 sed
1085 3437 1154 3491 ad
1180 3437 1550 3493 Occidentem
1574 3439 2039 3506 Occidentis,ubi
2150 3440 2476 3505 scientiam,
2501 3445 2557 3494 et
2586 3438 2762 3494 habet
2790 3437 2850 3492 in
2885 3437 3188 3510 phraretra
3216 3439 3464 3509 pectoris
3495 3438 3585 3494 sui
3611 3438 3811 3510 ignita

391 3519 592 3578 lumen
614 3523 930 3592 occumbit,
957 3525 1109 3580 809
1134 3530 1191 3581 et
1212 3526 1310 3581 ubi
1337 3528 1706 3583 tenebrarum
1735 3531 2039 3586 exordium
2149 3529 2365 3585 diaboli
2383 3527 2824 3600 jacula,quibus
2841 3529 3217 3599 deceptorum
3241 3527 3416 3583 corda
3431 3526 3703 3583 vulnerat
3723 3534 3811 3584 at-

385 3613 499 3668 est.
2149 3634 2263 3691 que
2293 3617 2879 3684 succendit,Aradius
2911 3615 3296 3688 appellandus
3317 3621 3420 3672 est.
3438 3616 3612 3686 Cupit
3634 3617 3809 3673 enim

461 3699 650 3773 (Vers.
686 3702 796 3773 10.)
827 3708 1018 3760 Persw
1044 3709 1096 3759 et
1147 3705 1287 3776 Lydi
1316 3705 1509 3780 [Vulg
1545 3707 1734 3780 Lydia]
1767 3717 1818 3765 et
1849 3711 2038 3782 Libyes
2148 3709 2434 3779 deponere
2466 3724 2565 3763 eos
2594 3707 2693 3778 qui
2728 3706 2996 3762 nituntur
3025 3706 3096 3761 ad
3128 3705 3248 3762 alta
3295 3705 3699 3769 conscendere,
3742 3711 3815 3761 et

391 3797 552 3847 erant
602 3791 662 3845 in
713 3793 958 3848 exercitu
1016 3796 1128 3860 tuo,
1185 3796 1298 3850 viri
1353 3795 1640 3852 bellatores
1714 3800 1797 3852 tui
1853 3817 1873 3852 :
1929 3801 2039 3872 cly-
2147 3797 2400 3868 complet
2432 3795 2926 3866 pulchritudinem
2959 3796 3117 3867 Tyri,
3137 3796 3206 3850 de
3237 3795 3439 3866 quain
3469 3794 3817 3851 Proverbiis

385 3895 553 3952 peum
580 3887 631 3935 et
674 3881 897 3951 galeam
944 3883 1339 3954 suspenderunt
1379 3885 1435 3939 in
1481 3891 1533 3941 te
1573 3903 1671 3957 pro
1718 3891 1916 3942 ornatu
1945 3891 2037 3944 tuo
2147 3887 2432 3958 scriptum
2465 3890 2551 3940 est
2586 3903 2598 3940 :
2630 3889 2744 3940 Non
2773 3890 2826 3940 te
2853 3884 3093 3956 decipiat
3119 3883 3549 3955 pulchritudinis
3580 3881 3814 3939 deside-

388 3968 530 4040 (sive
549 3969 746 4041 peltas,
771 3974 821 4025 et
849 3973 1033 4042 galeas
1061 3973 1462 4043 suspenderunt
1484 3977 1540 4028 in
1575 3983 1624 4030 te
1646 3977 1752 4045 ipsi
1770 3975 2037 4033 dederunt
2145 3977 2314 4045 rium,
2337 3991 2404 4030 ne
2427 3976 2668 4046 capiaris
2687 3976 2857 4029 oculis
2878 3975 2986 4030 tuis
3007 3975 3188 4045 (Prov.
3210 3990 3286 4044 v1,
3312 3973 3426 4043 25).
3451 3973 3518 4027 Et
3537 3971 3761 4027 iterum
3792 3990 3806 4028 :

387 4057 626 4128 gloriam
641 4059 1050 4127 tuam).Persas
1075 4061 1255 4117 fuisse
1277 4061 1916 4134 fortissimos,quorum
1940 4083 2038 4120 rex
2147 4065 2298 4120 Sicut
2326 4066 2545 4119 inauris
2577 4066 2636 4118 in
2667 4065 2896 4119 naribus
2922 4078 3122 4135 porcae,
3156 4064 3232 4118 sic
3260 4062 3489 4118 mulieri
3512 4062 3663 4117 male
3681 4078 3812 4118 mo-

387 4149 588 4218 Cyrus,
641 4151 708 4202 ut
767 4148 929 4203 Isaia:
986 4149 1262 4206 vaticinio
1321 4152 1667 4223 praedicatur
1721 4155 1845 4220 (lsa.
1884 4156 2034 4227 XLV),
2146 4157 2286 4209 ναίω
2313 4152 2661 4224 pulchritudo
2692 4152 2850 4223 (Ibid.
2884 4169 2961 4219 xu,
2999 4153 3114 4223 22).

388 4235 667 4291 subverso
697 4237 968 4310 Astyage,
985 4252 1118 4310 rege
1149 4239 1474 4306 Medorum,
1497 4240 1848 4312 Babylonem
1867 4259 2036 4314 cepe-
2219 4243 2402 4312 (Vers.
2431 4243 2541 4309 12.)
2557 4241 3009 4312 Carthaginenses
3028 4243 3387 4312 negotiatores
3403 4241 3810 4296 tuiamultitu-

389 4323 482 4392 rit,
513 4328 569 4379 et
621 4341 806 4391 sacra,
845 4330 901 4381 et
957 4325 1251 4382 saecularis
1303 4333 1500 4383 narrat
1543 4328 1806 4387 historia.
1855 4333 2037 4405 Lydos
2145 4333 2275 4388 dine
2316 4333 2639 4386 cunctarum
2682 4329 3028 4400 divitiarum,
3083 4337 3324 4402 argento,
3367 4331 3546 4400 ferro,
3577 4332 3811 4400 stanno,

387 4427 621 4484 quoque
649 4412 750 4468 illo
781 4417 1042 4486 tempore
1073 4417 1224 4471 inter
1252 4421 1454 4488 gentes
1478 4417 1918 4476 robustissimas
1951 4437 2036 4476 re-
2141 4420 2470 4493 plumboque
2500 4420 2843 4484 repleverunt
2872 4419 3148 4474 nundinas
3180 4428 3319 4474 tuas.
3352 4417 3479 4473 Non
3512 4415 3710 4472 solum
3742 4418 3809 4472 in

389 4503 644 4572 putatos,
661 4516 912 4571 quorum
941 4520 1039 4558 rex
1059 4503 1284 4559 Crassus
1301 4505 1375 4559 ab
1395 4507 1594 4561 eodem
1620 4507 1804 4579 Cypro
1825 4514 2035 4581 captus
2064 4515 2112 4579 Ι)
2143 4509 2412 4583 praesenti
2437 4507 2690 4576 loco,sed
2710 4512 2766 4562 et
2787 4508 2846 4562 in
2866 4508 3139 4574 Isaia,ubi
3157 4507 3441 4579 scriptum
3455 4510 3564 4562 est:
3584 4506 3818 4563 Ululate

389 4587 484 4654 sit,
531 4588 844 4661 Xenophon
895 4591 1100 4647 scribit
1143 4590 1501 4665 plenissime.
1535 4595 1604 4650 Et
1649 4595 1852 4669 Libyas
1901 4616 2033 4655 cum
2143 4616 2307 4656 naves
2339 4597 2694 4668 Carthaginis
2727 4597 3061 4668 (Isai.xx1u,
3092 4597 3200 4668 14),
3223 4596 3413 4651 caeteri
3447 4595 3815 4667 Interpretes

386 4677 756 4752 Troglodytis
777 4680 1207 4753 etzEthiopibus
1223 4681 1453 4738 venisse
1468 4685 2032 4754 contraJerusalem,
2143 4690 2384 4745 verbum
2416 4686 2766 4742 Hebraioum
2811 4685 3238 4741 transtulerunt
3266 4700 3506 4740 THARSIS
3538 4685 3814 4756 (13713131)

389 4767 449 4822 in
483 4769 961 4841 Paralipomenon
997 4769 1288 4826 volumine
1336 4771 1584 4843 legimus
1617 4773 1690 4844 (II
1719 4776 1850 4830 Par.
1883 4777 1984 4848 xu)
2019 4795 2031 4833 :
2145 4793 2323 4849 quam
2338 4775 2627 4832 coloniam
2655 4775 3101 4846 esseTyriorum
3118 4773 3528 4830 nullidubium
3550 4774 3815 4845 est.Ipsi

395 4856 494 4928 qui
518 4857 657 4928 quia
671 4856 788 4914 illis
806 4859 1168 4931 temporibus
1190 4859 1414 4916 ﬂorenti
1423 4861 1591 4916 ssimi
1615 4868 1802 4931 erant,
1826 4866 2034 4922 famosi
2145 4866 2216 4920 de
2231 4864 2560 4920 Occidentis
2576 4863 2841 4935 partibus
2853 4863 3508 4935 argento,ferro,stanno
3527 4864 3583 4916 et
3595 4859 3817 4931 plum—

396 4944 468 4999 ad
500 4946 697 5014 praelia
726 4953 1102 5022 pugnatores,
1135 4949 1319 5022 Tyriae
1353 4949 1516 5006 urbis
1546 4951 1878 5010 defensores
1909 4971 2038 5012 esse
2145 4951 3094 5026 bo,Tyrinundinasrepleverunt.
3113 4953 3289 5008 Tarsis
3303 4951 3363 5006 in
3377 4950 3581 5022 lingua
3594 4954 3820 5006 nostra

397 5138 647 5221 uniuersi
669 5140 897 5221 Sidonii,
921 5162 1053 5217 quos
1071 5162 1168 5202 nos
1200 5148 1259 5221 in
1280 5154 1560 5202 venatores
1577 5150 1853 5216 vertimus,
1867 5151 2039 5221 juxta
2147 5146 2407 5205 retinuit.

396 5209 539 5267 illud
568 5211 708 5282 quod
737 5209 998 5286 scriptum
1026 5221 1142 5272 est:
1173 5219 1370 5274 Anima
1395 5224 1581 5275 nostra
1601 5236 1690 5275 ere
1727 5225 1783 5275 ta
1801 5209 1886 5276 esi
1898 5224 1970 5276 sic

388 5299 589 5355 passer
608 5282 674 5338 de
696 5283 884 5365 laqueo
908 5291 1242 5357 venantium,
1263 5307 1363 5363 pro
1393 5307 1494 5362 quo
1513 5293 1573 5346 in
1603 5239 1864 5348 Hebi'aico
1889 5309 1970 5365 po:

396 5360 515 5408 tum
543 5363 621 5408 est
653 5355 1026 5408 Sidoniorum.

2242 5253 2545 5327 b)Duobus
2568 5252 2733 5309 facile
2754 5254 2944 5310 verbis
2969 5265 3128 5316 cum
3157 5263 3252 5321 ω,
3279 5253 3409 5310 Gam
3430 5251 3667 5321 madim,
3698 5270 3823 5326 pro

2241 5345 2269 5408 ξ
2321 5324 2854 5408 Gamadim_legerit
2895 5326 3316 5408 Symmachus,
3359 5324 3460 5408 qui
3511 5319 3663 5408 allii
3696 5326 3823 5408 ’κᾳὶ

396 5360 515 5410 tum
543 5363 621 5410 est
653 5355 1026 5412 Sidoniorum.
1230 5355 1235 5357 ⁷
1263 5355 1278 5363 ’
1401 5355 1416 5362 ’
1889 5355 1903 5365 ’

464 5426 538 5496 (α)
566 5426 654 5481 Ad
679 5443 821 5482 mss.
848 5428 1020 5483 ﬁdem
1047 5431 1412 5489 restituimus
1429 5438 1560 5496 post
1586 5433 1903 5490 Victorium
1927 5444 1978 5491 tu

2241 5355 2269 5412 ,1
2321 5355 2602 5380 υιιιιιιιιιιινη
2649 5355 2824 5408 ιῢὸὕιί
2835 5355 2852 5380 ιι
2895 5355 2978 5407 .DJ'
2989 5355 3044 5381 HI
3053 5355 3107 5381 ιυ
3115 5355 3220 5381 αυυ
3231 5355 3316 5394 UB,
3359 5355 3394 5396 ιι
3404 5355 3460 5380 υι
3511 5355 3577 5376 un
3586 5355 3620 5376 Α
3630 5355 3663 5376 Ἃ
3696 5355 3796 5408 ’δια
3807 5355 3823 5379 ι

2243 5413 2324 5496 °°.‘
2335 5397 3327 5496 $551.35.Ke‘ifzfiilﬂtﬁit’fifW?‘
3361 5395 3823 5496 Μθεφὲἶέξέἓτξ

810 5435 1904 5540 ξἐξά-ἶῘἾ-ῙξθξξῗῗξξΠ-Ἒροῗι,νξῨίΟΠΠΞ
1927 5444 2040 5491 θίν’
2148 5441 2258 5525 ms.
2298 5486 2309 5523 :
2335 5440 2637 5524 ’Theodotio
2685 5441 2965 5524 Gbmodim
2994 5435 3208 5540 ipfs’um?
3224 5474 3332 5525 etc.
3366 5498 3453 5540 e—_
3473 5441 3826 5526 Theodotid

396 5514 569 5614 ribus,
585 5515 755 5614 juxta
785 5515 1086 5614 Hebraeum
1109 5506 1465 5605 Vmbriam,
1480 5526 1536 5577 et
1554 5523 1818 5579 Latinam
1842 5524 1978 5580 Hier

2247 5511 2258 5523 .
2298 5511 2309 5523 .
2351 5506 2636 5524 ...νυμυηυ
2685 5506 2965 5524 unum..."
2995 5506 3011 5523 ι
3052 5506 3172 5524 οη...
3224 5506 3332 5525 νυν.
3367 5506 3432 5508 κγ
3482 5506 3826 5526 “ww...”

2247 5541 2378 5596 ebat
2423 5539 2721 5614 Gomadim,
2755 5557 2880 5614 non
2903 5506 3248 5612 Ganilnuidin,
3277 5544 3338 5596 ut
3382 5537 3528 5596 falso
3559 5539 3829 5612 ponitur

392 5604 554 5674 nymi
586 5605 932 5663 versionem.
969 5604 1338 5666 Martianaeus
1375 5627 1509 5666 cum
1541 5611 1782 5670 Erasmo
1812 5613 2038 5671 urbibus
2147 5604 2410 5671 iuvantes
2439 5611 2612 5668 editis
2643 5604 2829 5670 libris.
2862 5612 3048 5670 MART.
