3996 6182
219 289 342 354 253

776 292 1517 359 COMMENTARIORUM
1559 295 1636 356 IN
1681 290 2179 357 EZECHIELEM
2228 291 2373 354 LIB.
2421 291 2582 368 VIII,
2629 293 2798 358 CAP.
2845 297 3094 363 XXVII.

3509 299 3627 366 254

208 429 387 482 sonat
406 425 722 498 exploratio
748 427 958 497 gaudii.
984 427 1388 501 Exploratores
1410 432 1608 485 autem
1629 427 1724 484 hic
1746 443 1862 484 non
1892 428 1948 495 Α
1976 423 2261 498 planteut.
2296 431 2372 482 De
2402 427 2576 485 domo
2607 445 2838 501 quoque
2870 431 3222 505 Thogorma,
3257 436 3412 507 quod
3444 433 3622 495 inter-

205 515 261 570 in
294 517 524 570 bonam
556 522 783 588 partem
806 518 1087 573 debemus
1115 517 1458 590 intelligere,
1483 517 1688 589 quales
1712 518 1868 589 Moy-

201 621 290 660 ses
313 604 577 660 miserat
610 606 681 660 ad
714 608 1127 678 explorandam
1150 612 1368 663 terram
1395 607 1868 680 repromissionis

197 695 377 763 (Num.
416 695 578 763 xm),
611 695 712 750 sed
749 697 804 750 in
831 697 1209 762 contrariam,
1242 697 1444 768 quales
1467 702 1523 751 et
1551 695 1867 767 Apostolus

195 783 376 838 vitare
401 800 470 838 se
502 782 685 840 dicit:
719 787 949 855 Propter
975 786 1410 842 subintroductos
1439 786 1609 856 falsos
1639 789 1861 855 fratres,

191 876 279 945 qui
299 875 676 928 intraverunt
697 875 990 945 explorare
1005 875 1313 930 libertatem
1329 884 1572 930 nostram
1594 892 1756 945 quam
1772 876 1866 929 ha-

195 963 381 1018 bemus
405 964 466 1016 in
490 961 720 1018 Christo
742 961 946 1029 (Gatat.
981 981 1042 1028 ιι,
1078 965 1135 1033 4)
1161 982 1173 1019 :
1208 969 1266 1020 et
1295 965 1366 1020 de
1397 965 1613 1036 quibus
1643 964 1862 1036 Joseph

192 1051 495 1122 loquitur:
533 1043 929 1122 Exploratores
956 1055 1083 1108 estis
1109 1071 1121 1108 :
1153 1054 1499 1110 considerare
1531 1055 1753 1125 vestigia
1785 1070 1867 1108 re-

192 1143 372 1211 gionis
404 1142 642 1195 venistis
676 1140 826 1211 (Gen.
876 1158 1008 1208 xm,
1041 1144 1116 1214 9).
1150 1143 1496 1215 Fratresque
1528 1145 1656 1213 ejus
1687 1143 1863 1199 intel-

195 1230 448 1302 ligentes
483 1229 720 1286 crimen
751 1245 880 1286 esse
925 1248 1040 1287 non
1087 1231 1384 1287 modicum
1426 1232 1614 1288 aliena
1645 1250 1746 1305 per
1775 1235 1864 1287 in-

196 1319 378 1375 sidias
407 1317 747 1391 explorare,
785 1321 1212 1393 responderunt
1248 1339 1260 1376 :
1306 1324 1421 1378 Non
1453 1332 1579 1378 sunt
1605 1323 1864 1391 explora-

199 1414 330 1464 tores
349 1411 510 1465 senii
530 1411 648 1464 tui.
661 1409 764 1464 Isti
787 1425 924 1481 ergo
947 1410 1241 1466 nundinas
1265 1411 1398 1483 Tyri
1427 1428 1538 1466 non
1571 1428 1732 1479 auro,
1762 1428 1864 1468 nec

199 1499 387 1570 lapide
408 1498 706 1570 pretioso,
731 1498 829 1553 sed
855 1502 1113 1570 argento,
1141 1499 1314 1567 ferro,
1338 1503 1569 1567 stanno,
1593 1501 1865 1572 plumbo-

203 1605 314 1659 que
356 1587 789 1659 multiplicant,
822 1587 1104 1643 habentes
1135 1588 1349 1661 eloquii
1387 1594 1775 1657 venustatem,
1807 1596 1865 1646 et

195 1693 362 1731 arma
379 1677 447 1730 ad
475 1677 946 1748 expugnandum
973 1695 985 1744 ;
1010 1681 1065 1731 et
1096 1677 1154 1731 in
1183 1683 1392 1733 stanno
1416 1677 1631 1749 eloquii
1661 1678 1868 1734 simili-

1979 519 2242 588 pretatur
2267 520 2590 587 peregrinus
2611 524 2667 574 et
2695 520 3000 587 advena,ad
3033 524 3225 579 forum
3256 530 3314 581 et
3335 527 3630 585 nundinas

1977 606 2104 675 ejus
2129 605 2263 676 equi
2287 607 2670 678 adducentur,
2705 614 2762 664 et
2779 612 3005 682 equites
3035 618 3091 668 et
3114 615 3277 684 muli,
3313 615 3383 670 de
3413 617 3629 688 quibus

1977 693 2260 764 scriptum
2286 700 2407 752 est:
2432 697 2636 752 Fallax
2663 715 2830 768 equus
2852 700 2921 754 ad
2940 702 3171 757 salutem
3197 705 3492 775 (Ps.xxxu,
3519 710 3626 778 17),

1977 782 2042 837 Et
2069 783 2126 837 in
2149 783 2261 839 alio
2284 783 2408 840 loco
2435 801 2446 840 :
2473 787 2914 844 Dormitaverunt
2944 807 3129 847 omnes
3151 795 3242 864 qui
3267 795 3630 852 ascenderunt

1973 888 2134 943 equos
2160 874 2272 943 (Ps.
2297 891 2460 940 xxxv,
2509 876 2586 946 7).
2624 878 2691 931 Et
2718 876 2774 931 in
2812 877 3060 935 Psalmis
3088 897 3100 934 :
3133 882 3310 937 Nolite
3337 885 3466 954 ﬁeri
3493 887 3631 942 sicut

1973 977 2140 1032 equus
2194 967 2245 1017 et
2301 965 2505 1032 mulus,
2566 967 2764 1036 quibus
2822 983 2932 1022 non
2999 974 3075 1024 est
3150 970 3452 1028 intellectus
3507 977 3624 1042 (Ps.

1974 1067 2128 1117 xxxx,
2179 1052 2255 1121 9).
2292 1053 2681 1117 Quamobrem
2731 1060 2788 1110 et
2845 1056 3001 1113 Doeh
3057 1059 3209 1115 312
3241 1066 3545 1118 accusator
3573 1068 3632 1119 et

1974 1139 2311 1196 interfector
2355 1143 2751 1212 sacerdotum,
2804 1147 3110 1216 praefectus
3169 1148 3489 1205 multorum
3522 1151 3632 1208 fuit

1974 1229 2045 1300 (ll
2097 1230 2222 1297 Reg.
2274 1233 2434 1301 xxu),
2468 1236 2524 1286 et
2577 1232 2684 1288 hos
2709 1249 2837 1290 esse
2883 1235 2954 1290 de
2994 1236 3167 1292 domo
3201 1238 3434 1294 adventa
3456 1243 3630 1313 atque

1974 1317 2391 1390 peregrini,qui
2414 1337 2530 1375 non
2553 1323 2871 1378 comedunt
2891 1341 3095 1380 carnes
3116 1327 3273 1399 agni,
3311 1329 3382 1384 de
3413 1330 3630 1400 quibus

1974 1407 2261 1478 scriptum
2288 1414 2410 1464 est:
2443 1409 2661 1466 Adrena
2719 1417 2769 1467 et
2807 1415 3184 1470 mercenarius
3212 1432 3321 1472 non
3350 1419 3630 1476 comedent

1971 1512 2040 1550 ea:
2067 1512 2128 1551 eo
2159 1497 2352 1567 (Exod.
2406 1515 2501 1568 xu,
2539 1500 2628 1572 43)
2660 1517 2673 1567 ;
2701 1506 2764 1557 ut
2803 1519 3008 1558 omnes
3057 1505 3334 1562 nundinas
3364 1507 3499 1580 Tyri
3534 1509 3629 1566 his

1974 1586 2372 1642 mercimoniis
2402 1587 2827 1660 compleantur.

1985 1743 1991 1746 _
2043 1675 2174 1728 Filii
2215 1675 2404 1730 Dadan
2437 1679 2791 1748 negotiatores
2823 1682 2925 1736 tui.
2969 1685 3077 1737 Pro
3109 1699 3220 1752 quo
3262 1685 3455 1741 nescio
3486 1687 3626 1759 quid

199 1767 454 1820 tudinem
479 1766 651 1836 quod
677 1765 960 1820 mentitur
980 1771 1286 1838 argentum
1312 1773 1397 1834 ;ct
1418 1768 1474 1821 in
1500 1767 1741 1839 plumbo
1761 1769 1864 1823 im-
1891 1798 1940 1864 B
1971 1762 2243 1863 volentes.
2281 1765 2686 1864 septuaginta,
2735 1769 2852 1864 ﬁlio
2893 1769 3233 1864 Rhodiorum
3263 1771 3628 1864 interpretati

200 1855 468 1928 pietatem
495 1855 1096 1926 gravissimam,3ll
1122 1857 1293 1926 juxta
1319 1856 1857 1928 Zachariam(Zach.

199 1947 271 2014 τ),
317 1945 378 1998 in
403 1960 533 2016 quo
573 1943 794 1998 mulier
823 1944 971 1999 sedit
1002 1961 1180 2016 super
1208 1945 1493 2002 talentum
1527 1946 1775 2018 plumbi,
1813 1952 1870 2002 et

196 2032 444 2105 λείῃ)ῑῆ
463 2033 730 2088 demersi
747 2034 957 2087 suntin
984 2034 1341 2104 profundum
1358 2035 1511 2090 sicut
1533 2035 1864 2106 plumbum.

198 2123 394 2193 Longa
427 2121 814 2193 singulorum
842 2121 1162 2193 disputatio
1195 2123 1588 2191 metallorum,
1616 2126 1716 2181 sed
1739 2125 1868 2181 bre-

197 2213 360 2266 vitati
396 2211 772 2267 studendum
802 2216 910 2266 est.

266 2301 462 2368 (Vere.
503 2301 592 2368 13,
632 2301 744 2371 Ui.)
797 2305 1031 2371 Graecia,
1069 2301 1298 2370 Thubal,
1331 2311 1381 2358 et
1409 2303 1616 2359 Mosoch
1646 2305 1749 2374 ipsi
1780 2307 1867 2358 in-

201 2391 418 2444 stitores
467 2391 580 2457 tui,
612 2391 898 2460 mancipia
927 2394 978 2445 et
1006 2407 1134 2445 vasa
1163 2406 1319 2448 aenea
1347 2391 1540 2464 [Vulg.
1578 2394 1739 2462 :erea]
1771 2392 1867 2448 ad-

203 2477 490 2533 duxerunt
546 2479 751 2549 populo
803 2489 935 2533 tuo:
990 2481 1059 2534 de
1109 2480 1267 2537 domo
1311 2481 1603 2552 Thogorma
1631 2499 1789 2553 equos
1817 2486 1870 2538 et

203 2572 433 2638 equites,
467 2570 522 2622 et
553 2568 731 2622 mulos
789 2568 1136 2624 adduxerunt
1164 2570 1234 2624 ad
1275 2573 1456 2641 forum
1486 2579 1659 2626 tuum.
1695 2573 1864 2629 LXX:

203 2659 422 2713 Gracia
455 2658 740 2724 universa,
773 2665 826 2712 et
853 2658 1161 2724 adiacentia
1186 2661 1323 2731 ejus,
1348 2662 1454 2730 ipsi
1500 2664 1870 2734 negotiatores

205 2749 279 2800 tui
309 2749 376 2800 in
413 2746 712 2800 animabus
734 2746 1092 2815 hominum,et
1118 2766 1246 2804 vasa
1270 2766 1425 2823 (enea
1443 2749 1705 2805 dederunt
1726 2769 1866 2807 mer-

200 2840 386 2890 catum
417 2838 623 2889 tuum:
653 2835 720 2890 de
750 2836 906 2891 domo
940 2838 1256 2908 Thorgama,
1290 2853 1450 2908 equos
1478 2844 1527 2894 et
1556 2843 1784 2912 equites,
1817 2846 1869 2897 et

203 2925 377 2979 mulos
408 2924 683 2979 dederunt
705 2926 987 2982 nundinas
1020 2931 1160 2983 tuas.
1180 2929 1373 2998 Jones,
1400 2928 1606 3000 inquit,
1632 2931 1731 3001 qui
1755 2935 1866 2986 He-

201 3013 404 3068 braice
430 3012 811 3084 appellantur
839 3016 1042 3082 Javan,
1075 3020 1131 3071 et
1159 3016 1409 3083 Thubal,
1471 3018 1527 3072 id
1556 3024 1664 3085 est,
1719 3019 1866 3076 lberi

201 3100 558 3170 Orientales,
589 3101 678 3156 vel
709 3103 780 3158 de
806 3102 1135 3159 Occidentis
1168 3106 1431 3176 partibus
1462 3105 1726 3178 Hispani,
1761 3109 1860 3179 qui

1978 1857 2154 1907 sunt:
2189 1852 2302 1908 nisi
2357 1855 2501 1909 forte
2560 1855 2759 1927 prima:
2811 1857 3019 1915 litteris
3070 1860 3198 1916 falsi
3242 1861 3629 1921 similitudine

1977 1942 2030 2013 (1
2060 1946 2110 1996 et
2144 1942 2219 2013 τ),
2255 1946 2317 1998 ut
2349 1960 2451 2014 pro
2485 1945 2680 1999 Dadan
2711 1945 2966 2018 legerent
2999 1949 3223 2016 Radan,
3257 1968 3384 2010 quae
3416 1956 3472 2008 et
3500 1953 3629 2021 ipsa

1977 2029 2290 2102 Cycladum
2323 2033 2579 2088 maxima
2607 2038 2715 2105 est,
2765 2040 2822 2090 et
2870 2035 2928 2090 in
2962 2037 3119 2094 Ionio
3153 2041 3299 2094 mari
3331 2043 3626 2112 quondam

1978 2119 2119 2174 urbs
2143 2121 2567 2192 potentissima,
2595 2123 2897 2196 navalique
2919 2129 3235 2184 certamine
3265 2129 3540 2202 gloriosa,
3571 2137 3631 2188 et
3667 2139 3670 2142 ’

1978 2212 2212 2280 propter
2230 2209 2594 2266 tutissimum
2612 2217 2848 2284 portum
2865 2222 3252 2272 mercatorum
3269 2219 3534 2276 omnium
3549 2237 3631 2277 re-

1977 2297 2443 2368 ceptaculum.Et
2463 2299 2599 2371 quia
2622 2301 2821 2357 Rhodii
2841 2303 2899 2357 in
2931 2302 3196 2376 linguam
3220 2312 3479 2365 nostram
3501 2326 3628 2365 ver-

1976 2391 2182 2441 tuntur
2211 2387 2452 2442 videntes
2498 2389 2798 2459 judicium,
2836 2393 2919 2448 ,de
2967 2393 3060 2450 his
3092 2412 3246 2451 nunc
3277 2397 3629 2471 tropologice

1977 2475 2216 2543 dicitur,
2245 2477 2348 2547 qui
2397 2483 2644 2532 cernunt
2681 2480 2894 2550 judicii
2924 2482 3248 2549 veritatem,
3279 2490 3337 2540 et
3363 2486 3476 2558 ipsi
3511 2504 3626 2543 non

1978 2564 2216 2631 faciunt,
2251 2565 2477 2621 dicente
2499 2568 2808 2638 Apostolo:
2854 2571 3084 2641 Propter
3109 2573 3248 2643 quod
3279 2576 3625 2631 inexcusabi-

1978 2653 2046 2708 lis
2074 2669 2148 2720 es,
2179 2669 2208 2709 ο
2237 2653 2392 2709 homo
2420 2657 2617 2725 omnis,
2652 2659 2748 2728 qui
2764 2657 3073 2729 judicaan
3103 2677 3206 2732 quo
3229 2663 3382 2717 enim
3401 2664 3624 2734 judicas

1975 2743 2171 2809 alium,
2202 2744 2435 2814 teipsum
2455 2745 2799 2801 condemnas.
2834 2748 3037 2804 Eadem
3058 2751 3208 2804 enim
3233 2753 3375 2820 facis
3404 2768 3524 2823 qum
3539 2755 3629 2826 ju-

1975 2830 2125 2886 dicas
2172 2831 2347 2902 (Rom.
2398 2849 2460 2899 ιι,
2513 2832 2586 2903 1).
2621 2833 2732 2889 Sed
2784 2835 2994 2890 melius
3032 2841 3121 2892 est
3150 2838 3348 2894 DADAN
3381 2840 3625 2897 alterius

1976 2917 2087 2974 loci
2120 2936 2332 2975 nomen
2362 2922 2641 2993 accipere,
2678 2927 2741 2978 ut
2761 2927 2818 2979 et
2838 2924 2897 2979 in
2927 2925 3228 2992 Hebraico,
3262 2933 3319 2984 et
3340 2930 3494 3002 apud
3518 2947 3624 2987 cte-

1976 3011 2134 3063 teros
2165 3008 2512 3082 interpretes
2545 3010 2809 3067 habetur.

2047 3097 2326 3166 (Vers.15,
2364 3098 2472 3170 16.)
2505 3101 2704 3157 Insula?
2725 3103 2916 3159 multm
2935 3106 3227 3173 negotiatio
3257 3122 3456 3164 manus
3477 3112 3621 3166 tum:

202 3191 269 3246 ιδ
303 3191 476 3246 Ibem
511 3191 754 3247 ﬂumine
777 3192 886 3248 hoc
906 3170 1184 3249 νοοαδυιδ
1213 3170 1724 3267 ηυηουρδηιιῇι-,εί
1742 3170 1860 3253 ΜΟ..
1892 3170 1934 3238 C
1972 3185 2156 3240 dentes
2177 3188 2440 3244 eburneos
2460 3197 2509 3243 et
2537 3189 2828 3247 hebeninos
2867 3170 3338 3252 commutaverunt
3367 3199 3424 3252 in
3449 3201 3626 3270 pretio

204 3280 528 3351 soch,quos
561 3280 938 3352 Cappadocas
963 3281 1624 3356 intelligimus,quorum
1654 3291 1863 3342 metro-

204 3369 346 3440 polis
375 3385 512 3440 quaa
565 3375 768 3440 postea
825 3371 896 3426 ab
926 3372 1187 3443 Augusto
1218 3376 1436 3428 Caesare
1465 3374 1724 3430 Cmsarea
1754 3393 1861 3448 ap-

203 3457 417 3528 pellata
479 3462 594 3525 est,
647 3475 835 3530 usque
883 3459 1055 3515 hodie
1093 3459 1292 3532 lingua
1339 3461 1598 3533 ipsorum
1633 3464 1861 3519 Mazaca

204 3546 457 3601 dicitur:
496 3547 597 3601 isti
621 3548 944 3618 pretiosum
971 3549 1104 3620 Tyri
1137 3548 1320 3605 fecere
1351 3552 1862 3623 commercium,ut

203 3637 523 3709 mancipia,
548 3641 607 3692 et
637 3653 794 3692 aenea
825 3655 962 3693 vasa
991 3655 1058 3692 ex
1080 3637 1353 3696 Corintho
1378 3641 1731 3698 adducerent
1753 3645 1861 3717 Ty-

202 3742 346 3795 rum,
401 3730 461 3781 et
514 3727 587 3781 de
637 3726 806 3782 domo
851 3727 1201 3799 Thogorma,
1254 3728 1310 3783 id
1369 3734 1479 3795 est,
1510 3731 1580 3786 de
1611 3731 1861 3805 Phrygia

203 3829 404 3885 equos,
435 3818 499 3869 et
529 3814 757 3886 equites
789 3820 846 3870 et
877 3814 1088 3886 mulos,
1140 3833 1390 3888 quorum
1431 3821 1725 3891 quondam
1760 3821 1860 3876 illa

204 3903 504 3975 provincia
537 3904 856 3959 maximam
888 3904 1096 3960 habuit
1139 3905 1386 3978 copiam.
1422 3907 1604 3963 Aiunt
1632 3911 1857 3966 Hebraei

203 3992 571 4059 Graciamﬁd
594 3993 784 4064 est,(a)
810 3993 1014 4065 Javan,
1045 3995 1413 4067 interpretari
1458 3997 1532 4068 (b)
1564 4006 1716 4065 est,et
1745 4017 1858 4056 non

200 4092 302 4136 est:
324 4081 488 4153 quod
514 4081 744 4152 proprie
768 4082 1016 4137 refertur
1039 4085 1109 4139 ad
1133 4083 1477 4156 sapientiam
1495 4087 1853 4159 saecularem,

203 4170 252 4225 in
284 4188 404 4242 qua
424 4171 480 4226 si
511 4174 664 4226 recte
695 4170 914 4243 aliquid
945 4173 1261 4244 reperiunt,
1298 4183 1379 4230 est
1407 4176 1769 4248 appellatur;
1806 4180 1856 4236 si

199 4261 252 4315 in
279 4260 650 4316 contrariam
682 4264 931 4332 partem,
961 4277 1070 4317 non
1099 4272 1197 4318 est.
1231 4263 1409 4320 Multa
1447 4265 1600 4321 enim
1635 4273 1854 4325 natura:

199 4349 344 4405 bono
367 4351 481 4421 [AL
507 4349 683 4420 bona]
718 4353 774 4406 et
803 4349 914 4421 ipsi
946 4351 1226 4407 deserunt
1254 4353 1325 4408 de
1356 4353 1584 4422 ofﬁciis,
1618 4357 1689 4413 de
1719 4375 1856 4414 con-

199 4439 466 4504 tinentia,
501 4439 572 4495 de
626 4439 838 4510 opibus
897 4442 1375 4498 contemnendis:
1440 4445 1592 4515 quod
1625 4447 1857 4520 pr0prie

1971 3275 2260 3346 tuo.Syrus
2282 3279 2594 3345 negotiator
2623 3287 2764 3348 tuus,
2796 3291 3026 3352 propter
3057 3285 3468 3342 multitudinem
3495 3304 3623 3360 ope-

1971 3381 2095 3418 rum
2125 3369 2366 3431 tuomm,
2401 3367 2469 3436 (c)
2516 3372 2749 3438 guttam,
2795 3387 3120 3442 purpuram,
3173 3377 3224 3429 et
3252 3377 3542 3445 scutulata,
3572 3387 3626 3434 et

1971 3453 2192 3524 byssum
2220 3459 2268 3508 et
2289 3456 2546 3522 sericum,
2570 3462 2620 3511 et
2645 3457 2921 3514 Chodchod
2943 3461 3133 3532 [Vulg.
3158 3464 3394 3536 coccum]
3420 3482 3618 3538 propo-

1967 3545 2192 3597 suerunt
2242 3545 2300 3597 in
2322 3553 2560 3600 mercatu
2588 3550 2700 3603 tuo.
2734 3547 2871 3604 LXX
2896 3566 2909 3605 :
2943 3551 3027 3605 Ex
3056 3553 3257 3608 insulis
3286 3554 3618 3626 multiplica-

1969 3639 2165 3686 verunt
2193 3634 2616 3701 negotiationem
2661 3643 2850 3692 tuam:
2899 3639 3083 3694 dentes
3129 3641 3526 3714 elephantinos,
3567 3648 3621 3701 et

1967 3721 2052 3775 his
2072 3721 2172 3790 qui
2196 3721 2682 3777 introducebantur
2709 3725 2966 3780 reddebas
2992 3729 3258 3784 mercedes
3283 3733 3617 3789 tuasJiomi-

1967 3824 2062 3864 nes
2082 3811 2512 3876 negotiationem
2531 3819 2682 3866 tuam
2702 3829 2738 3866 a
2754 3814 3104 3871 multitudine
3131 3821 3403 3874 mercatus
3423 3821 3505 3874 tui
3527 3836 3539 3874 :
3558 3823 3619 3876 in

1965 3897 2152 3968 aphec,
2201 3900 2427 3968 stacten,
2480 3907 2530 3954 et
2571 3902 2839 3971 polymita
2887 3903 2952 3959 de
2991 3904 3205 3961 Tharsis
3234 3910 3286 3962 et
3315 3909 3539 3964 Ramoth
3567 3912 3618 3966 et

1969 3985 2248 4042 Chodchod
2275 3986 2539 4044 dederunt
2571 3991 2631 4044 in
2659 3980 2940 4048 nundinas
2972 3996 3374 4052 tuas.Multum
3405 3998 3474 4054 ab
3507 3998 3616 4054 He-

1965 4075 2161 4132 braico
2182 4075 2241 4130 in
2266 4077 2532 4149 praesenti
2553 4077 2678 4135 loco
2701 4081 3272 4155 Septuagintaeditio
3286 4086 3613 4160 discrepat;

1965 4165 2095 4220 ideo
2113 4166 2282 4237 juxta
2304 4170 2613 4240 utramque
2645 4186 2832 4241 pauca
2862 4171 3108 4229 dicenda
3135 4179 3376 4232 suntzne
3396 4175 3454 4232 in
3480 4179 3616 4251 Tyri

1967 4255 2366 4311 mercimoniis
2412 4259 2703 4329 occupati,
2737 4261 2807 4314 ad
2840 4260 3097 4334 reliquas
3128 4264 3464 4336 prophetias
3498 4271 3616 4322 tar-

1965 4343 2100 4399 dius
2131 4348 2524 4401 transeamus.
2558 4346 2684 4402 Filii
2710 4350 2908 4404 Dadan
2935 4351 3323 4423 negotiatores
3356 4353 3512 4426 Tyri,
3546 4355 3618 4410 de

1968 4432 2170 4489 multis
2194 4433 2405 4490 insulis
2437 4434 2604 4490 multi
2614 4435 2974 4508 plicavcrunt
2991 4440 3443 4513 negotiationem
3465 4442 3616 4513 ejus,

197 4528 300 4582 sibi
321 4527 508 4584 Stoici
531 4528 854 4598 vindicant,
901 4533 957 4585 et
985 4529 1257 4586 videntur
1286 4532 1515 4589 animas
1547 4534 1854 4594 hominum
1889 4541 1934 4606 ο
1965 4521 2046 4576 ita
2078 4526 2141 4577 ut
2156 4522 2358 4579 dentes
2381 4522 2824 4595 elephantorum
2847 4527 3053 4583 darent
3068 4528 3160 4583 his
3187 4530 3286 4600 qui
3313 4531 3621 4586 veniebant

199 4631 338 4687 quos
358 4617 1128 4689 deceperunt,lucrifacere:
1163 4619 1497 4692 habentque
1515 4640 1654 4679 vasa
1675 4641 1854 4695 aenea,

200 4707 409 4776 quibus
423 4705 940 4763 mentiunturauri
958 4707 1560 4782 similitudinem,qua3
1583 4713 1858 4786 ingerunt

201 4795 433 4868 populis
465 4796 627 4869 Tyri,
659 4800 727 4852 ut
757 4813 856 4852 eos
909 4796 1067 4852 falsae
1098 4798 1376 4854 doctrinae
1406 4801 1678 4872 opinione
1711 4820 1855 4878 eup-

260 4957 336 5026 (α)
351 4957 436 5013 De
451 4956 564 5039 hac
575 4957 734 5012 vocis
745 4958 917 5013 Javan
933 4958 1284 5041 etymologia
1305 4963 1362 5015 et
1383 4961 1857 5041 interpretatione

201 5025 659 5101 Hieronymiana
689 5045 820 5084 cum
849 5025 1130 5085 nonn'ulla
1160 5025 1437 5087 dixissem
1462 5025 1603 5090 tom.
1641 5036 1711 5101 II,
1744 5037 1852 5093 col.

197 5099 343 5177 .338,‘
369 5099 663 5177 Plautinae
711 5101 1042 5177 prudentiae
1099 5101 1344 5177 {cannis
1391 5103 1594 5160 Clerici
1628 5099 1855 5177 placere

199 5117 317 5167 ωδ,
371 5117 663 5155 Plautinae
763 5117 1042 5156 ruaenuae
1099 5117 1344 5157 Joannis
1391 5117 1594 5160 UleI‘ICI
1628 5117 1853 5177 placere

199 5169 345 5244 haud
381 5172 552 5244 pqtui
581 5189 596 5244 ;
628 5117 758 5226 sedp
761 5188 893 5228 mea
912 5188 1026 5227 non
1041 5173 1216 5244 refert
1235 5173 1853 5244 hujusmodiadversa-

199 5243 274 5298 rio
303 5242 894 5316 displicuisse,modo
925 5248 990 5298 ut
1010 5243 1268 5315 placeam
1291 5242 1570 5304 studiosis
1591 5265 1657 5304 ac
1680 5251 1855 5306 bene-

198 5316 334 5372 volis
363 5315 716 5371 lectoribus.
751 5315 941 5370 MART.

257 5423 330 5492 (ὁ)
358 5421 492 5492 Non
527 5420 711 5492 igitur
739 5437 846 5476 suo
874 5419 1181 5487 sensu,sed
1213 5437 1280 5476 ex
1309 5421 1680 5479 Hebraeorum
1715 5443 1853 5482 sen-

195 5495 371 5548 tentia
417 5491 502 5547 ita
545 5491 754 5563 exponi
786 5491 868 5547 ait
898 5509 1108 5548 nomen
1155 5492 1358 5563 Javan,
1390 5502 1467 5550 est
1495 5500 1546 5550 et
1576 5512 1705 5551 non.
1742 5497 1850 5554 Ile-

192 5563 357 5642 hraai,
410 5579 563 5642 gens
617 5563 1013 5642 excogitandis
1071 5563 1281 5635 etymis
1339 5569 1494 5632 nata,
1530 5572 1850 5642 utcumque

194 5635 527 5695 extuderint
550 5651 618 5692 ex
647 5647 744 5709 si,
764 5635 874 5707 cst,
898 5645 938 5705 τ,
961 5644 1032 5702 et,
1065 5645 1157 5727 jx,
1183 5651 1289 5693 non
1317 5635 1848 5709 ;quemadmodum

1970 4612 2042 4666 ad
2073 4611 2491 4666 commercium
2522 4614 2673 4683 ejus,
2695 4618 2753 4668 et
2775 4614 3058 4670 haberent
3078 4615 3346 4672 homines
3377 4617 3437 4672 in
3461 4635 3618 4674 nun-

1968 4699 2125 4755 dinis
2153 4704 2390 4771 propter
2416 4701 2825 4773 negotiationis
2857 4702 3618 4762 multitudinem.llaberent

1965 4793 2162 4844 autem
2185 4789 2338 4843 313
2361 4789 2419 4844 in
2449 4789 2790 4863 Alphech,(d)
2806 4792 2959 4862 quod
2977 4793 3048 4847 de
3064 4792 3480 4850 Theodotionis
3501 4794 3620 4852 edi-

1965 4947 3284 5008 Martianaeusanimadvertit.Monendumvero
3297 4953 3615 5014 violentam

1965 5019 2114 5074 hanc
2145 5019 2471 5091 falsamque
2493 5037 2621 5077 esse
2643 5021 3416 5098 etymologiam,nomenque
3435 5043 3612 5085 suum

1963 5109 2147 5166 Javan
2170 5108 2400 5164 trahere
2421 5126 2489 5164 ex
2509 5119 2647 5197 pm,
2675 5111 2842 5182 cujus
2877 5110 3039 5165 radix
3059 5115 3148 5166 est
3167 5115 3457 5185 minquod
3485 5117 3613 5188 pul-

1962 5197 2157 5252 chrum
2185 5211 2311 5268 esse,
2325 5197 2635 5268 signiﬁcat.

2035 5270 2105 5340 (c)
2131 5267 2345 5342 Mavult
2366 5267 2438 5324 ad
2465 5269 2718 5342 Vulgata:
2743 5269 3044 5342 ingenium
3067 5271 3306 5339 Victor.,
3339 5291 3611 5341 gemmam

1963 5339 2098 5413 legi.
2141 5341 2444 5396 Hchraum
2495 5339 2628 5426 πω,
2660 5339 2836 5413 infra,
2865 5359 2990 5414 cap.
3021 5359 3195 5414 xxvu,
3227 5339 3470 5402 vertitur
3507 5363 3613 5419 pro

1961 5430 2314 5500 carbunculo,
2351 5429 2552 5500 sicque
2581 5430 2740 5486 alibi.

2035 5500 2110 5570 (ίί)
2133 5499 2615 5578 Theo_do_tio_2vero_
2628 5502 2928 5578 transtulit
2949 5499 3007 5578 tv
3025 5503 3298 5578 Ναφξχ,ῑή
3322 5505 3570 5578 Ναρὴθεὴ
3589 5525 3614 5574 ;

1964 5587 2100 5658 nam
2150 5571 2303 5642 quod
2331 5571 2557 5658 ‘lsat'ine.
2595 5572 2817 5658 legitur
2847 5577 2904 5629 in
2944 5571 3300 5658 diphech',;'et
3330 5571 3524 5634 Graece
3557 5571 3607 5634 es

1967 5641 2300 5719 Ἀφὶχ,οιιιῐι
2321 5644 2573 5717 Naphech
2594 5641 2905 5720 legendum
2919 5641 3177 5718 sitjuxta
3195 5644 3523 5720 Hebreum,
3541 5667 3611 5710 ex
