3996 6182
154 336 242 402 261
696 338 1447 406 COMMENTARIORUM
1490 339 1568 402 IN
1613 334 2113 402 EZECHIELEM
2161 340 2308 401 LIB.
2360 336 2719 415 VIII,CAP.
2763 336 3013 405 XXVII.

3440 338 3563 406 26!

155 472 286 545 quod
328 472 409 527 ad
442 472 693 530 divitias
740 474 990 547 pertinet
1034 474 1385 530 insularum.
1419 474 1553 538 Quae
1599 478 1798 529 tamen
1826 475 1883 541 Α
1910 474 2024 528 bus
2037 473 2160 543 jam
2185 473 2408 527 dictum
2439 477 2566 540 est;
2597 473 2825 544 etjuxta
2842 473 3159 530 editionem
3180 475 3564 549 Septuaginta

148 560 643 635 gloriﬁeatio,fuit
659 564 991 636 aggravatio
1006 562 1382 636 possidentis,
1395 563 1537 618 dum
1563 579 1678 619 non
1701 578 1799 634 po-

146 657 217 707 tes
236 652 552 706 moderate
574 652 727 708 ferre
748 652 1001 722 divitias,
1017 669 1379 725 quamquam
1402 656 1456 708 et
1473 651 1548 724 (a)
1562 668 1805 725 pauper-

147 738 261 794 tatis
282 755 446 811 saepe
482 740 739 796 tentatio
757 741 833 796 sit
862 742 1044 813 (Prov.
1078 742 1234 813 xxx).
1261 740 1426 797 Unde
1456 740 1802 796 etSalomon

146 828 466 884 necessaria
491 833 732 885 tantum
750 830 1013 902 postulat
1038 849 1051 899 ;
1073 830 1395 897 etdivitias,
1415 834 1471 885 et
1492 833 1803 902 pauperta-

148 923 243 972 tem
272 917 508 989 pariter
537 918 891 987 detestatur,
917 936 990 975 ne
1022 918 1081 974 in
1111 918 1292 974 altero
1322 918 1617 991 superbia,
1650 918 1708 973 in
1728 917 1806 974 al-

148 1010 249 1062 tero
278 1006 580 1079 subrepat
611 1007 985 1078 impatientia
1015 1013 1188 1080 atque
1228 1007 1624 1064 mendacium.

200 1094 381 1165 (Vere.
414 1096 549 1166 26.)
585 1095 653 1150 In
682 1098 843 1167 aquis
868 1098 1059 1152 multis
1110 1096 1461 1152 adduxerunt
1492 1104 1545 1152 te
1573 1098 1806 1168 remiges

147 1185 232 1239 tsi.
253 1183 450 1255 Supra
475 1186 745 1257 remiges
757 1186 941 1258 Tyriae
973 1184 1222 1241 civitatis
1239 1185 1510 1241 Sidonios
1530 1184 1803 1258 legimus,

149 1278 195 1329 et
213 1273 487 1344 Aradios,
520 1290 783 1346 quorum
805 1273 970 1330 alteri
1000 1278 1321 1342 venatores,
1342 1272 1510 1330 alteri
1531 1274 1809 1347 interpre-

149 1368 333 1418 tantur
357 1363 770 1435 deponentes.
801 1363 1103 1419 Venantur
1132 1364 1289 1420 enim
1322 1380 1521 1420 eorum
1555 1364 1806 1435 animas,

149 1469 279 1524 quos
309 1452 469 1507 inter
493 1451 705 1507 saeculi
728 1452 908 1524 hujus
938 1453 1152 1509 ﬂuctus
1172 1470 1279 1509 suo
1301 1453 1525 1509 ducunt
1546 1453 1806 1523 arbitrio,

150 1546 199 1597 et
224 1558 331 1596 non
353 1541 427 1596 ad
454 1541 706 1597 excelsa
730 1541 1057 1608 sublevant,
1073 1542 1174 1598 sed
1192 1541 1251 1597 in
1274 1542 1563 1614 profunda
1581 1543 1807 1598 demer-

152 1634 287 1702 gunt
312 1648 328 1684 :
357 1647 467 1686 nec
500 1629 829 1686 imitantur
858 1647 957 1687 eos
997 1631 1098 1703 qui
1128 1647 1314 1702 usque
1351 1632 1424 1687 ad
1455 1630 1806 1687 matutinam

160 1718 397 1791 vigiliam
416 1718 685 1792 navigan
695 1719 839 1787 tes,f
839 1719 1175 1792 regeruntin
1185 1736 1361 1775 sanos
1375 1720 1554 1775 maris
1568 1719 1804 1787 ﬂuctus,

1912 560 2256 635 consiliarios
2302 560 2486 632 Bybli,
2518 577 2645 632 quae
2693 560 2970 617 Hebraico
3018 561 3348 635 appellatur
3387 581 3565 621 casu.

1911 634 2061 721 (‘73:)
2095 667 2108 704 :
2140 649 2295 705 viros
2323 665 2546 722 qeoque
2577 648 2888 706 bellatores
2918 634 3076 722 ejus‘i,
3090 651 3314 720 Persas,
3350 652 3562 726 Lydos,

1911 741 1968 793 et
1998 737 2227 811 Libyas,
2252 737 2351 809 qui
2383 753 2587 793 omnes
2613 738 2842 809 cadent,
2865 743 2922 795 et
2942 739 3564 813 essejnihil:monstra-

1911 827 2153 892 buntur,
2196 843 2329 882 cum
2379 826 2651 883 ceciderit
2702 828 2913 897 Tyrus,
2964 830 3041 884 et”
3064 829 3334 886 universa
3380 829 3567 903 gloria

1912 916 2039 987 ejus
2070 915 2247 971 finem
2276 915 2505 972 haberit
2533 916 2857 973 ruinarum.
2888 916 3319 975 Multitudinem
3364 924 3562 976 autem

1914 1020 2091 1077 quam
2121 1006 2563 1061 eommixtionem
2586 1006 2964 1078 Septuaginta
2990 1008 3440 1077 transtulerunt,
3473 1026 3569 1066 ex-

1914 1093 2096 1166 ceptis
2110 1092 2708 1165 principibus,vulgus
2722 1094 3139 1169 signiﬁcat;qui
3152 1099 3373 1170 absque
3385 1099 3567 1155 nomi-

1915 1198 1987 1237 ne
2020 1181 2555 1254 dignitatum,322
2580 1182 2758 1238 simili
2776 1183 3003 1255 judicio
3024 1185 3566 1245 conferentur.Mix-

1914 1275 2090 1341 taque
2119 1271 2425 1343 prophetia
2459 1277 2548 1327 est
2568 1273 2717 1327 inter
2737 1273 2941 1328 urbem
2960 1278 3331 1346 etnavem,ut
3350 1292 3418 1333 ex
3430 1277 3568 1334 alte-

1914 1376 1978 1415 ro
2007 1359 2253 1415 alterum
2288 1360 2579 1433 intelligas
2610 1377 2623 1414 :
2657 1365 2715 1416 et
2743 1365 2937 1417 tamen
2970 1367 3287 1438 utrumque
3318 1367 3390 1422 ad
3436 1384 3573 1424 con-

1917 1449 2370 1506 summationem
2410 1448 2605 1506 saeculi
2654 1450 2961 1522 pertineat,
2990 1456 3165 1525 atque
3216 1454 3275 1510 in
3328 1457 3566 1514 naufra-

1918 1554 2103 1611 gnum.

1990 1628 2177 1700 (Vers.
2210 1631 2301 1694 28,
2331 1628 2445 1699 29.)
2476 1629 2522 1683 A
2552 1628 2746 1683 sonitu
2779 1628 3054 1685 clamoris
3105 1633 3566 1703 gubernatorum

1917 1721 2155 1773 tuorum
2206 1717 2987 1796 conturbabunturqclasses,
3020 1725 3078 1776 et
3109 1720 3461 1779 descendent
3500 1724 3570 1781 de

165 1812 210 1862 ei
235 1808 549 1863 Dominum
583 1807 948 1864 Salvatorem
985 1808 1282 1880 suscipere
1314 1812 1807 1879 meruerunt,sta-
1841 1841 1890 1908 B
1921 1806 2167 1863 navibus
2207 1806 2333 1862 suis
2360 1822 2566 1861 omnes
2619 1807 2719 1878 qui
2750 1808 3029 1863 tenebant
3059 1825 3307 1866 remum.
3343 1812 3570 1884 Nautes,

159 1896 361 1968 timque
374 1895 486 1951 tali
508 1900 750 1952 vectore
770 1901 826 1952 et
841 1896 1052 1952 comite
1069 1912 1381 1968 perveneru
1391 1900 1453 1951 nt
1474 1897 1545 1951 ad
1577 1901 1810 1968 portum

154 1984 373 2056 quietis.
405 1985 497 2041 De
531 2002 656 2057 quo
688 1986 748 2040 in
780 1985 1087 2059 Evangelio
1108 1984 1343 2058 plenius
1372 1986 1667 2041 scribitur.

217 2076 409 2130 Ventus
455 2075 668 2129 Auster
715 2076 979 2130 contrivit
1009 2083 1059 2129 te
1107 2076 1166 2129 in
1195 2074 1354 2129 corde
1398 2076 1573 2129 maris
1602 2073 1810 2145 (Matth.

155 2166 274 2232 m'}.
304 2163 459 2219 ³21
496 2162 721 2218 Omnes
741 2163 957 2219 divitiae
978 2163 1135 2235 Tyri,
1166 2165 1377 2219 Austro
1400 2163 1574 2219 ﬂante
1596 2163 1816 2235 disper-

158 2256 301 2321 eunt,
330 2253 437 2324 qui
462 2252 995 2326 significantiusw)
1022 2270 1193 2309 csum
1220 2252 1434 2342 (ων-φ),
1472 2256 1663 2308 Graece
1683 2250 1813 2305 καύ-

160 2360 253 2392 saw
297 2341 764 2412 interpretatur;
814 2357 991 2413 quem
1035 2357 1143 2397 nos
1189 2340 1250 2396 in
1298 2340 1523 2397 ventum
1569 2349 1817 2397 urentem

157 2429 469 2485 transferre
493 2446 841 2501 possumus.
861 2431 936 2486 De
962 2446 1076 2502 quo
1099 2429 1329 2486 dicebat
1349 2433 1588 2486 sanctus
1611 2430 1811 2485 David:

158 2520 256 2573 Per
276 2519 435 2574 diem
468 2519 555 2573 sol
580 2534 692 2573 non
722 2520 843 2574 uret
870 2526 938 2590 te,
972 2534 1145 2590 neque
1175 2520 1304 2573 luna
1329 2535 1435 2590 per
1461 2527 1671 2575 noctem
1701 2519 1812 2587 (Ps.

160 2624 276 2673 cxx,
307 2609 394 2678 6).
429 2608 554 2662 Hoc
600 2611 771 2663 vento
820 2606 1001 2663 Jacob
1047 2611 1290 2663 exustus
1338 2612 1483 2674 erat,
1513 2612 1570 2663 et
1616 2612 1813 2663 tamen

163 2712 263 2749 non
296 2697 631 2761 contritus,
662 2695 802 2750 dum
834 2694 1095 2768 loquitur
1123 2714 1136 2752 :
1168 2697 1271 2751 Fui
1296 2712 1393 2768 per
1416 2695 1564 2751 diem
1592 2704 1817 2752 exustus

160 2799 310 2853 aut,
339 2793 399 2839 et
427 2784 563 2854 gelu
590 2786 765 2840 noctis
791 2783 1002 2856 (Cenes.
1026 2786 1305 2857 ΧΧΧῙ,ᾸΟ).
1341 2784 1427 2840 Illi
1460 2801 1692 2857 quoque
1716 2786 1816 2857 qui

162 2874 221 2928 ab
248 2875 402 2929 hora
425 2872 626 2946 prima
655 2873 927 2929 conducti
957 2878 1115 2944 sunt,
1131 2874 1312 2930 totius
1341 2874 1454 2930 diei
1486 2873 1734 2930 calorem
1762 2878 1819 2930 et

158 2968 325 3018 estus
359 2961 659 3027 tulerunt,
692 2965 751 3017 et
777 2966 974 3018 tamen
1006 2962 1302 3034 accipiunt
1332 2962 1819 3036 denarium,quia

160 3051 337 3107 exusti
375 3054 547 3116 sunt,
576 3055 634 3106 et
662 3067 778 3107 non
802 3051 1056 3107 contriti.
1083 3052 1247 3107 Unde
1279 3056 1334 3107 et
1362 3068 1579 3124 sponsa
1596 3052 1738 3108 dicit
1757 3052 1816 3107 in

158 3140 391 3196 Cantica
423 3158 439 3196 :
479 3141 658 3210 Nigra
693 3156 835 3210 sum,
866 3140 959 3196 sed
1005 3143 1266 3212 formosa,
1298 3143 1431 3212 quia
1456 3142 1703 3214 despexit
1728 3159 1818 3197 me

160 3230 223 3285 tot
252 3229 442 3301 (Cant.
474 3246 516 3297 ι,
543 3230 598 3301 4)
632 3245 645 3281 :
680 3228 821 3295 sive,
844 3235 909 3285 ut
937 3229 1225 3285 meliusin
1257 3229 1535 3286 Hebraico
1558 3231 1815 3287 contine-

162 3325 263 3387 tur,
295 3319 645 3375 decoloravit
669 3335 756 3375 me
782 3320 884 3374 sol.

218 3408 454 3465 Divitiae
487 3412 606 3464 tua?
636 3415 690 3462 et
738 3406 994 3464 thesauri
1024 3410 1127 3479 tui,
1162 3411 1212 3465 et
1263 3408 1557 3480 multiplex
1604 3410 1815 3464 instru-

160 3505 403 3551 mentum
432 3499 619 3550 tuum.
655 3495 821 3551 Multi
852 3497 934 3551 ita
962 3495 1163 3569 legunt
1192 3513 1206 3552 :
1239 3498 1303 3552 In
1342 3496 1501 3553 corde
1527 3499 1704 3553 maris
1733 3497 1819 3552 di-

160 3587 300 3639 ritiz
331 3589 454 3641 tuae
487 3592 546 3639 et
573 3585 824 3640 thesauri
853 3587 956 3652 tui,
984 3590 1037 3642 et
1062 3587 1356 3658 multiplex
1396 3588 1819 3642 instrumentum

158 3676 348 3734 tuum;
379 3677 449 3728 ut
480 3688 691 3729 omnes
713 3673 849 3745 Tyri
882 3673 1093 3729 divitia:
1121 3678 1177 3730 et
1207 3674 1491 3741 thesauri,
1518 3674 1817 3732 universa-

162 3778 267 3833 que
295 3762 658 3818 substantiis
686 3762 746 3817 in
778 3763 948 3819 corde
979 3762 1160 3820 maris
1191 3763 1270 3819 sit
1301 3763 1511 3835 posita,
1535 3769 1593 3820 et
1621 3764 1820 3821 saeculi

162 3849 439 3907 ﬂuetibus
473 3851 781 3921 obruatur,
806 3850 1071 3923 nihilque
1091 3850 1345 3907 habeant
1366 3852 1573 3909 stabile
1593 3852 1820 3910 habita-

161 3942 307 3995 tores
332 3941 471 4012 ejus
494 3944 675 4013 atque
686 3940 1303 4013 perpetuum,impleto
1327 3939 1429 3997 illo
1454 3941 1817 4015 Evangelico:

160 4029 465 4097 5talte,hac
487 4037 646 4085 nocte
665 4032 915 4095 auferent
936 4031 1187 4085 animam
1206 4036 1358 4085 tuam
1377 4048 1411 4085 a
1425 4038 1622 4102 te,quas
1640 4039 1822 4086 autem

160 4120 499 4189 pra-parasti
524 4119 683 4189 cujus
714 4124 877 4179 erunt
916 4119 1067 4191 (Luc.
1087 4136 1189 4189 x11,
1223 4118 1337 4173 20?
1360 4119 1428 4174 Et
1457 4119 1555 4175 illo
1585 4125 1822 4192 aposto-

162 4202 300 4261 lico:
325 4207 443 4274 Qui
462 4208 659 4261 volunt
676 4207 874 4263 divites
902 4207 1306 4277 ﬁeri,incidunt
1324 4208 1384 4263 in
1404 4211 1757 4265 tentationem
1771 4213 1823 4264 et

160 4296 510 4367 muscipula:
540 4297 768 4363 multas,
784 4305 834 4352 et
852 4297 1160 4352 trahuntur
1178 4299 1240 4352 in
1264 4297 1602 4369 profundum
1621 4297 1666 4369 (Ι
1684 4299 1818 4354 Tim.

159 4399 227 4449 τι,
259 4386 344 4453 9).
376 4383 702 4441 Manifesta
741 4389 830 4441 est
878 4385 1162 4454 historia;
1197 4390 1256 4441 et
1284 4390 1590 4459 propterea
1619 4387 1820 4460 singu-

159 4469 225 4527 lis
256 4489 411 4545 pene
439 4473 756 4530 versiculis
787 4475 991 4531 breves
1037 4474 1418 4532 sententiolae
1456 4481 1819 4550 coaptamus.

157 4558 283 4616 Jun
316 4562 489 4618 enim
524 4562 596 4617 ad
629 4562 802 4619 ﬁnem
831 4563 967 4620 libri
1001 4564 1238 4621 festinat
1266 4564 1470 4622 oratio.

220 4650 421 4721 (Vera.
454 4653 575 4722 27).
600 4652 797 4710 Nautse
825 4652 971 4724 (sive
991 4655 1243 4725 remiges)
1271 4655 1373 4723 tui,
1405 4657 1457 4710 et
1493 4655 1827 4726 gubernato-

158 4755 234 4793 res
265 4740 381 4808 tui,
412 4740 519 4811 qui
548 4741 798 4796 tenebant
822 4739 1219 4813 supellectilem
1246 4745 1422 4807 tuam,
1441 4750 1492 4797 et
1517 4744 1716 4815 populo
1737 4750 1827 4799 tuo

154 4833 439 4897 praeerant
453 4846 475 4882 :
496 4830 718 4901 virique
736 4831 1022 4887 bellatores
1038 4833 1123 4887 tui
1132 4831 1229 4903 qui
1244 4838 1403 4886 erant
1417 4833 1473 4885 in
1487 4835 1687 4897 te,cum
1698 4834 1825 4888 uni-

158 4932 319 4973 versa
348 4918 725 4973 multitudine
752 4926 846 4974 tua
875 4934 1000 4990 qua
1026 4927 1104 4976 est
1132 4921 1194 4975 in
1221 4920 1400 4976 medio
1430 4921 1533 4990 tui,
1557 4922 1747 4978 cadent
1766 4923 1828 4978 in

158 5005 318 5062 corde
342 5009 528 5062 utaris
558 5008 621 5061 in
648 5007 740 5063 die
765 5010 946 5064 ruinae
998 5017 1129 5066 tua.
1164 5009 1434 5082 Remiges
1465 5011 1585 5066 sive
1614 5017 1827 5068 nautas

158 5094 324 5152 urbis
349 5095 570 5169 Tyria,
604 5096 878 5153 Sidonios
920 5095 1172 5171 legimus
1201 5101 1258 5153 et
1306 5097 1564 5167 Aradios,
1597 5101 1669 5157 de
1699 5101 1827 5173 qui-

228 5308 305 5383 (ᾳ)
329 5309 394 5383 In
418 5308 760 5383 Vaticana,
784 5326 1114 5383 quamquam
1132 5313 1185 5366 et
1202 5314 1519 5383 paupertas,
1542 5316 1821 5383 seepe,etc.

162 5380 305 5503 augt»)
337 5380 529 5437 Penes
554 5380 887 5450 Rabanum,
908 5380 1593 5453 signiﬁcantiuslliebraice
1613 5380 1823 5451 Cadim,

229 5521 305 5591 (ε)
320 5520 516 5596 Voces
519 5525 867 5596 vectoresque
885 5531 937 5579 et
953 5532 1366 5596 proreta,quas
1386 5523 1618 5579 uncinis
1639 5523 1824 5579 inclu-

162 5594 377 5665 simus,
400 5593 798 5669 in_Hebraico,
824 5600 930 5669 aut
950 5593 1405 5669 hieronymiana
1421 5596 1826 5669 versionenon

160 5670 301 5727 sunt
333 5660 792 5749 {videnturque
806 5682 878 5727 ex
904 5665 1045 5730 LXX
1076 5660 1553 5745 interpretatione
1573 5660 1826 5731 δπιϐάται

1922 1900 1979 1951 et
2009 1893 2261 1950 universi
2313 1896 2732 1967 gubernatores
2781 1896 2963 1952 maris
2993 1896 3061 1968 (ε)
3092 1901 3467 1971 vectoresque
3514 1906 3572 1958 et

1923 1983 2187 2057 proretse]
2219 1984 2277 2038 in
2328 1988 2480 2039 terra
2536 1984 2798 2052 stabunt,
2831 1988 2890 2039 et
2938 1984 3243 2055 ejulabunt
3289 2004 3467 2060 super
3514 1992 3572 2046 te

1920 2090 2057 2129 voce
2089 2089 2324 2146 magna,
2351 2077 2409 2128 et
2438 2072 2777 2128 clamabunt
2814 2089 3012 2129 amare
3044 2091 3056 2129 :
3091 2079 3149 2130 et
3176 2077 3572 2148 superjacient

1924 2160 2219 2234 pulverem
2267 2161 2557 2233 capitibus
2587 2161 2733 2230 suis,
2766 2165 2823 2216 et
2870 2161 3063 2219 cinere
3112 2170 3574 2240 conspergentur

1925 2251 2060 2322 (sive
2072 2250 2325 2305 cinerem
2346 2250 2773 2322 sternentsibi).
2792 2250 2869 2323 (ά)
2888 2253 3048 2317 Quod
3074 2257 3269 2309 autem
3285 2257 3572 2328 sequitur:

1926 2342 1993 2395 Et
2024 2340 2229 2395 radent
2250 2356 2426 2411 super
2446 2344 2500 2394 te
2521 2340 2840 2405 calvitium,
2856 2344 2913 2395 et
2943 2341 3322 2414 accingentur
3342 2344 3570 2404 ciliciis:

1924 2432 1979 2485 et
2011 2427 2327 2500 plorabant
2344 2431 2401 2483 te
2431 2427 2490 2481 in
2522 2427 2913 2484 amaritudine
2935 2429 3143 2485 animae
3160 2429 3389 2503 ploratu
3411 2451 3574 2491 ama-

1924 2517 2183 2588 rissimo,
2215 2521 2272 2572 et
2301 2519 2607 2572 assument
2636 2532 2811 2588 super
2840 2520 2894 2571 te
2941 2533 3174 2574 carmen
3216 2518 3485 2593 lugubre,
3518 2528 3576 2579 et

1925 2605 2161 2679 plagent
2205 2610 2280 2676 te,
2328 2605 2388 2661 in
2445 2605 2828 2677 Septuaginta
2871 2622 2987 2661 non
3037 2606 3305 2681 habetur,
3356 2611 3457 2666 sed
3503 2611 3574 2668 de

1924 2694 2338 2751 Theodotionis
2369 2693 2635 2749 Editione
2665 2693 2931 2749 additum
2972 2700 3079 2751 est.
3113 2696 3354 2761 Quando
3384 2699 3571 2772 Tyrus

1927 2783 2218 2850 ceciderit,
2252 2782 2670 2857 gubernatores
2700 2781 2862 2838 illius
2893 2782 3311 2855 turbabuntur,
3336 2786 3575 2844 descen-

1925 2875 2180 2943 dentque
2196 2872 2267 2927 de
2296 2870 2606 2943 classibus,
2623 2874 2679 2927 et
2699 2872 2941 2944 remiges
2961 2876 3338 2946 vectoresque
3353 2892 3420 2932 ac
3444 2893 3576 2949 pro-

1927 2966 2061 3017 retas
2093 2960 2211 3016 sive
2240 2964 2452 3030 nautis,
2480 2965 2537 3015 et
2558 2960 2813 3016 universi
2842 2961 3264 3034 gubernatores
3292 2965 3577 3038 marisja-

1927 3051 2063 3106 ctati
2096 3049 2398 3115 ﬂuctibus,
2430 3048 2625 3104 stabili
2656 3049 2971 3123 aliquando
3002 3050 3323 3108 consistent
3343 3055 3529 3127 gradu
3555 3073 3571 3125 ;

1927 3143 1984 3195 et
2014 3137 2319 3210 ejulabunt
2339 3155 2516 3211 super
2543 3155 2611 3193 ea
2638 3155 2776 3195 voce
2808 3156 3040 3214 magna,
3070 3156 3247 3213 quam
3266 3142 3428 3215 prius
3450 3143 3576 3200 suis

1928 3227 2366 3301 locupletabant
2413 3227 2727 3298 mercibus,
2761 3232 2819 3284 et
2872 3230 3084 3286 mentis
3121 3232 3573 3289 amaritudinem

1929 3318 2183 3374 clamore
2214 3317 2533 3390 signabunt
2567 3334 2580 3373 :
2614 3316 2912 3391 pulverem
2944 3336 3178 3392 quoque
3210 3321 3329 3377 sive
3357 3326 3574 3379 terram

1924 3406 2140 3474 jacient
2161 3423 2337 3478 super
2356 3406 2549 3477 capita
2570 3423 2697 3473 sua,
2713 3422 2817 3478 pro
2839 3407 3085 3464 terrenis
3101 3410 3375 3481 operibus
3397 3427 3576 3483 agen-

1927 3500 2016 3552 tes
2033 3494 2452 3568 pmnitentiam.
2467 3495 2739 3551 Etcinere
2760 3502 3225 3570 conspergentur
3248 3498 3335 3553 vel
3355 3498 3571 3571 vitulis,

1922 3586 2092 3655 juxta
2147 3589 2357 3657 Legem
2414 3585 2596 3656 (Num.
2657 3584 2773 3656 xx),
2826 3591 2892 3640 ut
2968 3585 3354 3659 puriﬁcentur
3412 3604 3427 3644 :
3485 3588 3576 3644 vel

1928 3678 2080 3730 certe
2109 3675 2485 3730 substernent
2516 3673 2769 3730 cinerem
2800 3674 2935 3741 sibi,
2948 3676 3119 3746 juxta
3147 3674 3291 3731 illud
3307 3677 3462 3748 quod
3489 3677 3579 3733 di-
3680 3750 3684 3754 .

1929 3763 2078 3818 citur
2089 3764 2162 3819 ad
2182 3762 2530 3819 Jerusalem:
2544 3764 2759 3835 Sparge
2774 3766 2989 3819 terram
3003 3780 3179 3836 super
3190 3769 3366 3836 caput
3381 3770 3574 3834 tuum,

1928 3856 1985 3908 et
2013 3852 2268 3908 cinerem
2299 3852 2611 3907 substerne
2641 3850 2769 3921 tibi,
2803 3856 2860 3906 et
2892 3852 2981 3907 fac
3011 3852 3314 3924 planctum
3344 3858 3573 3924 (Jerem.

1928 3956 2006 4006 v1,
2040 3937 2149 4008 16).
2183 3941 2252 3992 Et
2281 3938 2341 3993 in
2384 3937 2693 4011 Evangelio
2738 3938 3020 4011 scriptum
3070 3943 3159 3996 est
3192 3959 3205 3997 :
3233 3940 3291 3995 Si
3334 3940 3395 3997 in
3427 3942 3576 4015 Tyro

1928 4031 1984 4082 et
2012 4026 2225 4082 Sidone
2246 4025 2400 4081 facta
2422 4031 2619 4082 essent
2638 4026 2806 4099 signs
2828 4027 3112 4099 hanc,olim
3136 4029 3196 4085 in
3219 4046 3388 4087 sacco
3414 4036 3473 4087 et
3496 4032 3578 4087 ci-

1929 4130 2067 4171 nere
2088 4114 2345 4188 egissent
2368 4114 2767 4187 poenitentiam
2791 4116 2944 4188 (Luc.
2970 4134 3026 4189 x,
3043 4118 3153 4190 t3).
3178 4123 3245 4174 Et
3266 4119 3581 4177 Psalmista

1929 4204 2072 4260 dicit
2094 4221 2108 4260 :
2131 4204 2395 4260 Cinerem
2417 4204 2584 4277 quasi
2606 4221 2817 4277 panem
2838 4208 3184 4264 manducavi
3206 4208 3577 4283 (Psal.cr,10).

1930 4293 2608 4366 RadentquesuperTyro
2621 4295 3579 4371 caput,etfacientcalvitium,quod

1930 4381 1989 4437 in
2020 4381 2180 4438 luctu
2213 4381 2337 4438 ﬁeri
2370 4380 2538 4453 solet,
2571 4398 2637 4438 eo
2664 4386 2927 4457 tempore
2956 4400 3070 4457 quo
3102 4386 3443 4458 magnitudo
3474 4388 3579 4443 do—

1929 4471 2070 4527 loris
2100 4486 2336 4527 omnem
2364 4462 2677 4527 excluserit
2704 4470 2985 4528 laetitiam.
3008 4474 3420 4546 Apostolorum
3441 4491 3577 4532 vero

1851 4571 1899 4636 D
1931 4560 2126 4633 capilli
2178 4561 2470 4616 numerati
2512 4564 2698 4632 erant,
2732 4561 2872 4633 quia
2916 4562 3137 4618 crinem
3186 4579 3362 4620 suum
3390 4564 3581 4622 instar

1934 4649 2380 4705 Nazarmnorum
2440 4649 2684 4704 Domino
2740 4656 3151 4707 consecrarunt
3206 4651 3413 4720 (Matth.
3474 4670 3510 4707 x
3560 4670 3575 4722 ;

1935 4740 2062 4794 Luc.
2094 4739 2194 4810 v1).
2229 4739 2299 4793 Et
2327 4738 2572 4793 Samson
2596 4738 2881 4810 quamdiu
2904 4740 3095 4796 crines
3124 4739 3351 4811 habuit,
3375 4756 3577 4812 posse-

1935 4828 2021 4884 dit
2071 4825 2473 4884 fortitudinem
2520 4825 2715 4883 ablata
2760 4844 2894 4884 vero
2950 4828 3202 4901 caesarie,
3235 4833 3441 4900 captus
3486 4833 3579 4886 est

1935 4918 2009 4974 ab
2036 4914 2360 4989 Allophylis
2383 4915 2581 4987 (ludio.
2612 4919 2749 4984 xw).
2779 4917 3020 4983 Quando
3043 4922 3239 4973 autem
3259 4917 3495 4991 dicitur,
3520 4928 3578 4976 et

1933 5008 2289 5078 accingentur
2332 5007 2551 5077 ciliciis,
2596 5008 2762 5062 vetus
2812 5006 3149 5063 lumborum
3192 5005 3373 5063 libido
3421 5009 3577 5066 328

1933 5095 2269 5162 damnatur,
2290 5098 2355 5150 ut
2384 5093 2486 5166 qui
2512 5093 2775 5151 vixerant
2802 5093 2863 5149 in
2893 5091 3138 5164 deliciis,
3158 5097 3360 5166 postea
3386 5094 3576 5169 pceni-

1932 5307 2022 5362 καὶ
2050 5307 2727 5384 οἱτςρῳρεῖςριᾶοηοῐαῐως
2761 5308 3150 5384 quibusadeo
3180 5326 3482 5384 praeponas
3503 5311 3575 5368 de

1935 5395 2096 5436 more
2128 5379 2539 5451 disjunctivam
2572 5379 2916 5451 particulam
2946 5383 3076 5437 sive.

2004 5451 2080 5524 (ιι)
2101 5449 2611 5524 Qui—subsequitur
2632 5451 3043 5524 versiculus,Et
3064 5453 3445 5524 tradent,etc.,
3477 5452 3573 5510 hic

1936 5521 2169 5597 quoque
2198 5521 2571 5597 incommoda
2601 5523 2748 5579 serie
2777 5521 3058 5581 orationis
3089 5529 3291 5582 contra
3322 5521 3464 5584 mss.
3498 5524 3566 5587 ﬂ-

1935 5594 2067 5669 pem
2097 5594 2439 5669 ponebatur.
