4006 6180
267 153 389 212 265

839 156 1587 221 COMMENTARIORUM
1634 157 1711 218 ΙΝ
1759 157 2252 219 EZECHIELEM
2303 159 2450 220 LIB.
2501 159 2597 220 IX.
2646 161 2815 223 CAP.
2861 161 3122 224 XXVIII.

3564 160 3682 221 266

1497 455 1917 550 LIBER
1988 455 2467 550 NONUS.

327 779 682 836 825-326
712 781 1093 854 Consequens
1125 789 1272 850 erat,
1331 785 1453 846 tilia
1504 785 1914 850 Eustochium,
1948 789 2001 851 Α
2038 805 2065 836 α
2095 785 2416 857 sapientior
2445 803 2506 842 es
2543 785 2774 841 Daniele
2795 785 2822 840 ‘?
2855 786 3157 858 Sapientes
3182 803 3298 841 non
3330 787 3680 843 erudierunt

249 870 320 921 ut
338 868 719 940 prOphetiam
743 871 898 942 Tyri,
923 877 979 926 et
1001 872 1282 943 principis
1303 874 1587 945 Tyri,uno
1615 875 1919 929 volumine

251 958 852 1028 comprehenderem,
883 965 1070 1015 ettam
1101 961 1244 1016 locis
1275 980 1450 1032 quam
1509 963 1918 1018 vaticinatione

249 1047 1016 1119 conjunctos,nequaquam
1040 1048 1323 1105 librorum
1347 1051 1548 1105 ordine
1562 1067 1914 1122 separarem.

245 1132 369 1188 Sed
405 1135 552 1204 quia
580 1135 751 1206 plura
781 1141 921 1191 sunt
952 1153 1076 1208 qua
1109 1139 1406 1206 dicuntur,
1434 1144 1490 1194 et
1518 1139 1758 1194 modum
1781 1157 1916 1210 pro-

243 1219 510 1278 Iixitatis
545 1227 870 1280 excedunt:
902 1225 1029 1281 ideo
1061 1227 1118 1280 in
1145 1244 1364 1282 nonum
1390 1227 1603 1282 librum
1631 1227 1809 1282 dilata
1829 1233 1919 1282 est

241 1310 618 1382 explanatio,
651 1330 830 1385 quam
865 1314 1362 1371 orationibustuis
1385 1317 1765 1385 omniumque
1787 1333 1918 1370 san-

239 1404 492 1455 ctorum
516 1403 589 1457 ad
616 1402 835 1458 calcem
859 1405 1153 1459 credimus
1175 1414 1583 1476 perventuram
1609 1411 1694 1460 :ut
1716 1411 1918 1460 contra

231 1487 624 1546 Pharaonem
660 1509 915 1564 quoque,
955 1497 1011 1548 et
1039 1493 1370 1549 universam
1404 1495 1736 1567 Egyptum,
1790 1512 1914 1564 qua;

233 1577 304 1632 in
335 1579 616 1635 Ezechiel
649 1581 870 1653 scripta
898 1587 1054 1652 sunt,
1089 1583 1472 1639 disseramus.
1507 1585 1639 1647 Quae
1672 1589 1728 1638 et
1786 1583 1914 1654 ipsa

232 1667 424 1722 nobis
442 1667 838 1740 longitudine,
855 1670 967 1739 sui,
987 1671 1270 1726 in'librum
1295 1672 1584 1726 decimum
1605 1672 1915 1726 dividenda

235 1760 426 1811 sunt:
454 1773 578 1828 quo
599 1762 658 1812 et
677 1759 1041 1814 voluminum
1065 1759 1217 1815 inter
1235 1778 1297 1816 se
1320 1777 1597 1816 mensura
1617 1765 1910 1826 servetur;

231 1848 298 1899 et
328 1845 576 1901 divisus
607 1847 923 1915 dictandis,
949 1849 1397 1920 scribentisque,
1418 1849 1730 1906 etleeentis
1749 1849 1914 1905 labor

232 1934 506 2004 respiret
539 1935 602 1988 in
635 1936 926 2006 partibus.

313 2112 485 2183 (Cap.
519 2112 770 2169 XXVIII.
802 2145 871 2156 —
901 2119 1062 2170 Vers.
1101 2118 1125 2171 1
1161 2119 1352 2188 seqq.)
1379 2138 1406 2166 ‹‹
1465 2118 1530 2172 Et
1587 2119 1776 2172 factus
1825 2122 1913 2172 est

230 2221 271 2248 ε(
309 2216 516 2254 sermo
549 2203 785 2257 Domini
815 2204 886 2258 ad
921 2221 1034 2274 me,
1067 2204 1306 2260 dicens:
1344 2205 1446 2260 Fili
1482 2206 1761 2273 hominis,
1819 2207 1912 2260 dic

245 2312 282 2337 ‹‹
319 2289 572 2360 principi
590 2291 761 2363 Tyri:
789 2292 920 2347 Hac
940 2293 1082 2348 dicit
1104 2293 1388 2350 Dominus
1407 2295 1560 2350 Deus
1585 2312 1596 2348 :
1618 2296 1733 2367 Ego
1755 2297 1910 2367 quod

248 2400 284 2425 ‹‹
330 2377 617 2434 elevatum
643 2385 732 2434 est
763 2397 863 2435 cor
889 2385 1080 2448 tuum,
1106 2386 1162 2436 et
1191 2382 1386 2438 dixisti
1415 2400 1426 2436 :
1455 2383 1608 2439 Deus
1629 2399 1734 2455 ego
1753 2400 1908 2452 sum,

244 2491 280 2515 α
317 2471 379 2521 et
412 2467 473 2522 in
509 2469 786 2524 cathedra
810 2470 910 2524 Dei
939 2471 1058 2525 sedi
1082 2473 1262 2540 (Vulg.
1289 2471 1484 2541 sedeo)
1511 2472 1568 2526 in
1590 2473 1763 2526 corde
1794 2490 1912 2527 ma-

231 2578 271 2605 κ
299 2555 389 2610 ris
421 2574 434 2610 :
470 2573 609 2612 cum
641 2559 726 2613 sis
757 2558 954 2625 homo,
987 2565 1044 2614 et
1074 2577 1186 2615 non
1220 2565 1388 2626 Deus,
1448 2566 1504 2615 et
1560 2561 1774 2615 dedisti
1813 2577 1912 2616 cor

229 2669 266 2694 ι(
295 2649 474 2699 tuum
505 2647 680 2717 quasi
703 2647 915 2702 corDei
937 2665 950 2702 :
975 2664 1106 2703 ecce
1128 2649 1449 2720 sapientior
1471 2665 1532 2704 es
1548 2653 1609 2704 tu
1635 2649 1912 2705 Daniele?

225 2755 260 2783 ο(
292 2733 500 2790 Omne
536 2740 833 2791 secretum
867 2753 979 2791 non
1014 2742 1103 2792 est
1133 2738 1542 2793 absconditum
1577 2743 1702 2793 ate.
1724 2739 1784 2792 In
1817 2755 1909 2793 sa-

224 2845 252 2871 ε(
290 2821 539 2894 pientia
563 2829 620 2877 et
652 2825 966 2894 prudentia
994 2830 1094 2880 tua
1127 2826 1314 2881 fecisti
1347 2827 1449 2881 tibi
1513 2826 1908 2882 fortitudinem

230 2920 334 2967 oet
361 2911 1316 2986 acquisistiaurumetargentum
1357 2914 1415 2969 in
1459 2915 1905 2970 tbesauristuis.

229 3024 256 3051 α
294 3001 364 3055 In
399 2999 800 3056 multitudine
831 3003 1132 3072 sapientia;
1161 3007 1294 3070 tuae,
1329 3008 1384 3058 et
1414 3002 1484 3058 in
1505 3004 1908 3076 negociatione

230 3113 256 3136 τί
290 3094 408 3145 tua
427 3087 848 3160 multiplicasli
873 3090 978 3146 tibi
1002 3091 1427 3163 fortitudinem,
1444 3092 1800 3148 etelevatum
1823 3097 1911 3147 est

229 3203 255 3226 κ
285 3195 399 3233 cor
437 3183 621 3232 tuum
651 3178 712 3232 in
746 3180 950 3234 robore
980 3184 1098 3235 tuo.
1136 3181 1444 3252 Propterea
1482 3181 1601 3236 haec
1627 3182 1770 3236 dicit
1802 3186 1908 3236 Do-

234 3290 252 3314 ι
301 3267 526 3321 minus
552 3267 740 3336 (Vulg.
777 3267 931 3322 addit
960 3268 1136 3337 Deus)
1166 3287 1178 3324 :
1214 3271 1290 3324 Eo
1321 3270 1476 3340 quod
1504 3269 1790 3324 elevatum
1823 3274 1912 3325 est

237 3377 262 3402 rx
307 3371 420 3410 cor
450 3361 635 3410 tuum
669 3356 837 3426 quasi
873 3373 969 3412 cor
1002 3358 1133 3412 Dei:
1168 3357 1383 3414 idcirco
1415 3375 1545 3414 ecce
1583 3375 1688 3430 ego
1721 3358 1908 3414 addu-

234 3467 260 3490 σι
295 3460 439 3498 cam
480 3460 672 3515 super
699 3448 758 3498 te
787 3443 1009 3500 alienos
1067 3445 1508 3502 robustissimos
1539 3447 1822 3518 gentium,
1855 3451 1912 3502 et

2032 897 2060 922 ‹‹
2090 878 2145 929 te
2167 875 2476 946 disciplina
2497 891 2635 930 sua:
2666 875 2955 946 numquid
2984 875 3043 930 in
3071 875 3396 931 eruditione
3428 881 3548 945 tua,
3575 881 3677 932 aut

2029 986 2056 1013 ‹‹
2091 965 2402 1034 prudentia
2441 969 2542 1019 tua
2577 963 2761 1020 fecisti
2802 964 2907 1018 tibi
2940 963 3364 1031 fortitudinem,
3398 969 3454 1020 et
3488 964 3677 1022 fecisti

2033 1075 2053 1100 α
2090 1069 2297 1107 aurum
2321 1057 2378 1108 et
2399 1058 2705 1124 argentum
2729 1053 2789 1107 in
2814 1053 3110 1109 thesauris
3129 1054 3268 1121 tuis,
3291 1053 3465 1109 autin
3490 1053 3677 1110 multa

2028 1164 2054 1189 α
2089 1141 2415 1196 eruditione
2446 1146 2568 1209 tua,
2610 1143 2759 1198 327
2795 1141 3252 1214 etnegotiatione
3275 1147 3376 1197 tua
3392 1141 3676 1214 multipli-

2032 1249 2054 1277 α
2088 1230 2229 1284 casti
2262 1230 2656 1285 fortitudinem
2693 1235 2900 1285 tuam?
2933 1231 3161 1296 Elatum
3194 1236 3282 1286 est
3311 1235 3592 1286 cortuum
3615 1231 3676 1286 in

2027 1341 2053 1366 «
2090 1318 2434 1372 fortitudine
2490 1323 2612 1384 tua,
2670 1323 2974 1390 propterea
3029 1319 3149 1374 haec
3198 1320 3340 1374 dicit
3385 1319 3672 1376 Dominus

2026 1407 2290 1461 «Deus?
2321 1407 2467 1470 Quia
2509 1407 2719 1462 dedisti
2781 1424 2876 1462 cor
2934 1412 3103 1462 tuum
3157 1408 3324 1479 quasi
3386 1424 3484 1462 cor
3549 1407 3670 1474 Dei,

2025 1517 2051 1543 ‹‹
2078 1499 2316 1566 propter
2345 1497 2453 1550 hoc
2484 1512 2613 1550 ecce
2643 1511 2748 1566 ego
2780 1496 3068 1550 adducam
3101 1512 3278 1566 super
3333 1501 3390 1550 te
3447 1495 3672 1552 alienos

2024 1605 2050 1630 «
2088 1583 2422 1653 pestilentes
2453 1585 2522 1638 de
2552 1583 2848 1655 gentibus,
2883 1592 2935 1639 et
2989 1584 3385 1655 evaginabunt
3441 1584 3670 1656 gladios

2024 1695 2050 1720 ‹‹
2083 1688 2221 1727 suos
2249 1672 2305 1726 in
2339 1678 2393 1727 te
2425 1689 2603 1744 super
2639 1671 3074 1744 pulchritudine
3105 1673 3377 1728 doctrinae
3431 1676 3564 1741 tuae,
3618 1678 3676 1730 et

2023 1784 2050 1808 «
2086 1760 2485 1816 humiliabunt
2515 1761 3015 1832 pulchritudinem
3038 1764 3202 1816 tuam
3233 1760 3294 1816 in
3326 1761 3671 1834 perditione,

2025 1871 2052 1898 α
2082 1853 2139 1903 et
2188 1849 2478 1904 deducent
2539 1854 2611 1916 te,
2672 1854 2727 1904 et
2787 1849 3100 1921 disponent
3156 1853 3232 1920 te,
3292 1855 3350 1904 et
3407 1850 3674 1906 morieris

2027 1959 2053 1986 α
2083 1942 2267 1992 morte
2297 1937 2733 1992 vulneratorum
2760 1937 2819 1992 in
2845 1938 3018 1993 corde
3041 1938 3241 1994 maris.
3272 1937 3571 2011 Numquid
3597 1939 3678 1995 lo-

2027 2045 2049 2073 ι
2084 2043 2270 2097 quens
2304 2027 2482 2093 dices,
2517 2027 2668 2082 Deus
2699 2043 2804 2098 ego
2838 2043 2993 2094 sum,
3025 2030 3084 2080 in
3117 2031 3430 2099 conspectu
3456 2028 3676 2084 interfl-

2024 2113 2358 2170 «cientium
2392 2114 2490 2170 te?
2530 2116 2615 2170 Tu
2665 2120 2860 2170 autem
2893 2132 2954 2170 es
3013 2115 3211 2182 homo,
3265 2119 3467 2172 etnon
3505 2119 3673 2184 Deus,

2023 2224 2050 2250 ‹‹
2085 2203 2142 2257 in
2177 2203 2552 2258 multitudine
2583 2203 3020 2258 vulnerantium
3057 2209 3129 2259 te.
3163 2204 3449 2261 Mortibus
3494 2206 3674 2261 incir-

2028 2293 2477 2346 «cumcisorum
2538 2293 2805 2347 morieris
2861 2292 2920 2345 in
2982 2293 3255 2348 manibus
3321 2293 3668 2359 alienorum,

2023 2404 2050 2429 «
2075 2381 2214 2451 quia
2245 2395 2350 2452 ego
2381 2382 2611 2435 locutus
2644 2397 2797 2447 sum,
2833 2381 2973 2435 dicit
3020 2382 3241 2436 Adonai
3302 2382 3605 2438 Dominus.
3642 2404 3673 2432 »

2023 2468 2385 2540 Ubicumque
2409 2469 2580 2539 juxta
2601 2469 2983 2540 Septuaginta
3003 2469 3261 2524 secundo
3284 2469 3542 2540 ponitur,
3567 2471 3670 2526 Do-

2019 2560 2223 2628 minus,
2247 2557 2792 2629 Dominus,primum
2816 2558 2891 2628 (b)
2909 2573 3121 2612 nomen
3147 2561 3670 2628 tetragrammaton

2019 2649 2107 2701 est
2137 2648 2311 2717 (mm)
2343 2647 2495 2718 quod
2527 2647 2756 2718 proprie
2774 2647 2845 2700 ad
2868 2646 3052 2700 Deum
3073 2646 3343 2718 pertinet,
3377 2651 3433 2701 et
3465 2646 3668 2702 ineffa-

2019 2735 2134 2790 bile
2157 2735 2398 2789 dicitur:
2433 2735 2758 2790 secundum
2793 2749 3104 2788 commune
3138 2719 3262 2806 ('78)
3302 2738 3456 2805 quod
3516 2751 3669 2807 smpe

2018 2824 2077 2878 in
2109 2823 2445 2880 hominibus
2469 2823 2778 2878 invenitur.
2812 2823 3112 2886 Quomodo
3137 2826 3329 2878 autem
3365 2822 3548 2896 Tyriae
3573 2840 3665 2878 ur-

2019 2912 2109 2967 bis
2140 2913 2252 2967 sub
2283 2912 2470 2984 figura
2500 2911 2662 2967 navis
2693 2911 2950 2983 primum
2981 2911 3216 2982 divitias,
3248 2911 3459 2967 deinde
3490 2911 3662 2966 ruina

2019 3001 2403 3073 planctusque
2433 3000 2760 3072 descriptus
2790 3005 2913 3056 est:
2950 3001 3032 3055 sic
3072 3000 3143 3054 ad
3176 3000 3496 3071 principem
3526 3000 3663 3072 Tyri

2018 3091 2273 3161 primum
2301 3106 2493 3145 sermo
2527 3091 2589 3144 ﬁt
2617 3089 2992 3161 prophetalis,
3027 3088 3180 3160 quod
3205 3094 3433 3144 erectus
3463 3087 3541 3144 sit
3563 3105 3666 3160 per

2018 3178 2375 3250 superbiam,
2411 3195 2514 3232 nec
2547 3179 2691 3234 bene
2723 3179 2945 3233 abusus
3001 3178 3214 3250 Opibus
3275 3195 3422 3250 quas
3481 3177 3659 3232 habe-

2019 3268 2152 3322 bat:
2188 3266 2607 3322 deindeluctus
2636 3271 2694 3322 et
2724 3265 3084 3334 lamentatio,
3119 3267 3190 3322 de
3222 3267 3457 3337 quantis
3493 3267 3662 3322 bonis

2020 3357 2091 3410 ad
2124 3354 2279 3410 mala
2317 3359 2537 3427 quanta
2569 3355 2910 3427 pervenerit.
2947 3355 3209 3410 Primum
3241 3355 3422 3426 igitur
3473 3355 3667 3426 prima

2020 3444 2266 3499 dicenda
2285 3444 2744 3515 sunt.Scriptum
2769 3443 2928 3498 estin
2954 3444 3102 3499 Isaia
3123 3445 3255 3515 (lsa.
3284 3444 3437 3513 Iv)ad
3466 3459 3659 3513 regem

237 3553 264 3580 ετ
297 3533 632 3587 nudabunt
664 3532 891 3605 gladios
931 3551 1068 3590 suos
1100 3552 1276 3606 super
1305 3535 1806 3606 pulchritudinem
1822 3553 1910 3592 sa-
1940 3521 1982 3586 C
2023 3531 2331 3604 Babylonis
2359 3531 2916 3598 Nabuchodonosor,
2946 3532 3099 3603 quod
3153 3548 3215 3587 se
3248 3531 3345 3586 Dei
3396 3531 3666 3603 potentiae

237 3643 265 3664 οι
300 3621 554 3692 pientiae
587 3626 724 3687 tuae,
756 3626 814 3676 et
844 3623 1103 3693 polluent
1129 3623 1397 3680 decorem
1431 3629 1620 3680 tuum.
1686 3626 1917 3680 Interii-

248 3731 274 3756 α
308 3709 481 3763 cient
501 3711 655 3779 et(a)
684 3710 917 3766 tradent
938 3717 1014 3776 te,
1037 3717 1095 3766 et
1117 3713 1382 3768 morieris
1420 3713 1479 3767 in
1504 3713 1740 3769 interitu
1774 3713 1919 3768 occi-

254 3819 284 3844 ‹‹
322 3813 541 3852 sorum
567 3797 626 3851 in
659 3799 833 3853 corde
865 3800 1064 3855 maris.
1088 3801 1386 3872 Numquid
1401 3801 1916 3873 dicensloqueris:

261 3908 292 3936 κ
330 3889 497 3940 Deus
525 3901 630 3958 ego
662 3903 820 3954 sum,
864 3905 1058 3944 coram
1088 3889 1571 3946 interﬁcientibus
1596 3895 1816 3959 te,cum
1839 3893 1922 3948 sis

264 3994 290 4020 ι
329 3972 520 4026 homo
537 3979 588 4028 et
606 3991 723 4030 non
739 3975 917 4044 Deus,
937 3977 995 4031 in
1020 3994 1198 4033 manu
1216 3979 1601 4035 occidentium
1624 3984 1681 4034 te
1699 3979 1726 4035 ?
1740 3980 1923 4035 Morte

257 4083 294 4109 «ι
331 4059 892 4119 incincumcisorum
925 4065 1194 4122 morieris
1229 4067 1285 4121 in
1347 4085 1526 4123 manu
1576 4067 1922 4135 alienorum,

249 4174 280 4199 ιι(
319 4149 474 4221 quia
503 4166 609 4222 ego
641 4151 877 4209 locutus
907 4171 1061 4222 sum,
1097 4156 1178 4209 ait
1222 4156 1508 4213 Dominus
1537 4157 1712 4213 Deus.
1747 4158 1883 4212 LXX
1912 4175 1924 4212 :

240 4263 284 4293 ι
317 4239 402 4294 Et
433 4239 623 4296 factus
656 4245 748 4296 est
778 4259 969 4298 sermo
1013 4243 1242 4299 Domini
1277 4246 1348 4300 ad
1408 4263 1521 4313 me,
1576 4247 1812 4302 dicens:
1860 4247 1930 4301 Et

259 4352 288 4376 σι
324 4333 400 4383 tu
433 4326 516 4381 ﬁli
553 4328 830 4401 hominis,
865 4331 959 4386 dic
991 4332 1236 4404 principi
1271 4333 1402 4405 Tyri
1440 4350 1452 4388 :
1488 4335 1616 4389 Haec
1649 4335 1790 4390 dicit
1821 4340 1926 4390 Do-

257 4439 284 4465 ει
323 4415 540 4471 minus
561 4417 752 4474 Deus:
778 4419 885 4474 Pro
908 4436 973 4474 eo
997 4421 1149 4492 quod
1175 4421 1488 4476 exaltatum
1513 4428 1601 4478 est
1618 4439 1715 4478 cor
1735 4428 1927 4490 tuum,

255 4529 284 4554 κ
323 4511 389 4561 et
426 4505 628 4560 dixisti
656 4523 668 4560 :
702 4509 854 4563 Deus
877 4525 982 4579 ego
1010 4525 1162 4577 sum,
1197 4510 1615 4566 habitationem
1639 4512 1737 4567 Dei
1761 4512 1928 4567 habi—

252 4618 282 4642 ε
319 4593 450 4647 tavi
489 4593 548 4648 in
581 4595 761 4650 corde
790 4597 1009 4652 maris:
1045 4603 1104 4651 tu
1137 4603 1328 4653 autem
1362 4617 1424 4654 es
1455 4598 1652 4665 homo,
1702 4604 1758 4654 et
1814 4617 1929 4655 non

259 4704 287 4726 α
326 4680 517 4745 Deus,
551 4688 609 4736 et
633 4684 844 4739 dedisti
870 4702 968 4740 cor
1003 4689 1170 4741 tuum
1194 4687 1361 4757 quasi
1395 4705 1492 4743 cor
1512 4687 1927 4760 Dei,numquid

337 4825 423 4893 (α)
457 4822 748 4902 Victoret
775 4824 1228 4902 detrahentmam
1256 4826 1496 4898 etVulg.
1517 4828 1751 4902 9dit.ita
1771 4828 1930 4902 legit,

260 4889 355 4948 et'
393 4899 534 4947 onat
562 4894 867 4950 Hebraeum
896 4889 1142 4981 Trivici
1172 4900 1328 4953 Graac
1375 4889 1794 4952 καῖαϐιϐἀσουσί
1827 4889 1927 4952 vos;
1964 4889 2008 4952 D

336 4981 422 5052 (ὁ)
445 4982 632 5036 Immo
645 4982 1040 5051 alterum,sive
1061 4989 1382 5041 secundum
1411 4993 1929 5052 tetragrammaton

263 5059 385 5130 est,
412 5054 833 5130 primumvero
859 5072 1206 5130 commune:
1234 5075 1335 5114 nec
1359 5075 1528 5129 porro
1547 5054 1768 5124 dubito,
1788 5061 1927 5130 quin

263 5124 347 5178 sit
363 5125 651 5178 mendum
674 5125 847 5181 hocce
868 5134 1123 5182 veterum
1144 5124 1512 5184 librariorum
1532 5130 1768 5185 incuriae
1783 5124 1929 5186 a'scri

263 5195 673 5268 hcndum,qui
699 5215 733 5251 n
747 5199 1034 5254 umericas
1056 5205 1220 5255 notas
1236 5207 1449 5256 temere
1471 5207 1928 5258 commutarunt.

265 5266 404 5320 Sua:
436 5266 604 5346 enim
625 5274 793 5346 recta:
817 5270 1150 5341 scriptionis
1174 5272 1296 5346 ipse
1315 5273 1637 5346 ﬁdejussor
1659 5273 1932 5346 Hierony—

267 5353 405 5415 rnps
425 5345 524 5392 est
546 5339 602 5392 in
625 5339 733 5393 hoc
758 5340 885 5411 ipso
899 5339 1320 5415 (Ismmentario
1344 5339 1514 5414 paulo
1533 5345 1806 5415 superius
1822 5339 1931 5401 sui)

265 5408 405 5484 init.
441 5426 577 5480 cap.
619 5426 714 5464 v1:
754 5408 1008 5480 Quando,
1045 5415 1256 5484 inquit,
1311 5408 1414 5470 duo
1447 5408 1669 5470 Domihi
1705 5418 1934 5473 Domini

260 5481 470 5558 juncta
499 5489 627 5539 sunt
656 5487 927 5539 nomina:
956 5481 1421 5556 prius'commune
1475 5489 1573 5559 est,
1632 5487 1931 5548 secundum

612 5609 880 5675 Panos.
928 5611 1117 5680 XXV.

2029 3621 2358 3692 coaquarit,
2391 3625 2448 3675 et
2477 3620 2535 3674 in
2560 3625 2782 3676 tantam
2815 3619 3000 3676 elatus
3032 3619 3108 3675 sit
3128 3620 3544 3691 arrogantiam,
3604 3623 3670 3674 ut

2030 3711 2269 3765 auderet
2285 3709 2475 3764 dicere
2507 3725 2519 3762 :
2553 3709 2726 3779 Super
2753 3708 2936 3764 sidera
2959 3710 3082 3763 caeli
3132 3709 3444 3772 ascendam,
3481 3713 3530 3763 et
3575 3725 3668 3764 ero

2027 3797 2232 3852 similis
2268 3797 2573 3851 Allissimo.
2611 3795 3094 3868 Pzecipitatusque
3123 3797 3192 3852 de
3221 3796 3391 3865 solio,
3449 3795 3665 3852 meruit

2032 3885 2232 3940 audire
2256 3903 2268 3940 :
2299 3885 2570 3952 Quomodo
2599 3885 2791 3940 cecidit
2811 3886 3030 3956 Lucifer
3047 3887 3145 3957 qui
3163 3903 3326 3942 mane
3346 3887 3629 3941 oriebatur
3647 3887 3672 3939 .9

2034 3979 2099 4029 Et
2127 3974 2197 4029 de
2229 3974 2524 4029 Pharaone
2553 3975 2613 4029 in
2636 3974 2744 4030 hoc
2773 3977 2975 4030 eodem
3009 3975 3328 4048 propheta:
3365 3977 3478 4031 Mea
3538 3979 3668 4030 sunt

2032 4065 2287 4134 ﬂumina,
2319 4071 2369 4117 et
2395 4079 2487 4134 ego
2515 4063 2621 4135 [eci
2640 4064 2896 4135 ea(lnfra
2923 4081 3082 4131 xxrx,
3113 4065 3191 4136 9).
3226 4066 3296 4120 Et
3327 4067 3396 4122 de
3414 4065 3676 4138 principe

2035 4152 2190 4224 Tyri,
2226 4153 2379 4222 quod
2410 4152 2558 4207 elato
2590 4153 2760 4208 corde
2781 4153 2990 4208 dixerit
3015 4159 3391 4227 arroganter:
3424 4156 3565 4210 Deus
3585 4169 3678 4225 ego

2034 4258 2173 4306 sum,
2205 4249 2254 4296 et
2281 4243 2341 4295 in
2370 4241 2626 4296 cathedra
2655 4243 2752 4296 Dei
2780 4241 2916 4309 sedi,
2951 4242 3069 4296 sive
3099 4245 3160 4297 in
3211 4243 3524 4298 habitacula
3584 4243 3683 4297 Dei

2037 4331 2298 4395 habitavi,
2332 4346 2466 4385 cum
2495 4331 2570 4385 sit
2593 4330 2788 4396 homo,
2817 4335 2875 4384 et
2907 4347 3021 4385 non
3055 4335 3226 4386 Deus.
3286 4331 3419 4393 Qum
3469 4347 3678 4402 quam-

2038 4435 2213 4491 quam
2244 4418 2550 4474 videantur
2579 4418 2728 4472 vires
2749 4417 3019 4472 humans:
3046 4417 3381 4490 fragilitatis
3405 4419 3681 4474 excedere

2037 4513 2093 4564 et
2122 4524 2236 4563 non
2260 4512 2378 4562 tam
2394 4506 2701 4560 hominum
2725 4507 2899 4560 verba
2920 4522 3240 4576 essequam
3259 4506 3682 4562 insanientium

2039 4597 2392 4665 daemonum,
2427 4600 2620 4649 tamen
2655 4593 3010 4666 hyperbolen
3067 4594 3349 4650 debemus
3395 4595 3681 4666 accipere,

2040 4685 2192 4757 quod
2209 4684 2500 4738 intantum
2524 4683 3683 4750 intumuerint,etnescierintmensuram

2039 4829 2260 4899 proprie
2288 4827 2410 4899 Dei,
2433 4825 2571 4899 quod
2592 4824 2913 4899 appellatur
2934 4823 3194 4899 ἅρῥητον,
3251 4826 3308 4879 id
3350 4829 3450 4891 est,
3490 4827 3684 4897 ine/fa-

2043 4877 2167 4964 lulir,
2195 4907 2247 4952 et
2275 4877 2412 4966 quod
2439 4877 2706 4967 scriptum
2734 4898 2840 4966 fuit
2870 4899 2929 4969 in
2959 4877 3406 4963 luminaaurea,
3430 4877 3546 4969 oua:
3565 4877 3686 4969 erat

2041 4973 2101 5024 in
2133 4973 2312 5041 fronte
2337 4969 2630 5040 pontiﬁcis.
2665 4971 2852 5041 Atque
2885 4968 3003 5021 haec
3045 4974 3195 5022 certe
3254 4969 3312 5022 in
3366 4968 3686 5025 Ezechielis

2042 5040 2345 5124 prOphetia
2377 5040 2906 5124 perpetuaobtin‘et
2949 5041 3352 5124 consuetudo:
3413 5042 3511 5096 sed
3572 5056 3688 5124 non

2043 5109 2472 5185 ignoramus—,in
2505 5109 2636 5165 aliis
2668 5109 2961 5164 interdum
2989 5109 3471 5184 libris,przecipue
3493 5118 3687 5166 autem

2041 5203 2100 5256 in
2118 5200 2370 5257 Psalmis
2388 5198 2607 5271 passim
2631 5203 3154 5273 tetragrammaton
3179 5201 3432 5273 praeponi
3455 5203 3534 5252 τῶ
3548 5199 3690 5273 Ado-

2040 5277 2138 5328 nai
2163 5292 2175 5328 :
2211 5290 2336 5344 quae
2364 5270 2546 5344 causa
2578 5274 2686 5336 est,
2715 5286 2823 5344 cur
2852 5270 2906 5344 in
2930 5270 3690 5344 prepositollieronymiano

2040 5349 2199 5400 textu
2230 5341 2379 5398 nihil
2413 5341 2905 5414 mutemus.7Vide
2932 5341 3063 5414 quae
3098 5344 3248 5400 infra
3270 5346 3327 5399 in
3352 5341 3636 5400 Homilies
3657 5342 3694 5398 4

2040 5422 2098 5475 et
2117 5418 2185 5474 12
2197 5416 2290 5473 Ori
2299 5416 2463 5492 genis
2487 5413 2544 5470 in
2563 5413 2719 5470 hunc
2742 5413 2938 5494 ipsum
2952 5413 3297 5496 prophetam
3317 5417 3697 5478 annotamus.

3339 5614 3378 5700 ἓ
