3996 6182
321 260 438 326 267

1575 261 1639 320 S.
1688 255 1994 320 EUSEBII
2042 253 2485 316 HIERONYMI

3600 242 3722 303 268

321 413 514 466 snam,
547 395 700 452 828
741 398 808 451 ut
834 395 968 450 elati
999 393 1272 450 felicitate
1297 392 1515 460 saeculi,
1551 397 1606 448 et
1639 393 1802 465 regni
1860 408 1962 462 po-
1991 393 2048 456 Α
2077 387 2319 443 alterius
2341 387 2612 458 jussione
2633 382 3105 456 pendere,qualis
3133 395 3319 453 nuper
3338 376 3722 434 ileraelianus

320 485 520 556 tentia,
554 485 694 540 dum
727 483 1038 557 praesentia
1066 483 1219 538 bona
1249 485 1458 554 putant
1486 497 1612 537 esse
1651 484 1954 553 perpetua,

318 573 586 628 homines
618 589 680 629 se
709 589 837 629 esse
868 571 1200 635 nescierint,
1233 576 1290 626 et
1315 575 1596 626 aeternum
1629 570 1737 625 sibi
1771 570 1958 641 impe-

325 661 476 716 rium
499 661 878 716 vendiearint.
915 661 1197 716 Licetsub
1217 664 1348 732 typo
1363 659 1717 732 principum,
1735 674 1958 731 regum,

325 753 381 804 et
402 748 770 822 singularum
795 749 902 822 (Al.
924 748 1338 820 singularium)
1357 747 1705 813 urbium,vel
1732 747 1963 820 provin-

327 837 572 905 ciarum,
607 841 924 911 potestates
955 838 1294 894 adversarize
1345 838 1840 904 demonstrentur,
1897 837 1966 892 de

329 927 544 999 quibus
571 927 774 982 scribit
801 932 859 983 et
889 927 1188 1000 apostolus
1220 925 1437 982 Paulus
1463 942 1475 980 :
1518 926 1635 980 Non
1689 929 1768 980 est
1812 925 1970 980 nobis

324 1032 516 1088 pugna
544 1016 832 1071 adversum
861 1031 1100 1081 carnem,
1133 1017 1182 1070 et
1213 1015 1567 1085 sanguinem,
1623 1013 1715 1068 sed
1777 1019 1970 1069 contra

327 1107 683 1176 principes,et
697 1108 984 1176 potestates
1005 1111 1342 1176 rectoresque
1352 1103 1699 1158 tenebrarum
1715 1103 1969 1170 istarum,

329 1197 384 1250 et
411 1195 735 1267 spiritualia
766 1195 1037 1266 neq-uitiae
1061 1195 1124 1248 in
1153 1192 1456 1248 coalestibus
1477 1191 1688 1262 (Ephes.
1721 1209 1799 1259 v1,
1859 1193 1966 1263 12).

331 1283 402 1338 Et
425 1283 484 1339 in
515 1283 627 1338 alio
649 1283 774 1338 loco
799 1299 812 1338 :
835 1283 1170 1353 Sapientiam
1193 1282 1472 1352 loquimur
1499 1283 1647 1336 inter
1670 1283 1932 1353 perfectos
1952 1300 1971 1336 :

333 1372 680 1443 Sapientiam
707 1387 831 1426 vero
859 1387 968 1426 non
1006 1369 1206 1424 mundi
1241 1370 1424 1440 hujus,
1461 1385 1630 1442 neque
1657 1371 1972 1442 principum

331 1461 524 1517 δεταιιὶ
550 1461 727 1526 istius,
759 1460 856 1530 qui
874 1459 1232 1514 destruantur
1259 1459 1308 1528 (Ι
1331 1459 1450 1513 Cor.
1476 1475 1536 1525 ιι,
1568 1460 1645 1526 6).
1670 1459 1739 1512 Et
1759 1458 1972 1521 iterum

332 1549 403 1604 de
434 1547 719 1618 sapientia
747 1547 1076 1619 disputans,
1105 1547 1204 1612 ait,
1228 1563 1391 1617 quam
1412 1547 1600 1601 nullus
1620 1546 1684 1602 de
1700 1549 1971 1619 principi-

331 1638 430 1692 bus
459 1635 628 1707 hujus
642 1635 838 1690 mundi
856 1637 1126 1704 cognovit.
1154 1636 1216 1690 Si
1235 1638 1387 1690 enim
1413 1638 1971 1708 cognovissent,num-

330 1741 498 1798 quam
535 1725 829 1780 Dominum
857 1725 1048 1794 gloriae
1076 1725 1482 1794 cruciﬁxisse-nt
1511 1726 1559 1795 (Ι
1612 1725 1735 1780 Cor.
1801 1745 1862 1792 ιι,
1893 1729 1969 1792 8).
2003 1761 2050 1825 Β

332 1814 395 1870 1n
437 1812 691 1869 Danielis
749 1829 983 1884 quoque
1031 1813 1334 1885 prophetia
1388 1813 1689 1886 perspicue
1741 1815 1970 1886 legitur,

331 1902 608 1974 Princeps
630 1901 929 1957 Israelitici
959 1901 1156 1973 populi
1175 1901 1441 1972 Michael,
1462 1901 1802 1974 etprinceps
1827 1903 1975 1958 Grae-

332 1992 454 2059 ciae,
490 1990 878 2063 princepsque
909 1995 1221 2046 Persarum
1280 1992 1440 2057 (Dan.
1496 1991 1575 2062 x).
1639 1993 1704 2046 Et
1739 1996 1973 2064 Moyses

333 2078 589 2150 apertius
619 2077 825 2132 scribit
851 2076 912 2132 in
943 2077 1374 2134 Deuteronomii
1415 2079 1688 2135 Cantico:
1752 2080 1974 2148 Quando

332 2166 606 2223 dividebat
659 2166 968 2221 Altissimus
1025 2170 1226 2237 gentes,
1284 2175 1335 2222 et
1389 2167 1781 2222 disseminabat
1829 2170 1974 2239 ﬁlios

331 2255 525 2325 Adam,
557 2257 840 2310 constituit
869 2257 1130 2310 terminos
1155 2256 1466 2321 nationum,
1499 2257 1658 2318 iuxta
1681 2273 1974 2312 numerum

331 2344 656 2414 angelornm
677 2345 774 2400 Dei
801 2344 978 2411 (Deut.
1009 2361 1191 2412 xxxn,
1221 2345 1278 2413 8)
1305 2362 1316 2412 ;
1342 2345 1462 2400 sive
1496 2349 1560 2400 ut
1602 2346 1812 2401 melius
1870 2346 1973 2401 ha-

333 2434 508 2491 betur
527 2437 586 2488 in
617 2431 934 2488 Hebraico:
970 2433 1131 2500 iuxta
1161 2450 1450 2488 numerum
1479 2435 1724 2504 ﬁliorum
1780 2436 1970 2491 Israel.

335 2521 403 2576 Et.
432 2523 587 2578 facta
615 2527 701 2576 est
731 2537 865 2593 pars
905 2521 1134 2576 Domini
1167 2521 1417 2593 populus
1449 2523 1575 2591 eius
1604 2522 1803 2586 Jacob,
1825 2524 1978 2578 funi-

332 2610 502 2666 culus
534 2609 885 2665 hzereditatis
919 2611 1046 2679 ejus
1079 2609 1136 2664 in
1171 2610 1364 2665 lsrael.
1400 2611 1512 2665 Nec
1537 2613 1886 2667 mirabimur
1915 2615 1971 2668 in

333 2704 496 2772 parte
526 2697 817 2754 contraria
849 2699 1136 2768 pessimos
1169 2702 1332 2770 reges
1365 2699 1420 2754 in
1451 2704 1586 2770 typo
1637 2702 1966 2772 praevarica-

333 2793 526 2844 torum
561 2787 880 2859 praecedere
909 2787 1282 2858 principium.
1319 2805 1449 2841 cum
1509 2789 1760 2860 optimos
1810 2807 1973 2862 reges

335 2875 538 2940 David,
571 2879 629 2928 et
654 2873 1044 2943 Salomonem,
1077 2879 1134 2929 et
1169 2875 1417 2941 Josiam,
1475 2883 1533 2931 et
1589 2879 1970 2949 patriarchas,

332 2978 398 3017 ac
422 2961 759 3034 prophetas,
793 2961 852 3015 in
886 2961 1073 3032 ﬁgura
1103 2961 1332 3016 Domini
1364 2963 1679 3019 Salvatoris
1740 2983 1975 3036 praeces-

335 3051 486 3107 sisse
517 3050 854 3107 doceamus.
883 3049 1249 3122 Igiturjuxta
1278 3057 1590 3123 utramque
1647 3053 1972 3127 intelligen-

2065 477 2172 562 (Al.
2210 474 2595 545 lloradianus)
2625 473 2684 528 in
2713 473 2904 528 Africa
2935 472 3064 562 fuit,
3098 468 3272 528 erecti
3333 469 3486 562 sunt
3520 469 3717 562 mente

2069 553 2372 638 tyrannica
2387 567 2588 619 contra
2609 579 2803 635 regem
2827 566 2884 616 et
2900 559 3206 616 Dominum
3224 573 3418 613 suum:
3432 559 3495 610 ut
3525 553 3718 609 intoto

2071 655 2210 710 orbe
2239 651 2511 724 dispersi,
2546 651 2655 707 sub
2687 649 3026 705 nominibus
3056 645 3422 713 idololatriae,
3445 643 3627 699 deoru
3652 657 3714 696 m

2075 743 2184 799 εἱιιί
2213 744 2452 798 nomina
2475 742 2862 806 assumerent,
2888 743 2944 793 et
2964 736 3150 791 inﬂati
3173 729 3466 806 superbia,
3490 730 3730 802 injudi-

2075 833 2232 888 cium
2263 830 2478 886 diaboli
2509 828 2832 884 inciderent
2861 831 2916 882 et
2945 826 3242 896 laqueum.
3271 823 3352 878 De
3374 838 3488 894 quo
3518 825 3576 876 et
3593 817 3726 874 Sal-

2075 926 2238 978 vator
2267 919 2496 975 locutus
2521 917 2578 972 in
2609 915 2914 986 Evangelio
2943 919 3066 970 est:
3107 913 3228 970 Vidi
3268 911 3530 967 Satanam
3561 909 3725 982 quasi

2077 1012 2272 1082 fulgur
2303 1008 2586 1064 cadentem
2613 1006 2678 1060 de
2705 1005 2837 1060 αι’ιο
2869 1005 3027 1074 (Luc.
3060 1020 3118 1068 κ,
3151 1001 3258 1072 18).

2151 1099 2312 1170 (Vers
2345 1098 2402 1151 11
2441 1095 2630 1167 seqq.)
2691 1096 2752 1148 Et
2793 1097 2973 1164 [actus
3020 1096 3100 1147 est
3153 1105 3328 1146 sermo
3389 1089 3608 1145 Domini
3651 1087 3727 1142 ad

2083 1206 2184 1252 me,
2217 1188 2400 1243 dicens
2423 1204 2441 1240 :
2472 1186 2583 1239 Fili
2603 1184 2860 1248 hominis,
2895 1183 3013 1237 leva
3041 1181 3322 1253 planctum
3349 1194 3514 1250 super
3541 1193 3730 1248 regem

2083 1280 2227 1350 Tyri,
2243 1282 2294 1332 et
2319 1277 2462 1330 dices
2485 1277 2573 1330 ei:
2607 1279 2739 1330 Haec
2757 1271 2890 1326 dicit
2917 1272 3178 1327 Dominus
3207 1271 3346 1326 Deus
3372 1283 3386 1324 :
3419 1269 3491 1322 Tu
3533 1269 3724 1336 signa-

2080 1368 2267 1423 culum
2294 1363 2700 1431 similitudinis,
2718 1360 3229 1433 plenussapientiaa,
3262 1365 3313 1412 et
3335 1358 3607 1429 perfectus
3635 1355 3732 1410 dc-

2081 1472 2234 1512 core:
2258 1456 2318 1508 in
2339 1454 2551 1508 deliciis
2569 1449 2818 1523 paradisi
2843 1449 2940 1504 Dei
2956 1448 3136 1519 fuisti.
3162 1447 3348 1502 Omnis
3368 1445 3509 1516 lapis
3520 1445 3730 1516 pretio-

2080 1562 2192 1611 sus,
2224 1545 2621 1613 operimentum
2651 1548 2838 1594 tuum:
2867 1536 3108 1602 sardius,
3140 1537 3408 1606 lapatius,
3440 1541 3492 1588 et
3523 1533 3728 1604 jaspis,

2080 1631 2478 1704 chrysolythus,
2496 1645 2662 1700 onyx,
2687 1631 2734 1682 et
2758 1625 3318 1696 berillus,sapphirus,
3337 1622 3726 1678 carbunculus.

2081 1731 2132 1778 et
2161 1720 2506 1790 smaragdus.
2539 1718 2750 1772 Aurum
2778 1731 2910 1787 Opus
2928 1714 3132 1770 decoris
3151 1714 3311 1776 tui,et
3330 1713 3612 1781 foramina
3628 1715 3731 1766 tua

2084 1813 2142 1866 in
2173 1809 2263 1864 die
2290 1824 2397 1880 qua
2426 1805 2674 1862 conditus
2703 1821 2777 1871 es,
2804 1807 3122 1876 praeparata
3137 1811 3283 1857 sunt.
3307 1803 3380 1856 Tu
3393 1800 3600 1856 Cherub
3619 1817 3731 1856 ex-

2082 1903 2260 1954 tentus
2289 1905 2340 1952 et
2368 1899 2670 1968 protegens,
2703 1902 2754 1948 et
2779 1894 2940 1964 posui
2969 1899 3020 1947 te
3048 1893 3109 1946 in
3121 1898 3298 1948 monte
3319 1893 3504 1946 sancto
3521 1890 3638 1944 Dei.
3660 1889 3734 1944 1η

2083 1987 2256 2043 medio
2289 1985 2534 2056 lapidum
2561 1985 2858 2052 ignitorum
2886 1981 3218 2036 ambulasti:
3238 1982 3508 2052 perfectus
3537 1980 3598 2033 in
3616 1979 3732 2033 viis

2083 2078 2210 2143 tuis,
2241 2093 2276 2130 a
2302 2075 2390 2130 die
2416 2073 2742 2130 conditionis
2769 2071 3085 2126 tute:donec
3105 2071 3332 2125 inventa
3362 2073 3437 2124 est
3457 2070 3736 2139 iniquitas

2083 2167 2144 2220 in
2173 2165 2306 2220 te.ln
2341 2161 2694 2218 multitudine
2716 2161 3106 2229 negotiationis
3126 2162 3240 2216 tum
3265 2159 3471 2230 repleta
3489 2161 3616 2214 sunt
3633 2160 3735 2213 in-

2083 2257 2292 2310 teriora
2322 2262 2419 2308 tua
2447 2253 2758 2322 iniquitate,
2790 2257 2842 2304 et
2867 2251 3120 2318 peccasti,
3153 2257 3206 2304 et
3227 2249 3361 2320 ejeci
3381 2247 3510 2304 tede
3535 2257 3730 2304 monte

2084 2345 2198 2413 Dei,
2224 2352 2274 2399 et
2285 2343 2506 2414 perdidi
2525 2345 2595 2408 te,
2616 2355 2644 2396 ο
2677 2339 2906 2409 Cherub,
2939 2347 3221 2410 protegens
3249 2338 3315 2394 de
3342 2337 3517 2393 medio
3575 2338 3728 2408 lapi-

2082 2433 2216 2488 dum
2244 2433 2564 2502 ignitorum.
2579 2431 2654 2484 Et
2669 2429 2904 2484 levatum
2914 2430 2996 2481 est
3018 2443 3116 2482 cor
3136 2431 3292 2481 tuum
3312 2428 3372 2480 in
3393 2425 3583 2481 decore
3597 2430 3689 2482 tuo
3705 2444 3728 2480 :

2080 2521 2371 2593 perdidisti
2390 2519 2720 2590 sapientiam
2740 2519 2794 2572 in
2805 2514 3229 2588 pulchritudine
3251 2520 3345 2569 tua
3360 2515 3553 2587 [Vulg.
3571 2518 3728 2570 tuam

2086 2612 2143 2664 in
2158 2613 2349 2666 decore
2363 2610 2496 2675 tuo}
2532 2609 2588 2660 in
2612 2616 2818 2661 terram
2831 2605 3036 2676 projeci
3055 2607 3106 2658 te
3127 2622 3144 2657 :
3176 2608 3298 2658 (inte
3311 2605 3510 2674 [aciem
3533 2622 3730 2673 regum

2083 2699 2208 2753 dedi
2238 2707 2302 2767 te,
2337 2706 2394 2751 ut
2421 2704 2710 2750 cernerent
2737 2703 2803 2749 te.
2839 2696 2900 2749 In
2955 2693 3310 2748 multitudine
3363 2694 3732 2766 iniquitatum

2085 2792 2302 2842 tuarum
2333 2794 2382 2840 et
2413 2787 2700 2856 iniquitate
2730 2784 2884 2838 830
2904 2784 3284 2850 negotiationis
3341 2790 3454 2838 tuae
3476 2784 3736 2854 polluisti

2083 2877 2566 2945 sanctiﬁcationem
2596 2876 2768 2928 tuam.
2792 2873 3098 2927 Producam
3125 2887 3250 2942 ergo
3281 2871 3538 2942 ignemde
3553 2871 3736 2928 medio

2084 2966 2186 3032 tui,
2210 2966 2307 3035 qui
2325 2963 2566 3018 comedat
2584 2966 2655 3026 te,
2677 2969 2727 3016 et
2754 2960 2891 3016 dabo
2912 2965 2963 3016 te
2979 2962 3038 3014 in
3059 2961 3297 3016 cinerem
3314 2975 3478 3032 super
3498 2963 3728 3028 terram,

2083 3056 2142 3110 in
2171 3056 2459 3125 conspectu
2487 3051 2734 3106 omnium
2767 3051 3072 3105 videntium
3089 3057 3154 3104 te.
3172 3049 3366 3104 Omnes
3383 3050 3480 3119 qui
3491 3049 3734 3105 viderint

335 3141 500 3209 tiam,
534 3155 737 3211 regum
774 3138 990 3210 pariter
1019 3140 1404 3211 superborum
1459 3144 1516 3195 et
1571 3125 1971 3212 apostatarum
2005 3125 2047 3192 (ἶ
2085 3151 2136 3199 te
2163 3145 2221 3198 in
2250 3142 2524 3211 gentibus;
2553 3140 2923 3211 obstupescent
2947 3154 3111 3206 super
3138 3146 3205 3193 te.
3239 3138 3421 3192 Nihili
3437 3139 3614 3210 factus
3650 3155 3732 3209 es,

337 3227 694 3302 principum,
721 3243 847 3299 quae
871 3227 1090 3299 scripta
1111 3232 1268 3298 sunt,
1292 3228 1675 3285 disseramus.
1701 3231 1794 3286 Ait
1839 3248 1976 3305 ergo

339 3317 452 3389 (Al.
483 3320 627 3371 Cum
660 3316 754 3383 sit,
783 3316 920 3386 ait):
955 3315 1110 3370 Licet
1140 3316 1198 3370 in
1233 3317 1422 3372 medio
1453 3319 1657 3390 maris,
1689 3323 1746 3374 et
1774 3319 1976 3376 insula:

338 3405 592 3462 tenearis
613 3405 922 3477 angustiis,
947 3403 1081 3477 plus
1102 3405 1455 3474 dicam,cum
1479 3407 1561 3462 sis
1579 3406 1774 3475 homo,
1797 3414 1854 3464 et
1874 3409 1978 3464 hu-

339 3511 524 3550 manae
555 3495 746 3550 carnis
770 3493 1084 3566 fragilitate
1110 3493 1764 3566 circumdatus,tumore
1784 3498 1977 3554 cordis

335 3581 549 3651 elatus,
579 3583 640 3638 in
672 3581 818 3638 solio
847 3583 972 3649 Dei,
1005 3583 1064 3637 in
1096 3582 1256 3638 cmlis
1286 3589 1341 3639 te
1373 3583 1634 3641 habitare
1663 3586 1978 3644 arbtiratus

336 3689 419 3729 es.
452 3671 760 3744 Simulque
781 3671 921 3744 quia
941 3672 1133 3742 jactas
1164 3671 1534 3744 sapientiam,
1571 3673 1629 3729 in
1661 3678 1886 3730 tantum
1914 3681 1980 3732 ut

335 3761 498 3834 regni
526 3759 610 3817 tui
642 3761 931 3831 homines,
959 3759 1333 3816 Salomonem
1354 3763 1762 3835 wnigmatibus
1781 3781 1978 3837 provo-

333 3855 572 3908 carent:
605 3850 891 3923 numquid
924 3850 1246 3921 sapientior
1275 3866 1337 3906 es
1399 3851 1656 3920 Danielo,
1715 3855 1814 3926 qui
1875 3855 1976 3911 Dei

331 3940 522 4012 gratia
549 3939 685 3994 vicit
707 3955 912 3994 omnes
943 3956 1147 4012 magos
1171 3945 1228 3996 et
1257 3940 1532 4010 hariolos,
1565 3943 1725 3999 329
1744 3947 1801 3998 et
1822 3961 1975 4000 nunc

330 4028 390 4082 in
423 4025 710 4098 Babylone
733 4025 1206 4098 sapientissimus
1227 4031 1314 4082 est
1334 4027 1362 4082 ?
1391 4028 1520 4083 Sive
1541 4029 1622 4084 ita
1646 4029 1973 4102 intelligen-

331 4116 472 4171 dum
498 4130 512 4169 :
545 4113 734 4169 Etiam
757 4114 807 4168 si
841 4113 1158 4186 sapientior
1185 4115 1269 4170 sis
1298 4115 1556 4182 Daniele,
1577 4117 1676 4190 qui
1706 4117 1974 4174 omnium

329 4201 694 4259 confessione
717 4201 1194 4274 sapientissimus
1221 4208 1328 4274 est,
1353 4208 1410 4260 et
1429 4204 1764 4261 divitiarum
1789 4224 1854 4262 ac
1874 4223 1973 4278 po-

327 4290 522 4348 tentia:
536 4290 937 4364 magnitudine
953 4289 1052 4346 Dei
1069 4295 1123 4346 te
1138 4291 1342 4362 cupias
1358 4293 1626 4364 potentiae
1641 4311 1970 4366 coaequare:

326 4385 522 4436 tamen
550 4379 798 4452 capieris
822 4379 893 4435 ab
918 4379 1288 4448 adversariis,
1316 4386 1373 4436 et
1398 4383 1539 4437 urbe
1563 4382 1974 4454 perdita,mul-

2084 3236 2136 3286 et
2163 3247 2270 3285 non
2303 3232 2412 3285 eris
2443 3232 2502 3284 in
2531 3237 2850 3301 perpetuum
2882 3227 3058 3283 LXX:
3103 3228 3164 3282 Et
3219 3232 3396 3298 factus
3440 3231 3518 3283 est
3547 3243 3734 3284 sermo

2086 3320 2309 3376 Domini
2337 3320 2410 3374 ad
2437 3334 2546 3386 me,
2577 3317 2802 3372 dicens:
2828 3317 2936 3371 Fili
2963 3317 3222 3386 hominis,
3250 3331 3405 3371 sume
3434 3316 3733 3388 planctum

2083 3424 2248 3480 super
2274 3409 2580 3478 principem
2612 3405 2756 3477 Tyri,
2789 3409 2841 3460 et
2871 3404 3014 3460 dices
3043 3407 3131 3460 ei:
3161 3406 3290 3462 Haec
3310 3404 3441 3461 dicit
3462 3405 3731 3460 Dominus

2086 3500 2266 3558 Deus;
2300 3498 2372 3552 Tu
2401 3495 2748 3564 signaculum
2769 3493 3177 3564 similitudinis,
3211 3495 3407 3565 plenus
3429 3495 3730 3566 sapientia,

2087 3595 2135 3642 et
2153 3602 2350 3641 corona
2381 3585 2589 3640 decoris
2610 3601 2628 3638 :
2660 3585 2720 3638 in
2749 3583 2961 3638 deliciis
2969 3581 3220 3654 paradisi
3247 3583 3347 3638 Dei
3364 3584 3542 3652 fuisti.
3565 3583 3734 3639 Omni

2087 3674 2266 3748 lapide
2297 3676 2430 3730 bono
2453 3672 2825 3729 circumdatus
2855 3687 2945 3726 es:
2973 3671 3229 3728 sardioet
3249 3673 3482 3740 topazio,
3513 3676 3731 3728 etsma-

2084 3763 2336 3832 ragdo,et
2365 3762 2718 3820 carbunculo:
2746 3764 2799 3816 et
2815 3761 3152 3832 sapphiro,et
3157 3759 3449 3831 jaspide,et
3479 3768 3728 3830 argento,

2083 3856 2135 3908 et
2165 3868 2320 3917 auro,
2350 3859 2402 3907 et
2425 3853 2646 3922 ligurio,
2681 3859 2732 3906 et
2752 3849 2961 3917 achate,
2981 3853 3031 3905 et
3043 3849 3346 3920 amethysto
3375 3857 3428 3904 et
3457 3850 3733 3922 chrysoli-

2082 3943 2192 4009 tho,
2224 3946 2274 3997 et
2304 3941 2514 4006 berillo,
2549 3943 2598 3996 et
2625 3940 2915 4010 onychino,
2949 3942 3000 3993 et
3028 3953 3164 3993 auro
3193 3938 3413 4010 replesti
3435 3939 3724 3995 thesauros

2082 4036 2225 4096 tuos,
2257 4033 2307 4086 et
2328 4030 2530 4086 horrea
2563 4037 2656 4084 tua
2689 4030 2749 4082 in
2777 4037 2847 4095 te,
2881 4045 2915 4082 a
2945 4027 3034 4082 die
3071 4043 3180 4098 qua
3198 4025 3447 4082 conditus
3476 4043 3553 4097 es,
3565 4044 3737 4100 para-

2081 4127 2274 4175 verunt
2300 4134 2428 4174 eum
2449 4116 2662 4172 Cherub
2679 4123 2840 4171 uncto
2861 4115 2937 4186 (α)
2961 4131 2996 4170 a
3025 4116 3151 4181 Deo,
3180 4119 3230 4171 et
3250 4114 3537 4171 habitante
3559 4118 3619 4171 in
3646 4119 3733 4172 ta-

2084 4208 2394 4272 bernaculo,
2429 4206 2562 4262 dedi
2589 4215 2639 4260 te
2667 4207 2729 4260 in
2755 4212 2938 4260 monte
2964 4212 3148 4260 sancto
3179 4205 3302 4260 Dei:
3343 4206 3521 4274 factus
3548 4220 3602 4260 es
3663 4206 3728 4260 in

2083 4296 2260 4351 medio
2291 4293 2539 4367 lapidum
2567 4295 2884 4364 ignitorum.
2913 4294 3092 4348 Fuisti
3120 4292 3508 4350 immaculatus
3532 4295 3590 4348 in
3611 4294 3733 4350 dte-

2085 4385 2181 4441 bus
2209 4387 2338 4454 tuis,
2373 4402 2406 4439 a
2435 4383 2527 4439 die
2557 4399 2665 4456 qua
2689 4390 2898 4438 creatus
2916 4398 2972 4438 es
2991 4381 3194 4437 :donec
3216 4384 3588 4440 inventwsunt
3609 4385 3724 4439 ini-

326 4471 404 4526 tis
426 4468 774 4525 confodieris
803 4468 1146 4524 vulneribus
1171 4486 1183 4524 :
1214 4473 1269 4524 et
1301 4469 1454 4525 ultra
1474 4488 1586 4526 non
1611 4471 1790 4543 dices,
1817 4478 1966 4529 Deus
2002 4491 2050 4556 D
2085 4476 2316 4548 quitates
2347 4475 2403 4528 in
2432 4476 2506 4540 te,
2537 4489 2578 4528 a
2605 4471 2962 4527 multitudine
2979 4472 3482 4542 negotiationistuae
3505 4472 3736 4542 replesti

327 4575 434 4632 ego
465 4575 598 4614 sum
624 4575 637 4612 :
671 4557 771 4613 sed
807 4558 1012 4614 doctus
1043 4557 1305 4630 interitu,
1330 4557 1626 4616 hominem
1652 4565 1707 4617 te
1728 4578 1856 4617 esse
1877 4578 1966 4618 co-

327 4663 594 4721 gnosces,
628 4662 744 4702 non
777 4646 982 4702 Deum.
1016 4645 1114 4701 Sin
1147 4653 1340 4703 autem
1367 4647 1723 4706 voluerimus
1761 4651 1974 4722 princi-

329 4755 459 4810 pem
483 4736 617 4809 Tyri
635 4735 900 4792 eamdem
924 4735 1146 4794 discere
1168 4739 1633 4808 potestatem,cui
1658 4756 1691 4794 a
1711 4740 1826 4795 Deo
1850 4745 1970 4795 tra-

327 4828 451 4882 dita
479 4832 568 4882 est
592 4826 722 4898 ipsa
744 4824 970 4894 civitas,
1005 4825 1125 4881 sive
1157 4826 1472 4897 provincia,
1507 4827 1648 4882 illud
1697 4846 1969 4885 assuma~

329 4931 462 4970 mus
490 4904 930 4971 testimoniuml
950 4915 1056 4985 Ego
1084 4913 1225 4980 dici,
1249 4914 1332 4970 dii
1353 4917 1505 4986 estis,
1539 4920 1590 4972 et
1618 4916 1728 4985 ﬁlii
1755 4919 1972 4974 Επειδί

329 5018 530 5058 omnes.
573 5004 671 5058 Vos
695 5012 882 5059 autem
907 5005 1050 5060 sicut
1079 5003 1327 5059 homines
1355 5007 1696 5073 moriemini,
1725 5015 1776 5062 et
1829 5009 1972 5062 sicut

327 5106 472 5148 unus
501 5089 565 5146 de
588 5092 933 5163 principibus
959 5091 1160 5148 cadetis
1183 5094 1361 5162 (Psal.
1403 5111 1587 5165 Lxxxr,
1605 5095 1682 5165 7).
1717 5095 1966 5150 Traditae

329 5179 486 5237 enim
517 5177 635 5234 illis
661 5185 802 5234 sunt
827 5181 897 5235 ad
931 5181 1251 5253 regendum
1286 5183 1592 5255 provinciae
1623 5184 1790 5255 quasi
1811 5184 1968 5254 judi-

2087 4564 2314 4619 cellaria
2345 4571 2438 4618 tua
2469 4563 2776 4632 iniquitate,
2809 4568 2861 4616 et
2885 4561 3137 4631 peccasti,
3170 4568 3222 4616 et
3242 4561 3556 4617 vulneratus
3609 4576 3666 4616 es
3695 4577 3734 4616 a

2081 4656 2262 4708 monte
2290 4653 2404 4718 Dei,
2444 4655 2495 4706 et
2523 4650 2760 4706 adduxit
2785 4652 2837 4705 te
2869 4650 3078 4705 Cherub
3107 4649 3437 4705 obumbrans
3459 4650 3524 4706 de
3544 4649 3732 4706 medio

2081 4742 2335 4813 lapidum
2364 4743 2664 4811 ignitorum
2684 4740 2923 4794 :Elatum
2951 4738 3679 4794 estcortuumindecoretuo
3703 4756 3722 4792 .-

2079 4839 2329 4902 corr-upta
2351 4839 2432 4886 est
2448 4829 2739 4900 disciplina
2763 4835 2856 4882 tua
2876 4844 2998 4882 cum
3021 4829 3208 4883 decore
3225 4830 3574 4899 tuo.Propter
3584 4828 3724 4883 mul-

2079 4919 2372 4975 titudinem
2383 4906 2728 4991 peccatorum
2751 4926 2967 4974 tuorum
2989 4918 3046 4971 in
3073 4919 3283 4970 terram
3307 4917 3521 4988 projeei
3540 4925 3588 4973 te
3611 4934 3629 4970 :
3664 4919 3724 4972 in

2076 5012 2358 5080 conspectu
2370 5023 2461 5079 reg
2468 5023 2559 5062 um
2569 5005 2695 5062 dedi
2707 5010 2844 5072 te,ut
2857 5005 3308 5060 dehonestareris.
3323 5007 3562 5078 Propter
3585 5006 3732 5061 mul-

2075 5097 2368 5153 titudinem
2381 5101 2724 5169 peccatorum
2734 5101 3027 5165 tuorum,et
3043 5096 3358 5165 iniquitates
3369 5095 3736 5166 negotiationi

2074 5194 2188 5243 tute
2197 5189 2408 5241 contam
2417 5187 2765 5240 inavisancta
2777 5183 2961 5238 tua.Et
2973 5183 3200 5238 educam
3211 5184 3539 5256 ignem(b)in
3550 5182 3732 5240 medio

327 5270 496 5328 cibus
528 5267 600 5322 ab
631 5266 1004 5339 Imperatore.
1047 5269 1155 5334 Qui
1186 5270 1353 5327 obliti
1381 5271 1660 5328 honorem
1693 5289 1864 5328 suum
1898 5289 1968 5329 ex
2071 5274 2270 5340 tui,hic
2284 5273 2709 5332 devorabitte.Et
2724 5271 2862 5328 dabo
2879 5273 3651 5344 teiucineremsuperterram
3667 5274 3727 5328 in

397 5432 474 5504 (α)
503 5428 690 5506 Voces
706 5443 752 5506 _a
774 5426 898 5506 Deo,
926 5427 1119 5506 inquit
1137 5431 1447 5498 Victorius,
1473 5433 1778 5506 superfluae
1801 5436 1958 5506 sunt,

327 5499 466 5576 quae
485 5517 589 5558 nec
621 5499 898 5576 ﬂabraice
926 5499 1236 5576 habentur,
1269 5520 1372 5576 nec
1401 5499 1610 5576 Grande.
1643 5505 1793 5561 Tum
1826 5499 1957 5571 illae,

324 5571 504 5644 uncto,
535 5580 584 5631 et
613 5571 894 5634 habitante
923 5572 983 5630 in
1004 5573 1372 5650 tabernaculo,
1401 5575 1615 5634 desunt
1671 5576 1842 5635 hodie
1900 5575 1958 5635 in

2071 5433 2304 5496 Graeco;
2336 5449 2536 5488 verum
2568 5431 2858 5488 exstitisse
2884 5429 3046 5498 olim,
3079 5431 3290 5503 σου]εοί
3319 5448 3387 5486 ex
3423 5429 3717 5488 Hebraico

2080 5510 2369 5578 potest,_et
2394 5503 2740 5578 Hieronymi,
2755 5497 3231 5578 Commentario:l

2137 5577 2213 5656 (b)
2242 5575 2455 5639 Victor.
2515 5571 2772 5636 deinedio
2799 5577 2900 5662 tui,
2933 5580 2989 5634 et
3010 5574 3206 5636 Greco
3236 5571 3296 5629 ἐκ
3327 5571 3487 5653 μέσον
3521 5593 3637 5640 σου.
