  <div class='ocr_page' id='page_1' title='image "/cluster/home/n/w/nwhite01/storage/ocr_20150623/25/hvd.32044096580493/141.png"; bbox 0 0 4006 6180; ppageno 0'>
   <div class='ocr_carea' id='block_1_1' title="bbox 367 324 480 382">
    <p class='ocr_par' dir='ltr' id='par_1_1' title="bbox 367 324 480 382">
     <span class='ocr_line' id='line_1_1' title="bbox 367 324 480 382; baseline 0.009 -2"><span class='ocrx_word' id='word_1_1' title='bbox 367 324 480 382; x_wconf 78' lang='grc'>271</span> 
     </span>
    </p>
   </div>
   <div class='ocr_carea' id='block_1_2' title="bbox 1611 331 2517 394">
    <p class='ocr_par' dir='ltr' id='par_1_2' title="bbox 1611 331 2517 394">
     <span class='ocr_line' id='line_1_2' title="bbox 1611 331 2517 394; baseline 0.003 -4"><span class='ocrx_word' id='word_1_2' title='bbox 1611 334 1672 390; x_wconf 81' lang='lat' dir='ltr'>S.</span> <span class='ocrx_word' id='word_1_3' title='bbox 1722 333 2028 394; x_wconf 85' lang='lat' dir='ltr'>EUSEBII</span> <span class='ocrx_word' id='word_1_4' title='bbox 2074 331 2517 393; x_wconf 77' lang='lat' dir='ltr'>HIERONYMI</span> 
     </span>
    </p>
   </div>
   <div class='ocr_carea' id='block_1_3' title="bbox 3648 331 3764 392">
    <p class='ocr_par' dir='ltr' id='par_1_3' title="bbox 3648 331 3764 392">
     <span class='ocr_line' id='line_1_3' title="bbox 3648 331 3764 392; baseline -0.009 0"><span class='ocrx_word' id='word_1_5' title='bbox 3648 331 3764 392; x_wconf 76' lang='lat'>272</span> 
     </span>
    </p>
   </div>
   <div class='ocr_carea' id='block_1_4' title="bbox 369 451 3767 537">
    <p class='ocr_par' dir='ltr' id='par_1_4' title="bbox 369 451 3767 537">
     <span class='ocr_line' id='line_1_4' title="bbox 369 451 3767 537; baseline 0.002 -27"><span class='ocrx_word' id='word_1_6' title='bbox 369 451 743 528; x_wconf 51' lang='lat' dir='ltr'>in‘templu&#39;m</span> <span class='ocrx_word' id='word_1_7' title='bbox 767 462 1035 515; x_wconf 90' lang='lat' dir='ltr'>sanctum</span> <span class='ocrx_word' id='word_1_8' title='bbox 1070 462 1145 528; x_wconf 84' lang='grc' dir='ltr'>(α)</span> <span class='ocrx_word' id='word_1_9' title='bbox 1177 459 1276 516; x_wconf 85' lang='lat' dir='ltr'>Dei</span> <span class='ocrx_word' id='word_1_10' title='bbox 1301 462 1513 534; x_wconf 79' lang='lat' dir='ltr'>(Ephes.</span> <span class='ocrx_word' id='word_1_11' title='bbox 1547 482 1605 530; x_wconf 90' lang='grc' dir='ltr'>ιι,</span> <span class='ocrx_word' id='word_1_12' title='bbox 1633 465 1742 535; x_wconf 89' lang='grc'>10).</span> <span class='ocrx_word' id='word_1_13' title='bbox 1775 464 1842 519; x_wconf 92' lang='lat' dir='ltr'>Hi</span> <span class='ocrx_word' id='word_1_14' title='bbox 1873 467 2010 520; x_wconf 88' lang='lat' dir='ltr'>sunt</span> <span class='ocrx_word' id='word_1_15' title='bbox 2038 466 2090 531; x_wconf 82' lang='grc' dir='ltr'><strong>Α</strong></span> <span class='ocrx_word' id='word_1_16' title='bbox 2122 464 2239 532; x_wconf 89' lang='lat' dir='ltr'>dit;</span> <span class='ocrx_word' id='word_1_17' title='bbox 2269 468 2325 519; x_wconf 90' lang='lat' dir='ltr'>et</span> <span class='ocrx_word' id='word_1_18' title='bbox 2354 465 2552 519; x_wconf 91' lang='lat' dir='ltr'>vendit</span> <span class='ocrx_word' id='word_1_19' title='bbox 2599 466 2796 520; x_wconf 83' lang='lat' dir='ltr'>omnia</span> <span class='ocrx_word' id='word_1_20' title='bbox 2826 483 2948 537; x_wconf 61' lang='lat' dir='ltr'>quae</span> <span class='ocrx_word' id='word_1_21' title='bbox 2975 465 3166 533; x_wconf 86' lang='lat' dir='ltr'>habet,</span> <span class='ocrx_word' id='word_1_22' title='bbox 3201 468 3258 520; x_wconf 91' lang='lat' dir='ltr'>et</span> <span class='ocrx_word' id='word_1_23' title='bbox 3286 463 3427 520; x_wconf 83' lang='lat' dir='ltr'>emit</span> <span class='ocrx_word' id='word_1_24' title='bbox 3456 479 3659 537; x_wconf 84' lang='lat' dir='ltr'>agrum</span> <span class='ocrx_word' id='word_1_25' title='bbox 3691 464 3767 518; x_wconf 89' lang='lat' dir='ltr'>il-</span> 
     </span>
    </p>
   </div>
   <div class='ocr_carea' id='block_1_5' title="bbox 367 544 2020 625">
    <p class='ocr_par' dir='ltr' id='par_1_5' title="bbox 367 544 2020 625">
     <span class='ocr_line' id='line_1_5' title="bbox 367 544 2020 625; baseline 0.005 -27"><span class='ocrx_word' id='word_1_26' title='bbox 367 544 613 616; x_wconf 82' lang='lat' dir='ltr'>lapides,</span> <span class='ocrx_word' id='word_1_27' title='bbox 645 547 716 602; x_wconf 93' lang='lat' dir='ltr'>de</span> <span class='ocrx_word' id='word_1_28' title='bbox 742 548 958 618; x_wconf 87' lang='lat' dir='ltr'>quibus</span> <span class='ocrx_word' id='word_1_29' title='bbox 988 553 1043 604; x_wconf 91' lang='lat' dir='ltr'>et</span> <span class='ocrx_word' id='word_1_30' title='bbox 1073 550 1131 604; x_wconf 93' lang='lat' dir='ltr'>in</span> <span class='ocrx_word' id='word_1_31' title='bbox 1164 550 1276 606; x_wconf 90' lang='lat' dir='ltr'>alio</span> <span class='ocrx_word' id='word_1_32' title='bbox 1308 550 1432 606; x_wconf 93' lang='lat' dir='ltr'>loco</span> <span class='ocrx_word' id='word_1_33' title='bbox 1456 551 1744 625; x_wconf 86' lang='lat' dir='ltr'>legimus:</span> <span class='ocrx_word' id='word_1_34' title='bbox 1777 553 2020 624; x_wconf 83' lang='lat' dir='ltr'>Lapides</span> 
     </span>
    </p>
   </div>
   <div class='ocr_carea' id='block_1_6' title="bbox 370 633 2017 713">
    <p class='ocr_par' dir='ltr' id='par_1_6' title="bbox 370 633 2017 713">
     <span class='ocr_line' id='line_1_6' title="bbox 370 633 2017 713; baseline 0.005 -25"><span class='ocrx_word' id='word_1_35' title='bbox 370 633 558 689; x_wconf 82' lang='lat' dir='ltr'>sancti</span> <span class='ocrx_word' id='word_1_36' title='bbox 581 635 891 690; x_wconf 85' lang='lat' dir='ltr'>volvuntur</span> <span class='ocrx_word' id='word_1_37' title='bbox 910 655 1088 710; x_wconf 83' lang='lat' dir='ltr'>super</span> <span class='ocrx_word' id='word_1_38' title='bbox 1107 644 1320 695; x_wconf 89' lang='lat' dir='ltr'>terram</span> <span class='ocrx_word' id='word_1_39' title='bbox 1344 641 1530 697; x_wconf 89' lang='lat' dir='ltr'>instar</span> <span class='ocrx_word' id='word_1_40' title='bbox 1554 645 1809 697; x_wconf 89' lang='lat' dir='ltr'>rotarum</span> <span class='ocrx_word' id='word_1_41' title='bbox 1835 642 2017 713; x_wconf 83' lang='lat' dir='ltr'>(Zach.</span> 
     </span>
    </p>
   </div>
   <div class='ocr_carea' id='block_1_7' title="bbox 371 723 2021 798">
    <p class='ocr_par' dir='ltr' id='par_1_7' title="bbox 371 723 2021 798">
     <span class='ocr_line' id='line_1_7' title="bbox 371 723 2021 798; baseline 0.006 -24"><span class='ocrx_word' id='word_1_42' title='bbox 371 737 446 790; x_wconf 81' lang='lat' dir='ltr'>1x,</span> <span class='ocrx_word' id='word_1_43' title='bbox 473 723 910 794; x_wconf 89' lang='lat' dir='ltr'>16),paupulum</span> <span class='ocrx_word' id='word_1_44' title='bbox 956 730 1260 798; x_wconf 82' lang='lat' dir='ltr'>tangentes</span> <span class='ocrx_word' id='word_1_45' title='bbox 1283 727 1552 794; x_wconf 90' lang='lat' dir='ltr'>humum,</span> <span class='ocrx_word' id='word_1_46' title='bbox 1589 734 1644 783; x_wconf 91' lang='lat' dir='ltr'>et</span> <span class='ocrx_word' id='word_1_47' title='bbox 1664 728 2021 784; x_wconf 90' lang='lat' dir='ltr'>volubilitate</span> 
     </span>
    </p>
   </div>
   <div class='ocr_carea' id='block_1_8' title="bbox 371 812 2022 890">
    <p class='ocr_par' dir='ltr' id='par_1_8' title="bbox 371 812 2022 890">
     <span class='ocr_line' id='line_1_8' title="bbox 371 812 2022 890; baseline 0.005 -26"><span class='ocrx_word' id='word_1_48' title='bbox 371 826 481 865; x_wconf 90' lang='lat' dir='ltr'>sua</span> <span class='ocrx_word' id='word_1_49' title='bbox 511 812 579 866; x_wconf 89' lang='lat' dir='ltr'>ad</span> <span class='ocrx_word' id='word_1_50' title='bbox 615 813 875 868; x_wconf 87' lang='lat' dir='ltr'>coelestia</span> <span class='ocrx_word' id='word_1_51' title='bbox 899 816 1262 871; x_wconf 76' lang='lat' dir='ltr'>festinantes.</span> <span class='ocrx_word' id='word_1_52' title='bbox 1296 817 1375 871; x_wconf 89' lang='lat' dir='ltr'>De</span> <span class='ocrx_word' id='word_1_53' title='bbox 1400 818 1614 888; x_wconf 88' lang='lat' dir='ltr'>quibus</span> <span class='ocrx_word' id='word_1_54' title='bbox 1636 823 1691 872; x_wconf 90' lang='lat' dir='ltr'>et</span> <span class='ocrx_word' id='word_1_55' title='bbox 1720 818 2022 890; x_wconf 82' lang='lat' dir='ltr'>Scriptura</span> 
     </span>
    </p>
   </div>
   <div class='ocr_carea' id='block_1_9' title="bbox 371 906 2020 978">
    <p class='ocr_par' dir='ltr' id='par_1_9' title="bbox 371 906 2020 978">
     <span class='ocr_line' id='line_1_9' title="bbox 371 906 2020 978; baseline 0.004 -24"><span class='ocrx_word' id='word_1_56' title='bbox 371 908 792 957; x_wconf 82' lang='lat' dir='ltr'>commemorat</span> <span class='ocrx_word' id='word_1_57' title='bbox 815 921 826 958; x_wconf 94' lang='lat'>:</span> <span class='ocrx_word' id='word_1_58' title='bbox 854 906 994 961; x_wconf 82' lang='lat' dir='ltr'>Ecce</span> <span class='ocrx_word' id='word_1_59' title='bbox 1016 921 1122 976; x_wconf 85' lang='lat' dir='ltr'>ego</span> <span class='ocrx_word' id='word_1_60' title='bbox 1147 923 1402 977; x_wconf 72' lang='lat' dir='ltr'>praeparo</span> <span class='ocrx_word' id='word_1_61' title='bbox 1425 906 1847 962; x_wconf 86' lang='lat' dir='ltr'>carbunculum</span> <span class='ocrx_word' id='word_1_62' title='bbox 1876 906 2020 978; x_wconf 88' lang='lat' dir='ltr'>lapi-</span> 
     </span>
    </p>
   </div>
   <div class='ocr_carea' id='block_1_10' title="bbox 373 991 2018 1068">
    <p class='ocr_par' dir='ltr' id='par_1_10' title="bbox 373 991 2018 1068">
     <span class='ocr_line' id='line_1_10' title="bbox 373 991 2018 1068; baseline 0.003 -23"><span class='ocrx_word' id='word_1_63' title='bbox 373 991 502 1046; x_wconf 90' lang='lat' dir='ltr'>dem</span> <span class='ocrx_word' id='word_1_64' title='bbox 526 996 694 1048; x_wconf 91' lang='lat' dir='ltr'>tuum</span> <span class='ocrx_word' id='word_1_65' title='bbox 723 1012 735 1048; x_wconf 99' lang='lat'>:</span> <span class='ocrx_word' id='word_1_66' title='bbox 760 999 817 1048; x_wconf 91' lang='lat' dir='ltr'>et</span> <span class='ocrx_word' id='word_1_67' title='bbox 839 995 1221 1050; x_wconf 87' lang='lat' dir='ltr'>fundamenta</span> <span class='ocrx_word' id='word_1_68' title='bbox 1241 1001 1342 1050; x_wconf 89' lang='lat' dir='ltr'>tua</span> <span class='ocrx_word' id='word_1_69' title='bbox 1357 996 1786 1067; x_wconf 88' lang='lat' dir='ltr'>sapphirum,et</span> <span class='ocrx_word' id='word_1_70' title='bbox 1806 1013 2018 1068; x_wconf 89' lang='lat' dir='ltr'>ponam</span> 
     </span>
    </p>
   </div>
   <div class='ocr_carea' id='block_1_11' title="bbox 373 1082 2022 1157">
    <p class='ocr_par' dir='ltr' id='par_1_11' title="bbox 373 1082 2022 1157">
     <span class='ocr_line' id='line_1_11' title="bbox 373 1082 2022 1157; baseline 0.002 -21"><span class='ocrx_word' id='word_1_71' title='bbox 373 1082 814 1154; x_wconf 86' lang='lat' dir='ltr'>propugnacula</span> <span class='ocrx_word' id='word_1_72' title='bbox 835 1087 937 1137; x_wconf 90' lang='lat' dir='ltr'>tua</span> <span class='ocrx_word' id='word_1_73' title='bbox 958 1083 1336 1155; x_wconf 88' lang='lat' dir='ltr'>jaspidem,et</span> <span class='ocrx_word' id='word_1_74' title='bbox 1367 1090 1562 1156; x_wconf 87' lang='lat' dir='ltr'>portas</span> <span class='ocrx_word' id='word_1_75' title='bbox 1580 1090 1710 1141; x_wconf 86' lang='lat' dir='ltr'>tuas</span> <span class='ocrx_word' id='word_1_76' title='bbox 1733 1086 1805 1156; x_wconf 89' lang='lat' dir='ltr'>(b)</span> <span class='ocrx_word' id='word_1_77' title='bbox 1832 1085 2022 1157; x_wconf 88' lang='lat' dir='ltr'>lapide</span> 
     </span>
    </p>
   </div>
   <div class='ocr_carea' id='block_1_12' title="bbox 375 1173 2018 1244">
    <p class='ocr_par' dir='ltr' id='par_1_12' title="bbox 375 1173 2018 1244">
     <span class='ocr_line' id='line_1_12' title="bbox 375 1173 2018 1244; baseline 0.002 -17"><span class='ocrx_word' id='word_1_78' title='bbox 375 1173 730 1244; x_wconf 84' lang='lat' dir='ltr'>crystallo,et</span> <span class='ocrx_word' id='word_1_79' title='bbox 761 1190 996 1228; x_wconf 87' lang='lat' dir='ltr'>murum</span> <span class='ocrx_word' id='word_1_80' title='bbox 1021 1177 1187 1228; x_wconf 90' lang='lat' dir='ltr'>tuum</span> <span class='ocrx_word' id='word_1_81' title='bbox 1213 1173 1508 1244; x_wconf 84' lang='lat' dir='ltr'>lapidibus</span> <span class='ocrx_word' id='word_1_82' title='bbox 1540 1173 1775 1229; x_wconf 85' lang='lat' dir='ltr'>electis:</span> <span class='ocrx_word' id='word_1_83' title='bbox 1810 1179 1866 1229; x_wconf 87' lang='lat' dir='ltr'>et</span> <span class='ocrx_word' id='word_1_84' title='bbox 1896 1191 2018 1230; x_wconf 88' lang='lat' dir='ltr'>om-</span> 
     </span>
    </p>
   </div>
   <div class='ocr_carea' id='block_1_13' title="bbox 374 1262 2020 1334">
    <p class='ocr_par' dir='ltr' id='par_1_13' title="bbox 374 1262 2020 1334">
     <span class='ocr_line' id='line_1_13' title="bbox 374 1262 2020 1334; baseline 0.002 -19"><span class='ocrx_word' id='word_1_85' title='bbox 374 1279 478 1317; x_wconf 89' lang='lat' dir='ltr'>nes</span> <span class='ocrx_word' id='word_1_86' title='bbox 511 1262 663 1317; x_wconf 84' lang='lat' dir='ltr'>ﬁlios</span> <span class='ocrx_word' id='word_1_87' title='bbox 685 1266 818 1316; x_wconf 93' lang='lat' dir='ltr'>tuos</span> <span class='ocrx_word' id='word_1_88' title='bbox 850 1263 1048 1317; x_wconf 87' lang='lat' dir='ltr'>doctos</span> <span class='ocrx_word' id='word_1_89' title='bbox 1072 1279 1104 1317; x_wconf 90' lang='lat' dir='ltr'>a</span> <span class='ocrx_word' id='word_1_90' title='bbox 1125 1262 1260 1326; x_wconf 90' lang='lat' dir='ltr'>Deo,</span> <span class='ocrx_word' id='word_1_91' title='bbox 1292 1267 1347 1316; x_wconf 89' lang='lat' dir='ltr'>et</span> <span class='ocrx_word' id='word_1_92' title='bbox 1389 1263 1446 1316; x_wconf 90' lang='lat' dir='ltr'>in</span> <span class='ocrx_word' id='word_1_93' title='bbox 1495 1263 1680 1317; x_wconf 87' lang='lat' dir='ltr'>multa</span> <span class='ocrx_word' id='word_1_94' title='bbox 1702 1281 1842 1334; x_wconf 85' lang='lat' dir='ltr'>pace</span> <span class='ocrx_word' id='word_1_95' title='bbox 1873 1263 2020 1319; x_wconf 84' lang='lat' dir='ltr'>ﬁlios</span> 
     </span>
    </p>
   </div>
   <div class='ocr_carea' id='block_1_14' title="bbox 375 1350 2023 1421">
    <p class='ocr_par' dir='ltr' id='par_1_14' title="bbox 375 1350 2023 1421">
     <span class='ocr_line' id='line_1_14' title="bbox 375 1350 2023 1421; baseline 0.001 -15"><span class='ocrx_word' id='word_1_96' title='bbox 375 1350 918 1421; x_wconf 88' lang='lat' dir='ltr'>tuos,etinjustitia</span> <span class='ocrx_word' id='word_1_97' title='bbox 939 1351 1318 1406; x_wconf 81' lang='lat' dir='ltr'>aediﬁcaberis</span> <span class='ocrx_word' id='word_1_98' title='bbox 1364 1354 1489 1421; x_wconf 77' lang='lat' dir='ltr'>(Isa.</span> <span class='ocrx_word' id='word_1_99' title='bbox 1545 1369 1651 1416; x_wconf 85' lang='lat' dir='ltr'>LIV,</span> <span class='ocrx_word' id='word_1_100' title='bbox 1687 1354 1886 1420; x_wconf 82' lang='lat'><strong>11-13).</strong></span> <span class='ocrx_word' id='word_1_101' title='bbox 1920 1357 2023 1408; x_wconf 78' lang='lat' dir='ltr'>Su-</span> 
     </span>
    </p>
   </div>
   <div class='ocr_carea' id='block_1_15' title="bbox 373 1439 2020 1514">
    <p class='ocr_par' dir='ltr' id='par_1_15' title="bbox 373 1439 2020 1514">
     <span class='ocr_line' id='line_1_15' title="bbox 373 1439 2020 1514; baseline -0.001 -15"><span class='ocrx_word' id='word_1_102' title='bbox 373 1461 476 1514; x_wconf 88' lang='lat' dir='ltr'>per</span> <span class='ocrx_word' id='word_1_103' title='bbox 505 1459 620 1513; x_wconf 93' lang='lat' dir='ltr'>quo</span> <span class='ocrx_word' id='word_1_104' title='bbox 651 1442 784 1510; x_wconf 89' lang='lat' dir='ltr'>quid</span> <span class='ocrx_word' id='word_1_105' title='bbox 815 1441 982 1496; x_wconf 90' lang='lat' dir='ltr'>nobis</span> <span class='ocrx_word' id='word_1_106' title='bbox 1009 1439 1387 1506; x_wconf 85' lang='lat' dir='ltr'>videretur,in</span> <span class='ocrx_word' id='word_1_107' title='bbox 1418 1442 1682 1510; x_wconf 75' lang='lat' dir='ltr'>ejusdem</span> <span class='ocrx_word' id='word_1_108' title='bbox 1729 1443 2020 1513; x_wconf 69' lang='lat' dir='ltr'>prophetas</span> 
     </span>
    </p>
   </div>
   <div class='ocr_carea' id='block_1_16' title="bbox 373 1527 2021 1601">
    <p class='ocr_par' dir='ltr' id='par_1_16' title="bbox 373 1527 2021 1601">
     <span class='ocr_line' id='line_1_16' title="bbox 373 1527 2021 1601; baseline 0.002 -18"><span class='ocrx_word' id='word_1_109' title='bbox 373 1527 876 1601; x_wconf 87' lang='lat' dir='ltr'>explanationibus</span> <span class='ocrx_word' id='word_1_110' title='bbox 903 1527 1276 1583; x_wconf 88' lang='lat' dir='ltr'>diximus.De</span> <span class='ocrx_word' id='word_1_111' title='bbox 1300 1527 1701 1598; x_wconf 88' lang='lat' dir='ltr'>hujuscemodi</span> <span class='ocrx_word' id='word_1_112' title='bbox 1726 1529 2021 1601; x_wconf 82' lang='lat' dir='ltr'>lapidibus</span> 
     </span>
    </p>
   </div>
   <div class='ocr_carea' id='block_1_17' title="bbox 373 1616 2022 1690">
    <p class='ocr_par' dir='ltr' id='par_1_17' title="bbox 373 1616 2022 1690">
     <span class='ocr_line' id='line_1_17' title="bbox 373 1616 2022 1690; baseline 0.001 -17"><span class='ocrx_word' id='word_1_113' title='bbox 373 1622 429 1673; x_wconf 90' lang='lat' dir='ltr'>et</span> <span class='ocrx_word' id='word_1_114' title='bbox 449 1619 768 1690; x_wconf 90' lang='lat' dir='ltr'>vigesimus</span> <span class='ocrx_word' id='word_1_115' title='bbox 790 1616 1054 1688; x_wconf 83' lang='lat' dir='ltr'>psalmus</span> <span class='ocrx_word' id='word_1_116' title='bbox 1079 1617 1272 1671; x_wconf 80' lang='lat' dir='ltr'>canit:</span> <span class='ocrx_word' id='word_1_117' title='bbox 1306 1617 1572 1682; x_wconf 91' lang='lat' dir='ltr'>Domine,</span> <span class='ocrx_word' id='word_1_118' title='bbox 1605 1617 1662 1671; x_wconf 90' lang='lat' dir='ltr'>in</span> <span class='ocrx_word' id='word_1_119' title='bbox 1688 1619 1899 1674; x_wconf 87' lang='lat' dir='ltr'>virtute</span> <span class='ocrx_word' id='word_1_120' title='bbox 1923 1624 2022 1674; x_wconf 89' lang='lat' dir='ltr'>tua</span> 
     </span>
    </p>
   </div>
   <div class='ocr_carea' id='block_1_18' title="bbox 372 1704 2021 1776">
    <p class='ocr_par' dir='ltr' id='par_1_18' title="bbox 372 1704 2021 1776">
     <span class='ocr_line' id='line_1_18' title="bbox 372 1704 2021 1776; baseline -0.001 -13"><span class='ocrx_word' id='word_1_121' title='bbox 372 1707 666 1762; x_wconf 64' lang='lat' dir='ltr'>laetabitur</span> <span class='ocrx_word' id='word_1_122' title='bbox 686 1723 803 1775; x_wconf 83' lang='lat' dir='ltr'>rex,</span> <span class='ocrx_word' id='word_1_123' title='bbox 840 1709 1089 1776; x_wconf 87' lang='lat' dir='ltr'>etsuper</span> <span class='ocrx_word' id='word_1_124' title='bbox 1136 1704 1390 1759; x_wconf 86' lang='lat' dir='ltr'>salutare</span> <span class='ocrx_word' id='word_1_125' title='bbox 1438 1709 1605 1760; x_wconf 89' lang='lat' dir='ltr'>tuum</span> <span class='ocrx_word' id='word_1_126' title='bbox 1627 1707 1903 1762; x_wconf 76' lang='lat' dir='ltr'>exultavit</span> <span class='ocrx_word' id='word_1_127' title='bbox 1933 1726 2021 1763; x_wconf 85' lang='lat' dir='ltr'>ve-</span> 
     </span>
    </p>
   </div>
   <div class='ocr_carea' id='block_1_19' title="bbox 2130 552 3772 626">
    <p class='ocr_par' dir='ltr' id='par_1_19' title="bbox 2130 552 3772 626">
     <span class='ocr_line' id='line_1_19' title="bbox 2130 552 3772 626; baseline 0.002 -19"><span class='ocrx_word' id='word_1_128' title='bbox 2130 552 2251 607; x_wconf 89' lang='lat' dir='ltr'>lum</span> <span class='ocrx_word' id='word_1_129' title='bbox 2277 554 2457 623; x_wconf 82' lang='lat' dir='ltr'>(Ibz&#39;d..,</span> <span class='ocrx_word' id='word_1_130' title='bbox 2483 556 2588 625; x_wconf 90' lang='lat'><strong>13).</strong></span> <span class='ocrx_word' id='word_1_131' title='bbox 2621 554 2926 626; x_wconf 78' lang='lat' dir='ltr'>Apothecae</span> <span class='ocrx_word' id='word_1_132' title='bbox 2971 560 3167 609; x_wconf 88' lang='lat' dir='ltr'>autem</span> <span class='ocrx_word' id='word_1_133' title='bbox 3212 558 3369 620; x_wconf 89' lang='lat' dir='ltr'>sunt,</span> <span class='ocrx_word' id='word_1_134' title='bbox 3403 554 3521 608; x_wconf 90' lang='lat' dir='ltr'>sive</span> <span class='ocrx_word' id='word_1_135' title='bbox 3544 554 3772 624; x_wconf 79' lang='lat' dir='ltr'>horrea,</span> 
     </span>
    </p>
   </div>
   <div class='ocr_carea' id='block_1_20' title="bbox 2129 642 3778 717">
    <p class='ocr_par' dir='ltr' id='par_1_20' title="bbox 2129 642 3778 717">
     <span class='ocr_line' id='line_1_20' title="bbox 2129 642 3778 717; baseline 0.002 -21"><span class='ocrx_word' id='word_1_136' title='bbox 2129 642 2200 696; x_wconf 91' lang='lat' dir='ltr'>de</span> <span class='ocrx_word' id='word_1_137' title='bbox 2230 644 2445 713; x_wconf 90' lang='lat' dir='ltr'>quibus</span> <span class='ocrx_word' id='word_1_138' title='bbox 2477 643 2534 698; x_wconf 92' lang='lat' dir='ltr'>in</span> <span class='ocrx_word' id='word_1_139' title='bbox 2558 644 2670 699; x_wconf 90' lang='lat' dir='ltr'>alio</span> <span class='ocrx_word' id='word_1_140' title='bbox 2689 643 2814 700; x_wconf 92' lang='lat' dir='ltr'>loco</span> <span class='ocrx_word' id='word_1_141' title='bbox 2837 646 3119 717; x_wconf 90' lang='lat' dir='ltr'>scriptum</span> <span class='ocrx_word' id='word_1_142' title='bbox 3141 649 3228 700; x_wconf 90' lang='lat' dir='ltr'>est</span> <span class='ocrx_word' id='word_1_143' title='bbox 3253 662 3264 700; x_wconf 93' lang='lat'>:</span> <span class='ocrx_word' id='word_1_144' title='bbox 3299 645 3620 701; x_wconf 69' lang='lat' dir='ltr'>Benedicta:</span> <span class='ocrx_word' id='word_1_145' title='bbox 3634 661 3778 716; x_wconf 89' lang='lat' dir='ltr'>apo-</span> 
     </span>
    </p>
   </div>
   <div class='ocr_carea' id='block_1_21' title="bbox 2128 730 3780 805">
    <p class='ocr_par' dir='ltr' id='par_1_21' title="bbox 2128 730 3780 805">
     <span class='ocr_line' id='line_1_21' title="bbox 2128 730 3780 805; baseline 0.002 -21"><span class='ocrx_word' id='word_1_146' title='bbox 2128 730 2307 785; x_wconf 68' lang='lat' dir='ltr'>theca:</span> <span class='ocrx_word' id='word_1_147' title='bbox 2332 737 2464 800; x_wconf 67' lang='lat' dir='ltr'>tum,</span> <span class='ocrx_word' id='word_1_148' title='bbox 2499 733 2824 804; x_wconf 72' lang='lat' dir='ltr'>etreliquize</span> <span class='ocrx_word' id='word_1_149' title='bbox 2845 739 2955 788; x_wconf 80' lang='lat' dir='ltr'>tuae</span> <span class='ocrx_word' id='word_1_150' title='bbox 2984 735 3160 805; x_wconf 76' lang='lat' dir='ltr'>(Deut.</span> <span class='ocrx_word' id='word_1_151' title='bbox 3195 751 3392 801; x_wconf 79' lang='lat' dir='ltr'><strong>XXVIII,</strong></span> <span class='ocrx_word' id='word_1_152' title='bbox 3425 735 3502 805; x_wconf 84' lang='lat'><strong>5).</strong></span> <span class='ocrx_word' id='word_1_153' title='bbox 3538 734 3606 804; x_wconf 77' lang='grc' dir='ltr'>(ε)</span> <span class='ocrx_word' id='word_1_154' title='bbox 3639 734 3780 788; x_wconf 87' lang='lat' dir='ltr'>Post</span> 
     </span>
    </p>
   </div>
   <div class='ocr_carea' id='block_1_22' title="bbox 2130 819 3782 892">
    <p class='ocr_par' dir='ltr' id='par_1_22' title="bbox 2130 819 3782 892">
     <span class='ocr_line' id='line_1_22' title="bbox 2130 819 3782 892; baseline 0.002 -19"><span class='ocrx_word' id='word_1_155' title='bbox 2130 819 2250 874; x_wconf 74' lang='lat' dir='ltr'>haec</span> <span class='ocrx_word' id='word_1_156' title='bbox 2277 820 2508 884; x_wconf 89' lang='lat' dir='ltr'>dicitur,</span> <span class='ocrx_word' id='word_1_157' title='bbox 2531 822 2702 892; x_wconf 81' lang='lat' dir='ltr'>juxta</span> <span class='ocrx_word' id='word_1_158' title='bbox 2740 823 3080 877; x_wconf 81' lang='lat' dir='ltr'>llebraicum</span> <span class='ocrx_word' id='word_1_159' title='bbox 3106 840 3117 877; x_wconf 94' lang='lat'>:</span> <span class='ocrx_word' id='word_1_160' title='bbox 3143 824 3226 877; x_wconf 92' lang='lat' dir='ltr'>Tu</span> <span class='ocrx_word' id='word_1_161' title='bbox 3251 823 3478 877; x_wconf 85' lang='lat' dir='ltr'>Cberub</span> <span class='ocrx_word' id='word_1_162' title='bbox 3510 827 3782 877; x_wconf 81' lang='lat' dir='ltr'>extentus</span> 
     </span>
    </p>
   </div>
   <div class='ocr_carea' id='block_1_23' title="bbox 2131 911 3782 984">
    <p class='ocr_par' dir='ltr' id='par_1_23' title="bbox 2131 911 3782 984">
     <span class='ocr_line' id='line_1_23' title="bbox 2131 911 3782 984; baseline 0.003 -22"><span class='ocrx_word' id='word_1_163' title='bbox 2131 913 2184 962; x_wconf 91' lang='lat' dir='ltr'>et</span> <span class='ocrx_word' id='word_1_164' title='bbox 2216 914 2544 980; x_wconf 82' lang='lat' dir='ltr'>protegens,</span> <span class='ocrx_word' id='word_1_165' title='bbox 2579 913 2931 966; x_wconf 84' lang='lat' dir='ltr'>subauditur</span> <span class='ocrx_word' id='word_1_166' title='bbox 2987 929 3179 967; x_wconf 90' lang='lat' dir='ltr'>arcam</span> <span class='ocrx_word' id='word_1_167' title='bbox 3221 912 3322 966; x_wconf 89' lang='lat' dir='ltr'>Dei</span> <span class='ocrx_word' id='word_1_168' title='bbox 3349 916 3404 966; x_wconf 90' lang='lat' dir='ltr'>et</span> <span class='ocrx_word' id='word_1_169' title='bbox 3435 911 3782 984; x_wconf 89' lang='lat' dir='ltr'>propitiato-</span> 
     </span>
    </p>
   </div>
   <div class='ocr_carea' id='block_1_24' title="bbox 2130 997 3780 1072">
    <p class='ocr_par' dir='ltr' id='par_1_24' title="bbox 2130 997 3780 1072">
     <span class='ocr_line' id='line_1_24' title="bbox 2130 997 3780 1072; baseline 0.003 -23"><span class='ocrx_word' id='word_1_170' title='bbox 2130 997 2304 1063; x_wconf 91' lang='lat' dir='ltr'>rium,</span> <span class='ocrx_word' id='word_1_171' title='bbox 2340 997 2610 1068; x_wconf 77' lang='lat' dir='ltr'>veljuxla</span> <span class='ocrx_word' id='word_1_172' title='bbox 2632 1001 3028 1072; x_wconf 78' lang='lat' dir='ltr'>Septuaginta,</span> <span class='ocrx_word' id='word_1_173' title='bbox 3063 1002 3217 1072; x_wconf 93' lang='lat' dir='ltr'>quod</span> <span class='ocrx_word' id='word_1_174' title='bbox 3244 1002 3525 1072; x_wconf 86' lang='lat' dir='ltr'>ipsecum</span> <span class='ocrx_word' id='word_1_175' title='bbox 3548 1000 3780 1055; x_wconf 88' lang='lat' dir='ltr'>Cberub</span> 
     </span>
    </p>
   </div>
   <div class='ocr_carea' id='block_1_25' title="bbox 2131 1087 3779 1160">
    <p class='ocr_par' dir='ltr' id='par_1_25' title="bbox 2131 1087 3779 1160">
     <span class='ocr_line' id='line_1_25' title="bbox 2131 1087 3779 1160; baseline 0.003 -21"><span class='ocrx_word' id='word_1_176' title='bbox 2131 1092 2342 1140; x_wconf 90' lang='lat' dir='ltr'>unctus</span> <span class='ocrx_word' id='word_1_177' title='bbox 2376 1087 2453 1141; x_wconf 86' lang='lat' dir='ltr'>sit</span> <span class='ocrx_word' id='word_1_178' title='bbox 2473 1093 2526 1141; x_wconf 88' lang='lat' dir='ltr'>et</span> <span class='ocrx_word' id='word_1_179' title='bbox 2557 1093 2808 1144; x_wconf 89' lang='lat' dir='ltr'>creatus.</span> <span class='ocrx_word' id='word_1_180' title='bbox 2843 1092 2921 1144; x_wconf 79' lang='lat' dir='ltr'>Ex</span> <span class='ocrx_word' id='word_1_181' title='bbox 2973 1107 3086 1160; x_wconf 91' lang='lat' dir='ltr'>quo</span> <span class='ocrx_word' id='word_1_182' title='bbox 3125 1089 3453 1144; x_wconf 88' lang='lat' dir='ltr'>ostenditur</span> <span class='ocrx_word' id='word_1_183' title='bbox 3482 1090 3555 1144; x_wconf 88' lang='lat' dir='ltr'>ad</span> <span class='ocrx_word' id='word_1_184' title='bbox 3587 1088 3779 1144; x_wconf 83' lang='lat' dir='ltr'>homi-</span> 
     </span>
    </p>
   </div>
   <div class='ocr_carea' id='block_1_26' title="bbox 2131 1175 3776 1249">
    <p class='ocr_par' dir='ltr' id='par_1_26' title="bbox 2131 1175 3776 1249">
     <span class='ocr_line' id='line_1_26' title="bbox 2131 1175 3776 1249; baseline 0.004 -23"><span class='ocrx_word' id='word_1_185' title='bbox 2131 1191 2260 1227; x_wconf 86' lang='lat' dir='ltr'>nem</span> <span class='ocrx_word' id='word_1_186' title='bbox 2298 1175 2461 1230; x_wconf 87' lang='lat' dir='ltr'>urbis</span> <span class='ocrx_word' id='word_1_187' title='bbox 2477 1176 2658 1248; x_wconf 75' lang='lat' dir='ltr'>Tyriae</span> <span class='ocrx_word' id='word_1_188' title='bbox 2673 1177 2994 1249; x_wconf 87' lang='lat' dir='ltr'>principem</span> <span class='ocrx_word' id='word_1_189' title='bbox 3014 1177 3122 1232; x_wconf 90' lang='lat' dir='ltr'>hoc</span> <span class='ocrx_word' id='word_1_190' title='bbox 3136 1178 3424 1249; x_wconf 88' lang='lat' dir='ltr'>pertinere</span> <span class='ocrx_word' id='word_1_191' title='bbox 3439 1195 3550 1232; x_wconf 92' lang='lat' dir='ltr'>non</span> <span class='ocrx_word' id='word_1_192' title='bbox 3567 1193 3776 1249; x_wconf 87' lang='lat' dir='ltr'>posse:</span> 
     </span>
    </p>
   </div>
   <div class='ocr_carea' id='block_1_27' title="bbox 2129 1264 3776 1338">
    <p class='ocr_par' dir='ltr' id='par_1_27' title="bbox 2129 1264 3776 1338">
     <span class='ocr_line' id='line_1_27' title="bbox 2129 1264 3776 1338; baseline 0.003 -21"><span class='ocrx_word' id='word_1_193' title='bbox 2129 1265 2228 1318; x_wconf 84' lang='lat' dir='ltr'>sed</span> <span class='ocrx_word' id='word_1_194' title='bbox 2262 1264 2331 1318; x_wconf 88' lang='lat' dir='ltr'>ad</span> <span class='ocrx_word' id='word_1_195' title='bbox 2368 1269 2628 1319; x_wconf 86' lang='lat' dir='ltr'>sanctam</span> <span class='ocrx_word' id='word_1_196' title='bbox 2663 1267 2954 1336; x_wconf 87' lang='lat' dir='ltr'>quondam</span> <span class='ocrx_word' id='word_1_197' title='bbox 3007 1273 3065 1321; x_wconf 86' lang='lat' dir='ltr'>et</span> <span class='ocrx_word' id='word_1_198' title='bbox 3095 1267 3446 1338; x_wconf 66' lang='lat' dir='ltr'>praecipuam</span> <span class='ocrx_word' id='word_1_199' title='bbox 3481 1267 3776 1322; x_wconf 87' lang='lat' dir='ltr'>fortitudi-</span> 
     </span>
    </p>
   </div>
   <div class='ocr_carea' id='block_1_28' title="bbox 2131 1354 3780 1428">
    <p class='ocr_par' dir='ltr' id='par_1_28' title="bbox 2131 1354 3780 1428">
     <span class='ocr_line' id='line_1_28' title="bbox 2131 1354 3780 1428; baseline 0.002 -22"><span class='ocrx_word' id='word_1_200' title='bbox 2131 1369 2282 1418; x_wconf 78' lang='lat' dir='ltr'>nem,</span> <span class='ocrx_word' id='word_1_201' title='bbox 2318 1370 2442 1422; x_wconf 72' lang='lat' dir='ltr'>qua:</span> <span class='ocrx_word' id='word_1_202' title='bbox 2466 1354 2627 1407; x_wconf 89' lang='lat' dir='ltr'>urbis</span> <span class='ocrx_word' id='word_1_203' title='bbox 2651 1355 2832 1426; x_wconf 79' lang='lat' dir='ltr'>Tyriae</span> <span class='ocrx_word' id='word_1_204' title='bbox 2861 1357 3132 1426; x_wconf 88' lang='lat' dir='ltr'>princeps</span> <span class='ocrx_word' id='word_1_205' title='bbox 3163 1357 3350 1426; x_wconf 87' lang='lat' dir='ltr'>posita</span> <span class='ocrx_word' id='word_1_206' title='bbox 3379 1356 3473 1411; x_wconf 90' lang='lat' dir='ltr'>sit.</span> <span class='ocrx_word' id='word_1_207' title='bbox 3512 1355 3576 1410; x_wconf 89' lang='lat' dir='ltr'>Et</span> <span class='ocrx_word' id='word_1_208' title='bbox 3607 1355 3780 1428; x_wconf 89' lang='lat' dir='ltr'>posui</span> 
     </span>
    </p>
   </div>
   <div class='ocr_carea' id='block_1_29' title="bbox 2131 1442 3781 1515">
    <p class='ocr_par' dir='ltr' id='par_1_29' title="bbox 2131 1442 3781 1515">
     <span class='ocr_line' id='line_1_29' title="bbox 2131 1442 3781 1515; baseline 0.003 -21"><span class='ocrx_word' id='word_1_209' title='bbox 2131 1442 2234 1510; x_wconf 77' lang='lat' dir='ltr'>[AL</span> <span class='ocrx_word' id='word_1_210' title='bbox 2269 1442 2492 1496; x_wconf 80' lang='lat' dir='ltr'>additur</span> <span class='ocrx_word' id='word_1_211' title='bbox 2517 1442 2614 1514; x_wconf 83' lang='lat' dir='ltr'>te],</span> <span class='ocrx_word' id='word_1_212' title='bbox 2652 1443 2842 1515; x_wconf 89' lang='lat' dir='ltr'>inquit</span> <span class='ocrx_word' id='word_1_213' title='bbox 2883 1444 2940 1498; x_wconf 91' lang='lat' dir='ltr'>in</span> <span class='ocrx_word' id='word_1_214' title='bbox 2975 1448 3167 1499; x_wconf 88' lang='lat' dir='ltr'>monte</span> <span class='ocrx_word' id='word_1_215' title='bbox 3195 1448 3396 1499; x_wconf 86' lang='lat' dir='ltr'>sancto</span> <span class='ocrx_word' id='word_1_216' title='bbox 3429 1445 3525 1498; x_wconf 89' lang='lat' dir='ltr'>Dei</span> <span class='ocrx_word' id='word_1_217' title='bbox 3554 1462 3568 1510; x_wconf 86' lang='lat'><strong>;</strong></span> <span class='ocrx_word' id='word_1_218' title='bbox 3619 1444 3781 1499; x_wconf 88' lang='lat' dir='ltr'>haud</span> 
     </span>
    </p>
   </div>
   <div class='ocr_carea' id='block_1_30' title="bbox 2131 1531 3782 1605">
    <p class='ocr_par' dir='ltr' id='par_1_30' title="bbox 2131 1531 3782 1605">
     <span class='ocr_line' id='line_1_30' title="bbox 2131 1531 3782 1605; baseline 0.004 -23"><span class='ocrx_word' id='word_1_219' title='bbox 2131 1531 2373 1584; x_wconf 88' lang='lat' dir='ltr'>dubium</span> <span class='ocrx_word' id='word_1_220' title='bbox 2409 1531 2549 1600; x_wconf 91' lang='lat' dir='ltr'>quin</span> <span class='ocrx_word' id='word_1_221' title='bbox 2606 1533 2942 1602; x_wconf 89' lang='lat' dir='ltr'>paradisum</span> <span class='ocrx_word' id='word_1_222' title='bbox 2989 1533 3299 1605; x_wconf 79' lang='lat' dir='ltr'>significet,</span> <span class='ocrx_word' id='word_1_223' title='bbox 3333 1534 3402 1587; x_wconf 90' lang='lat' dir='ltr'>ad</span> <span class='ocrx_word' id='word_1_224' title='bbox 3437 1548 3613 1604; x_wconf 90' lang='lat' dir='ltr'>quem</span> <span class='ocrx_word' id='word_1_225' title='bbox 3647 1537 3782 1605; x_wconf 89' lang='lat' dir='ltr'>post</span> 
     </span>
    </p>
   </div>
   <div class='ocr_carea' id='block_1_31' title="bbox 2130 1619 3783 1694">
    <p class='ocr_par' dir='ltr' id='par_1_31' title="bbox 2130 1619 3783 1694">
     <span class='ocr_line' id='line_1_31' title="bbox 2130 1619 3783 1694; baseline 0.002 -21"><span class='ocrx_word' id='word_1_226' title='bbox 2130 1619 2340 1673; x_wconf 80' lang='lat' dir='ltr'>coelum</span> <span class='ocrx_word' id='word_1_227' title='bbox 2374 1620 2610 1674; x_wconf 91' lang='lat' dir='ltr'>tertium</span> <span class='ocrx_word' id='word_1_228' title='bbox 2644 1621 2858 1676; x_wconf 82' lang='lat' dir='ltr'>Paulus</span> <span class='ocrx_word' id='word_1_229' title='bbox 2879 1624 3178 1693; x_wconf 85' lang='lat' dir='ltr'>apostolus</span> <span class='ocrx_word' id='word_1_230' title='bbox 3203 1628 3438 1694; x_wconf 86' lang='lat' dir='ltr'>raptum</span> <span class='ocrx_word' id='word_1_231' title='bbox 3461 1638 3589 1677; x_wconf 89' lang='lat' dir='ltr'>esse</span> <span class='ocrx_word' id='word_1_232' title='bbox 3615 1639 3677 1677; x_wconf 91' lang='lat' dir='ltr'>se</span> <span class='ocrx_word' id='word_1_233' title='bbox 3699 1622 3783 1676; x_wconf 87' lang='lat' dir='ltr'>di-</span> 
     </span>
    </p>
   </div>
   <div class='ocr_carea' id='block_1_32' title="bbox 2129 1695 3782 1782">
    <p class='ocr_par' dir='ltr' id='par_1_32' title="bbox 2129 1695 3782 1782">
     <span class='ocr_line' id='line_1_32' title="bbox 2129 1695 3782 1782; baseline 0.005 -22"><span class='ocrx_word' id='word_1_234' title='bbox 2129 1707 2268 1776; x_wconf 87' lang='lat' dir='ltr'>cit(l</span> <span class='ocrx_word' id='word_1_235' title='bbox 2301 1695 2420 1762; x_wconf 62' lang='grc' dir='ltr'>οὖν.</span> <span class='ocrx_word' id='word_1_236' title='bbox 2448 1712 2571 1775; x_wconf 86' lang='lat' dir='ltr'><strong>xn).</strong></span> <span class='ocrx_word' id='word_1_237' title='bbox 2598 1708 2822 1764; x_wconf 90' lang='lat' dir='ltr'>Cherub</span> <span class='ocrx_word' id='word_1_238' title='bbox 2846 1715 3041 1765; x_wconf 90' lang='lat' dir='ltr'>autem</span> <span class='ocrx_word' id='word_1_239' title='bbox 3065 1727 3275 1782; x_wconf 87' lang='lat' dir='ltr'>genere</span> <span class='ocrx_word' id='word_1_240' title='bbox 3295 1710 3645 1780; x_wconf 88' lang='lat' dir='ltr'>masculino,</span> <span class='ocrx_word' id='word_1_241' title='bbox 3679 1729 3782 1768; x_wconf 88' lang='lat' dir='ltr'>nu-</span> 
     </span>
    </p>
   </div>
   <div class='ocr_carea' id='block_1_33' title="bbox 371 1795 3783 1896">
    <p class='ocr_par' dir='ltr' id='par_1_33' title="bbox 371 1795 3783 1896">
     <span class='ocr_line' id='line_1_33' title="bbox 371 1795 3783 1896; baseline 0.001 -44"><span class='ocrx_word' id='word_1_242' title='bbox 371 1797 692 1852; x_wconf 89' lang='lat' dir='ltr'>hementer.</span> <span class='ocrx_word' id='word_1_243' title='bbox 726 1795 1092 1850; x_wconf 88' lang='lat' dir='ltr'>Desiderium</span> <span class='ocrx_word' id='word_1_244' title='bbox 1148 1795 1355 1848; x_wconf 78' lang='lat' dir='ltr'>animae</span> <span class='ocrx_word' id='word_1_245' title='bbox 1401 1797 1528 1864; x_wconf 86' lang='lat' dir='ltr'>ejus</span> <span class='ocrx_word' id='word_1_246' title='bbox 1568 1796 1825 1852; x_wconf 88' lang='lat' dir='ltr'>tribuisti</span> <span class='ocrx_word' id='word_1_247' title='bbox 1859 1798 1932 1862; x_wconf 88' lang='lat' dir='ltr'>ei,</span> <span class='ocrx_word' id='word_1_248' title='bbox 1965 1802 2022 1851; x_wconf 91' lang='lat' dir='ltr'>et</span> <span class='ocrx_word' id='word_1_249' title='bbox 2049 1834 2096 1896; x_wconf 83' lang='lat' dir='ltr'><strong>B</strong></span> <span class='ocrx_word' id='word_1_250' title='bbox 2132 1812 2287 1851; x_wconf 89' lang='lat' dir='ltr'>mero</span> <span class='ocrx_word' id='word_1_251' title='bbox 2320 1795 2604 1868; x_wconf 89' lang='lat' dir='ltr'>singulari</span> <span class='ocrx_word' id='word_1_252' title='bbox 2633 1814 2644 1852; x_wconf 94' lang='lat'>:</span> <span class='ocrx_word' id='word_1_253' title='bbox 2679 1803 2735 1852; x_wconf 90' lang='lat' dir='ltr'>et</span> <span class='ocrx_word' id='word_1_254' title='bbox 2761 1797 2968 1869; x_wconf 90' lang='lat' dir='ltr'>plurali</span> <span class='ocrx_word' id='word_1_255' title='bbox 3002 1798 3280 1853; x_wconf 92' lang='lat' dir='ltr'>dicuntur</span> <span class='ocrx_word' id='word_1_256' title='bbox 3309 1799 3645 1868; x_wconf 87' lang='lat' dir='ltr'>Cherubim,</span> <span class='ocrx_word' id='word_1_257' title='bbox 3679 1799 3783 1872; x_wconf 89' lang='lat' dir='ltr'>qui</span> 
     </span>
    </p>
   </div>
   <div class='ocr_carea' id='block_1_34' title="bbox 372 1884 2016 1953">
    <p class='ocr_par' dir='ltr' id='par_1_34' title="bbox 372 1884 2016 1953">
     <span class='ocr_line' id='line_1_34' title="bbox 372 1884 2016 1953; baseline 0 -12"><span class='ocrx_word' id='word_1_258' title='bbox 372 1886 668 1942; x_wconf 89' lang='lat' dir='ltr'>voluntate</span> <span class='ocrx_word' id='word_1_259' title='bbox 690 1885 977 1939; x_wconf 89' lang='lat' dir='ltr'>labiorum</span> <span class='ocrx_word' id='word_1_260' title='bbox 1000 1884 1255 1953; x_wconf 90' lang='lat' dir='ltr'>ejusnon</span> <span class='ocrx_word' id='word_1_261' title='bbox 1270 1884 1551 1939; x_wconf 88' lang='lat' dir='ltr'>fraudasti</span> <span class='ocrx_word' id='word_1_262' title='bbox 1569 1887 2016 1950; x_wconf 88' lang='lat' dir='ltr'>eum.Quoniam</span> 
     </span>
    </p>
   </div>
   <div class='ocr_carea' id='block_1_35' title="bbox 372 1970 2016 2048">
    <p class='ocr_par' dir='ltr' id='par_1_35' title="bbox 372 1970 2016 2048">
     <span class='ocr_line' id='line_1_35' title="bbox 372 1970 2016 2048; baseline -0.001 -18"><span class='ocrx_word' id='word_1_263' title='bbox 372 1973 699 2048; x_wconf 73' lang='lat' dir='ltr'>przevenisti</span> <span class='ocrx_word' id='word_1_264' title='bbox 732 1989 865 2026; x_wconf 89' lang='lat' dir='ltr'>eum</span> <span class='ocrx_word' id='word_1_265' title='bbox 897 1972 953 2026; x_wconf 92' lang='lat' dir='ltr'>in</span> <span class='ocrx_word' id='word_1_266' title='bbox 980 1970 1483 2026; x_wconf 76' lang='lat' dir='ltr'>benedictionibus</span> <span class='ocrx_word' id='word_1_267' title='bbox 1515 1970 1878 2028; x_wconf 89' lang='lat' dir='ltr'>dulcedinis:</span> <span class='ocrx_word' id='word_1_268' title='bbox 1917 1991 2016 2044; x_wconf 93' lang='lat' dir='ltr'>po-</span> 
     </span>
    </p>
   </div>
   <div class='ocr_carea' id='block_1_36' title="bbox 372 2061 2018 2133">
    <p class='ocr_par' dir='ltr' id='par_1_36' title="bbox 372 2061 2018 2133">
     <span class='ocr_line' id='line_1_36' title="bbox 372 2061 2018 2133; baseline -0.002 -13"><span class='ocrx_word' id='word_1_269' title='bbox 372 2065 541 2120; x_wconf 91' lang='lat' dir='ltr'>suisti</span> <span class='ocrx_word' id='word_1_270' title='bbox 591 2064 650 2117; x_wconf 90' lang='lat' dir='ltr'>in</span> <span class='ocrx_word' id='word_1_271' title='bbox 697 2061 885 2133; x_wconf 85' lang='lat' dir='ltr'>capite</span> <span class='ocrx_word' id='word_1_272' title='bbox 935 2062 1064 2132; x_wconf 86' lang='lat' dir='ltr'>ejus</span> <span class='ocrx_word' id='word_1_273' title='bbox 1111 2077 1384 2116; x_wconf 82' lang='lat' dir='ltr'>coronam</span> <span class='ocrx_word' id='word_1_274' title='bbox 1427 2061 1498 2115; x_wconf 81' lang='lat' dir='ltr'>de</span> <span class='ocrx_word' id='word_1_275' title='bbox 1546 2062 1734 2133; x_wconf 89' lang='lat' dir='ltr'>lapide</span> <span class='ocrx_word' id='word_1_276' title='bbox 1765 2063 2018 2133; x_wconf 84' lang='lat' dir='ltr'>pretioso</span> 
     </span>
    </p>
   </div>
   <div class='ocr_carea' id='block_1_37' title="bbox 373 2151 2015 2226">
    <p class='ocr_par' dir='ltr' id='par_1_37' title="bbox 373 2151 2015 2226">
     <span class='ocr_line' id='line_1_37' title="bbox 373 2151 2015 2226; baseline -0.001 -18"><span class='ocrx_word' id='word_1_277' title='bbox 373 2154 539 2226; x_wconf 66' lang='lat' dir='ltr'>(Paul.</span> <span class='ocrx_word' id='word_1_278' title='bbox 572 2169 666 2218; x_wconf 83' lang='lat' dir='ltr'>xx,</span> <span class='ocrx_word' id='word_1_279' title='bbox 701 2153 726 2205; x_wconf 93' lang='lat'>1</span> <span class='ocrx_word' id='word_1_280' title='bbox 757 2151 951 2222; x_wconf 63' lang='lat' dir='ltr'>seqq.)</span> <span class='ocrx_word' id='word_1_281' title='bbox 989 2151 1112 2204; x_wconf 60' lang='lat' dir='ltr'>Ista:</span> <span class='ocrx_word' id='word_1_282' title='bbox 1143 2153 1282 2203; x_wconf 91' lang='lat' dir='ltr'>sunt</span> <span class='ocrx_word' id='word_1_283' title='bbox 1330 2151 1655 2220; x_wconf 68' lang='lat' dir='ltr'>margarita:</span> <span class='ocrx_word' id='word_1_284' title='bbox 1707 2152 2015 2222; x_wconf 89' lang='lat' dir='ltr'>propheta-</span> 
     </span>
    </p>
   </div>
   <div class='ocr_carea' id='block_1_38' title="bbox 374 2238 2016 2312">
    <p class='ocr_par' dir='ltr' id='par_1_38' title="bbox 374 2238 2016 2312">
     <span class='ocr_line' id='line_1_38' title="bbox 374 2238 2016 2312; baseline -0.002 -14"><span class='ocrx_word' id='word_1_285' title='bbox 374 2260 504 2298; x_wconf 90' lang='lat' dir='ltr'>rum</span> <span class='ocrx_word' id='word_1_286' title='bbox 527 2247 583 2297; x_wconf 92' lang='lat' dir='ltr'>et</span> <span class='ocrx_word' id='word_1_287' title='bbox 600 2239 994 2312; x_wconf 85' lang='lat' dir='ltr'>apostolorum</span> <span class='ocrx_word' id='word_1_288' title='bbox 1019 2255 1144 2310; x_wconf 72' lang='lat' dir='ltr'>qua:</span> <span class='ocrx_word' id='word_1_289' title='bbox 1167 2239 1602 2309; x_wconf 88' lang='lat' dir='ltr'>comparatione</span> <span class='ocrx_word' id='word_1_290' title='bbox 1633 2238 1867 2308; x_wconf 87' lang='lat' dir='ltr'>Christi,</span> <span class='ocrx_word' id='word_1_291' title='bbox 1893 2257 2016 2295; x_wconf 90' lang='lat' dir='ltr'>om-</span> 
     </span>
    </p>
   </div>
   <div class='ocr_carea' id='block_1_39' title="bbox 374 2326 2019 2398">
    <p class='ocr_par' dir='ltr' id='par_1_39' title="bbox 374 2326 2019 2398">
     <span class='ocr_line' id='line_1_39' title="bbox 374 2326 2019 2398; baseline -0.003 -10"><span class='ocrx_word' id='word_1_292' title='bbox 374 2349 479 2387; x_wconf 87' lang='lat' dir='ltr'>nes</span> <span class='ocrx_word' id='word_1_293' title='bbox 498 2330 909 2387; x_wconf 86' lang='lat' dir='ltr'>venundantur</span> <span class='ocrx_word' id='word_1_294' title='bbox 938 2328 995 2382; x_wconf 91' lang='lat' dir='ltr'>in</span> <span class='ocrx_word' id='word_1_295' title='bbox 1026 2326 1334 2398; x_wconf 88' lang='lat' dir='ltr'>Evangelio</span> <span class='ocrx_word' id='word_1_296' title='bbox 1366 2328 1567 2398; x_wconf 78' lang='lat' dir='ltr'>(Matth.</span> <span class='ocrx_word' id='word_1_297' title='bbox 1603 2329 1741 2398; x_wconf 72' lang='lat' dir='ltr'>xxv),</span> <span class='ocrx_word' id='word_1_298' title='bbox 1775 2333 1839 2383; x_wconf 90' lang='lat' dir='ltr'>ut</span> <span class='ocrx_word' id='word_1_299' title='bbox 1867 2345 2019 2384; x_wconf 85' lang='lat' dir='ltr'>ema-</span> 
     </span>
    </p>
   </div>
   <div class='ocr_carea' id='block_1_40' title="bbox 371 2417 2020 2492">
    <p class='ocr_par' dir='ltr' id='par_1_40' title="bbox 371 2417 2020 2492">
     <span class='ocr_line' id='line_1_40' title="bbox 371 2417 2020 2492; baseline -0.001 -17"><span class='ocrx_word' id='word_1_300' title='bbox 371 2427 468 2475; x_wconf 91' lang='lat' dir='ltr'>tur</span> <span class='ocrx_word' id='word_1_301' title='bbox 492 2418 982 2492; x_wconf 89' lang='lat' dir='ltr'>pretiosissimum</span> <span class='ocrx_word' id='word_1_302' title='bbox 1010 2417 1476 2488; x_wconf 84' lang='lat' dir='ltr'>margaritum,et</span> <span class='ocrx_word' id='word_1_303' title='bbox 1496 2417 1676 2488; x_wconf 88' lang='lat' dir='ltr'>lapsis</span> <span class='ocrx_word' id='word_1_304' title='bbox 1694 2418 1764 2472; x_wconf 93' lang='lat' dir='ltr'>de</span> <span class='ocrx_word' id='word_1_305' title='bbox 1787 2435 1899 2489; x_wconf 91' lang='lat' dir='ltr'>quo</span> <span class='ocrx_word' id='word_1_306' title='bbox 1920 2419 2020 2473; x_wconf 91' lang='lat' dir='ltr'>Za-</span> 
     </span>
    </p>
   </div>
   <div class='ocr_carea' id='block_1_41' title="bbox 371 2505 2014 2578">
    <p class='ocr_par' dir='ltr' id='par_1_41' title="bbox 371 2505 2014 2578">
     <span class='ocr_line' id='line_1_41' title="bbox 371 2505 2014 2578; baseline -0.001 -14"><span class='ocrx_word' id='word_1_307' title='bbox 371 2509 601 2564; x_wconf 90' lang='lat' dir='ltr'>charias</span> <span class='ocrx_word' id='word_1_308' title='bbox 632 2508 851 2577; x_wconf 89' lang='lat' dir='ltr'>scribit,</span> <span class='ocrx_word' id='word_1_309' title='bbox 885 2507 1037 2578; x_wconf 92' lang='lat' dir='ltr'>quod</span> <span class='ocrx_word' id='word_1_310' title='bbox 1088 2511 1309 2577; x_wconf 87' lang='lat' dir='ltr'>septem</span> <span class='ocrx_word' id='word_1_311' title='bbox 1342 2505 1550 2561; x_wconf 87' lang='lat' dir='ltr'>habeat</span> <span class='ocrx_word' id='word_1_312' title='bbox 1571 2506 1789 2574; x_wconf 89' lang='lat' dir='ltr'>oculos,</span> <span class='ocrx_word' id='word_1_313' title='bbox 1825 2507 1878 2560; x_wconf 92' lang='lat' dir='ltr'>id</span> <span class='ocrx_word' id='word_1_314' title='bbox 1908 2513 2014 2574; x_wconf 90' lang='lat' dir='ltr'>est,</span> 
     </span>
    </p>
   </div>
   <div class='ocr_carea' id='block_1_42' title="bbox 371 2596 2017 2671">
    <p class='ocr_par' dir='ltr' id='par_1_42' title="bbox 371 2596 2017 2671">
     <span class='ocr_line' id='line_1_42' title="bbox 371 2596 2017 2671; baseline -0.002 -17"><span class='ocrx_word' id='word_1_315' title='bbox 371 2602 595 2671; x_wconf 89' lang='lat' dir='ltr'>septem</span> <span class='ocrx_word' id='word_1_316' title='bbox 621 2597 838 2670; x_wconf 86' lang='lat' dir='ltr'>gratias</span> <span class='ocrx_word' id='word_1_317' title='bbox 867 2596 1116 2668; x_wconf 89' lang='lat' dir='ltr'>Spiritus</span> <span class='ocrx_word' id='word_1_318' title='bbox 1149 2596 1332 2651; x_wconf 90' lang='lat' dir='ltr'>sancti</span> <span class='ocrx_word' id='word_1_319' title='bbox 1354 2597 1542 2665; x_wconf 84' lang='lat' dir='ltr'>(Zach.</span> <span class='ocrx_word' id='word_1_320' title='bbox 1577 2613 1637 2650; x_wconf 88' lang='grc' dir='ltr'>ιιι</span> <span class='ocrx_word' id='word_1_321' title='bbox 1661 2601 1711 2651; x_wconf 82' lang='lat' dir='ltr'>et</span> <span class='ocrx_word' id='word_1_322' title='bbox 1743 2597 1838 2667; x_wconf 79' lang='grc' dir='ltr'>ιν).</span> <span class='ocrx_word' id='word_1_323' title='bbox 1872 2597 2017 2667; x_wconf 88' lang='lat' dir='ltr'>Lege</span> 
     </span>
    </p>
   </div>
   <div class='ocr_carea' id='block_1_43' title="bbox 372 2685 2015 2756">
    <p class='ocr_par' dir='ltr' id='par_1_43' title="bbox 372 2685 2015 2756">
     <span class='ocr_line' id='line_1_43' title="bbox 372 2685 2015 2756; baseline -0.004 -12"><span class='ocrx_word' id='word_1_324' title='bbox 372 2690 608 2744; x_wconf 88' lang='lat' dir='ltr'>Isaiam.</span> <span class='ocrx_word' id='word_1_325' title='bbox 641 2691 708 2741; x_wconf 87' lang='lat' dir='ltr'>Et</span> <span class='ocrx_word' id='word_1_326' title='bbox 740 2688 972 2755; x_wconf 88' lang='lat' dir='ltr'>ponitur</span> <span class='ocrx_word' id='word_1_327' title='bbox 1016 2702 1116 2755; x_wconf 92' lang='lat' dir='ltr'>per</span> <span class='ocrx_word' id='word_1_328' title='bbox 1145 2685 1472 2756; x_wconf 87' lang='lat' dir='ltr'>apostolum</span> <span class='ocrx_word' id='word_1_329' title='bbox 1517 2685 1762 2739; x_wconf 90' lang='lat' dir='ltr'>Paulum</span> <span class='ocrx_word' id='word_1_330' title='bbox 1795 2685 1850 2739; x_wconf 91' lang='lat' dir='ltr'>in</span> <span class='ocrx_word' id='word_1_331' title='bbox 1887 2686 2015 2739; x_wconf 88' lang='lat' dir='ltr'>fun-</span> 
     </span>
    </p>
   </div>
   <div class='ocr_carea' id='block_1_44' title="bbox 372 2772 2015 2844">
    <p class='ocr_par' dir='ltr' id='par_1_44' title="bbox 372 2772 2015 2844">
     <span class='ocr_line' id='line_1_44' title="bbox 372 2772 2015 2844; baseline -0.001 -14"><span class='ocrx_word' id='word_1_332' title='bbox 372 2778 648 2831; x_wconf 86' lang='lat' dir='ltr'>damento</span> <span class='ocrx_word' id='word_1_333' title='bbox 705 2773 994 2840; x_wconf 69' lang='lat' dir='ltr'>Ecclesiae,</span> <span class='ocrx_word' id='word_1_334' title='bbox 1045 2789 1222 2843; x_wconf 89' lang='lat' dir='ltr'>super</span> <span class='ocrx_word' id='word_1_335' title='bbox 1252 2789 1366 2844; x_wconf 91' lang='lat' dir='ltr'>quo</span> <span class='ocrx_word' id='word_1_336' title='bbox 1399 2772 1759 2827; x_wconf 57' lang='lat' dir='ltr'>aedificentur</span> <span class='ocrx_word' id='word_1_337' title='bbox 1784 2790 2015 2838; x_wconf 90' lang='lat' dir='ltr'>aurum,</span> 
     </span>
    </p>
   </div>
   <div class='ocr_carea' id='block_1_45' title="bbox 373 2859 2017 2934">
    <p class='ocr_par' dir='ltr' id='par_1_45' title="bbox 373 2859 2017 2934">
     <span class='ocr_line' id='line_1_45' title="bbox 373 2859 2017 2934; baseline -0.001 -16"><span class='ocrx_word' id='word_1_338' title='bbox 373 2868 702 2934; x_wconf 75' lang='lat' dir='ltr'>argentum,</span> <span class='ocrx_word' id='word_1_339' title='bbox 734 2868 790 2917; x_wconf 89' lang='lat' dir='ltr'>et</span> <span class='ocrx_word' id='word_1_340' title='bbox 841 2861 1060 2932; x_wconf 90' lang='lat' dir='ltr'>lapides</span> <span class='ocrx_word' id='word_1_341' title='bbox 1093 2859 1327 2931; x_wconf 85' lang='lat' dir='ltr'>pretiosi</span> <span class='ocrx_word' id='word_1_342' title='bbox 1377 2863 1421 2928; x_wconf 87' lang='grc' dir='ltr'>(Ι</span> <span class='ocrx_word' id='word_1_343' title='bbox 1453 2863 1573 2916; x_wconf 81' lang='lat' dir='ltr'>Cor.</span> <span class='ocrx_word' id='word_1_344' title='bbox 1608 2867 1693 2928; x_wconf 89' lang='grc' dir='ltr'>ιιι)</span> <span class='ocrx_word' id='word_1_345' title='bbox 1720 2878 1731 2915; x_wconf 85' lang='grc'>;</span> <span class='ocrx_word' id='word_1_346' title='bbox 1765 2879 2017 2932; x_wconf 90' lang='lat' dir='ltr'>quorum</span> 
     </span>
    </p>
   </div>
   <div class='ocr_carea' id='block_1_46' title="bbox 373 2949 2016 3021">
    <p class='ocr_par' dir='ltr' id='par_1_46' title="bbox 373 2949 2016 3021">
     <span class='ocr_line' id='line_1_46' title="bbox 373 2949 2016 3021; baseline -0.001 -15"><span class='ocrx_word' id='word_1_347' title='bbox 373 2951 592 3007; x_wconf 92' lang='lat' dir='ltr'>colores</span> <span class='ocrx_word' id='word_1_348' title='bbox 615 2955 788 3021; x_wconf 88' lang='lat' dir='ltr'>atque</span> <span class='ocrx_word' id='word_1_349' title='bbox 811 2954 1052 3004; x_wconf 90' lang='lat' dir='ltr'>naturas</span> <span class='ocrx_word' id='word_1_350' title='bbox 1073 2949 1484 3004; x_wconf 86' lang='lat' dir='ltr'>etelficientias</span> <span class='ocrx_word' id='word_1_351' title='bbox 1506 2950 2016 3020; x_wconf 83' lang='lat' dir='ltr'>singulorum,non</span> 
     </span>
    </p>
   </div>
   <div class='ocr_carea' id='block_1_47' title="bbox 371 3038 2017 3111">
    <p class='ocr_par' dir='ltr' id='par_1_47' title="bbox 371 3038 2017 3111">
     <span class='ocr_line' id='line_1_47' title="bbox 371 3038 2017 3111; baseline -0.001 -14"><span class='ocrx_word' id='word_1_352' title='bbox 371 3045 462 3097; x_wconf 88' lang='lat' dir='ltr'>est</span> <span class='ocrx_word' id='word_1_353' title='bbox 481 3041 661 3111; x_wconf 85' lang='lat' dir='ltr'>hujus</span> <span class='ocrx_word' id='word_1_354' title='bbox 680 3038 960 3111; x_wconf 90' lang='lat' dir='ltr'>temporis</span> <span class='ocrx_word' id='word_1_355' title='bbox 981 3038 1265 3093; x_wconf 89' lang='lat' dir='ltr'>disserere</span> <span class='ocrx_word' id='word_1_356' title='bbox 1281 3039 1401 3105; x_wconf 87' lang='lat' dir='ltr'>,sed</span> <span class='ocrx_word' id='word_1_357' title='bbox 1424 3039 1720 3110; x_wconf 88' lang='lat' dir='ltr'>proprium</span> <span class='ocrx_word' id='word_1_358' title='bbox 1746 3039 2017 3095; x_wconf 88' lang='lat' dir='ltr'>volumen</span> 
     </span>
    </p>
   </div>
   <div class='ocr_carea' id='block_1_48' title="bbox 373 3125 2017 3200">
    <p class='ocr_par' dir='ltr' id='par_1_48' title="bbox 373 3125 2017 3200">
     <span class='ocr_line' id='line_1_48' title="bbox 373 3125 2017 3200; baseline -0.001 -14"><span class='ocrx_word' id='word_1_359' title='bbox 373 3130 734 3186; x_wconf 90' lang='lat' dir='ltr'>desiderant:</span> <span class='ocrx_word' id='word_1_360' title='bbox 756 3127 991 3182; x_wconf 87' lang='lat' dir='ltr'>itautin</span> <span class='ocrx_word' id='word_1_361' title='bbox 1011 3125 1288 3196; x_wconf 85' lang='lat' dir='ltr'>Ezechiel,</span> <span class='ocrx_word' id='word_1_362' title='bbox 1325 3131 1380 3182; x_wconf 89' lang='lat' dir='ltr'>et</span> <span class='ocrx_word' id='word_1_363' title='bbox 1411 3127 1695 3194; x_wconf 82' lang='lat' dir='ltr'>inExodo,</span> <span class='ocrx_word' id='word_1_364' title='bbox 1729 3129 2017 3200; x_wconf 89' lang='lat' dir='ltr'>etinApo-</span> 
     </span>
    </p>
   </div>
   <div class='ocr_carea' id='block_1_49' title="bbox 374 3201 2092 3291">
    <p class='ocr_par' dir='ltr' id='par_1_49' title="bbox 374 3201 2092 3291">
     <span class='ocr_line' id='line_1_49' title="bbox 374 3201 2092 3291; baseline -0.005 -17"><span class='ocrx_word' id='word_1_365' title='bbox 374 3218 592 3291; x_wconf 89' lang='lat' dir='ltr'>calypsi</span> <span class='ocrx_word' id='word_1_366' title='bbox 625 3222 680 3273; x_wconf 88' lang='lat' dir='ltr'>et</span> <span class='ocrx_word' id='word_1_367' title='bbox 710 3219 768 3272; x_wconf 92' lang='lat' dir='ltr'>in</span> <span class='ocrx_word' id='word_1_368' title='bbox 795 3217 963 3282; x_wconf 86' lang='lat' dir='ltr'>Isaia,</span> <span class='ocrx_word' id='word_1_369' title='bbox 991 3217 1145 3271; x_wconf 75' lang='lat'>334</span> <span class='ocrx_word' id='word_1_370' title='bbox 1167 3215 1278 3270; x_wconf 90' lang='lat' dir='ltr'>sibi</span> <span class='ocrx_word' id='word_1_371' title='bbox 1302 3216 1762 3288; x_wconf 83' lang='lat' dir='ltr'>omneslapides,</span> <span class='ocrx_word' id='word_1_372' title='bbox 1798 3222 1854 3272; x_wconf 91' lang='lat' dir='ltr'>et</span> <span class='ocrx_word' id='word_1_373' title='bbox 1877 3217 2019 3290; x_wconf 88' lang='lat' dir='ltr'>lapi-</span> <span class='ocrx_word' id='word_1_374' title='bbox 2051 3201 2092 3265; x_wconf 86' lang='lat' dir='ltr'><strong>C</strong></span> 
     </span>
    </p>
   </div>
   <div class='ocr_carea' id='block_1_50' title="bbox 375 3304 2023 3378">
    <p class='ocr_par' dir='ltr' id='par_1_50' title="bbox 375 3304 2023 3378">
     <span class='ocr_line' id='line_1_50' title="bbox 375 3304 2023 3378; baseline -0.001 -15"><span class='ocrx_word' id='word_1_375' title='bbox 375 3308 518 3363; x_wconf 90' lang='lat' dir='ltr'>dum</span> <span class='ocrx_word' id='word_1_376' title='bbox 540 3308 772 3363; x_wconf 89' lang='lat' dir='ltr'>ordines</span> <span class='ocrx_word' id='word_1_377' title='bbox 794 3306 1414 3378; x_wconf 79' lang='lat' dir='ltr'>comparati,magnam</span> <span class='ocrx_word' id='word_1_378' title='bbox 1433 3311 1489 3359; x_wconf 89' lang='lat' dir='ltr'>et</span> <span class='ocrx_word' id='word_1_379' title='bbox 1507 3304 1736 3376; x_wconf 89' lang='lat' dir='ltr'>legenti,</span> <span class='ocrx_word' id='word_1_380' title='bbox 1752 3312 1808 3361; x_wconf 91' lang='lat' dir='ltr'>et</span> <span class='ocrx_word' id='word_1_381' title='bbox 1845 3307 2023 3362; x_wconf 83' lang='lat' dir='ltr'>disse-</span> 
     </span>
    </p>
   </div>
   <div class='ocr_carea' id='block_1_51' title="bbox 376 3394 2020 3466">
    <p class='ocr_par' dir='ltr' id='par_1_51' title="bbox 376 3394 2020 3466">
     <span class='ocr_line' id='line_1_51' title="bbox 376 3394 2020 3466; baseline -0.001 -14"><span class='ocrx_word' id='word_1_382' title='bbox 376 3398 522 3453; x_wconf 88' lang='lat' dir='ltr'>renti</span> <span class='ocrx_word' id='word_1_383' title='bbox 549 3396 1182 3466; x_wconf 73' lang='lat' dir='ltr'>faciantquaestionem.</span> <span class='ocrx_word' id='word_1_384' title='bbox 1216 3395 1400 3465; x_wconf 89' lang='lat' dir='ltr'>Super</span> <span class='ocrx_word' id='word_1_385' title='bbox 1450 3394 1662 3465; x_wconf 91' lang='lat' dir='ltr'>quibus</span> <span class='ocrx_word' id='word_1_386' title='bbox 1695 3400 1751 3449; x_wconf 92' lang='lat' dir='ltr'>et</span> <span class='ocrx_word' id='word_1_387' title='bbox 1782 3395 1867 3449; x_wconf 91' lang='lat' dir='ltr'>vir</span> <span class='ocrx_word' id='word_1_388' title='bbox 1887 3413 2020 3451; x_wconf 84' lang='lat' dir='ltr'>san-</span> 
     </span>
    </p>
   </div>
   <div class='ocr_carea' id='block_1_52' title="bbox 375 3482 2020 3559">
    <p class='ocr_par' dir='ltr' id='par_1_52' title="bbox 375 3482 2020 3559">
     <span class='ocr_line' id='line_1_52' title="bbox 375 3482 2020 3559; baseline -0.003 -16"><span class='ocrx_word' id='word_1_389' title='bbox 375 3492 504 3543; x_wconf 89' lang='lat' dir='ltr'>ctus</span> <span class='ocrx_word' id='word_1_390' title='bbox 529 3485 888 3559; x_wconf 89' lang='lat' dir='ltr'>Epiphanius</span> <span class='ocrx_word' id='word_1_391' title='bbox 919 3485 1229 3556; x_wconf 90' lang='lat' dir='ltr'>episcopus</span> <span class='ocrx_word' id='word_1_392' title='bbox 1263 3483 1557 3554; x_wconf 91' lang='lat' dir='ltr'>proprium</span> <span class='ocrx_word' id='word_1_393' title='bbox 1581 3482 1847 3538; x_wconf 84' lang='lat' dir='ltr'>volumen</span> <span class='ocrx_word' id='word_1_394' title='bbox 1877 3485 2020 3538; x_wconf 90' lang='lat' dir='ltr'>mihi</span> 
     </span>
    </p>
   </div>
   <div class='ocr_carea' id='block_1_53' title="bbox 375 3571 2021 3650">
    <p class='ocr_par' dir='ltr' id='par_1_53' title="bbox 375 3571 2021 3650">
     <span class='ocr_line' id='line_1_53' title="bbox 375 3571 2021 3650; baseline -0.003 -17"><span class='ocrx_word' id='word_1_395' title='bbox 375 3593 632 3650; x_wconf 73' lang='lat' dir='ltr'>praesens</span> <span class='ocrx_word' id='word_1_396' title='bbox 652 3574 908 3630; x_wconf 89' lang='lat' dir='ltr'>tradidit.</span> <span class='ocrx_word' id='word_1_397' title='bbox 946 3575 1012 3628; x_wconf 87' lang='lat' dir='ltr'>Et</span> <span class='ocrx_word' id='word_1_398' title='bbox 1037 3590 1223 3628; x_wconf 80' lang='lat' dir='ltr'>xxxvu</span> <span class='ocrx_word' id='word_1_399' title='bbox 1254 3572 1402 3627; x_wconf 92' lang='lat' dir='ltr'>liber</span> <span class='ocrx_word' id='word_1_400' title='bbox 1425 3571 1592 3627; x_wconf 87' lang='lat' dir='ltr'>Plinii</span> <span class='ocrx_word' id='word_1_401' title='bbox 1612 3572 1884 3642; x_wconf 88' lang='lat' dir='ltr'>Secundi,</span> <span class='ocrx_word' id='word_1_402' title='bbox 1914 3575 2021 3629; x_wconf 87' lang='lat' dir='ltr'>Na-</span> 
     </span>
    </p>
   </div>
   <div class='ocr_carea' id='block_1_54' title="bbox 373 3661 2018 3734">
    <p class='ocr_par' dir='ltr' id='par_1_54' title="bbox 373 3661 2018 3734">
     <span class='ocr_line' id='line_1_54' title="bbox 373 3661 2018 3734; baseline -0.002 -13"><span class='ocrx_word' id='word_1_403' title='bbox 373 3665 583 3721; x_wconf 89' lang='lat' dir='ltr'>turalis</span> <span class='ocrx_word' id='word_1_404' title='bbox 611 3663 896 3730; x_wconf 70' lang='lat' dir='ltr'>Historiae,</span> <span class='ocrx_word' id='word_1_405' title='bbox 931 3668 1061 3734; x_wconf 92' lang='lat' dir='ltr'>post</span> <span class='ocrx_word' id='word_1_406' title='bbox 1092 3661 1475 3733; x_wconf 80' lang='lat' dir='ltr'>multiplicem</span> <span class='ocrx_word' id='word_1_407' title='bbox 1509 3661 1772 3716; x_wconf 92' lang='lat' dir='ltr'>omnium</span> <span class='ocrx_word' id='word_1_408' title='bbox 1824 3679 2018 3718; x_wconf 89' lang='lat' dir='ltr'>rerum</span> 
     </span>
    </p>
   </div>
   <div class='ocr_carea' id='block_1_55' title="bbox 372 3750 2018 3825">
    <p class='ocr_par' dir='ltr' id='par_1_55' title="bbox 372 3750 2018 3825">
     <span class='ocr_line' id='line_1_55' title="bbox 372 3750 2018 3825; baseline -0.002 -15"><span class='ocrx_word' id='word_1_409' title='bbox 372 3754 780 3825; x_wconf 87' lang='lat' dir='ltr'>scientiam,de</span> <span class='ocrx_word' id='word_1_410' title='bbox 799 3753 1050 3825; x_wconf 89' lang='lat' dir='ltr'>gemmis</span> <span class='ocrx_word' id='word_1_411' title='bbox 1070 3755 1126 3806; x_wconf 93' lang='lat' dir='ltr'>et</span> <span class='ocrx_word' id='word_1_412' title='bbox 1149 3750 1444 3822; x_wconf 89' lang='lat' dir='ltr'>lapidibus</span> <span class='ocrx_word' id='word_1_413' title='bbox 1467 3751 1745 3822; x_wconf 87' lang='lat' dir='ltr'>disputat.</span> <span class='ocrx_word' id='word_1_414' title='bbox 1769 3752 1854 3805; x_wconf 86' lang='lat' dir='ltr'>Ad</span> <span class='ocrx_word' id='word_1_415' title='bbox 1877 3768 2018 3822; x_wconf 89' lang='lat' dir='ltr'>quo-</span> 
     </span>
    </p>
   </div>
   <div class='ocr_carea' id='block_1_56' title="bbox 372 3839 2015 3914">
    <p class='ocr_par' dir='ltr' id='par_1_56' title="bbox 372 3839 2015 3914">
     <span class='ocr_line' id='line_1_56' title="bbox 372 3839 2015 3914; baseline -0.002 -15"><span class='ocrx_word' id='word_1_416' title='bbox 372 3861 503 3900; x_wconf 91' lang='lat' dir='ltr'>rum</span> <span class='ocrx_word' id='word_1_417' title='bbox 528 3843 791 3898; x_wconf 87' lang='lat' dir='ltr'>notitiam</span> <span class='ocrx_word' id='word_1_418' title='bbox 821 3842 1071 3914; x_wconf 88' lang='lat' dir='ltr'>diligens</span> <span class='ocrx_word' id='word_1_419' title='bbox 1098 3858 1131 3896; x_wconf 90' lang='lat' dir='ltr'>a</span> <span class='ocrx_word' id='word_1_420' title='bbox 1153 3840 1319 3895; x_wconf 88' lang='lat' dir='ltr'>nobis</span> <span class='ocrx_word' id='word_1_421' title='bbox 1341 3840 1662 3894; x_wconf 89' lang='lat' dir='ltr'>mittendus</span> <span class='ocrx_word' id='word_1_422' title='bbox 1695 3844 1784 3894; x_wconf 90' lang='lat' dir='ltr'>est</span> <span class='ocrx_word' id='word_1_423' title='bbox 1815 3839 2015 3896; x_wconf 91' lang='lat' dir='ltr'>lector.</span> 
     </span>
    </p>
   </div>
   <div class='ocr_carea' id='block_1_57' title="bbox 369 3929 2014 4003">
    <p class='ocr_par' dir='ltr' id='par_1_57' title="bbox 369 3929 2014 4003">
     <span class='ocr_line' id='line_1_57' title="bbox 369 3929 2014 4003; baseline -0.002 -16"><span class='ocrx_word' id='word_1_424' title='bbox 369 3931 542 3988; x_wconf 92' lang='lat' dir='ltr'>Porro</span> <span class='ocrx_word' id='word_1_425' title='bbox 556 3930 891 4003; x_wconf 81' lang='lat' dir='ltr'>Symmachi</span> <span class='ocrx_word' id='word_1_426' title='bbox 904 3929 1443 4001; x_wconf 85' lang='lat' dir='ltr'>interpretatio,istu</span> <span class='ocrx_word' id='word_1_427' title='bbox 1455 3946 1509 3982; x_wconf 93' lang='lat' dir='ltr'>m</span> <span class='ocrx_word' id='word_1_428' title='bbox 1525 3929 1707 3999; x_wconf 89' lang='lat' dir='ltr'>priuci</span> <span class='ocrx_word' id='word_1_429' title='bbox 1719 3945 1846 4000; x_wconf 88' lang='lat' dir='ltr'>pem</span> <span class='ocrx_word' id='word_1_430' title='bbox 1861 3929 2014 4001; x_wconf 90' lang='lat' dir='ltr'>Tyri,</span> 
     </span>
    </p>
   </div>
   <div class='ocr_carea' id='block_1_58' title="bbox 372 4016 2018 4094">
    <p class='ocr_par' dir='ltr' id='par_1_58' title="bbox 372 4016 2018 4094">
     <span class='ocr_line' id='line_1_58' title="bbox 372 4016 2018 4094; baseline -0.002 -17"><span class='ocrx_word' id='word_1_431' title='bbox 372 4021 539 4094; x_wconf 90' lang='lat' dir='ltr'>quasi</span> <span class='ocrx_word' id='word_1_432' title='bbox 573 4020 1064 4093; x_wconf 90' lang='lat' dir='ltr'>pretiosissimum</span> <span class='ocrx_word' id='word_1_433' title='bbox 1088 4017 1302 4073; x_wconf 86' lang='lat' dir='ltr'>monile</span> <span class='ocrx_word' id='word_1_434' title='bbox 1333 4016 1629 4088; x_wconf 88' lang='lat' dir='ltr'>lapidibus</span> <span class='ocrx_word' id='word_1_435' title='bbox 1658 4018 1860 4072; x_wconf 89' lang='lat' dir='ltr'>scribit</span> <span class='ocrx_word' id='word_1_436' title='bbox 1890 4035 2018 4074; x_wconf 88' lang='lat' dir='ltr'>esse</span> 
     </span>
    </p>
   </div>
   <div class='ocr_carea' id='block_1_59' title="bbox 371 4106 2015 4178">
    <p class='ocr_par' dir='ltr' id='par_1_59' title="bbox 371 4106 2015 4178">
     <span class='ocr_line' id='line_1_59' title="bbox 371 4106 2015 4178; baseline -0.002 -13"><span class='ocrx_word' id='word_1_437' title='bbox 371 4111 742 4165; x_wconf 87' lang='lat' dir='ltr'>distinctum.</span> <span class='ocrx_word' id='word_1_438' title='bbox 781 4108 1035 4178; x_wconf 91' lang='lat' dir='ltr'>Denique</span> <span class='ocrx_word' id='word_1_439' title='bbox 1067 4106 1192 4161; x_wconf 88' lang='lat' dir='ltr'>auri</span> <span class='ocrx_word' id='word_1_440' title='bbox 1218 4110 1557 4178; x_wconf 80' lang='lat' dir='ltr'>tympanum</span> <span class='ocrx_word' id='word_1_441' title='bbox 1591 4111 1774 4175; x_wconf 83' lang='lat' dir='ltr'>vocat,</span> <span class='ocrx_word' id='word_1_442' title='bbox 1809 4106 1866 4160; x_wconf 92' lang='lat' dir='ltr'>in</span> <span class='ocrx_word' id='word_1_443' title='bbox 1900 4124 2015 4178; x_wconf 89' lang='lat' dir='ltr'>quo</span> 
     </span>
    </p>
   </div>
   <div class='ocr_carea' id='block_1_60' title="bbox 387 4194 2013 4268">
    <p class='ocr_par' dir='ltr' id='par_1_60' title="bbox 387 4194 2013 4268">
     <span class='ocr_line' id='line_1_60' title="bbox 387 4194 2013 4268; baseline -0.002 -14"><span class='ocrx_word' id='word_1_444' title='bbox 387 4200 526 4254; x_wconf 85' lang='lat' dir='ltr'>nﬁxi</span> <span class='ocrx_word' id='word_1_445' title='bbox 550 4194 1694 4268; x_wconf 81' lang='lat' dir='ltr'>sintlapides.UndeetjuxtaHebraicum</span> <span class='ocrx_word' id='word_1_446' title='bbox 1711 4196 2013 4265; x_wconf 88' lang='lat' dir='ltr'>sequitur:</span> 
     </span>
    </p>
   </div>
   <div class='ocr_carea' id='block_1_61' title="bbox 364 4283 2015 4357">
    <p class='ocr_par' dir='ltr' id='par_1_61' title="bbox 364 4283 2015 4357">
     <span class='ocr_line' id='line_1_61' title="bbox 364 4283 2015 4357; baseline -0.002 -15"><span class='ocrx_word' id='word_1_447' title='bbox 364 4289 588 4342; x_wconf 85' lang='lat' dir='ltr'>Aurum</span> <span class='ocrx_word' id='word_1_448' title='bbox 623 4303 770 4357; x_wconf 90' lang='lat' dir='ltr'>opus</span> <span class='ocrx_word' id='word_1_449' title='bbox 801 4284 1026 4339; x_wconf 89' lang='lat' dir='ltr'>decoris</span> <span class='ocrx_word' id='word_1_450' title='bbox 1056 4283 1228 4350; x_wconf 91' lang='lat' dir='ltr'>tui,et</span> <span class='ocrx_word' id='word_1_451' title='bbox 1248 4283 1535 4338; x_wconf 78' lang='lat' dir='ltr'>foramina</span> <span class='ocrx_word' id='word_1_452' title='bbox 1565 4288 1665 4336; x_wconf 89' lang='lat' dir='ltr'>tua</span> <span class='ocrx_word' id='word_1_453' title='bbox 1696 4283 1753 4336; x_wconf 91' lang='lat' dir='ltr'>in</span> <span class='ocrx_word' id='word_1_454' title='bbox 1786 4284 1878 4339; x_wconf 89' lang='lat' dir='ltr'>die</span> <span class='ocrx_word' id='word_1_455' title='bbox 1900 4302 2015 4355; x_wconf 92' lang='lat' dir='ltr'>qua</span> 
     </span>
    </p>
   </div>
   <div class='ocr_carea' id='block_1_62' title="bbox 366 4370 2010 4444">
    <p class='ocr_par' dir='ltr' id='par_1_62' title="bbox 366 4370 2010 4444">
     <span class='ocr_line' id='line_1_62' title="bbox 366 4370 2010 4444; baseline -0.002 -13"><span class='ocrx_word' id='word_1_456' title='bbox 366 4377 637 4431; x_wconf 90' lang='lat' dir='ltr'>conditus</span> <span class='ocrx_word' id='word_1_457' title='bbox 684 4391 768 4442; x_wconf 89' lang='lat' dir='ltr'>es,</span> <span class='ocrx_word' id='word_1_458' title='bbox 801 4376 1123 4444; x_wconf 65' lang='lat' dir='ltr'>praeparata</span> <span class='ocrx_word' id='word_1_459' title='bbox 1149 4375 1306 4426; x_wconf 90' lang='lat' dir='ltr'>sunt.</span> <span class='ocrx_word' id='word_1_460' title='bbox 1340 4370 1448 4424; x_wconf 90' lang='lat' dir='ltr'>Pro</span> <span class='ocrx_word' id='word_1_461' title='bbox 1480 4387 1595 4442; x_wconf 92' lang='lat' dir='ltr'>quo</span> <span class='ocrx_word' id='word_1_462' title='bbox 1628 4387 1873 4442; x_wconf 90' lang='lat' dir='ltr'>posuere</span> <span class='ocrx_word' id='word_1_463' title='bbox 1912 4374 2010 4428; x_wconf 88' lang='lat' dir='ltr'>Se-</span> 
     </span>
    </p>
   </div>
   <div class='ocr_carea' id='block_1_63' title="bbox 363 4460 2013 4536">
    <p class='ocr_par' dir='ltr' id='par_1_63' title="bbox 363 4460 2013 4536">
     <span class='ocr_line' id='line_1_63' title="bbox 363 4460 2013 4536; baseline -0.001 -16"><span class='ocrx_word' id='word_1_464' title='bbox 363 4465 669 4536; x_wconf 85' lang='lat' dir='ltr'>ptuaginta</span> <span class='ocrx_word' id='word_1_465' title='bbox 689 4480 702 4518; x_wconf 93' lang='lat'>:</span> <span class='ocrx_word' id='word_1_466' title='bbox 719 4465 872 4517; x_wconf 92' lang='lat' dir='ltr'>Auro</span> <span class='ocrx_word' id='word_1_467' title='bbox 891 4460 1122 4532; x_wconf 89' lang='lat' dir='ltr'>replesti</span> <span class='ocrx_word' id='word_1_468' title='bbox 1141 4460 1447 4514; x_wconf 89' lang='lat' dir='ltr'>thesauros</span> <span class='ocrx_word' id='word_1_469' title='bbox 1471 4465 1600 4513; x_wconf 89' lang='lat' dir='ltr'>tuos</span> <span class='ocrx_word' id='word_1_470' title='bbox 1625 4464 1679 4514; x_wconf 91' lang='lat' dir='ltr'>et</span> <span class='ocrx_word' id='word_1_471' title='bbox 1701 4461 2013 4532; x_wconf 89' lang='lat' dir='ltr'>apothecas</span> 
     </span>
    </p>
   </div>
   <div class='ocr_carea' id='block_1_64' title="bbox 2127 1883 3782 1960">
    <p class='ocr_par' dir='ltr' id='par_1_64' title="bbox 2127 1883 3782 1960">
     <span class='ocr_line' id='line_1_64' title="bbox 2127 1883 3782 1960; baseline 0.004 -23"><span class='ocrx_word' id='word_1_472' title='bbox 2127 1883 2584 1955; x_wconf 84' lang='lat' dir='ltr'>interpretantur</span> <span class='ocrx_word' id='word_1_473' title='bbox 2609 1887 2862 1942; x_wconf 66' lang='lat' dir='ltr'>scientia:</span> <span class='ocrx_word' id='word_1_474' title='bbox 2887 1886 3234 1942; x_wconf 90' lang='lat' dir='ltr'>multitudo:</span> <span class='ocrx_word' id='word_1_475' title='bbox 3264 1905 3442 1960; x_wconf 89' lang='lat' dir='ltr'>super</span> <span class='ocrx_word' id='word_1_476' title='bbox 3461 1889 3677 1959; x_wconf 91' lang='lat' dir='ltr'>quibus</span> <span class='ocrx_word' id='word_1_477' title='bbox 3696 1906 3782 1944; x_wconf 88' lang='lat' dir='ltr'>rc-</span> 
     </span>
    </p>
   </div>
   <div class='ocr_carea' id='block_1_65' title="bbox 2129 1973 3781 2044">
    <p class='ocr_par' dir='ltr' id='par_1_65' title="bbox 2129 1973 3781 2044">
     <span class='ocr_line' id='line_1_65' title="bbox 2129 1973 3781 2044; baseline 0.005 -19"><span class='ocrx_word' id='word_1_478' title='bbox 2129 1973 2398 2044; x_wconf 91' lang='lat' dir='ltr'>quicscit,</span> <span class='ocrx_word' id='word_1_479' title='bbox 2430 1979 2486 2027; x_wconf 93' lang='lat' dir='ltr'>et</span> <span class='ocrx_word' id='word_1_480' title='bbox 2506 1975 2666 2029; x_wconf 80' lang='lat' dir='ltr'>sedet</span> <span class='ocrx_word' id='word_1_481' title='bbox 2691 1976 2863 2041; x_wconf 88' lang='lat' dir='ltr'>Deus,</span> <span class='ocrx_word' id='word_1_482' title='bbox 2897 1980 2954 2030; x_wconf 90' lang='lat' dir='ltr'>et</span> <span class='ocrx_word' id='word_1_483' title='bbox 2983 1975 3090 2031; x_wconf 91' lang='lat' dir='ltr'>hoc</span> <span class='ocrx_word' id='word_1_484' title='bbox 3115 1993 3286 2031; x_wconf 91' lang='lat' dir='ltr'>curru</span> <span class='ocrx_word' id='word_1_485' title='bbox 3312 1977 3513 2041; x_wconf 90' lang='lat' dir='ltr'>utitur,</span> <span class='ocrx_word' id='word_1_486' title='bbox 3547 1977 3781 2034; x_wconf 87' lang='lat' dir='ltr'>dicente</span> 
     </span>
    </p>
   </div>
   <div class='ocr_carea' id='block_1_66' title="bbox 2129 2062 3775 2137">
    <p class='ocr_par' dir='ltr' id='par_1_66' title="bbox 2129 2062 3775 2137">
     <span class='ocr_line' id='line_1_66' title="bbox 2129 2062 3775 2137; baseline 0.004 -23"><span class='ocrx_word' id='word_1_487' title='bbox 2129 2062 2409 2132; x_wconf 83' lang='lat' dir='ltr'>propheta</span> <span class='ocrx_word' id='word_1_488' title='bbox 2439 2064 2586 2119; x_wconf 75' lang='lat'>385</span> <span class='ocrx_word' id='word_1_489' title='bbox 2615 2064 2682 2118; x_wconf 91' lang='lat' dir='ltr'>ad</span> <span class='ocrx_word' id='word_1_490' title='bbox 2719 2081 2850 2118; x_wconf 91' lang='lat' dir='ltr'>eum</span> <span class='ocrx_word' id='word_1_491' title='bbox 2879 2080 2892 2119; x_wconf 92' lang='lat'>:</span> <span class='ocrx_word' id='word_1_492' title='bbox 2926 2064 3028 2128; x_wconf 90' lang='lat' dir='ltr'>Qui</span> <span class='ocrx_word' id='word_1_493' title='bbox 3052 2065 3215 2119; x_wconf 92' lang='lat' dir='ltr'>sedes</span> <span class='ocrx_word' id='word_1_494' title='bbox 3239 2082 3414 2137; x_wconf 89' lang='lat' dir='ltr'>super</span> <span class='ocrx_word' id='word_1_495' title='bbox 3435 2065 3775 2131; x_wconf 86' lang='lat' dir='ltr'>Cberubim,</span> 
     </span>
    </p>
   </div>
   <div class='ocr_carea' id='block_1_67' title="bbox 2129 2151 3778 2224">
    <p class='ocr_par' dir='ltr' id='par_1_67' title="bbox 2129 2151 3778 2224">
     <span class='ocr_line' id='line_1_67' title="bbox 2129 2151 3778 2224; baseline 0.004 -21"><span class='ocrx_word' id='word_1_496' title='bbox 2129 2151 2502 2206; x_wconf 74' lang='lat' dir='ltr'>manifestare</span> <span class='ocrx_word' id='word_1_497' title='bbox 2554 2153 2660 2222; x_wconf 81' lang='lat' dir='ltr'>(Ps.</span> <span class='ocrx_word' id='word_1_498' title='bbox 2695 2170 2883 2221; x_wconf 78' lang='lat' dir='ltr'>LXXIX,</span> <span class='ocrx_word' id='word_1_499' title='bbox 2909 2154 3008 2224; x_wconf 83' lang='lat'><strong>2.).</strong></span> <span class='ocrx_word' id='word_1_500' title='bbox 3045 2154 3110 2207; x_wconf 83' lang='lat' dir='ltr'>Et</span> <span class='ocrx_word' id='word_1_501' title='bbox 3139 2154 3196 2207; x_wconf 88' lang='lat' dir='ltr'>in</span> <span class='ocrx_word' id='word_1_502' title='bbox 3229 2153 3343 2208; x_wconf 88' lang='lat' dir='ltr'>alio</span> <span class='ocrx_word' id='word_1_503' title='bbox 3375 2153 3528 2210; x_wconf 87' lang='lat' dir='ltr'>loco:</span> <span class='ocrx_word' id='word_1_504' title='bbox 3558 2157 3778 2212; x_wconf 88' lang='lat' dir='ltr'>Ascen-</span> 
     </span>
    </p>
   </div>
   <div class='ocr_carea' id='block_1_68' title="bbox 2127 2240 3777 2317">
    <p class='ocr_par' dir='ltr' id='par_1_68' title="bbox 2127 2240 3777 2317">
     <span class='ocr_line' id='line_1_68' title="bbox 2127 2240 3777 2317; baseline 0.005 -25"><span class='ocrx_word' id='word_1_505' title='bbox 2127 2240 2213 2294; x_wconf 92' lang='lat' dir='ltr'>dit</span> <span class='ocrx_word' id='word_1_506' title='bbox 2242 2257 2418 2311; x_wconf 89' lang='lat' dir='ltr'>super</span> <span class='ocrx_word' id='word_1_507' title='bbox 2446 2241 2778 2307; x_wconf 88' lang='lat' dir='ltr'>Cherubim,</span> <span class='ocrx_word' id='word_1_508' title='bbox 2813 2247 2870 2297; x_wconf 89' lang='lat' dir='ltr'>et</span> <span class='ocrx_word' id='word_1_509' title='bbox 2899 2241 3110 2297; x_wconf 86' lang='lat' dir='ltr'>volavit</span> <span class='ocrx_word' id='word_1_510' title='bbox 3143 2260 3155 2296; x_wconf 93' lang='lat'>:</span> <span class='ocrx_word' id='word_1_511' title='bbox 3190 2242 3400 2298; x_wconf 88' lang='lat' dir='ltr'>volavit</span> <span class='ocrx_word' id='word_1_512' title='bbox 3425 2261 3604 2315; x_wconf 89' lang='lat' dir='ltr'>super</span> <span class='ocrx_word' id='word_1_513' title='bbox 3635 2261 3777 2317; x_wconf 90' lang='lat' dir='ltr'>pen-</span> 
     </span>
    </p>
   </div>
   <div class='ocr_carea' id='block_1_69' title="bbox 2129 2331 3776 2404">
    <p class='ocr_par' dir='ltr' id='par_1_69' title="bbox 2129 2331 3776 2404">
     <span class='ocr_line' id='line_1_69' title="bbox 2129 2331 3776 2404; baseline 0.003 -21"><span class='ocrx_word' id='word_1_514' title='bbox 2129 2345 2234 2383; x_wconf 88' lang='lat' dir='ltr'>nas</span> <span class='ocrx_word' id='word_1_515' title='bbox 2265 2334 2590 2396; x_wconf 83' lang='lat' dir='ltr'>ventorum,</span> <span class='ocrx_word' id='word_1_516' title='bbox 2624 2336 2736 2397; x_wconf 80' lang='lat' dir='ltr'>(Ps.</span> <span class='ocrx_word' id='word_1_517' title='bbox 2780 2347 2914 2395; x_wconf 83' lang='lat' dir='ltr'>xvn,</span> <span class='ocrx_word' id='word_1_518' title='bbox 2970 2332 3076 2400; x_wconf 90' lang='lat'><strong>11).</strong></span> <span class='ocrx_word' id='word_1_519' title='bbox 3141 2331 3252 2386; x_wconf 84' lang='lat' dir='ltr'>Iste</span> <span class='ocrx_word' id='word_1_520' title='bbox 3292 2337 3486 2386; x_wconf 89' lang='lat' dir='ltr'>autem</span> <span class='ocrx_word' id='word_1_521' title='bbox 3519 2333 3776 2404; x_wconf 88' lang='lat' dir='ltr'>Cherub,</span> 
     </span>
    </p>
   </div>
   <div class='ocr_carea' id='block_1_70' title="bbox 2128 2417 3777 2493">
    <p class='ocr_par' dir='ltr' id='par_1_70' title="bbox 2128 2417 3777 2493">
     <span class='ocr_line' id='line_1_70' title="bbox 2128 2417 3777 2493; baseline 0.003 -21"><span class='ocrx_word' id='word_1_522' title='bbox 2128 2417 2246 2472; x_wconf 90' lang='lat' dir='ltr'>sive</span> <span class='ocrx_word' id='word_1_523' title='bbox 2277 2422 2505 2472; x_wconf 90' lang='lat' dir='ltr'>creatus</span> <span class='ocrx_word' id='word_1_524' title='bbox 2535 2435 2669 2472; x_wconf 91' lang='lat' dir='ltr'>cum</span> <span class='ocrx_word' id='word_1_525' title='bbox 2693 2418 2944 2485; x_wconf 90' lang='lat' dir='ltr'>Cherub,</span> <span class='ocrx_word' id='word_1_526' title='bbox 2978 2424 3243 2474; x_wconf 78' lang='lat' dir='ltr'>extentus</span> <span class='ocrx_word' id='word_1_527' title='bbox 3265 2425 3319 2474; x_wconf 91' lang='lat' dir='ltr'>et</span> <span class='ocrx_word' id='word_1_528' title='bbox 3340 2426 3653 2493; x_wconf 87' lang='lat' dir='ltr'>protegens</span> <span class='ocrx_word' id='word_1_529' title='bbox 3686 2439 3777 2477; x_wconf 90' lang='lat' dir='ltr'>sa-</span> 
     </span>
    </p>
   </div>
   <div class='ocr_carea' id='block_1_71' title="bbox 2129 2506 3781 2583">
    <p class='ocr_par' dir='ltr' id='par_1_71' title="bbox 2129 2506 3781 2583">
     <span class='ocr_line' id='line_1_71' title="bbox 2129 2506 3781 2583; baseline 0.004 -23"><span class='ocrx_word' id='word_1_530' title='bbox 2129 2511 2443 2570; x_wconf 88' lang='lat' dir='ltr'>cramenta,</span> <span class='ocrx_word' id='word_1_531' title='bbox 2478 2506 2703 2577; x_wconf 86' lang='lat' dir='ltr'>positus</span> <span class='ocrx_word' id='word_1_532' title='bbox 2735 2512 2822 2562; x_wconf 89' lang='lat' dir='ltr'>est</span> <span class='ocrx_word' id='word_1_533' title='bbox 2852 2508 2909 2562; x_wconf 93' lang='lat' dir='ltr'>in</span> <span class='ocrx_word' id='word_1_534' title='bbox 2943 2513 3138 2563; x_wconf 89' lang='lat' dir='ltr'>monte</span> <span class='ocrx_word' id='word_1_535' title='bbox 3171 2514 3368 2564; x_wconf 89' lang='lat' dir='ltr'>sancto</span> <span class='ocrx_word' id='word_1_536' title='bbox 3403 2510 3524 2577; x_wconf 88' lang='lat' dir='ltr'>Dei,</span> <span class='ocrx_word' id='word_1_537' title='bbox 3559 2511 3632 2566; x_wconf 91' lang='lat' dir='ltr'>de</span> <span class='ocrx_word' id='word_1_538' title='bbox 3664 2528 3781 2583; x_wconf 91' lang='lat' dir='ltr'>quo</span> 
     </span>
    </p>
   </div>
   <div class='ocr_carea' id='block_1_72' title="bbox 2128 2595 3782 2672">
    <p class='ocr_par' dir='ltr' id='par_1_72' title="bbox 2128 2595 3782 2672">
     <span class='ocr_line' id='line_1_72' title="bbox 2128 2595 3782 2672; baseline 0.004 -23"><span class='ocrx_word' id='word_1_539' title='bbox 2128 2597 2328 2650; x_wconf 89' lang='lat' dir='ltr'>crebro</span> <span class='ocrx_word' id='word_1_540' title='bbox 2351 2595 2698 2650; x_wconf 79' lang='lat' dir='ltr'>diximus.Et</span> <span class='ocrx_word' id='word_1_541' title='bbox 2720 2595 2934 2652; x_wconf 90' lang='lat' dir='ltr'>Paulus</span> <span class='ocrx_word' id='word_1_542' title='bbox 2947 2596 3244 2668; x_wconf 86' lang='lat' dir='ltr'>apostolus</span> <span class='ocrx_word' id='word_1_543' title='bbox 3263 2596 3544 2669; x_wconf 85' lang='lat' dir='ltr'>loquitur,</span> <span class='ocrx_word' id='word_1_544' title='bbox 3579 2601 3629 2654; x_wconf 91' lang='lat' dir='ltr'>si</span> <span class='ocrx_word' id='word_1_545' title='bbox 3649 2602 3782 2672; x_wconf 90' lang='lat' dir='ltr'>quis</span> 
     </span>
    </p>
   </div>
   <div class='ocr_carea' id='block_1_73' title="bbox 2128 2684 3784 2757">
    <p class='ocr_par' dir='ltr' id='par_1_73' title="bbox 2128 2684 3784 2757">
     <span class='ocr_line' id='line_1_73' title="bbox 2128 2684 3784 2757; baseline 0.004 -20"><span class='ocrx_word' id='word_1_546' title='bbox 2128 2689 2323 2738; x_wconf 89' lang='lat' dir='ltr'>tamen</span> <span class='ocrx_word' id='word_1_547' title='bbox 2355 2685 2423 2738; x_wconf 90' lang='lat' dir='ltr'>ad</span> <span class='ocrx_word' id='word_1_548' title='bbox 2457 2684 2726 2739; x_wconf 60' lang='lat' dir='ltr'>Hebrmos</span> <span class='ocrx_word' id='word_1_549' title='bbox 2776 2685 3093 2755; x_wconf 87' lang='lat' dir='ltr'>Epistolam</span> <span class='ocrx_word' id='word_1_550' title='bbox 3119 2685 3398 2757; x_wconf 92' lang='lat' dir='ltr'>suscipit:</span> <span class='ocrx_word' id='word_1_551' title='bbox 3433 2688 3784 2744; x_wconf 84' lang='lat' dir='ltr'>Accessistis</span> 
     </span>
    </p>
   </div>
   <div class='ocr_carea' id='block_1_74' title="bbox 2129 2772 3785 2838">
    <p class='ocr_par' dir='ltr' id='par_1_74' title="bbox 2129 2772 3785 2838">
     <span class='ocr_line' id='line_1_74' title="bbox 2129 2772 3785 2838; baseline 0.004 -12"><span class='ocrx_word' id='word_1_552' title='bbox 2129 2774 2198 2827; x_wconf 88' lang='lat' dir='ltr'>ad</span> <span class='ocrx_word' id='word_1_553' title='bbox 2217 2772 2349 2828; x_wconf 89' lang='lat' dir='ltr'>Sion</span> <span class='ocrx_word' id='word_1_554' title='bbox 2365 2778 2619 2828; x_wconf 88' lang='lat' dir='ltr'>montem</span> <span class='ocrx_word' id='word_1_555' title='bbox 2651 2779 2707 2827; x_wconf 91' lang='lat' dir='ltr'>et</span> <span class='ocrx_word' id='word_1_556' title='bbox 2727 2773 3016 2828; x_wconf 87' lang='lat' dir='ltr'>civitatem</span> <span class='ocrx_word' id='word_1_557' title='bbox 3031 2774 3128 2829; x_wconf 90' lang='lat' dir='ltr'>Dei</span> <span class='ocrx_word' id='word_1_558' title='bbox 3150 2775 3416 2838; x_wconf 82' lang='lat' dir='ltr'>viventis,</span> <span class='ocrx_word' id='word_1_559' title='bbox 3448 2776 3785 2832; x_wconf 89' lang='lat' dir='ltr'>Jerusalem</span> 
     </span>
    </p>
   </div>
   <div class='ocr_carea' id='block_1_75' title="bbox 2129 2859 3786 2936">
    <p class='ocr_par' dir='ltr' id='par_1_75' title="bbox 2129 2859 3786 2936">
     <span class='ocr_line' id='line_1_75' title="bbox 2129 2859 3786 2936; baseline 0.002 -20"><span class='ocrx_word' id='word_1_560' title='bbox 2129 2859 2442 2928; x_wconf 76' lang='lat' dir='ltr'>ccelestem,</span> <span class='ocrx_word' id='word_1_561' title='bbox 2476 2866 2532 2915; x_wconf 91' lang='lat' dir='ltr'>et</span> <span class='ocrx_word' id='word_1_562' title='bbox 2562 2860 2746 2916; x_wconf 88' lang='lat' dir='ltr'>millia</span> <span class='ocrx_word' id='word_1_563' title='bbox 2784 2861 3124 2934; x_wconf 89' lang='lat' dir='ltr'>angelorum</span> <span class='ocrx_word' id='word_1_564' title='bbox 3186 2864 3368 2934; x_wconf 84' lang='lat' dir='ltr'>(Hebr.</span> <span class='ocrx_word' id='word_1_565' title='bbox 3402 2881 3503 2935; x_wconf 72' lang='lat' dir='ltr'>x11,</span> <span class='ocrx_word' id='word_1_566' title='bbox 3532 2867 3644 2936; x_wconf 83' lang='lat'><strong>22).</strong></span> <span class='ocrx_word' id='word_1_567' title='bbox 3678 2865 3786 2921; x_wconf 84' lang='lat' dir='ltr'>Vel</span> 
     </span>
    </p>
   </div>
   <div class='ocr_carea' id='block_1_76' title="bbox 2128 2951 3783 3024">
    <p class='ocr_par' dir='ltr' id='par_1_76' title="bbox 2128 2951 3783 3024">
     <span class='ocr_line' id='line_1_76' title="bbox 2128 2951 3783 3024; baseline 0.002 -20"><span class='ocrx_word' id='word_1_568' title='bbox 2128 2955 2278 3004; x_wconf 89' lang='lat' dir='ltr'>certe</span> <span class='ocrx_word' id='word_1_569' title='bbox 2313 2967 2483 3005; x_wconf 90' lang='lat' dir='ltr'>mons</span> <span class='ocrx_word' id='word_1_570' title='bbox 2514 2955 2752 3005; x_wconf 83' lang='lat' dir='ltr'>sanctus</span> <span class='ocrx_word' id='word_1_571' title='bbox 2786 2951 2908 3017; x_wconf 90' lang='lat' dir='ltr'>Dei,</span> <span class='ocrx_word' id='word_1_572' title='bbox 2936 2951 3241 3022; x_wconf 89' lang='lat' dir='ltr'>paradisus</span> <span class='ocrx_word' id='word_1_573' title='bbox 3268 2953 3355 3022; x_wconf 88' lang='lat' dir='ltr'>(ut</span> <span class='ocrx_word' id='word_1_574' title='bbox 3381 2952 3655 3024; x_wconf 85' lang='lat' dir='ltr'>diximus)</span> <span class='ocrx_word' id='word_1_575' title='bbox 3686 2955 3783 3008; x_wconf 78' lang='lat' dir='ltr'>in-</span> 
     </span>
    </p>
   </div>
   <div class='ocr_carea' id='block_1_77' title="bbox 2128 3037 3777 3114">
    <p class='ocr_par' dir='ltr' id='par_1_77' title="bbox 2128 3037 3777 3114">
     <span class='ocr_line' id='line_1_77' title="bbox 2128 3037 3777 3114; baseline 0.003 -22"><span class='ocrx_word' id='word_1_576' title='bbox 2128 3037 2479 3110; x_wconf 90' lang='lat' dir='ltr'>telligendus</span> <span class='ocrx_word' id='word_1_577' title='bbox 2510 3038 2958 3093; x_wconf 86' lang='lat' dir='ltr'>est.Ambulavit</span> <span class='ocrx_word' id='word_1_578' title='bbox 2989 3057 3220 3111; x_wconf 86' lang='lat' dir='ltr'>quoque</span> <span class='ocrx_word' id='word_1_579' title='bbox 3250 3040 3309 3095; x_wconf 91' lang='lat' dir='ltr'>in</span> <span class='ocrx_word' id='word_1_580' title='bbox 3339 3042 3521 3097; x_wconf 78' lang='lat' dir='ltr'>medio</span> <span class='ocrx_word' id='word_1_581' title='bbox 3551 3041 3777 3114; x_wconf 90' lang='lat' dir='ltr'>ignito-</span> 
     </span>
    </p>
   </div>
   <div class='ocr_carea' id='block_1_78' title="bbox 2131 3127 3779 3200">
    <p class='ocr_par' dir='ltr' id='par_1_78' title="bbox 2131 3127 3779 3200">
     <span class='ocr_line' id='line_1_78' title="bbox 2131 3127 3779 3200; baseline 0.002 -18"><span class='ocrx_word' id='word_1_582' title='bbox 2131 3145 2259 3182; x_wconf 90' lang='lat' dir='ltr'>rum</span> <span class='ocrx_word' id='word_1_583' title='bbox 2293 3127 2575 3198; x_wconf 90' lang='lat' dir='ltr'>lapidum,</span> <span class='ocrx_word' id='word_1_584' title='bbox 2602 3128 2672 3182; x_wconf 91' lang='lat' dir='ltr'>de</span> <span class='ocrx_word' id='word_1_585' title='bbox 2691 3128 2906 3199; x_wconf 87' lang='lat' dir='ltr'>quibus</span> <span class='ocrx_word' id='word_1_586' title='bbox 2930 3129 3212 3200; x_wconf 91' lang='lat' dir='ltr'>scriptum</span> <span class='ocrx_word' id='word_1_587' title='bbox 3229 3134 3345 3184; x_wconf 88' lang='lat' dir='ltr'>est:</span> <span class='ocrx_word' id='word_1_588' title='bbox 3379 3129 3484 3193; x_wconf 90' lang='lat' dir='ltr'>Qui</span> <span class='ocrx_word' id='word_1_589' title='bbox 3515 3132 3653 3186; x_wconf 86' lang='lat' dir='ltr'>facit</span> <span class='ocrx_word' id='word_1_590' title='bbox 3678 3148 3779 3186; x_wconf 84' lang='lat' dir='ltr'>an-</span> 
     </span>
    </p>
   </div>
   <div class='ocr_carea' id='block_1_79' title="bbox 2132 3215 3781 3290">
    <p class='ocr_par' dir='ltr' id='par_1_79' title="bbox 2132 3215 3781 3290">
     <span class='ocr_line' id='line_1_79' title="bbox 2132 3215 3781 3290; baseline 0.003 -19"><span class='ocrx_word' id='word_1_591' title='bbox 2132 3215 2292 3289; x_wconf 89' lang='lat' dir='ltr'>gelos</span> <span class='ocrx_word' id='word_1_592' title='bbox 2311 3233 2448 3270; x_wconf 92' lang='lat' dir='ltr'>suos</span> <span class='ocrx_word' id='word_1_593' title='bbox 2469 3216 2730 3287; x_wconf 91' lang='lat' dir='ltr'>spiritus,</span> <span class='ocrx_word' id='word_1_594' title='bbox 2756 3220 2811 3272; x_wconf 91' lang='lat' dir='ltr'>et</span> <span class='ocrx_word' id='word_1_595' title='bbox 2827 3216 3123 3272; x_wconf 91' lang='lat' dir='ltr'>ministros</span> <span class='ocrx_word' id='word_1_596' title='bbox 3143 3235 3279 3273; x_wconf 91' lang='lat' dir='ltr'>suos</span> <span class='ocrx_word' id='word_1_597' title='bbox 3294 3218 3485 3290; x_wconf 90' lang='lat' dir='ltr'>ignem</span> <span class='ocrx_word' id='word_1_598' title='bbox 3511 3225 3781 3276; x_wconf 89' lang='lat' dir='ltr'>urentem</span> 
     </span>
    </p>
   </div>
   <div class='ocr_carea' id='block_1_80' title="bbox 2131 3305 3784 3381">
    <p class='ocr_par' dir='ltr' id='par_1_80' title="bbox 2131 3305 3784 3381">
     <span class='ocr_line' id='line_1_80' title="bbox 2131 3305 3784 3381; baseline 0.004 -23"><span class='ocrx_word' id='word_1_599' title='bbox 2131 3306 2242 3375; x_wconf 77' lang='lat' dir='ltr'>(Ps.</span> <span class='ocrx_word' id='word_1_600' title='bbox 2295 3322 2414 3371; x_wconf 86' lang='lat' dir='ltr'>cm,</span> <span class='ocrx_word' id='word_1_601' title='bbox 2450 3306 2522 3376; x_wconf 79' lang='grc'>4).</span> <span class='ocrx_word' id='word_1_602' title='bbox 2585 3306 2653 3359; x_wconf 88' lang='lat' dir='ltr'>Et</span> <span class='ocrx_word' id='word_1_603' title='bbox 2683 3322 2796 3360; x_wconf 92' lang='lat' dir='ltr'>non</span> <span class='ocrx_word' id='word_1_604' title='bbox 2829 3305 3019 3360; x_wconf 89' lang='lat' dir='ltr'>solum</span> <span class='ocrx_word' id='word_1_605' title='bbox 3055 3311 3204 3362; x_wconf 88' lang='lat' dir='ltr'>Deus</span> <span class='ocrx_word' id='word_1_606' title='bbox 3235 3309 3333 3378; x_wconf 89' lang='lat' dir='ltr'>qui</span> <span class='ocrx_word' id='word_1_607' title='bbox 3364 3313 3603 3363; x_wconf 88' lang='lat' dir='ltr'>vocatur</span> <span class='ocrx_word' id='word_1_608' title='bbox 3625 3310 3784 3381; x_wconf 91' lang='lat' dir='ltr'>ignis</span> 
     </span>
    </p>
   </div>
   <div class='ocr_carea' id='block_1_81' title="bbox 2131 3393 3788 3467">
    <p class='ocr_par' dir='ltr' id='par_1_81' title="bbox 2131 3393 3788 3467">
     <span class='ocr_line' id='line_1_81' title="bbox 2131 3393 3788 3467; baseline 0.004 -19"><span class='ocrx_word' id='word_1_609' title='bbox 2131 3410 2504 3463; x_wconf 84' lang='lat' dir='ltr'>consumens,</span> <span class='ocrx_word' id='word_1_610' title='bbox 2531 3395 2749 3463; x_wconf 81' lang='lat' dir='ltr'>fenum,</span> <span class='ocrx_word' id='word_1_611' title='bbox 2800 3393 2978 3466; x_wconf 80' lang='lat' dir='ltr'>ligna,</span> <span class='ocrx_word' id='word_1_612' title='bbox 3038 3395 3432 3467; x_wconf 89' lang='lat' dir='ltr'>stipulamque</span> <span class='ocrx_word' id='word_1_613' title='bbox 3472 3402 3788 3454; x_wconf 84' lang='lat' dir='ltr'>consumat</span> 
     </span>
    </p>
   </div>
   <div class='ocr_carea' id='block_1_82' title="bbox 2132 3482 3780 3556">
    <p class='ocr_par' dir='ltr' id='par_1_82' title="bbox 2132 3482 3780 3556">
     <span class='ocr_line' id='line_1_82' title="bbox 2132 3482 3780 3556; baseline 0.004 -21"><span class='ocrx_word' id='word_1_614' title='bbox 2132 3484 2303 3549; x_wconf 78' lang='lat' dir='ltr'>(Deut.</span> <span class='ocrx_word' id='word_1_615' title='bbox 2341 3483 2448 3552; x_wconf 89' lang='lat' dir='ltr'>1v):</span> <span class='ocrx_word' id='word_1_616' title='bbox 2476 3482 2575 3536; x_wconf 90' lang='lat' dir='ltr'>sed</span> <span class='ocrx_word' id='word_1_617' title='bbox 2603 3489 2659 3536; x_wconf 91' lang='lat' dir='ltr'>et</span> <span class='ocrx_word' id='word_1_618' title='bbox 2681 3482 2867 3554; x_wconf 90' lang='lat' dir='ltr'>angeli</span> <span class='ocrx_word' id='word_1_619' title='bbox 2901 3483 3002 3553; x_wconf 92' lang='lat' dir='ltr'>qui</span> <span class='ocrx_word' id='word_1_620' title='bbox 3035 3488 3313 3538; x_wconf 88' lang='lat' dir='ltr'>vocantur</span> <span class='ocrx_word' id='word_1_621' title='bbox 3337 3484 3506 3556; x_wconf 88' lang='lat' dir='ltr'>igniti</span> <span class='ocrx_word' id='word_1_622' title='bbox 3530 3485 3780 3556; x_wconf 87' lang='lat' dir='ltr'>lapides,</span> 
     </span>
    </p>
   </div>
   <div class='ocr_carea' id='block_1_83' title="bbox 2131 3570 3783 3644">
    <p class='ocr_par' dir='ltr' id='par_1_83' title="bbox 2131 3570 3783 3644">
     <span class='ocr_line' id='line_1_83' title="bbox 2131 3570 3783 3644; baseline 0.004 -21"><span class='ocrx_word' id='word_1_623' title='bbox 2131 3570 2458 3642; x_wconf 89' lang='lat' dir='ltr'>spirituque</span> <span class='ocrx_word' id='word_1_624' title='bbox 2482 3571 2783 3626; x_wconf 82' lang='lat' dir='ltr'>ferventes.</span> <span class='ocrx_word' id='word_1_625' title='bbox 2820 3571 2982 3627; x_wconf 91' lang='lat' dir='ltr'>Unde</span> <span class='ocrx_word' id='word_1_626' title='bbox 3011 3578 3069 3626; x_wconf 90' lang='lat' dir='ltr'>et</span> <span class='ocrx_word' id='word_1_627' title='bbox 3100 3571 3413 3628; x_wconf 88' lang='lat' dir='ltr'>Dominus:</span> <span class='ocrx_word' id='word_1_628' title='bbox 3443 3574 3664 3644; x_wconf 82' lang='lat' dir='ltr'>ignem,</span> <span class='ocrx_word' id='word_1_629' title='bbox 3700 3575 3783 3630; x_wconf 90' lang='lat' dir='ltr'>in-</span> 
     </span>
    </p>
   </div>
   <div class='ocr_carea' id='block_1_84' title="bbox 2130 3659 3784 3733">
    <p class='ocr_par' dir='ltr' id='par_1_84' title="bbox 2130 3659 3784 3733">
     <span class='ocr_line' id='line_1_84' title="bbox 2130 3659 3784 3733; baseline 0.002 -18"><span class='ocrx_word' id='word_1_630' title='bbox 2130 3659 2277 3730; x_wconf 87' lang='lat' dir='ltr'>quit,</span> <span class='ocrx_word' id='word_1_631' title='bbox 2311 3661 2437 3715; x_wconf 90' lang='lat' dir='ltr'>veni</span> <span class='ocrx_word' id='word_1_632' title='bbox 2470 3660 2700 3715; x_wconf 88' lang='lat' dir='ltr'>mittere</span> <span class='ocrx_word' id='word_1_633' title='bbox 2757 3676 2936 3732; x_wconf 90' lang='lat' dir='ltr'>super</span> <span class='ocrx_word' id='word_1_634' title='bbox 2981 3665 3216 3731; x_wconf 84' lang='lat' dir='ltr'>terram,</span> <span class='ocrx_word' id='word_1_635' title='bbox 3260 3667 3316 3716; x_wconf 86' lang='lat' dir='ltr'>et</span> <span class='ocrx_word' id='word_1_636' title='bbox 3345 3678 3524 3733; x_wconf 86' lang='lat' dir='ltr'>quam</span> <span class='ocrx_word' id='word_1_637' title='bbox 3552 3663 3683 3718; x_wconf 86' lang='lat' dir='ltr'>volo</span> <span class='ocrx_word' id='word_1_638' title='bbox 3718 3667 3784 3718; x_wconf 90' lang='lat' dir='ltr'>ut</span> 
     </span>
    </p>
   </div>
   <div class='ocr_carea' id='block_1_85' title="bbox 2129 3749 3784 3821">
    <p class='ocr_par' dir='ltr' id='par_1_85' title="bbox 2129 3749 3784 3821">
     <span class='ocr_line' id='line_1_85' title="bbox 2129 3749 3784 3821; baseline 0.004 -19"><span class='ocrx_word' id='word_1_639' title='bbox 2129 3749 2327 3804; x_wconf 89' lang='lat' dir='ltr'>ardeat</span> <span class='ocrx_word' id='word_1_640' title='bbox 2374 3749 2521 3819; x_wconf 84' lang='lat' dir='ltr'>(Luc.</span> <span class='ocrx_word' id='word_1_641' title='bbox 2579 3749 2702 3819; x_wconf 84' lang='lat' dir='ltr'>x11).</span> <span class='ocrx_word' id='word_1_642' title='bbox 2739 3749 3019 3820; x_wconf 87' lang='lat' dir='ltr'>Quodque</span> <span class='ocrx_word' id='word_1_643' title='bbox 3061 3750 3355 3821; x_wconf 88' lang='lat' dir='ltr'>sequitur:</span> <span class='ocrx_word' id='word_1_644' title='bbox 3392 3750 3688 3806; x_wconf 85' lang='lat' dir='ltr'>Perfectus</span> <span class='ocrx_word' id='word_1_645' title='bbox 3722 3753 3784 3808; x_wconf 87' lang='lat' dir='ltr'>in</span> 
     </span>
    </p>
   </div>
   <div class='ocr_carea' id='block_1_86' title="bbox 2128 3837 3780 3910">
    <p class='ocr_par' dir='ltr' id='par_1_86' title="bbox 2128 3837 3780 3910">
     <span class='ocr_line' id='line_1_86' title="bbox 2128 3837 3780 3910; baseline 0.004 -20"><span class='ocrx_word' id='word_1_646' title='bbox 2128 3838 2234 3892; x_wconf 92' lang='lat' dir='ltr'>viis</span> <span class='ocrx_word' id='word_1_647' title='bbox 2256 3837 2373 3893; x_wconf 91' lang='lat' dir='ltr'>tuis</span> <span class='ocrx_word' id='word_1_648' title='bbox 2395 3855 2429 3892; x_wconf 90' lang='lat' dir='ltr'>a</span> <span class='ocrx_word' id='word_1_649' title='bbox 2452 3838 2543 3892; x_wconf 92' lang='lat' dir='ltr'>die</span> <span class='ocrx_word' id='word_1_650' title='bbox 2569 3838 3186 3910; x_wconf 73' lang='lat' dir='ltr'>conditionistua3(pro</span> <span class='ocrx_word' id='word_1_651' title='bbox 3209 3856 3322 3910; x_wconf 91' lang='lat' dir='ltr'>quo</span> <span class='ocrx_word' id='word_1_652' title='bbox 3337 3856 3581 3910; x_wconf 90' lang='lat' dir='ltr'>posuere</span> <span class='ocrx_word' id='word_1_653' title='bbox 3600 3841 3780 3897; x_wconf 83' lang='lat' dir='ltr'>LXX:</span> 
     </span>
    </p>
   </div>
   <div class='ocr_carea' id='block_1_87' title="bbox 2129 3925 3780 4000">
    <p class='ocr_par' dir='ltr' id='par_1_87' title="bbox 2129 3925 3780 4000">
     <span class='ocr_line' id='line_1_87' title="bbox 2129 3925 3780 4000; baseline 0.003 -21"><span class='ocrx_word' id='word_1_654' title='bbox 2129 3925 2738 3981; x_wconf 81' lang='lat' dir='ltr'>Fuistiimmaculatus</span> <span class='ocrx_word' id='word_1_655' title='bbox 2761 3927 2817 3981; x_wconf 92' lang='lat' dir='ltr'>in</span> <span class='ocrx_word' id='word_1_656' title='bbox 2843 3927 3048 3982; x_wconf 90' lang='lat' dir='ltr'>diebus</span> <span class='ocrx_word' id='word_1_657' title='bbox 3078 3927 3217 3992; x_wconf 91' lang='lat' dir='ltr'>tuis,</span> <span class='ocrx_word' id='word_1_658' title='bbox 3241 3945 3274 3981; x_wconf 89' lang='lat' dir='ltr'>a</span> <span class='ocrx_word' id='word_1_659' title='bbox 3303 3927 3396 3983; x_wconf 87' lang='lat' dir='ltr'>die</span> <span class='ocrx_word' id='word_1_660' title='bbox 3428 3946 3544 4000; x_wconf 90' lang='lat' dir='ltr'>qua</span> <span class='ocrx_word' id='word_1_661' title='bbox 3573 3929 3780 3984; x_wconf 89' lang='lat' dir='ltr'>condi-</span> 
     </span>
    </p>
   </div>
   <div class='ocr_carea' id='block_1_88' title="bbox 2126 4014 3780 4088">
    <p class='ocr_par' dir='ltr' id='par_1_88' title="bbox 2126 4014 3780 4088">
     <span class='ocr_line' id='line_1_88' title="bbox 2126 4014 3780 4088; baseline 0.003 -20"><span class='ocrx_word' id='word_1_662' title='bbox 2126 4020 2221 4068; x_wconf 88' lang='lat' dir='ltr'>tus</span> <span class='ocrx_word' id='word_1_663' title='bbox 2251 4016 2354 4086; x_wconf 90' lang='lat' dir='ltr'>es),</span> <span class='ocrx_word' id='word_1_664' title='bbox 2389 4016 2570 4069; x_wconf 90' lang='lat' dir='ltr'>donec</span> <span class='ocrx_word' id='word_1_665' title='bbox 2602 4014 2833 4070; x_wconf 90' lang='lat' dir='ltr'>inventa</span> <span class='ocrx_word' id='word_1_666' title='bbox 2863 4021 2952 4071; x_wconf 90' lang='lat' dir='ltr'>est</span> <span class='ocrx_word' id='word_1_667' title='bbox 2990 4016 3268 4088; x_wconf 88' lang='lat' dir='ltr'>iniquitas</span> <span class='ocrx_word' id='word_1_668' title='bbox 3317 4017 3377 4071; x_wconf 91' lang='lat' dir='ltr'>in</span> <span class='ocrx_word' id='word_1_669' title='bbox 3411 4022 3485 4084; x_wconf 89' lang='lat' dir='ltr'>te,</span> <span class='ocrx_word' id='word_1_670' title='bbox 3519 4019 3780 4074; x_wconf 87' lang='lat' dir='ltr'>ostendit</span> 
     </span>
    </p>
   </div>
   <div class='ocr_carea' id='block_1_89' title="bbox 2125 4105 3778 4180">
    <p class='ocr_par' dir='ltr' id='par_1_89' title="bbox 2125 4105 3778 4180">
     <span class='ocr_line' id='line_1_89' title="bbox 2125 4105 3778 4180; baseline 0.003 -23"><span class='ocrx_word' id='word_1_671' title='bbox 2125 4119 2357 4158; x_wconf 89' lang='lat' dir='ltr'>omnem</span> <span class='ocrx_word' id='word_1_672' title='bbox 2382 4109 2706 4158; x_wconf 87' lang='lat' dir='ltr'>creaturam</span> <span class='ocrx_word' id='word_1_673' title='bbox 2750 4105 2960 4159; x_wconf 91' lang='lat' dir='ltr'>bonam</span> <span class='ocrx_word' id='word_1_674' title='bbox 2994 4122 3027 4159; x_wconf 88' lang='lat' dir='ltr'>a</span> <span class='ocrx_word' id='word_1_675' title='bbox 3059 4105 3174 4160; x_wconf 91' lang='lat' dir='ltr'>Deo</span> <span class='ocrx_word' id='word_1_676' title='bbox 3206 4107 3521 4176; x_wconf 90' lang='lat' dir='ltr'>conditam,</span> <span class='ocrx_word' id='word_1_677' title='bbox 3555 4113 3613 4162; x_wconf 90' lang='lat' dir='ltr'>et</span> <span class='ocrx_word' id='word_1_678' title='bbox 3644 4125 3778 4180; x_wconf 87' lang='lat' dir='ltr'>per-</span> 
     </span>
    </p>
   </div>
   <div class='ocr_carea' id='block_1_90' title="bbox 2123 4192 3782 4269">
    <p class='ocr_par' dir='ltr' id='par_1_90' title="bbox 2123 4192 3782 4269">
     <span class='ocr_line' id='line_1_90' title="bbox 2123 4192 3782 4269; baseline 0.005 -24"><span class='ocrx_word' id='word_1_679' title='bbox 2123 4193 2333 4247; x_wconf 86' lang='lat' dir='ltr'>fectam</span> <span class='ocrx_word' id='word_1_680' title='bbox 2358 4192 2634 4248; x_wconf 89' lang='lat' dir='ltr'>habuisse</span> <span class='ocrx_word' id='word_1_681' title='bbox 2656 4194 3012 4263; x_wconf 90' lang='lat' dir='ltr'>virtutem,et</span> <span class='ocrx_word' id='word_1_682' title='bbox 3035 4210 3134 4265; x_wconf 91' lang='lat' dir='ltr'>per</span> <span class='ocrx_word' id='word_1_683' title='bbox 3154 4194 3262 4250; x_wconf 93' lang='lat' dir='ltr'>hoc</span> <span class='ocrx_word' id='word_1_684' title='bbox 3285 4195 3610 4268; x_wconf 87' lang='lat' dir='ltr'>principem</span> <span class='ocrx_word' id='word_1_685' title='bbox 3638 4214 3782 4269; x_wconf 86' lang='lat' dir='ltr'>quo-</span> 
     </span>
    </p>
   </div>
   <div class='ocr_carea' id='block_1_91' title="bbox 2123 4281 3780 4356">
    <p class='ocr_par' dir='ltr' id='par_1_91' title="bbox 2123 4281 3780 4356">
     <span class='ocr_line' id='line_1_91' title="bbox 2123 4281 3780 4356; baseline 0.004 -22"><span class='ocrx_word' id='word_1_686' title='bbox 2123 4297 2234 4351; x_wconf 91' lang='lat' dir='ltr'>que</span> <span class='ocrx_word' id='word_1_687' title='bbox 2265 4281 2399 4352; x_wconf 83' lang='lat' dir='ltr'>Tyri</span> <span class='ocrx_word' id='word_1_688' title='bbox 2433 4281 2612 4336; x_wconf 84' lang='lat' dir='ltr'>fuisse</span> <span class='ocrx_word' id='word_1_689' title='bbox 2645 4281 3113 4349; x_wconf 88' lang='lat' dir='ltr'>immaculatum,</span> <span class='ocrx_word' id='word_1_690' title='bbox 3142 4288 3204 4338; x_wconf 89' lang='lat' dir='ltr'>ut</span> <span class='ocrx_word' id='word_1_691' title='bbox 3235 4283 3507 4356; x_wconf 86' lang='lat' dir='ltr'>deinceps</span> <span class='ocrx_word' id='word_1_692' title='bbox 3540 4286 3780 4342; x_wconf 86' lang='lat' dir='ltr'>macula</span> 
     </span>
    </p>
   </div>
   <div class='ocr_carea' id='block_1_92' title="bbox 2123 4371 3782 4435">
    <p class='ocr_par' dir='ltr' id='par_1_92' title="bbox 2123 4371 3782 4435">
     <span class='ocr_line' id='line_1_92' title="bbox 2123 4371 3782 4435; baseline 0.005 -12"><span class='ocrx_word' id='word_1_693' title='bbox 2123 4387 2236 4424; x_wconf 91' lang='lat' dir='ltr'>non</span> <span class='ocrx_word' id='word_1_694' title='bbox 2271 4375 2488 4424; x_wconf 68' lang='lat' dir='ltr'>natura:</span> <span class='ocrx_word' id='word_1_695' title='bbox 2548 4371 2643 4435; x_wconf 87' lang='lat' dir='ltr'>sit,</span> <span class='ocrx_word' id='word_1_696' title='bbox 2696 4371 2797 4425; x_wconf 90' lang='lat' dir='ltr'>sed</span> <span class='ocrx_word' id='word_1_697' title='bbox 2829 4371 3164 4427; x_wconf 89' lang='lat' dir='ltr'>voluntatis.</span> <span class='ocrx_word' id='word_1_698' title='bbox 3198 4372 3389 4428; x_wconf 90' lang='lat' dir='ltr'>Donec</span> <span class='ocrx_word' id='word_1_699' title='bbox 3419 4373 3659 4430; x_wconf 87' lang='lat' dir='ltr'>inventa</span> <span class='ocrx_word' id='word_1_700' title='bbox 3688 4380 3782 4432; x_wconf 87' lang='lat' dir='ltr'>est</span> 
     </span>
    </p>
   </div>
   <div class='ocr_carea' id='block_1_93' title="bbox 2122 4457 3785 4536">
    <p class='ocr_par' dir='ltr' id='par_1_93' title="bbox 2122 4457 3785 4536">
     <span class='ocr_line' id='line_1_93' title="bbox 2122 4457 3785 4536; baseline 0.005 -25"><span class='ocrx_word' id='word_1_701' title='bbox 2122 4457 2402 4530; x_wconf 90' lang='lat' dir='ltr'>iniquitas</span> <span class='ocrx_word' id='word_1_702' title='bbox 2423 4459 2481 4513; x_wconf 90' lang='lat' dir='ltr'>in</span> <span class='ocrx_word' id='word_1_703' title='bbox 2515 4463 2588 4514; x_wconf 90' lang='lat' dir='ltr'>te.</span> <span class='ocrx_word' id='word_1_704' title='bbox 2619 4461 2856 4514; x_wconf 89' lang='lat' dir='ltr'>Inventa</span> <span class='ocrx_word' id='word_1_705' title='bbox 2876 4478 2908 4514; x_wconf 90' lang='lat' dir='ltr'>a</span> <span class='ocrx_word' id='word_1_706' title='bbox 2930 4461 3065 4528; x_wconf 88' lang='lat' dir='ltr'>Deo,</span> <span class='ocrx_word' id='word_1_707' title='bbox 3102 4478 3229 4532; x_wconf 81' lang='lat' dir='ltr'>quae</span> <span class='ocrx_word' id='word_1_708' title='bbox 3251 4463 3308 4516; x_wconf 92' lang='lat' dir='ltr'>in</span> <span class='ocrx_word' id='word_1_709' title='bbox 3330 4462 3624 4518; x_wconf 89' lang='lat' dir='ltr'>thesauris</span> <span class='ocrx_word' id='word_1_710' title='bbox 3646 4481 3785 4536; x_wconf 83' lang='lat' dir='ltr'>pec-</span> 
     </span>
    </p>
   </div>
   <div class='ocr_carea' id='block_1_94' title="bbox 359 4548 3782 4633">
    <p class='ocr_par' dir='ltr' id='par_1_94' title="bbox 359 4548 3782 4633">
     <span class='ocr_line' id='line_1_94' title="bbox 359 4548 3782 4633; baseline 0 -25"><span class='ocrx_word' id='word_1_711' title='bbox 359 4557 514 4618; x_wconf 87' lang='lat' dir='ltr'>tuas,</span> <span class='ocrx_word' id='word_1_712' title='bbox 549 4553 620 4606; x_wconf 90' lang='lat' dir='ltr'>ad</span> <span class='ocrx_word' id='word_1_713' title='bbox 647 4567 885 4606; x_wconf 88' lang='lat' dir='ltr'>sensum</span> <span class='ocrx_word' id='word_1_714' title='bbox 914 4552 1284 4620; x_wconf 88' lang='lat' dir='ltr'>mentemque</span> <span class='ocrx_word' id='word_1_715' title='bbox 1306 4549 1640 4609; x_wconf 86' lang='lat' dir='ltr'>referentes,</span> <span class='ocrx_word' id='word_1_716' title='bbox 1673 4549 1827 4618; x_wconf 91' lang='lat' dir='ltr'>quod</span> <span class='ocrx_word' id='word_1_717' title='bbox 1861 4551 2012 4622; x_wconf 82' lang='lat' dir='ltr'>cogi-</span> <span class='ocrx_word' id='word_1_718' title='bbox 2039 4569 2086 4633; x_wconf 70' lang='grc' dir='ltr'><strong>Β</strong></span> <span class='ocrx_word' id='word_1_719' title='bbox 2119 4549 2261 4603; x_wconf 87' lang='lat' dir='ltr'>toris</span> <span class='ocrx_word' id='word_1_720' title='bbox 2293 4548 2377 4602; x_wconf 90' lang='lat' dir='ltr'>tui</span> <span class='ocrx_word' id='word_1_721' title='bbox 2418 4565 2520 4619; x_wconf 89' lang='lat' dir='ltr'>per</span> <span class='ocrx_word' id='word_1_722' title='bbox 2577 4549 2910 4621; x_wconf 90' lang='lat' dir='ltr'>superbiam</span> <span class='ocrx_word' id='word_1_723' title='bbox 2969 4558 3026 4603; x_wconf 87' lang='lat' dir='ltr'>et</span> <span class='ocrx_word' id='word_1_724' title='bbox 3078 4550 3419 4606; x_wconf 88' lang='lat' dir='ltr'>abusionem</span> <span class='ocrx_word' id='word_1_725' title='bbox 3461 4553 3782 4622; x_wconf 85' lang='lat' dir='ltr'>potestatis</span> 
     </span>
    </p>
   </div>
   <div class='ocr_carea' id='block_1_95' title="bbox 359 4636 2007 4712">
    <p class='ocr_par' dir='ltr' id='par_1_95' title="bbox 359 4636 2007 4712">
     <span class='ocr_line' id='line_1_95' title="bbox 359 4636 2007 4712; baseline -0.002 -14"><span class='ocrx_word' id='word_1_726' title='bbox 359 4642 501 4698; x_wconf 89' lang='lat' dir='ltr'>tatio</span> <span class='ocrx_word' id='word_1_727' title='bbox 523 4641 650 4712; x_wconf 84' lang='lat' dir='ltr'>ejus</span> <span class='ocrx_word' id='word_1_728' title='bbox 671 4639 881 4695; x_wconf 86' lang='lat' dir='ltr'>divinis</span> <span class='ocrx_word' id='word_1_729' title='bbox 905 4637 1157 4709; x_wconf 90' lang='lat' dir='ltr'>patuerit</span> <span class='ocrx_word' id='word_1_730' title='bbox 1179 4636 1582 4703; x_wconf 89' lang='lat' dir='ltr'>sacramentis,</span> <span class='ocrx_word' id='word_1_731' title='bbox 1609 4641 1664 4691; x_wconf 92' lang='lat' dir='ltr'>et</span> <span class='ocrx_word' id='word_1_732' title='bbox 1689 4653 2007 4710; x_wconf 85' lang='lat' dir='ltr'>congrega-</span> 
     </span>
    </p>
   </div>
   <div class='ocr_carea' id='block_1_96' title="bbox 359 4726 2008 4798">
    <p class='ocr_par' dir='ltr' id='par_1_96' title="bbox 359 4726 2008 4798">
     <span class='ocr_line' id='line_1_96' title="bbox 359 4726 2008 4798; baseline -0.002 -12"><span class='ocrx_word' id='word_1_733' title='bbox 359 4731 506 4788; x_wconf 89' lang='lat' dir='ltr'>verit</span> <span class='ocrx_word' id='word_1_734' title='bbox 536 4730 645 4787; x_wconf 90' lang='lat' dir='ltr'>sibi</span> <span class='ocrx_word' id='word_1_735' title='bbox 678 4729 914 4784; x_wconf 90' lang='lat' dir='ltr'>divitias</span> <span class='ocrx_word' id='word_1_736' title='bbox 963 4726 1316 4798; x_wconf 88' lang='lat' dir='ltr'>spirituales,</span> <span class='ocrx_word' id='word_1_737' title='bbox 1376 4726 1446 4779; x_wconf 89' lang='lat' dir='ltr'>de</span> <span class='ocrx_word' id='word_1_738' title='bbox 1478 4726 1692 4797; x_wconf 89' lang='lat' dir='ltr'>quibus</span> <span class='ocrx_word' id='word_1_739' title='bbox 1723 4726 2008 4783; x_wconf 88' lang='lat' dir='ltr'>Dominus</span> 
     </span>
    </p>
   </div>
   <div class='ocr_carea' id='block_1_97' title="bbox 359 4814 2003 4892">
    <p class='ocr_par' dir='ltr' id='par_1_97' title="bbox 359 4814 2003 4892">
     <span class='ocr_line' id='line_1_97' title="bbox 359 4814 2003 4892; baseline -0.002 -17"><span class='ocrx_word' id='word_1_740' title='bbox 359 4820 665 4892; x_wconf 64' lang='lat' dir='ltr'>prmeepit:</span> <span class='ocrx_word' id='word_1_741' title='bbox 711 4816 1124 4874; x_wconf 89' lang='lat' dir='ltr'>Tbesaurizate</span> <span class='ocrx_word' id='word_1_742' title='bbox 1178 4815 1340 4870; x_wconf 89' lang='lat' dir='ltr'>vobis</span> <span class='ocrx_word' id='word_1_743' title='bbox 1397 4814 1702 4870; x_wconf 85' lang='lat' dir='ltr'>thesauros</span> <span class='ocrx_word' id='word_1_744' title='bbox 1734 4815 1790 4869; x_wconf 91' lang='lat' dir='ltr'>in</span> <span class='ocrx_word' id='word_1_745' title='bbox 1825 4815 2003 4871; x_wconf 84' lang='lat' dir='ltr'>coelo:</span> 
     </span>
    </p>
   </div>
   <div class='ocr_carea' id='block_1_98' title="bbox 361 4903 2005 4979">
    <p class='ocr_par' dir='ltr' id='par_1_98' title="bbox 361 4903 2005 4979">
     <span class='ocr_line' id='line_1_98' title="bbox 361 4903 2005 4979; baseline -0.001 -18"><span class='ocrx_word' id='word_1_746' title='bbox 361 4908 460 4962; x_wconf 90' lang='lat' dir='ltr'>ubi</span> <span class='ocrx_word' id='word_1_747' title='bbox 485 4924 588 4963; x_wconf 91' lang='lat' dir='ltr'>nec</span> <span class='ocrx_word' id='word_1_748' title='bbox 610 4924 822 4979; x_wconf 68' lang='lat' dir='ltr'>aerugo,</span> <span class='ocrx_word' id='word_1_749' title='bbox 857 4922 959 4960; x_wconf 88' lang='lat' dir='ltr'>nec</span> <span class='ocrx_word' id='word_1_750' title='bbox 982 4905 1138 4959; x_wconf 90' lang='lat' dir='ltr'>tinea</span> <span class='ocrx_word' id='word_1_751' title='bbox 1158 4903 1491 4968; x_wconf 91' lang='lat' dir='ltr'>demolitur,</span> <span class='ocrx_word' id='word_1_752' title='bbox 1527 4919 1630 4956; x_wconf 91' lang='lat' dir='ltr'>nec</span> <span class='ocrx_word' id='word_1_753' title='bbox 1680 4904 1836 4958; x_wconf 91' lang='lat' dir='ltr'>fures</span> <span class='ocrx_word' id='word_1_754' title='bbox 1867 4905 2005 4959; x_wconf 79' lang='lat' dir='ltr'>effo-</span> 
     </span>
    </p>
   </div>
   <div class='ocr_carea' id='block_1_99' title="bbox 359 4992 2004 5061">
    <p class='ocr_par' dir='ltr' id='par_1_99' title="bbox 359 4992 2004 5061">
     <span class='ocr_line' id='line_1_99' title="bbox 359 4992 2004 5061; baseline 0.001 -14"><span class='ocrx_word' id='word_1_755' title='bbox 359 4995 530 5050; x_wconf 90' lang='lat' dir='ltr'>diunt</span> <span class='ocrx_word' id='word_1_756' title='bbox 557 5001 615 5050; x_wconf 90' lang='lat' dir='ltr'>et</span> <span class='ocrx_word' id='word_1_757' title='bbox 635 4997 921 5051; x_wconf 90' lang='lat' dir='ltr'>furantur.</span> <span class='ocrx_word' id='word_1_758' title='bbox 957 4995 1062 5049; x_wconf 90' lang='lat' dir='ltr'>Ubi</span> <span class='ocrx_word' id='word_1_759' title='bbox 1094 4997 1184 5048; x_wconf 91' lang='lat' dir='ltr'>est</span> <span class='ocrx_word' id='word_1_760' title='bbox 1215 4993 1370 5046; x_wconf 90' lang='lat' dir='ltr'>enim</span> <span class='ocrx_word' id='word_1_761' title='bbox 1392 4992 1702 5047; x_wconf 87' lang='lat' dir='ltr'>thesaurus</span> <span class='ocrx_word' id='word_1_762' title='bbox 1732 4997 1890 5061; x_wconf 90' lang='lat' dir='ltr'>tuus,</span> <span class='ocrx_word' id='word_1_763' title='bbox 1927 4993 2004 5048; x_wconf 89' lang='lat' dir='ltr'>ibi</span> 
     </span>
    </p>
   </div>
   <div class='ocr_carea' id='block_1_100' title="bbox 360 5081 2004 5152">
    <p class='ocr_par' dir='ltr' id='par_1_100' title="bbox 360 5081 2004 5152">
     <span class='ocr_line' id='line_1_100' title="bbox 360 5081 2004 5152; baseline 0 -15"><span class='ocrx_word' id='word_1_764' title='bbox 360 5087 450 5137; x_wconf 90' lang='lat' dir='ltr'>est</span> <span class='ocrx_word' id='word_1_765' title='bbox 480 5087 536 5136; x_wconf 90' lang='lat' dir='ltr'>et</span> <span class='ocrx_word' id='word_1_766' title='bbox 565 5100 662 5138; x_wconf 90' lang='lat' dir='ltr'>cor</span> <span class='ocrx_word' id='word_1_767' title='bbox 692 5089 856 5139; x_wconf 92' lang='lat' dir='ltr'>tuum</span> <span class='ocrx_word' id='word_1_768' title='bbox 890 5085 1094 5148; x_wconf 78' lang='lat' dir='ltr'>(Matth.</span> <span class='ocrx_word' id='word_1_769' title='bbox 1152 5100 1227 5148; x_wconf 85' lang='lat' dir='ltr'>v1,</span> <span class='ocrx_word' id='word_1_770' title='bbox 1257 5082 1367 5152; x_wconf 85' lang='lat'><strong>21).</strong></span> <span class='ocrx_word' id='word_1_771' title='bbox 1419 5085 1532 5134; x_wconf 83' lang='lat' dir='ltr'>Iste</span> <span class='ocrx_word' id='word_1_772' title='bbox 1575 5085 1662 5135; x_wconf 90' lang='lat' dir='ltr'>est</span> <span class='ocrx_word' id='word_1_773' title='bbox 1692 5081 2004 5137; x_wconf 87' lang='lat' dir='ltr'>thesaurus</span> 
     </span>
    </p>
   </div>
   <div class='ocr_carea' id='block_1_101' title="bbox 359 5168 2004 5244">
    <p class='ocr_par' dir='ltr' id='par_1_101' title="bbox 359 5168 2004 5244">
     <span class='ocr_line' id='line_1_101' title="bbox 359 5168 2004 5244; baseline -0.002 -17"><span class='ocrx_word' id='word_1_774' title='bbox 359 5171 835 5238; x_wconf 87' lang='lat' dir='ltr'>absconditus,de</span> <span class='ocrx_word' id='word_1_775' title='bbox 863 5190 976 5244; x_wconf 92' lang='lat' dir='ltr'>quo</span> <span class='ocrx_word' id='word_1_776' title='bbox 999 5179 1056 5227; x_wconf 88' lang='lat' dir='ltr'>et</span> <span class='ocrx_word' id='word_1_777' title='bbox 1078 5172 1134 5226; x_wconf 90' lang='lat' dir='ltr'>in</span> <span class='ocrx_word' id='word_1_778' title='bbox 1158 5168 1464 5242; x_wconf 85' lang='lat' dir='ltr'>Evangelio</span> <span class='ocrx_word' id='word_1_779' title='bbox 1488 5169 1746 5240; x_wconf 87' lang='lat' dir='ltr'>loquitur</span> <span class='ocrx_word' id='word_1_780' title='bbox 1769 5186 1780 5222; x_wconf 75' lang='grc' dir='ltr'>ε</span> <span class='ocrx_word' id='word_1_781' title='bbox 1800 5168 2004 5225; x_wconf 90' lang='lat' dir='ltr'>Simile</span> 
     </span>
    </p>
   </div>
   <div class='ocr_carea' id='block_1_102' title="bbox 356 5258 2000 5332">
    <p class='ocr_par' dir='ltr' id='par_1_102' title="bbox 356 5258 2000 5332">
     <span class='ocr_line' id='line_1_102' title="bbox 356 5258 2000 5332; baseline -0.002 -14"><span class='ocrx_word' id='word_1_782' title='bbox 356 5265 447 5318; x_wconf 90' lang='lat' dir='ltr'>est</span> <span class='ocrx_word' id='word_1_783' title='bbox 479 5276 722 5332; x_wconf 86' lang='lat' dir='ltr'>regnum</span> <span class='ocrx_word' id='word_1_784' title='bbox 755 5261 1030 5316; x_wconf 79' lang='lat' dir='ltr'>caelorum</span> <span class='ocrx_word' id='word_1_785' title='bbox 1062 5261 1338 5317; x_wconf 86' lang='lat' dir='ltr'>thesauro</span> <span class='ocrx_word' id='word_1_786' title='bbox 1363 5258 1725 5314; x_wconf 84' lang='lat' dir='ltr'>absconditio</span> <span class='ocrx_word' id='word_1_787' title='bbox 1749 5258 1804 5311; x_wconf 95' lang='lat' dir='ltr'>in</span> <span class='ocrx_word' id='word_1_788' title='bbox 1840 5275 2000 5330; x_wconf 84' lang='lat' dir='ltr'>agro,</span> 
     </span>
    </p>
   </div>
   <div class='ocr_carea' id='block_1_103' title="bbox 356 5347 2004 5423">
    <p class='ocr_par' dir='ltr' id='par_1_103' title="bbox 356 5347 2004 5423">
     <span class='ocr_line' id='line_1_103' title="bbox 356 5347 2004 5423; baseline -0.001 -16"><span class='ocrx_word' id='word_1_789' title='bbox 356 5368 529 5423; x_wconf 90' lang='lat' dir='ltr'>quem</span> <span class='ocrx_word' id='word_1_790' title='bbox 564 5348 663 5422; x_wconf 91' lang='lat' dir='ltr'>qui</span> <span class='ocrx_word' id='word_1_791' title='bbox 697 5347 1389 5421; x_wconf 78' lang='lat' dir='ltr'>invenerit.abscondit,et</span> <span class='ocrx_word' id='word_1_792' title='bbox 1412 5366 1526 5421; x_wconf 76' lang='lat' dir='ltr'>pra:</span> <span class='ocrx_word' id='word_1_793' title='bbox 1548 5347 1760 5420; x_wconf 87' lang='lat' dir='ltr'>gaudio</span> <span class='ocrx_word' id='word_1_794' title='bbox 1787 5364 1891 5403; x_wconf 91' lang='lat' dir='ltr'>suo</span> <span class='ocrx_word' id='word_1_795' title='bbox 1910 5365 2004 5405; x_wconf 85' lang='lat' dir='ltr'>va-</span> 
     </span>
    </p>
   </div>
   <div class='ocr_carea' id='block_1_104' title="bbox 425 5510 1495 5583">
    <p class='ocr_par' dir='ltr' id='par_1_104' title="bbox 425 5510 1495 5583">
     <span class='ocr_line' id='line_1_104' title="bbox 425 5510 1495 5583; baseline -0.002 -16"><span class='ocrx_word' id='word_1_796' title='bbox 425 5512 501 5583; x_wconf 85' lang='lat' dir='ltr'>(a)</span> <span class='ocrx_word' id='word_1_797' title='bbox 532 5510 857 5583; x_wconf 68' lang='lat' dir='ltr'>Victorius,</span> <span class='ocrx_word' id='word_1_798' title='bbox 876 5519 1126 5566; x_wconf 74' lang='lat' dir='ltr'>sanctum</span> <span class='ocrx_word' id='word_1_799' title='bbox 1155 5512 1212 5566; x_wconf 77' lang='lat' dir='ltr'>in</span> <span class='ocrx_word' id='word_1_800' title='bbox 1244 5513 1495 5567; x_wconf 79' lang='lat' dir='ltr'>Domino.</span> 
     </span>
    </p>
   </div>
   <div class='ocr_carea' id='block_1_105' title="bbox 423 5581 1997 5655">
    <p class='ocr_par' dir='ltr' id='par_1_105' title="bbox 423 5581 1997 5655">
     <span class='ocr_line' id='line_1_105' title="bbox 423 5581 1997 5655; baseline 0 -16"><span class='ocrx_word' id='word_1_801' title='bbox 423 5581 499 5653; x_wconf 82' lang='lat' dir='ltr'>(b)</span> <span class='ocrx_word' id='word_1_802' title='bbox 518 5581 1183 5655; x_wconf 65' lang='lat' dir='ltr'>ldem,lapides__c_rfystalli</span> <span class='ocrx_word' id='word_1_803' title='bbox 1203 5591 1254 5639; x_wconf 78' lang='lat' dir='ltr'>et</span> <span class='ocrx_word' id='word_1_804' title='bbox 1281 5598 1466 5655; x_wconf 81' lang='lat' dir='ltr'>muros</span> <span class='ocrx_word' id='word_1_805' title='bbox 1497 5586 1615 5655; x_wconf 68' lang='lat' dir='ltr'>tuo:</span> <span class='ocrx_word' id='word_1_806' title='bbox 1646 5582 1863 5655; x_wconf 76' lang='lat' dir='ltr'>lapides</span> <span class='ocrx_word' id='word_1_807' title='bbox 1893 5583 1997 5655; x_wconf 76' lang='lat' dir='ltr'>ele-</span> 
     </span>
    </p>
   </div>
   <div class='ocr_carea' id='block_1_106' title="bbox 350 5652 1995 5730">
    <p class='ocr_par' dir='ltr' id='par_1_106' title="bbox 350 5652 1995 5730">
     <span class='ocr_line' id='line_1_106' title="bbox 350 5652 1995 5730; baseline 0.001 -18"><span class='ocrx_word' id='word_1_808' title='bbox 350 5652 460 5714; x_wconf 67' lang='lat' dir='ltr'>ctos</span> <span class='ocrx_word' id='word_1_809' title='bbox 489 5655 581 5714; x_wconf 83' lang='lat' dir='ltr'>:ad</span> <span class='ocrx_word' id='word_1_810' title='bbox 612 5652 833 5713; x_wconf 83' lang='lat' dir='ltr'>textum</span> <span class='ocrx_word' id='word_1_811' title='bbox 870 5652 1017 5727; x_wconf 81' lang='lat' dir='ltr'>LXX,</span> <span class='ocrx_word' id='word_1_812' title='bbox 1069 5659 1247 5730; x_wconf 87' lang='lat' dir='ltr'>utque</span> <span class='ocrx_word' id='word_1_813' title='bbox 1291 5653 1628 5713; x_wconf 89' lang='lat' dir='ltr'>concinnior</span> <span class='ocrx_word' id='word_1_814' title='bbox 1658 5652 1863 5713; x_wconf 77' lang='lat' dir='ltr'>Latina</span> <span class='ocrx_word' id='word_1_815' title='bbox 1911 5653 1995 5713; x_wconf 91' lang='lat' dir='ltr'>lo-</span> 
     </span>
    </p>
   </div>
   <div class='ocr_carea' id='block_1_107' title="bbox 2119 4639 3780 4709">
    <p class='ocr_par' dir='ltr' id='par_1_107' title="bbox 2119 4639 3780 4709">
     <span class='ocr_line' id='line_1_107' title="bbox 2119 4639 3780 4709; baseline 0.004 -18"><span class='ocrx_word' id='word_1_816' title='bbox 2119 4653 2293 4708; x_wconf 90' lang='lat' dir='ltr'>quam</span> <span class='ocrx_word' id='word_1_817' title='bbox 2328 4653 2652 4709; x_wconf 88' lang='lat' dir='ltr'>acceperas,</span> <span class='ocrx_word' id='word_1_818' title='bbox 2686 4639 2994 4693; x_wconf 87' lang='lat' dir='ltr'>tenebatur</span> <span class='ocrx_word' id='word_1_819' title='bbox 3017 4639 3260 4693; x_wconf 77' lang='lat' dir='ltr'>inclusa.</span> <span class='ocrx_word' id='word_1_820' title='bbox 3298 4641 3359 4695; x_wconf 94' lang='lat' dir='ltr'>In</span> <span class='ocrx_word' id='word_1_821' title='bbox 3394 4639 3780 4698; x_wconf 89' lang='lat' dir='ltr'>multitudine</span> 
     </span>
    </p>
   </div>
   <div class='ocr_carea' id='block_1_108' title="bbox 2118 4727 3784 4799">
    <p class='ocr_par' dir='ltr' id='par_1_108' title="bbox 2118 4727 3784 4799">
     <span class='ocr_line' id='line_1_108' title="bbox 2118 4727 3784 4799; baseline 0.003 -17"><span class='ocrx_word' id='word_1_822' title='bbox 2118 4744 2350 4798; x_wconf 90' lang='lat' dir='ltr'>quoque</span> <span class='ocrx_word' id='word_1_823' title='bbox 2381 4727 2792 4797; x_wconf 87' lang='lat' dir='ltr'>negotiationis</span> <span class='ocrx_word' id='word_1_824' title='bbox 2823 4730 2949 4798; x_wconf 85' lang='lat' dir='ltr'>ejus</span> <span class='ocrx_word' id='word_1_825' title='bbox 2981 4727 3199 4799; x_wconf 85' lang='lat' dir='ltr'>repleta</span> <span class='ocrx_word' id='word_1_826' title='bbox 3231 4733 3368 4783; x_wconf 89' lang='lat' dir='ltr'>sunt</span> <span class='ocrx_word' id='word_1_827' title='bbox 3398 4729 3682 4786; x_wconf 81' lang='lat' dir='ltr'>interiora</span> <span class='ocrx_word' id='word_1_828' title='bbox 3713 4731 3784 4786; x_wconf 88' lang='lat' dir='ltr'>il-</span> 
     </span>
    </p>
   </div>
   <div class='ocr_carea' id='block_1_109' title="bbox 2117 4814 3779 4886">
    <p class='ocr_par' dir='ltr' id='par_1_109' title="bbox 2117 4814 3779 4886">
     <span class='ocr_line' id='line_1_109' title="bbox 2117 4814 3779 4886; baseline 0.004 -19"><span class='ocrx_word' id='word_1_829' title='bbox 2117 4814 2378 4876; x_wconf 86' lang='lat' dir='ltr'>lius,sive</span> <span class='ocrx_word' id='word_1_830' title='bbox 2409 4814 2661 4885; x_wconf 87' lang='lat' dir='ltr'>cellaria,</span> <span class='ocrx_word' id='word_1_831' title='bbox 2697 4815 3022 4886; x_wconf 88' lang='lat' dir='ltr'>iniquitate.</span> <span class='ocrx_word' id='word_1_832' title='bbox 3047 4821 3193 4870; x_wconf 87' lang='lat' dir='ltr'>Dum</span> <span class='ocrx_word' id='word_1_833' title='bbox 3225 4817 3380 4872; x_wconf 92' lang='lat' dir='ltr'>enim</span> <span class='ocrx_word' id='word_1_834' title='bbox 3413 4817 3603 4872; x_wconf 89' lang='lat' dir='ltr'>multa</span> <span class='ocrx_word' id='word_1_835' title='bbox 3634 4836 3779 4876; x_wconf 88' lang='lat' dir='ltr'>con-</span> 
     </span>
    </p>
   </div>
   <div class='ocr_carea' id='block_1_110' title="bbox 2117 4904 3778 4980">
    <p class='ocr_par' dir='ltr' id='par_1_110' title="bbox 2117 4904 3778 4980">
     <span class='ocr_line' id='line_1_110' title="bbox 2117 4904 3778 4980; baseline 0.004 -22"><span class='ocrx_word' id='word_1_836' title='bbox 2117 4904 2315 4974; x_wconf 85' lang='lat' dir='ltr'>quirit,</span> <span class='ocrx_word' id='word_1_837' title='bbox 2349 4907 2406 4957; x_wconf 87' lang='lat' dir='ltr'>et</span> <span class='ocrx_word' id='word_1_838' title='bbox 2438 4920 2550 4958; x_wconf 90' lang='lat' dir='ltr'>non</span> <span class='ocrx_word' id='word_1_839' title='bbox 2584 4908 2672 4958; x_wconf 91' lang='lat' dir='ltr'>est</span> <span class='ocrx_word' id='word_1_840' title='bbox 2701 4909 3005 4959; x_wconf 80' lang='lat' dir='ltr'>contentus</span> <span class='ocrx_word' id='word_1_841' title='bbox 3037 4906 3281 4962; x_wconf 83' lang='lat' dir='ltr'>scientia</span> <span class='ocrx_word' id='word_1_842' title='bbox 3313 4923 3488 4978; x_wconf 89' lang='lat' dir='ltr'>quam</span> <span class='ocrx_word' id='word_1_843' title='bbox 3520 4924 3778 4980; x_wconf 88' lang='lat' dir='ltr'>accepe-</span> 
     </span>
    </p>
   </div>
   <div class='ocr_carea' id='block_1_111' title="bbox 2117 4993 3780 5066">
    <p class='ocr_par' dir='ltr' id='par_1_111' title="bbox 2117 4993 3780 5066">
     <span class='ocr_line' id='line_1_111' title="bbox 2117 4993 3780 5066; baseline 0.004 -22"><span class='ocrx_word' id='word_1_844' title='bbox 2117 4995 2222 5055; x_wconf 83' lang='lat' dir='ltr'>rat,</span> <span class='ocrx_word' id='word_1_845' title='bbox 2258 5008 2360 5045; x_wconf 91' lang='lat' dir='ltr'>nec</span> <span class='ocrx_word' id='word_1_846' title='bbox 2393 4995 2675 5063; x_wconf 86' lang='lat' dir='ltr'>potestate</span> <span class='ocrx_word' id='word_1_847' title='bbox 2708 4993 2804 5062; x_wconf 89' lang='lat' dir='ltr'>qui</span> <span class='ocrx_word' id='word_1_848' title='bbox 2840 4994 3187 5064; x_wconf 71' lang='lat' dir='ltr'>prmpositus</span> <span class='ocrx_word' id='word_1_849' title='bbox 3220 5000 3362 5064; x_wconf 85' lang='lat' dir='ltr'>erat,</span> <span class='ocrx_word' id='word_1_850' title='bbox 3381 4994 3623 5066; x_wconf 87' lang='lat' dir='ltr'>replevit</span> <span class='ocrx_word' id='word_1_851' title='bbox 3654 4996 3780 5053; x_wconf 88' lang='lat' dir='ltr'>cel-</span> 
     </span>
    </p>
   </div>
   <div class='ocr_carea' id='block_1_112' title="bbox 2115 5079 3780 5151">
    <p class='ocr_par' dir='ltr' id='par_1_112' title="bbox 2115 5079 3780 5151">
     <span class='ocr_line' id='line_1_112' title="bbox 2115 5079 3780 5151; baseline 0.004 -19"><span class='ocrx_word' id='word_1_852' title='bbox 2115 5079 2277 5145; x_wconf 75' lang='lat' dir='ltr'>laria,</span> <span class='ocrx_word' id='word_1_853' title='bbox 2306 5085 2362 5135; x_wconf 91' lang='lat' dir='ltr'>et</span> <span class='ocrx_word' id='word_1_854' title='bbox 2393 5081 2670 5136; x_wconf 87' lang='lat' dir='ltr'>interiora</span> <span class='ocrx_word' id='word_1_855' title='bbox 2698 5083 2948 5151; x_wconf 86' lang='lat' dir='ltr'>pectoris</span> <span class='ocrx_word' id='word_1_856' title='bbox 2981 5083 3070 5136; x_wconf 88' lang='lat' dir='ltr'>sui</span> <span class='ocrx_word' id='word_1_857' title='bbox 3098 5100 3108 5137; x_wconf 91' lang='lat'>:</span> <span class='ocrx_word' id='word_1_858' title='bbox 3150 5087 3212 5137; x_wconf 89' lang='lat' dir='ltr'>ut</span> <span class='ocrx_word' id='word_1_859' title='bbox 3241 5088 3563 5151; x_wconf 81' lang='lat' dir='ltr'>saturatas,</span> <span class='ocrx_word' id='word_1_860' title='bbox 3593 5091 3654 5139; x_wconf 88' lang='lat' dir='ltr'>et</span> <span class='ocrx_word' id='word_1_861' title='bbox 3688 5086 3780 5140; x_wconf 81' lang='lat' dir='ltr'>in-</span> 
     </span>
    </p>
   </div>
   <div class='ocr_carea' id='block_1_113' title="bbox 2113 5168 3778 5228">
    <p class='ocr_par' dir='ltr' id='par_1_113' title="bbox 2113 5168 3778 5228">
     <span class='ocr_line' id='line_1_113' title="bbox 2113 5168 3778 5228; baseline 0.004 -5"><span class='ocrx_word' id='word_1_862' title='bbox 2113 5173 2409 5224; x_wconf 89' lang='lat' dir='ltr'>crassatus</span> <span class='ocrx_word' id='word_1_863' title='bbox 2439 5168 2766 5224; x_wconf 88' lang='lat' dir='ltr'>calcitraret</span> <span class='ocrx_word' id='word_1_864' title='bbox 2786 5176 2985 5225; x_wconf 90' lang='lat' dir='ltr'>contra</span> <span class='ocrx_word' id='word_1_865' title='bbox 3017 5176 3341 5226; x_wconf 84' lang='lat' dir='ltr'>Creatorem</span> <span class='ocrx_word' id='word_1_866' title='bbox 3365 5188 3562 5227; x_wconf 90' lang='lat' dir='ltr'>suum.</span> <span class='ocrx_word' id='word_1_867' title='bbox 3599 5173 3778 5228; x_wconf 82' lang='lat' dir='ltr'>Man-</span> 
     </span>
    </p>
   </div>
   <div class='ocr_carea' id='block_1_114' title="bbox 2111 5258 3783 5328">
    <p class='ocr_par' dir='ltr' id='par_1_114' title="bbox 2111 5258 3783 5328">
     <span class='ocr_line' id='line_1_114' title="bbox 2111 5258 3783 5328; baseline 0.004 -15"><span class='ocrx_word' id='word_1_868' title='bbox 2111 5259 2342 5313; x_wconf 88' lang='lat' dir='ltr'>ducavit</span> <span class='ocrx_word' id='word_1_869' title='bbox 2369 5258 2526 5313; x_wconf 90' lang='lat' dir='ltr'>enim</span> <span class='ocrx_word' id='word_1_870' title='bbox 2556 5258 2753 5328; x_wconf 86' lang='lat' dir='ltr'>Jacob,</span> <span class='ocrx_word' id='word_1_871' title='bbox 2787 5264 2844 5313; x_wconf 89' lang='lat' dir='ltr'>ct</span> <span class='ocrx_word' id='word_1_872' title='bbox 2874 5265 3170 5315; x_wconf 87' lang='lat' dir='ltr'>saturatus</span> <span class='ocrx_word' id='word_1_873' title='bbox 3201 5266 3307 5327; x_wconf 90' lang='lat' dir='ltr'>est,</span> <span class='ocrx_word' id='word_1_874' title='bbox 3344 5266 3400 5316; x_wconf 89' lang='lat' dir='ltr'>et</span> <span class='ocrx_word' id='word_1_875' title='bbox 3432 5261 3783 5319; x_wconf 87' lang='lat' dir='ltr'>recalcitra-</span> 
     </span>
    </p>
   </div>
   <div class='ocr_carea' id='block_1_115' title="bbox 2109 5347 3776 5422">
    <p class='ocr_par' dir='ltr' id='par_1_115' title="bbox 2109 5347 3776 5422">
     <span class='ocr_line' id='line_1_115' title="bbox 2109 5347 3776 5422; baseline 0.004 -20"><span class='ocrx_word' id='word_1_876' title='bbox 2109 5347 2188 5402; x_wconf 87' lang='lat' dir='ltr'>vit</span> <span class='ocrx_word' id='word_1_877' title='bbox 2217 5347 2484 5416; x_wconf 87' lang='lat' dir='ltr'>dilectus,</span> <span class='ocrx_word' id='word_1_878' title='bbox 2520 5348 2880 5405; x_wconf 83' lang='lat' dir='ltr'>incrassatus</span> <span class='ocrx_word' id='word_1_879' title='bbox 2913 5355 2970 5405; x_wconf 89' lang='lat' dir='ltr'>et</span> <span class='ocrx_word' id='word_1_880' title='bbox 3010 5350 3430 5422; x_wconf 85' lang='lat' dir='ltr'>impingualus,</span> <span class='ocrx_word' id='word_1_881' title='bbox 3458 5354 3513 5406; x_wconf 85' lang='lat' dir='ltr'>et</span> <span class='ocrx_word' id='word_1_882' title='bbox 3545 5350 3776 5410; x_wconf 87' lang='lat' dir='ltr'>dilata-</span> 
     </span>
    </p>
   </div>
   <div class='ocr_carea' id='block_1_116' title="bbox 2108 5509 2392 5566">
    <p class='ocr_par' dir='ltr' id='par_1_116' title="bbox 2108 5509 2392 5566">
     <span class='ocr_line' id='line_1_116' title="bbox 2108 5509 2392 5566; baseline -0.004 -1"><span class='ocrx_word' id='word_1_883' title='bbox 2108 5509 2263 5565; x_wconf 89' lang='lat' dir='ltr'>cutio</span> <span class='ocrx_word' id='word_1_884' title='bbox 2296 5509 2392 5566; x_wconf 90' lang='lat' dir='ltr'>sit.</span> 
     </span>
    </p>
   </div>
   <div class='ocr_carea' id='block_1_117' title="bbox 2177 5581 3399 5658">
    <p class='ocr_par' dir='ltr' id='par_1_117' title="bbox 2177 5581 3399 5658">
     <span class='ocr_line' id='line_1_117' title="bbox 2177 5581 3399 5658; baseline 0.004 -21"><span class='ocrx_word' id='word_1_885' title='bbox 2177 5585 2245 5657; x_wconf 80' lang='grc' dir='ltr'>(ε)</span> <span class='ocrx_word' id='word_1_886' title='bbox 2278 5582 2339 5641; x_wconf 90' lang='lat' dir='ltr'>In</span> <span class='ocrx_word' id='word_1_887' title='bbox 2371 5581 2554 5640; x_wconf 87' lang='lat' dir='ltr'>Vatic.</span> <span class='ocrx_word' id='word_1_888' title='bbox 2591 5597 2899 5658; x_wconf 85' lang='lat' dir='ltr'>ms,,porro</span> <span class='ocrx_word' id='word_1_889' title='bbox 2930 5584 3070 5657; x_wconf 86' lang='lat' dir='ltr'>quod</span> <span class='ocrx_word' id='word_1_890' title='bbox 3097 5583 3319 5647; x_wconf 78' lang='lat' dir='ltr'>dicitur.</span> <span class='ocrx_word' id='word_1_891' title='bbox 3390 5582 3399 5590; x_wconf 84' lang='grc'><strong>’</strong></span> 
     </span>
    </p>
   </div>
  </div>
