3996 6182
230 384 338 454 273

702 453 709 461 .
789 386 1536 456 COMMENTARIORUM
1580 388 1659 453 IN
1701 383 2197 452 EZEGHIELEM
2242 382 2395 451 LIB.
2440 386 2544 452 1X.
2592 384 2762 451 CAP.
2810 377 3083 452 XXVI“.

3512 372 3632 441 274

232 528 338 593 tus,
370 528 433 580 et
448 521 756 597 dereliquit
778 530 962 582 Deum
990 526 1090 599 qui
1112 528 1323 583 fecerat
1344 543 1479 583 eum
1502 526 1674 598 (Deut.
1696 540 1873 588 xxxii,
1905 530 1958 592 Α
1989 521 2274 594 scriptum
2306 528 2428 578 est:
2465 522 2658 579 Omnes
2686 521 3057 579 adulterantes
3076 519 3236 595 quasi
3254 510 3501 577 clibanus
3520 529 3635 572 cor—

236 613 332 683 l5).
382 613 457 669 Et
487 613 561 670 de
608 613 782 670 corde
809 616 1132 687 procedunt
1179 615 1563 689 cogitationes
1610 611 1876 685 pessimis

234 703 442 773 (Matth.
475 720 573 772 xv,
602 704 729 774 {9):
763 709 1004 776 propter
1034 721 1182 776 quas
1203 704 1343 760 dicit
1370 705 1525 760 Deus
1550 721 1562 757 :
1597 700 1876 766 Peccasti,

233 800 279 851 et
304 793 451 864 ejeci
483 796 541 848 te
571 793 643 847 de
668 797 864 848 monte
895 793 1014 864 Dei,
1039 793 1156 848 sive
1173 794 1514 849 vulneratus
1535 809 1596 849 es
1621 810 1654 847 a
1684 793 1879 847 monte

232 883 339 952 Dei,
374 883 537 954 quod
571 886 856 952 legentes,
905 884 1112 939 timere
1150 884 1578 957 compellimur.
1630 883 1687 938 Si
1720 881 1875 937 enim

232 971 448 1028 Cherub
498 974 773 1025 extentus
813 974 872 1025 et
910 976 1237 1044 protegens,
1291 973 1519 1044 positus
1568 972 1627 1026 in
1680 976 1876 1025 monte

232 1065 418 1116 sancto
451 1059 576 1129 Dei,
612 1064 669 1113 et
719 1059 779 1112 in
813 1059 1006 1115 medio
1036 1061 1190 1116 336
1240 1061 1557 1132 ignitorurn
1608 1059 1873 1131 lapidum

230 1148 540 1221 perfectus,
554 1152 616 1202 et
631 1147 1312 1221 immaculatus,propter
1329 1148 1764 1205 multitudinem
1786 1163 1881 1203 ne-

226 1233 563 1309 gotiationis
595 1233 839 1305 replevit
865 1234 1162 1291 interioris
1190 1254 1297 1292 sua
1316 1237 1645 1309 iniquitate,
1668 1241 1724 1291 et
1745 1251 1876 1307 pec-

229 1323 382 1389 cavit,
408 1328 471 1378 et
499 1323 730 1393 ejectus
760 1328 851 1377 est
882 1324 951 1378 de
984 1331 1175 1381 monte
1204 1326 1328 1396 Dei,
1358 1327 1465 1381 hoc
1486 1331 1597 1391 est,
1621 1326 1691 1380 de
1715 1323 1877 1379 habi-

227 1412 435 1468 tatione
466 1410 757 1483 paradisi,
797 1411 918 1467 sive
960 1412 1297 1470 vulneratus
1330 1431 1364 1470 a
1395 1420 1593 1470 monte
1622 1413 1745 1481 Dei,
1777 1411 1878 1483 qui

226 1501 527 1574 perspicue
557 1499 835 1555 Christus
875 1500 1241 1573 intelligitur,
1276 1508 1377 1559 aut
1407 1509 1559 1559 certe
1592 1504 1647 1558 in
1683 1505 1880 1557 monte

230 1591 314 1647 Dei
339 1589 714 1646 constitutus
744 1593 802 1643 et
825 1586 1120 1657 habitans,
1151 1609 1186 1646 a
1207 1593 1520 1665 semetipso
1543 1591 1881 1647 vulneratus

239 1686 332 1746 est,
349 1684 403 1733 et
430 1677 822 1734 conscientiae
852 1684 1236 1750 compunctus
1259 1683 1433 1748 malo,
1458 1682 1598 1737 dum
1632 1698 1694 1737 se
1717 1678 1882 1735 intel-

237 1767 341 1840 ligit
368 1766 756 1822 habitatione
788 1767 1005 1822 montis
1037 1768 1344 1841 indignum
1371 1788 1385 1827 :
1441 1771 1581 1842 quid
1614 1772 1684 1826 de
1711 1768 1881 1825 nobis

230 1855 647 1911 astimandum
677 1856 808 1910 est?
837 1855 1078 1928 Propter
1106 1859 1263 1929 quod
1294 1858 1510 1915 dicitur
1538 1859 1619 1914 ei:
1654 1859 1723 1913 Et
1752 1873 1879 1929 per-

225 1944 334 2001 didi
362 1948 447 2011 te,
482 1943 745 2011 Cherub,
781 1950 1092 2016 protegens
1122 1947 1194 2002 de
1227 1948 1418 2003 medio
1450 1948 1712 2020 lapidum
1736 1945 1883 2017 igni-

224 2040 409 2090 torum
437 2050 453 2089 :
490 2038 560 2088 ut
592 2049 972 2105 nequaquam
1007 2035 1160 2091 inter
1190 2037 1406 2109 ignitos
1435 2037 1658 2109 lapides
1688 2035 1882 2091 consi-

224 2128 426 2189 steres,
464 2120 572 2177 sed
604 2121 848 2193 perires.
902 2121 946 2176 Ο
979 2122 1102 2194 ipse
1133 2108 1384 2189 Cherub,
1417 2108 1536 2180 sive
1568 2108 1880 2179 Cherubim

224 2214 294 2284 (α)
306 2211 412 2283 qui
430 2215 495 2265 te
519 2210 883 2281 protegebat,
902 2210 1070 2265 eduxi
1088 2216 1143 2267 te
1158 2213 1227 2267 de
1246 2214 1438 2268 medio
1452 2213 1712 2285 lapidum
1730 2211 1881 2284 igni-

222 2307 415 2355 torum
440 2316 458 2353 :
486 2299 667 2368 juxta
694 2297 840 2352 illud
875 2300 1031 2369 quod
1064 2304 1120 2355 et
1148 2302 1219 2357 de
1236 2302 1421 2357 Adam
1450 2302 1735 2374 scriptum
1763 2304 1878 2355 est:

224 2388 404 2460 Ejecit
441 2388 657 2457 Adam,
690 2392 750 2441 et
768 2387 1074 2444 constituit
1093 2392 1365 2461 eum(.4(.
1398 2391 1884 2462 Cherubim)con-

224 2482 311 2532 tre
339 2476 699 2550 paradisum
723 2474 1065 2532 deliciarum
1086 2477 1396 2547 (Genes.m,
1419 2481 1533 2551 24).
1549 2479 1883 2550 Censusque

226 2565 436 2636 reddit,
472 2580 580 2619 cur
610 2567 857 2619 educzus
889 2565 987 2631 sit,
1021 2566 1141 2621 sive
1171 2569 1465 2639 projectus
1492 2570 1563 2624 de
1594 2568 1785 2623 medio
1805 2568 1883 2624 la-

226 2654 433 2727 pidum
454 2653 802 2725 ignitorum.
832 2652 1128 2711 Elevatum
1145 2657 1397 2713 estenim
1419 2675 1518 2713 cor
1532 2656 1771 2712 tuumin
1790 2657 1885 2711 de-

224 2760 353 2800 core
380 2746 492 2798 tuo
517 2759 531 2797 :
564 2743 707 2797 dum
739 2747 908 2797 tuum
931 2749 1103 2815 putas
1130 2763 1257 2802 esse
1281 2747 1436 2818 quod
1466 2747 1565 2803 Dei
1588 2752 1694 2801 est.
1722 2746 1884 2802 Unde

223 2838 276 2888 et
303 2829 641 2904 apostolus,
687 2831 996 2909 stimulum
1046 2836 1239 2889 carnis
1268 2841 1325 2890 et
1354 2835 1624 2907 angelum
1658 2835 1882 2890 Satanas

223 2920 528 2994 accepisse
560 2935 625 2975 se
642 2919 804 2988 dicit,
839 2922 939 2991 qui
973 2938 1106 2977 eum
1128 2923 1537 2996 colaphizaret,
1570 2942 1642 2980 ne
1674 2924 1886 2979 revela-

220 3012 455 3066 tionum
482 3008 896 3081 magnitudine
913 3012 1263 3083 superhiret,
1281 3018 1338 3068 et
1360 3013 1719 3085 injudicium
1739 3013 1881 3068 inci-

223 3102 389 3156 deret
418 3097 644 3152 diaboli
677 3098 749 3169 (II
782 3097 902 3154 Cor.
921 3101 1046 3171 x11).
1066 3101 1133 3155 Et
1154 3100 1370 3157 idcirco
1392 3108 1662 3174 corrupta
1684 3107 1774 3157 est
1793 3101 1880 3156 in-

225 3188 375 3262 quit,
408 3187 686 3242 doctrina
717 3192 818 3241 tua
848 3204 983 3242 cum
1013 3190 1222 3245 decore
1251 3198 1372 3257 tuo,
1408 3191 1546 3261 sive,
1577 3189 1882 3263 perdidisti

1986 609 2059 667 da
2103 626 2292 667 eorum
2333 611 2504 683 (Osee)
2549 613 2625 669 De
2655 629 2770 685 quo
2815 610 2949 685 igne
2996 610 3259 684 loquitur
3305 612 3362 666 et
3408 604 3628 664 Isaias:

1987 700 2274 758 Ambulate
2305 702 2362 755 in
2394 701 2605 756 lumine
2652 702 2799 770 ignis
2829 703 3011 771 vestri,
3043 703 3095 756 et
3126 702 3188 755 in
3215 701 3441 770 ﬂamma
3468 710 3636 768 quam

1985 789 2342 845 succendistis
2388 792 2540 862 (Isai.
2578 790 2648 861 ι),
2703 796 2767 845 ut
2817 790 2971 845 foras
3022 788 3347 862 egrediens,
3398 786 3636 841 devoret

1988 878 2407 948 possidentem,
2429 880 2602 950 juxta
2632 878 2775 934 illud
2809 879 2961 950 quod
2994 879 3052 933 in
3084 878 3287 933 eodem
3310 875 3462 932 Isaia
3490 872 3635 930 scri-

1989 971 2158 1038 ptum
2190 972 2279 1023 est
2298 984 2311 1023 :
2332 969 2409 1041 (b)
2432 970 2865 1025 Devoravitsicut
2880 972 3072 1040 fenum
3086 969 3382 1024 materiam
3403 965 3535 1038 (lsai
3555 962 3633 1035 v).

1990 1059 2052 1110 in
2074 1056 2166 1111 die
2197 1055 2299 1111 illa
2318 1058 2765 1130 exstinguentur
2794 1063 3042 1127 montes,
3058 1062 3115 1113 et
3136 1055 3333 1120 colles,
3351 1060 3409 1111 et
3427 1052 3634 1122 saltus,

1987 1148 2044 1199 et
2060 1145 2364 1201 devorabit
2385 1147 2458 1201 ab
2485 1146 2686 1202 anima
2705 1163 2893 1218 usque
2916 1148 2987 1202 ad
3007 1163 3230 1203 carnes.
3255 1146 3420 1200 Hunc
3439 1142 3635 1214 ignem

1988 1233 2085 1304 qui
2119 1234 2346 1290 alienus
2377 1236 2943 1308 appellatur,Nadab
2965 1241 3021 1291 et
3050 1235 3202 1291 Abiu
3224 1235 3297 1290 ad
3329 1231 3511 1289 altare
3532 1232 3639 1286 Do-

1989 1320 2133 1376 mini
2165 1322 2515 1393 obtulerant,
2566 1330 2623 1380 et
2652 1325 2863 1381 idcirco
2895 1325 3088 1380 divino
3136 1324 3271 1396 igne
3301 1320 3637 1393 consumpti

1988 1415 2126 1466 sunt
2154 1413 2347 1480 (Levii.
2382 1417 2461 1480 Χ).
2514 1414 2673 1468 Unde
2703 1418 2759 1469 et
2804 1418 3029 1486 Moyses
3060 1414 3177 1469 ait:
3231 1414 3336 1468 Hoc
3380 1414 3461 1467 est
3516 1426 3628 1465 ver-

1989 1498 2117 1552 bum
2148 1499 2290 1569 quod
2316 1500 2466 1557 discit
2495 1502 2787 1557 Dominus:
2820 1505 2881 1558 In
2914 1503 3019 1573 his,
3051 1504 3149 1573 qui
3191 1501 3636 1573 appropinquant

1987 1589 2130 1643 mihi
2160 1590 2563 1659 sanctiﬁcabor.
2597 1591 2998 1648 Sanctiﬁcatio.
3041 1595 3235 1647 autem
3267 1589 3369 1646 Dei
3399 1593 3488 1644 est
3517 1604 3635 1659 pm-

1991 1692 2066 1731 na
2096 1679 2484 1748 peccantium.
2517 1680 2655 1735 Post
2684 1680 2801 1735 haec
2832 1679 3073 1735 dicitur:
3126 1683 3190 1736 Et
3218 1679 3354 1735 dabo
3387 1684 3442 1733 te
3471 1679 3532 1732 in
3554 1677 3635 1731 ci-

1989 1781 2199 1834 nerem,
2250 1772 2316 1822 ut
2345 1769 2543 1823 omnia
2575 1786 2701 1841 quae
2752 1768 3255 1842 supersediﬁcasti,
3306 1766 3470 1823 male:
3500 1781 3639 1821 con-

1991 1853 2245 1910 scientiae
2278 1861 2391 1911 tuae
2422 1856 2578 1930 ignis
2610 1859 2901 1914 absumat.
2925 1858 3034 1922 Qui
3066 1875 3200 1915 cum
3232 1858 3520 1913 debueras
3550 1870 3641 1910 re-

1994 1943 2297 2015 quiescere
2329 1945 2386 2000 in
2440 1947 2705 2017 sabbato,
2738 1953 2797 2003 et
2846 1964 3219 2020 nequaquam
3258 1962 3406 2019 opus
3455 1944 3643 2000 facere

1992 2032 2221 2098 servile,
2271 2033 2432 2106 ligna
2492 2035 2552 2090 in
2601 2036 2846 2092 sabbato
2897 2036 3221 2109 collegisti:
3290 2039 3356 2091 ut
3402 2033 3643 2089 haberet

1993 2122 2148 2192 quod
2180 2121 2239 2176 in
2272 2128 2500 2193 pectore
2532 2128 2631 2180 tuo
2664 2125 2972 2180 devoraret
3014 2123 3373 2179 incendium.
3406 2122 3477 2194 (c)
3508 2120 3641 2176 Per-

1992 2209 2089 2265 det
2118 2226 2351 2283 quoque
2380 2213 2579 2269 omnia
2608 2215 2767 2270 mala
2803 2231 2998 2286 opera,
3029 2218 3370 2269 convertens
3398 2212 3458 2266 in
3490 2210 3642 2264 cine-

1993 2314 2136 2366 rem,
2170 2304 2235 2353 ut
2274 2299 2428 2372 ignis
2458 2303 2667 2357 noxius
2720 2303 2958 2375 penitus
2997 2303 3393 2375 extinguatur,
3426 2315 3490 2355 ut
3518 2314 3639 2354 om-

1993 2403 2095 2442 nes
2127 2389 2492 2460 conspiciant
2519 2395 2575 2446 et
2605 2392 3025 2463 obstupescunt
3055 2392 3277 2462 perisse
3307 2407 3501 2463 regem
3533 2391 3639 2463 Ty-

1992 2475 2167 2543 rium,
2201 2481 2257 2531 et
2287 2478 2452 2533 nihili
2484 2479 2703 2534 factum
2735 2497 2884 2549 esse,
2917 2497 3032 2535 non
3063 2480 3122 2534 in
3152 2479 3357 2535 multis
3386 2479 3636 2549 saeculis,

1992 2565 2093 2619 sed
2126 2565 2185 2619 in
2218 2583 2355 2631 uno,
2402 2567 2490 2622 vel
2523 2572 2676 2623 certe
2728 2568 2787 2622 in
2819 2573 3189 2639 perpetuum,
3222 2573 3289 2624 ut
3321 2568 3639 2639 impleatur

1990 2652 2133 2709 illud
2195 2656 2349 2726 quod
2388 2657 2677 2728 scriptum
2711 2664 2837 2712 est:
2872 2659 2991 2713 Non
3033 2674 3262 2728 parcam
3289 2657 3408 2727 tibi,
3439 2660 3492 2712 et
3526 2672 3636 2713 non

1990 2744 2305 2800 miserebor.
2338 2744 2536 2800 Solent
2565 2745 2788 2802 Hebrwi
2816 2746 2971 2801 inter
2988 2751 3227 2802 caeteras
3251 2745 3479 2801 fabulas
3499 2761 3639 2801 suas

1994 2837 2051 2888 et
2063 2832 2432 2905 genealogias
2445 2840 2621 2905 atque
2634 2834 3099 2891 interminabiles
3122 2834 3495 2907 quastiones,
3517 2834 3640 2890 haec

1992 2926 2195 2976 contra
2223 2922 2424 2977 Hiram
2459 2940 2652 2996 regem
2690 2924 2824 2996 Tyri
2854 2924 3010 2979 dicta
3058 2922 3400 2996 intelligere,
3442 2913 3583 2979 cum"
3606 2939 3642 2978 ε.

1993 3010 2303 3066 Salomone
2348 2998 2535 3083 usque
2565 3013 2637 3067 ad
2686 3011 3009 3068 Ezechielm
3042 3012 3182 3068 anni
3230 3013 3349 3067 sint
3379 3010 3639 3081 plurimi,

1992 3114 2141 3169 quos
2169 3116 2236 3155 eo
2268 3105 2529 3172 tempore
2560 3101 2830 3156 homines
2862 3118 2977 3156 non
3018 3101 3231 3157 vixisse
3262 3101 3639 3174 perspicuum

1994 3193 2118 3243 est:
2152 3192 2207 3243 et
2237 3188 2320 3244 sic
2342 3190 2744 3260 pronuntiare,
2778 3192 2942 3261 quasi
2961 3207 3062 3262 per
3090 3190 3341 3246 ironiam
3359 3190 3642 3263 propheta

226 3277 588 3351 sapientiam
619 3281 783 3331 tuam
836 3277 893 3331 in
927 3279 1131 3334 decore
1161 3285 1295 3335 tuo:
1357 3287 1421 3334 ut
1449 3280 1589 3334 dum
1621 3279 1751 3352 plus
1799 3280 1885 3333 vis
1917 3263 1959 3330 C
1996 3278 2068 3333 ad
2098 3294 2231 3332 eum
2251 3277 2565 3349 loquatur:
2598 3278 2893 3350 Numquid
2919 3284 2981 3334 tu
3002 3296 3065 3335 es
3086 3279 3455 3352 signaculum
3474 3278 3639 3335 simi-

226 3383 355 3423 esse
374 3381 565 3437 quam
598 3364 872 3421 conditus
890 3382 974 3432 es,
1005 3372 1062 3422 et
1085 3368 1274 3439 magis
1290 3385 1493 3440 sapere
1513 3385 1691 3441 quam
1716 3385 1750 3423 a
1769 3367 1884 3423 Deo

230 3470 568 3527 acceperas,
600 3452 778 3509 etiam
811 3453 866 3509 id
902 3455 1175 3527 perderes
1205 3458 1360 3529 quod
1386 3457 1664 3525 habebas,
1697 3462 1753 3513 et
1782 3473 1885 3529 pro

228 3543 676 3619 pulchritudine
694 3546 866 3614 atque
881 3544 1165 3611 doctrina,
1190 3546 1531 3602 deformitas
1552 3552 1608 3602 te
1628 3551 1684 3602 et
1699 3552 1791 3602 stu
1801 3545 1890 3599 lti-

228 3636 310 3691 tia
338 3631 713 3705 possideret:
747 3633 902 3688 unde
919 3632 977 3687 in
998 3639 1210 3689 terram
1227 3637 1519 3707 projectus
1539 3652 1621 3706 es,
1638 3636 1737 3707 qui
1755 3640 1889 3690 ante

228 3721 545 3777 habitabas
577 3720 639 3773 in
670 3724 869 3776 monte
899 3721 1020 3777 Dei.
1073 3723 1151 3778 De
1183 3740 1298 3795 quo
1327 3729 1385 3779 et
1429 3726 1606 3780 Isaias
1645 3723 1887 3779 scribit:

231 3809 538 3876 Quomodo
568 3808 780 3863 cecidit
809 3808 1058 3879 Lucifer,
1092 3812 1194 3884 qui
1237 3830 1408 3869 mane
1438 3815 1736 3869 oriebatur
1756 3815 1888 3884 (lsa.

228 3916 343 3965 ω,
368 3900 457 3970 l2)
480 3897 601 3952 ?Et
622 3896 887 3954 Salvator
908 3899 968 3954 in
993 3901 1303 3973 Evangelio
1325 3902 1660 3969 :Videbam,
1677 3903 1889 3974 inquit,

232 3990 516 4044 Satanam
566 3985 739 4057 quasi
772 3987 969 4060 fulgur
1012 3990 1083 4045 de
1114 3990 1255 4046 coelo
1304 3993 1606 4047 cadentem
1639 3992 1787 4062 (Luc.
1814 3990 1890 4062 x).

233 4078 395 4145 Quod
427 4082 491 4132 et
520 4075 809 4132 Jeremias
837 4076 1101 4149 loquitur
1122 4080 1193 4134 ad
1224 4080 1572 4135 Jerusalem.
1595 4080 1894 4146 Quomodo

234 4164 583 4222 obscuravit
614 4165 900 4221 Dominus
922 4166 981 4221 in
1009 4166 1093 4223 ira
1116 4185 1224 4223 sua
1244 4168 1425 4223 ﬁliam
1449 4168 1585 4225 Sion
1613 4186 1625 4224 :
1653 4169 1899 4241 projecit

237 4256 308 4311 de
338 4255 491 4311 caelo
521 4254 583 4307 in
601 4258 815 4310 terram
830 4255 1076 4328 gloriam
1101 4256 1278 4313 lsrael
1301 4259 1515 4328 (Thren.
1539 4275 1601 4329 ιι,
1637 4260 1685 4330 1)
1711 4262 1733 4313 P
1761 4259 1895 4314 Pro-

226 4346 424 4416 jactus
441 4359 511 4399 es
527 4346 728 4399 autem
763 4344 823 4399 in
846 4350 1159 4418 conspectu
1177 4347 1439 4402 omnium
1472 4364 1696 4420 regum,
1724 4353 1899 4403 uttuo

234 4436 610 4489 terrerentur
620 4448 780 4487 exem
787 4432 996 4504 plo,vel
1012 4434 1296 4490 bonorum
1309 4451 1792 4507 regum,quorum
1807 4453 1904 4492 cor

235 4521 295 4577 in
317 4537 513 4577 manu
529 4519 634 4575 Dei
654 4527 742 4575 est
764 4521 947 4593 (Prov.
969 4522 1105 4593 χχι),
1125 4522 1208 4577 vel
1234 4522 1801 4596 malorum,quorum
1821 4542 1903 4580 re-

1994 3364 2262 3421 litudinis
2294 3367 2412 3433 Dei,
2447 3366 2654 3439 plenus
2672 3368 2977 3439 sapientia,
3008 3374 3065 3424 et
3084 3370 3371 3440 perlectus
3392 3369 3634 3424 decore:

1994 3458 2059 3509 tu
2090 3455 2316 3510 cunctis
2347 3462 2589 3511 ornatus
2623 3456 2941 3529 lapidibus,
2976 3462 3039 3512 tu
3070 3457 3323 3524 bherub,
3356 3456 3444 3512 vel
3474 3471 3639 3511 crea-

1997 3548 2094 3599 tus
2125 3560 2258 3599 cum
2291 3544 2521 3599 Cherub
2547 3563 2560 3599 :
2596 3562 2728 3601 cum
2763 3545 3089 3601 econtrario
3120 3545 3469 3617 peccaveris,
3492 3550 3550 3601 et
3578 3545 3639 3599 in

1997 3633 2250 3688 cinerem
2281 3633 2689 3690 dissolvendus
2719 3634 2843 3690 sis?
2884 3635 3239 3706 Adduntque
3285 3634 3492 3690 fabulae
3523 3651 3643 3690 suae

2002 3720 2373 3790 miraculum,
2407 3726 2473 3776 ut
2493 3723 2645 3778 338
2676 3727 2876 3778 contra
2906 3723 3287 3794 Scripturam,
3320 3723 3502 3778 immo
3520 3723 3665 3803 sine.

1998 3810 2309 3881 Scriptura:
2342 3811 2703 3879 auctoritate,
2736 3812 2953 3876 dicant,
3008 3811 3202 3866 [liram
3240 3809 3399 3867 mille
3435 3810 3651 3868 vixisse

2003 3898 2193 3955 annis.
2226 3898 2442 3954 Verum
2473 3899 2593 3954 haec
2625 3916 2802 3971 quam
2838 3899 3090 3956 violenta
3118 3899 3198 3956 sit
3226 3899 3649 3973 interpretatio,

2004 3988 2226 4059 absque
2256 3991 2454 4043 nostro
2477 3987 2702 4059 judicio
2729 3989 2986 4060 prudens
3015 3988 3194 4045 lector
3225 3989 3519 4062 intelligit.

2079 4076 2264 4147 (Vers.
2290 4078 2359 4129 20
2389 4076 2537 4147 seq.)
2571 4079 2644 4131 Et
2670 4082 2850 4147 [actus
2872 4082 2953 4135 est
2970 4094 3151 4133 sermo
3179 4080 3407 4134 Domini
3441 4076 3513 4133 ad
3548 4094 3655 4149 me,

2006 4165 2192 4220 dicens
2213 4182 2231 4219 :
2264 4166 2371 4220 Fili
2392 4164 2653 4231 hominis,
2679 4182 2821 4238 pone
2850 4167 2991 4239 (sive
3021 4167 3269 4240 obﬁrma)
3287 4169 3485 4239 faciem
3507 4177 3661 4223 tuam

2008 4258 2198 4310 contra
2229 4254 2504 4320 Sidonem,
2538 4263 2589 4311 et
2632 4257 2985 4328 prophetabis
3015 4256 3082 4311 de
3119 4272 3202 4327 ea,
3233 4265 3285 4312 et
3311 4257 3487 4313 dices:
3537 4258 3663 4313 Haec

2010 4343 2145 4398 dicit
2179 4346 2441 4399 Dominus
2472 4344 2646 4399 Deus:
2683 4346 2814 4400 Ecce
2840 4361 2936 4413 ego
2968 4344 3039 4400 ad
3067 4348 3137 4412 te,
3170 4344 3367 4413 Sidon,
3388 4345 3529 4416 (d)et
3550 4344 3662 4414 glo-

1992 4433 2277 4508 riﬁcabor
2308 4435 2366 4487 in
2401 4440 2450 4488 te
2479 4433 2623 4503 (sive
2653 4435 2715 4487 in
2744 4434 2922 4489 medio
2943 4435 3045 4505 tui)
3072 4450 3084 4487 :
3136 4443 3186 4489 et
3213 4436 3385 4489 scient
3411 4435 3543 4505 quia
3568 4448 3664 4504 ego

2014 4523 2297 4592 Dominus,
2332 4538 2456 4576 cum
2479 4522 2653 4590 fecero
2681 4524 2742 4577 in
2770 4538 2835 4577 ea
2866 4523 3008 4593 (sive
3038 4524 3097 4576 in
3130 4526 3179 4577 te
3207 4522 3435 4592 iudicia,
3456 4526 3510 4577 et
3529 4538 3664 4577 san—

238 4626 357 4684 gna
373 4608 646 4666 ostendit
664 4609 941 4665 diabolus
958 4609 1462 4681 Salvatori(tl!atth.
1486 4613 1593 4683 1v):
1619 4613 1716 4683 qui
1732 4630 1902 4695 occu:
1940 4628 1986 4692 D
2017 4612 2284 4681 ctiﬁcalus
2314 4613 2469 4679 [uero
2500 4612 2559 4665 in
2581 4619 2631 4665 te
2658 4610 2799 4680 (sive
2820 4612 2879 4665 in
2911 4611 3017 4682 ea).
3050 4616 3113 4666 Et
3144 4613 3437 4666 immittam
3468 4612 3529 4665 in
3547 4624 3669 4666 eam

236 4706 449 4756 rerunt
470 4697 602 4770 regi
622 4699 961 4772 Babylonio,
979 4700 1258 4756 dicentes:
1278 4701 1349 4756 Et
1372 4707 1433 4755 tu
1453 4707 1660 4774 captus
1681 4720 1744 4759 es
1761 4704 1916 4760 sicut
2024 4700 2165 4772 (sive
2188 4702 2249 4755 in
2282 4700 2350 4770 te)
2377 4699 2771 4770 pestilentiam,
2794 4702 2844 4754 et
2872 4704 3199 4771 sanguinem
3226 4703 3287 4755 in
3319 4700 3520 4771 plateis
3550 4698 3670 4769 ejus

242 4806 379 4859 nos,
398 4793 587 4860 atque
605 4787 876 4844 internos
894 4793 1201 4860 reputatae
1221 4791 1712 4854 es.Quamobrem
1726 4797 1783 4848 et
1797 4793 1917 4865 pol-
2026 4789 2170 4861 (sive
2201 4789 2371 4860 tuis):
2412 4797 2463 4844 et
2488 4797 2748 4845 corruent
2791 4790 3070 4861 interfecti
3101 4789 3243 4861 (sive
3277 4787 3581 4858 vulnerati)
3610 4788 3674 4842 in

244 4875 1235 4934 luitsanctiﬁcationem337suam
1253 4894 1430 4949 quam
1446 4878 1920 4953 habueratquan-
2025 4876 2201 4932 medio
2224 4878 2339 4948 ejus
2371 4878 2429 4931 in
2459 4876 2641 4948 gladio
2670 4876 2812 4948 (sive
2841 4880 2902 4932 in
2929 4878 3154 4947 gladiis)
3178 4893 3274 4947 per
3291 4877 3603 4944 circuitum,
3626 4882 3680 4932 et

244 4966 325 5023 do
343 4964 734 5022 habitabatin
748 4970 945 5022 monte
957 4970 1012 5022 et
1027 4966 1551 5023 conversabaturin
1569 4969 1758 5026 medio
1779 4970 1923 5044 igni-
2027 4967 2199 5022 scient
2227 4966 2361 5037 quia
2391 4981 2490 5035 ego
2518 4966 2805 5021 Dominus.
2836 4967 2901 5022 Et
2928 4981 3039 5023 non
3065 4968 3171 5022 erit
3202 4967 3352 5022 ultra
3379 4965 3567 5021 domui
3591 4967 3676 5021 Is-

246 5060 454 5111 torum
485 5053 778 5127 lapidum.
793 5054 1098 5126 Sequitur:
1126 5055 1434 5111 Producam
1450 5057 1631 5128 ignem
1660 5059 1720 5113 in
1741 5059 1921 5116 medio
2030 5055 2147 5110 rael
2176 5054 2568 5126 o/l'endiculum
2585 5055 3000 5122 amaritudinis,
3023 5057 3074 5111 et
3092 5057 3256 5128 spina
3270 5054 3515 5111 dolorem
3534 5056 3677 5127 infe-

251 5146 344 5197 tui
369 5145 475 5217 qui
502 5142 723 5199 devoret
753 5150 823 5198 te.
856 5142 1042 5198 Istum
1083 5143 1278 5215 ignem
1309 5143 1369 5197 in
1401 5143 1536 5215 Tyri
1576 5146 1730 5217 regis
1750 5147 1923 5202 corde
2031 5158 2159 5199 rens
2188 5143 2433 5214 undique
2457 5159 2557 5214 per
2583 5144 2879 5198 circuitum
2897 5159 3086 5198 eorum
3113 5144 3212 5215 qui
3224 5142 3586 5200 adversantur
3601 5144 3682 5199 eis

252 5232 657 5289 succenderet
688 5230 783 5287 ille
812 5232 985 5302 cujus
1016 5232 1203 5304 ignita
1224 5236 1363 5287 sunt
1382 5232 1608 5304 jacula,
1631 5239 1689 5290 et
1714 5235 1785 5291 de
1807 5252 1924 5307 quo
2035 5231 2182 5304 (sive
2232 5232 2329 5302 qui
2373 5232 2606 5302 fecerint
2648 5233 3109 5301 contumeliam):
3145 5237 3198 5289 et
3225 5235 3398 5289 scient
3425 5232 3556 5304 quia
3583 5246 3680 5301 ego

333 5430 413 5500 (α)
437 5426 734 5500 Rescribit
762 5427 1055 5500 Victorius
1073 5429 1170 5500 qui
1190 5429 1526 5500 protegebas,
1550 5444 1745 5484 arcam
1767 5429 1924 5485 enim

257 5504 321 5555 et
341 5497 831 5571 ’propitiatorium
862 5497 1175 5571 Cherubim
1191 5497 1610 5571 protegebant.

392 5519 831 5570 ropluatonum
862 5519 1175 5553 UDBI'UDHD
1206 5519 1610 5571 prowgenant.

331 5519 413 5641 ἅ)
447 5570 611 5626 Idem
643 5570 866 5641 mavult
896 5569 1203 5625 devorabit:
1241 5587 1376 5626 cum
1407 5577 1604 5625 tamen
1637 5568 1697 5625 in
1731 5570 1926 5627 Graeco

260 5640 347 5700 Iit
370 5644 437 5697 in
462 5642 717 5713 instanti
743 5640 991 5713 φάγεται,
1015 5642 1250 5713 devorat.

336 5661 345 5699 ι
370 5661 437 5697 ιιι
470 5661 717 5696 metanti
784 5661 991 5713 αγεται,
1015 5661 1250 5697 αιύοναι.

336 5715 410 5787 (c)
444 5712 631 5770 Penes
660 5661 1002 5771 Rabanum:
1034 5712 1260 5770 Prodest
1278 5728 1484 5785 quoque
1513 5714 1700 5772 omnia
1726 5714 1875 5771 mala

2035 5445 2203 5503 opera
2226 5429 2482 5503 converti
2510 5428 2571 5483 in
2595 5430 2859 5503 cinerem,
2891 5437 2989 5484 etc.

2110 5501 2188 5571 (ά)
2226 5499 2522 5554 Victorius
2551 5499 2899 5569 gloriﬁcabor
2927 5502 2982 5554 in
2997 5501 3175 5557 medio
3194 5503 3281 5556 tui
3292 5500 3432 5566 (sive
3460 5500 3521 5555 in
3550 5500 3689 5572 te)el

2262 5575 2375 5653 etc.
2404 5572 2470 5661 Et
2500 5587 2655 5661 qu‘,
2684 5572 3065 5661 sanctiﬁcatus.
3087 5576 3245 5661 fuero
3280 5574 3339 5661 in
3365 5588 3429 5627 ea
3457 5571 3607 5661 (sive
3627 5573 3692 5627 in

2038 5644 2128 5714 te).
2163 5642 2308 5715 Nam
2353 5643 2420 5715 in,
2441 5644 2492 5697 te
2527 5641 3106 5715 LXXginterpretatio
3137 5650 3246 5714 est,
3294 5643 3347 5697 ἐν
3400 5641 3504 5715 σοὶ,
3530 5659 3689 5700 eam-

2039 5712 2152 5785 que
2182 5713 2325 5770 adeo
2357 5712 2816 5786 Hieronymianw
2856 5712 3119 5786 subjicit.
