4006 6180
370 311 494 386 2'75

1634 336 1699 400 S.
1750 334 2059 401 EUSEBII
2102 330 2542 400 HIERONYMI

3645 329 3758 395 2'16

374 458 638 520 Dominus
692 464 870 523 Deus:
906 470 1034 527 Haec
1079 469 1216 527 dicit
1261 472 1521 528 Dommus
1566 472 1740 529 Deus:
1788 472 2013 541 Quando
2042 471 2099 538 Α
2127 472 2434 528 minatur?
2461 472 2607 527 Ecce
2634 486 2740 544 ego
2771 470 2842 527 ad
2871 473 2928 527 te
2958 469 3084 543 ipse
3111 467 3361 539 veniam,
3391 472 3449 525 et
3477 466 3759 542 gloriﬁca-

375 567 765 625 congregavero
793 558 1021 614 domum
1058 561 1246 628 Israel,
1279 561 1345 616 de
1378 562 1592 633 populis
1622 561 1762 631 (sive
1791 560 1858 617 de
1883 577 2013 632 gen-

373 640 560 713 tibus),
593 645 652 698 in
674 647 872 718 quibus
900 648 1137 720 dispersi
1164 654 1311 721 sunt,
1335 651 1715 722 sanctiﬁcabor
1734 652 1795 706 in
1821 652 1899 705 eis
1923 666 2013 704 co-

371 747 498 787 ram
514 734 781 803 gentibus.
818 738 881 791 Et
920 738 1245 795 habitabant
1277 743 1335 795 in
1367 744 1511 795 terra
1542 757 1666 804 sua,
1701 756 1863 812 quam
1886 740 2019 795 dedi

371 836 522 876 servo
547 838 663 878 meo
700 827 890 896 Jacob,
926 835 979 882 et
1016 827 1337 884 habitabant
1365 831 1425 883 in
1474 847 1537 885 ea
1564 831 1746 885 securi
1785 828 1923 900 (sive
1953 831 2016 884 in

370 910 514 982 spe):
563 912 924 982 aediﬁcabant
980 916 1187 984 domos,
1238 922 1287 973 et
1329 919 1662 989 plantabunt
1706 919 1913 986 vineas,
1963 922 2016 975 et

371 999 696 1057 habitabant
724 1004 1053 1073 conﬁdenter
1075 1006 1215 1075 (sive
1245 1008 1305 1061 in
1324 1009 1437 1079 spe)
1466 1024 1591 1062 cum
1608 1009 1783 1078 fecero
1799 1007 2016 1078 judicia

369 1089 433 1143 in
462 1091 713 1146 omnibus
743 1094 839 1163 qui
852 1094 2015 1168 adversantur[Vu1g.additeisjpercircui-

373 1186 491 1233 tum
522 1178 664 1249 (sive
714 1183 948 1251 fecerint
975 1186 1053 1239 eis
1096 1186 1503 1257 contumeliam)
1529 1205 1547 1241 :
1594 1194 1648 1241 et
1674 1189 1847 1241 scient
1876 1188 2015 1257 quia

372 1282 470 1335 ego
506 1268 767 1324 Dominus
806 1272 946 1327 Deus
972 1288 1177 1328 eorum.
1222 1275 1501 1345 Quodque
1531 1274 1797 1346 sequitur
1845 1275 2015 1346 juxta

375 1355 545 1411 LXX:
579 1358 644 1413 Et
665 1362 725 1413 tu
743 1361 885 1415 Deus
896 1365 1121 1432 patrum
1144 1378 1350 1434 eorum,
1375 1363 1433 1417 in
1466 1363 1743 1419 Hebraico
1766 1380 1881 1419 non
1909 1363 2012 1418 ha-

373 1442 563 1499 betur.
598 1445 1033 1519 Consequenter
1061 1454 1255 1506 autem
1287 1455 1420 1523 post
1454 1452 1693 1524 Tyrum,
1726 1468 1919 1506 sermo
1950 1452 2015 1506 fit

373 1531 444 1585 ad
476 1532 782 1603 Sidonem;
834 1539 1007 1594 unius
1039 1539 1195 1594 enim
1247 1544 1497 1611 utraque
1528 1541 1667 1596 urbs
1700 1540 2012 1612 provinciae

371 1623 481 1675 est.
515 1621 581 1677 Et
612 1622 670 1677 in
705 1624 1010 1698 Evangelio
1041 1628 1229 1700 Tyrus
1255 1632 1311 1683 et
1361 1628 1542 1684 Sidon
1575 1629 1795 1701 pariter
1823 1630 2010 1686 nomi-

372 1713 621 1766 nantur:
673 1712 735 1767 Si
778 1716 838 1768 in
888 1717 1021 1787 Tyro
1051 1724 1103 1771 et
1148 1716 1347 1773 Sidone
1372 1718 1538 1786 facta:
1587 1722 1759 1773 essent
1788 1720 2012 1773 virtutes

2125 562 2232 617 bor
2260 561 2321 615 in
2353 567 2430 630 te,
2464 577 2597 616 cum
2630 564 2686 615 te
2722 560 3079 630 interfecero,
3113 563 3171 615 et
3209 558 3395 615 scient
3425 574 3631 614 omnes
3660 555 3762 629 qui

2121 649 2387 721 vixerint,
2419 651 2574 722 quod
2608 666 2713 722 ego
2761 666 2893 705 sum
2928 650 3227 716 Dominus,
3260 665 3393 704 cum
3433 648 3539 703 tibi
3570 646 3763 702 reddi-

2121 740 2258 795 dero
2290 756 2416 811 quae
2441 738 2681 794 mereris
2698 757 2717 793 :
2742 738 3089 809 mittamque
3111 737 3523 810 pestilentiam,
3549 741 3607 792 et
3627 753 3759 792 san-

2122 828 2360 901 guinem
2390 828 2449 882 in
2481 828 2706 900 plateas
2737 832 2888 883 tuas.
2923 828 3212 900 Recteque
3251 826 3451 899 plateae
3485 826 3763 882 dicuntur

2123 917 2387 973 Sidonis:
2418 921 2556 973 Lata
2604 919 2755 973 enim
2785 921 2837 972 et
2866 919 3109 989 spatiosa
3148 919 3235 972 via
3264 928 3343 972 est
3370 934 3490 987 quae
3517 916 3668 971 ducit
3696 915 3765 971 ad

2120 1014 2347 1062 mortem
2374 1006 2591 1077 (Matth.
2626 1007 2747 1077 vn).
2780 1007 2850 1061 Et
2878 1010 3148 1062 corruent
3175 1006 3461 1061 interfecti
3493 1005 3595 1077 qui
3616 1004 3766 1060 male

2123 1098 2421 1161 steterant,
2438 1094 2629 1167 gladio
2645 1112 2747 1167 per
2770 1095 3079 1151 circuitum
3105 1112 3117 1150 :
3143 1094 3238 1150 illo
3255 1094 3447 1167 gladio
3471 1111 3646 1167 quem
3668 1111 3767 1151 ve-

2123 1184 2211 1239 nit
2240 1183 2524 1240 Dominus
2553 1185 2779 1239 mittere
2810 1201 2987 1256 super
3016 1188 3248 1250 terram,
3291 1186 3357 1239 ut
3386 1183 3540 1240 male
3559 1186 3769 1256 juncta

2122 1272 2418 1343 dissociet,
2451 1277 2508 1328 et
2539 1273 2727 1329 sciant
2756 1274 2859 1345 qui
2889 1272 3294 1339 remanserint,
3329 1274 3483 1345 quod
3528 1272 3655 1345 ipse
3689 1273 3765 1329 sit

2122 1362 2427 1418 Dominus.
2448 1363 2525 1417 Cu
2537 1379 2591 1417 m
2603 1379 2716 1435 que
2734 1364 2889 1418 840
2901 1360 2986 1416 illi
3003 1361 3374 1427 cessaverint,
3392 1378 3764 1434 nequaquam

2122 1449 2276 1505 ultra
2306 1451 2417 1506 erit
2449 1451 2876 1506 oﬂ‘endiculum
2898 1451 3329 1517 amaritudinis,
3348 1454 3405 1506 et
3426 1450 3770 1523 spinadolo-

2121 1538 2203 1595 ris
2232 1555 2631 1614 compungens
2660 1544 2717 1595 et
2761 1539 3074 1595 vulnerans
3106 1539 3385 1612 populum
3407 1539 3526 1595 Dei.
3558 1539 3770 1596 Omnia

2122 1632 2319 1685 autem
2348 1628 2470 1684 haec
2501 1629 2779 1684 dicuntur
2807 1633 3010 1685 contra
3035 1629 3399 1685 adversariae
3430 1633 3767 1701 potestates,

2122 1719 2277 1790 quod
2309 1718 2368 1772 in
2416 1723 2672 1774 extremo
2702 1722 2963 1790 tempore
3004 1718 3327 1784 deleantur,
3361 1727 3419 1774 et
3447 1719 3525 1774 sit
3552 1723 3770 1774 aeterna

370 1813 501 1900 qua?
544 1802 702 1871 facta:
728 1808 861 1859 sunt
892 1804 996 1870 [ΑΙ.
1052 1807 1299 1877 [uerunt]
1332 1808 1390 1861 in
1438 1809 1491 1861 te
1518 1806 1735 1877 (Matth.
1786 1825 1866 1877 xx,
1894 1807 2011 1879 21).
2044 1836 2092 1900 B
2123 1808 2427 1900 securitas,
2460 1807 2696 1900 quando
2728 1807 3164 1900 congregaverit
3214 1807 3494 1863 Dominus
3525 1807 3772 1900 domum

371 1894 534 1952 Unde
562 1900 619 1953 et
647 1898 991 1969 Chananeus,
1024 1902 1195 1972 cujus
1223 1900 1342 1958 ﬁlia
1389 1919 1423 1957 a
1451 1903 1740 1958 daemonio
1769 1902 2015 1958 vexaba-

369 1986 470 2039 tur
498 1986 636 2057 quia
661 2003 896 2060 egressa
919 1993 1009 2045 est
1024 1990 1093 2045 de
1121 1991 1339 2046 ﬁnibus
1354 1991 1493 2063 Tyri
1519 1995 1575 2045 et
1588 1990 1841 2058 Sidonis,
1859 1992 2014 2063 quod

370 2073 784 2144 postulaverat,
816 2076 1150 2148 impetravit
1197 2079 1385 2151 (lbid.,
1439 2081 1549 2151 15).
1600 2080 1866 2136 Praedicit
1913 2097 2016 2136 au-

367 2164 488 2216 tem
520 2179 710 2219 sermo
742 2165 976 2221 divinus
1009 2168 1164 2238 quod
1214 2185 1248 2222 a
1280 2167 1634 2240 Babyloniis,
1667 2169 1717 2223 ei
1764 2168 1893 2240 ipsa
1922 2186 2014 2224 ca-

370 2250 585 2323 pienda
596 2253 673 2308 sit
693 2253 1138 2311 Dominuszcum
1149 2256 1659 2326 judicaveriteam,
1676 2262 1733 2313 et
1756 2258 2017 2314 sanctiti—

370 2343 537 2396 catus
568 2342 744 2398 fuerit
772 2342 830 2398 in
863 2343 982 2412 illa,
1017 2348 1075 2400 et
1105 2345 1257 2401 fame
1273 2362 1401 2401 eam
1429 2363 1496 2401 ac
1528 2346 1881 2418 pestilentia,
1902 2347 2020 2420 gla-

372 2428 583 2501 dioque
614 2433 1073 2505 consumpserit:
1099 2434 1179 2490 ita
1200 2438 1266 2490 ut
1282 2438 1515 2490 corruat
1529 2435 1587 2490 in
1604 2435 2013 2507 plateis‘illius,

366 2522 427 2574 et
457 2535 827 2592 nequaquam
846 2521 1003 2578 ultra
1033 2522 1109 2578 sit
1138 2522 1196 2578 in
1212 2523 1628 2580 oti‘endiculum
1649 2524 1865 2597 populo
1894 2526 2017 2596 Dei,

368 2608 535 2664 339
563 2626 667 2664 nec
691 2627 787 2666 eos
817 2610 1151 2682 frequenter
1169 2613 1493 2685 impugnet.
1518 2614 1661 2668 Cum
1687 2618 1882 2669 autem
1910 2614 2020 2671 hoc

367 2695 591 2752 factum
619 2697 814 2763 fuerit,
848 2704 1172 2755 revertatur
1195 2699 1447 2772 populus
1471 2700 1668 2767 Israel,
1692 2702 1913 2772 quosin
1940 2703 2022 2757 di-

365 2800 563 2839 versas
594 2785 950 2857 disperserat
971 2788 1256 2855 nationes,
1280 2788 1338 2843 in
1357 2794 1569 2844 terram
1594 2806 1785 2857 suam,
1810 2794 1867 2845 et
1887 2808 2017 2846 san-

368 2871 656 2927 ctiﬁcetur
683 2873 742 2927 in
765 2873 868 2944 eis,
901 2891 1273 2947 nequaquam
1306 2881 1371 2931 ut
1390 2877 1450 2931 in
1473 2878 1687 2933 Sidone
1716 2879 1774 2933 in
1801 2878 2018 2935 malam

369 2964 616 3032 partem,
651 2961 751 3016 sed
782 2961 843 3017 in
871 2963 1105 3035 bonam,
1139 2982 1269 3021 cum
1301 2965 1385 3021 eis
1425 2966 1703 3022 misertus
1736 2966 1930 3033 fuerit,
1961 2973 2019 3023 et

367 3047 829 3105 habitaverintin
845 3054 1020 3122 terra,
1039 3070 1213 3124 quam
1243 3054 1401 3109 dedit
1422 3054 1568 3126 patri
1589 3070 1790 3110 eorum
1813 3055 2015 3124 Jacob,

368 3140 425 3191 et
453 3136 844 3193 habitaverint
874 3140 1087 3211 securi,
1120 3145 1177 3196 et
1199 3141 1257 3196 in
1280 3142 1526 3198 Domino
1559 3143 1934 3211 confidentes,
1958 3149 2016 3201 et

369 3224 782 3282 ediﬁcaverint
803 3228 1031 3292 domos,
1059 3232 1115 3283 et
1127 3228 1517 3303 plantaverint
1532 3232 1891 3299 vineas,cum
1912 3251 2020 3290 sua

366 3313 659 3385 promissa
688 3316 1064 3388 compleverit
1088 3335 1101 3373 :
1135 3323 1192 3373 et
1211 3323 1351 3374 tunc
1383 3325 1738 3391 cognoscant
1757 3323 1911 3393 quod
1934 3323 2016 3395 ips

365 3418 428 3458 se
458 3402 552 3471 sit,
589 3404 894 3472 Dominus,
926 3406 1097 3476 cujus
1139 3407 1430 3478 promissa
1460 3409 1822 3464 ﬁirmissima
1851 3416 2012 3467 sunt.

364 3492 525 3556 Quod
554 3491 725 3548 multi
747 3494 817 3548 ad
846 3498 1082 3567 tempus
1104 3497 1365 3551 referunt
1391 3497 1725 3565 Zorobabel,
1751 3500 1923 3570 Ezrae,
1959 3505 2016 3556 et

362 3580 637 3650 Neemiaa,
669 3584 1181 3653 quandoreversus
1194 3589 1281 3641 est
1296 3585 1756 3658 populuslsrael,
1781 3591 1836 3644 et
1852 3588 2013 3644 habi-

361 3669 503 3724 tavit
533 3669 588 3724 in
611 3674 764 3727 terra
783 3672 1002 3729 Judaea.
1022 3672 1135 3729 Alii
1149 3691 1278 3729 vero
1300 3674 1357 3729 in
1377 3675 1585 3731 ultimo
1599 3679 1860 3748 tempore
1873 3682 1930 3733 et
1951 3677 2009 3733 in

360 3758 521 3814 mille
538 3758 707 3815 annis
740 3766 1119 3833 sperantesse
1143 3762 1579 3835 complendum.
1607 3764 1781 3820 Porro
1809 3782 2010 3820 secun-

361 3847 503 3903 dum
525 3848 967 3921 intelligentiam
989 3851 1376 3923 spiritualem,
1400 3852 1493 3908 hic
1512 3852 1680 3908 nobis
1698 3869 1907 3909 sensus
1919 3855 2007 3908 vi-

362 3935 551 3991 detur.
567 3937 767 3993 Sidoni
782 3938 1091 4011 interprets
1104 3944 1239 3995 ntur
1254 3942 1625 4006 venatores,de
1642 3942 1857 4013 quibus
1874 3946 1929 3998 et
1945 3943 2003 3998 in

358 4024 611 4081 Psalmis
624 4025 907 4098 scriptum
923 4032 1039 4083 est:
1057 4029 1259 4083 Anima
1280 4038 1465 4085 nostra
1484 4031 1625 4085 sicut
1641 4047 1834 4102 passer
1852 4047 2004 4103 erep-

355 4117 414 4169 ta
432 4118 511 4170 est
527 4115 595 4170 de
616 4115 809 4187 laqueo
832 4118 1147 4171 venantium
1169 4116 1343 4187 (Psal.
1362 4134 1565 4186 cxxm,
1584 4118 1660 4189 7).
1688 4123 1754 4173 Et
1773 4118 1832 4172 in
1866 4119 2001 4174 Pro-

354 4202 596 4259 verbiis:
655 4204 852 4259 Oculus
898 4207 1201 4260 meretricis
1281 4207 1502 4277 laqueus
1551 4214 1630 4261 est
1700 4209 2002 4276 peccatoris

354 4290 535 4361 (Prov.
562 4309 721 4362 XXIII,
770 4293 882 4364 27).
917 4293 1066 4348 Sunt
1114 4297 1309 4355 autem
1342 4298 1398 4349 et
1443 4293 1501 4347 in
1529 4294 1741 4349 bonam
1775 4298 1994 4365 partem

351 4378 444 4434 his
476 4380 750 4436 contrarii
789 4386 1113 4445 venatores,
1147 4382 1216 4437 de
1256 4382 1471 4453 quibus
1505 4381 1707 4437 scribit
1759 4386 1815 4437 et
1842 4387 1995 4439 Jere-

2128 1895 2326 1967 Israel,
2350 1912 2449 1953 eos
2478 1896 2578 1969 qui
2608 1913 2786 1952 sensu
2817 1900 3061 1952 cernunt
3088 1896 3273 1952 Deum
3297 1913 3309 1951 :
3355 1900 3410 1952 et
3438 1896 3775 1953 sanctifica-

2124 1989 2221 2041 tus
2251 1984 2428 2040 fuerit
2456 1984 2515 2040 in
2533 1985 2641 2053 eis,
2673 1989 2730 2041 et
2741 1983 3289 2058 complebiturillud
3311 1985 3466 2057 quod
3486 1985 3774 2058 scriptum

2125 2078 2239 2130 est:
2270 2077 2469 2131 Sancti
2496 2079 2678 2142 estote,
2702 2076 2988 2149 quoniam
3016 2090 3110 2145 ego
3155 2079 3373 2130 sanctus
3409 2091 3529 2130 sum
3576 2076 3772 2147 (Leuit.

2124 2178 2241 2229 XIX,
2272 2164 2350 2234 2).
2384 2167 2450 2217 Et
2480 2163 2873 2220 habitaverint
2905 2163 2965 2218 in
2996 2166 3151 2218 terra
3171 2180 3297 2233 sua,
3316 2163 3386 2218 de
3404 2179 3522 2236 qua
3550 2169 3609 2218 et
3634 2163 3780 2221 alibi

2126 2252 2378 2325 legimus
2392 2271 2409 2305 :
2444 2251 2616 2309 Credo
2628 2252 2808 2309 videre
2823 2253 2961 2308 bona
2983 2253 3203 2307 Domini
3229 2255 3291 2307 in
3306 2260 3453 2309 terra
3472 2255 3777 2309 viventium

2128 2341 2383 2412 (Ps.xv1,
2416 2342 2524 2411 13).
2585 2342 2771 2405 Quam
2828 2341 3063 2397 dederat
3101 2341 3300 2413 .lacob,
3357 2343 3458 2414 qui
3519 2341 3777 2414 priorem

2129 2430 2603 2502 supplantaverat
2644 2430 2975 2496 fratrem,et
3005 2429 3297 2502 primitiva
3327 2432 3453 2501 ejus
3482 2438 3780 2487 meruerat

2129 2519 2409 2590 accipere.
2442 2520 2512 2574 Et
2541 2518 2894 2574 habitabunt
2921 2518 2981 2574 in
3012 2535 3080 2574 ea
3108 2520 3319 2586 securi,
3343 2519 3464 2575 sive
3485 2520 3545 2574 in
3567 2537 3693 2593 spe,
3721 2525 3778 2577 et

2131 2607 2506 2663 aaditicabunt
2526 2608 2754 2675 domos,
2770 2607 3232 2680 plantabuntque
3248 2607 3467 2679 vineas,
3483 2608 3780 2667 ethabita-

2128 2696 2279 2751 bunt
2308 2697 2563 2752 secundo
2610 2696 2668 2751 in
2714 2697 3031 2769 spe,juxta
3086 2694 3229 2751 illud
3261 2697 3416 2767 quod
3463 2695 3685 2769 legitur
3716 2697 3779 2754 in

2128 2783 2311 2839 Isaia:
2367 2786 2472 2853 Qui
2502 2786 2762 2841 ablactati
2805 2787 2930 2841 estis
2980 2802 3015 2840 a
3044 2786 3197 2851 lacte,
3249 2786 3345 2857 qui
3398 2786 3659 2840 abstracti
3711 2787 3782 2843 ab

2128 2873 2309 2937 ubere,
2343 2875 2761 2931 tribulationem
2804 2891 2969 2945 super
3013 2875 3429 2930 tribulationem
3451 2878 3779 2945 exspectate,

2125 2963 2175 3016 et
2229 2978 2382 3033 spem
2430 2979 2594 3034 super
2646 2980 2798 3034 spem
2843 2965 2953 3030 (Isa
2987 2964 3096 3035 LX).
3152 2962 3534 3018 jEdiﬁcabunt
3568 2972 3774 3018 autem

2129 3050 2358 3118 domos,
2383 3066 2530 3122 quas
2551 3054 2608 3106 et
2637 3051 2698 3106 in
2724 3050 3029 3123 Evangelio
3051 3051 3319 3118 aedificat,
3347 3052 3441 3124 qui
3460 3067 3569 3105 non
3586 3067 3773 3123 super

2131 3153 2390 3206 arenam,
2423 3139 2524 3194 sed
2557 3156 2733 3210 super
2780 3144 3005 3211 petram
3064 3139 3444 3195 fundamenta
3472 3139 3779 3195 constituit

2049 3202 2092 3270 α
2131 3226 2346 3296 (Matth.
2379 3202 2501 3298 vn).
2534 3228 2615 3283 De
2632 3202 2858 3299 quibus
2901 3227 3186 3300 scriptum
3216 3232 3333 3283 est:
3367 3230 3485 3283 Nisi
3512 3229 3780 3284 Dominus

2128 3315 2488 3385 aediﬁcaverit
2518 3316 2756 3383 domum,
2789 3318 2849 3372 in
2872 3318 3479 3389 vvanumlaboraverunt
3496 3319 3593 3388 qui
3610 3317 3787 3389 aediﬁ-

2122 3407 2250 3458 cant
2280 3420 2404 3459 eam
2434 3406 2545 3475 (Ps.
2576 3423 2760 3474 cxxvr,
2796 3407 2869 3474 1).
2905 3407 2972 3461 Et
3014 3406 3071 3460 in
3102 3406 3315 3473 Exodo,
3339 3407 3511 3478 juxta
3538 3406 3787 3478 Septua-

2123 3491 2310 3564 ginta:
2348 3494 2491 3560 Quia
2540 3495 2801 3550 timebant
2829 3495 3133 3550 obstetrices
3178 3496 3492 3561 Dominum,
3525 3497 3781 3565 fecerunt

2120 3583 2235 3637 sibi
2261 3582 2445 3637 domos
2476 3583 2671 3653 (Exod.
2707 3601 2742 3649 ι,
2773 3584 2889 3655 2|),
2922 3588 2979 3638 et
3010 3582 3196 3638 multa
3225 3583 3585 3654 hujusmodi.
3627 3570 3777 3640 Cum

2120 3675 2317 3726 autem
2350 3671 2550 3727 fecerit
2585 3671 2864 3727 Dominus
2886 3672 3178 3743 judicium
3207 3676 3517 3728 contraeos
3545 3672 3646 3745 qui
3677 3673 3779 3728 ad-

2117 3764 2441 3827 versantur,
2473 3760 2591 3816 sive
2621 3760 2994 3817 contumeliis
3012 3760 3469 3816 afticiuntlsrael
3486 3760 3543 3817 in
3568 3761 3781 3817 circui-

2116 3853 2200 3904 tu:
2216 3854 2357 3904 tunc
2375 3849 2567 3904 omnis
2580 3854 2843 3904 creatura
2854 3853 3161 3922 cognoscet
3177 3850 3333 3921 quod
3350 3849 3475 3921 ipse
3493 3849 3780 3905 sitDomi-

2116 3955 2249 4008 nus,
2273 3938 2443 4009 cujus
2464 3937 2837 4008 verajudicia
2871 3942 3029 4004 sunt,
3051 3937 3443 4010 etjustiﬁcata
3465 3937 3524 3992 in
3547 3944 3774 3994 semet-

2118 4042 2282 4097 lpSlS.

2184 4115 2343 4185 (Cap.
2361 4113 2550 4168 XXIX.
2567 4145 2634 4154 —
2651 4113 3043 4191 Vers.1,2.)_ln
3060 4132 3211 4170 anno
3229 4114 3431 4170 decimo
3444 4115 3590 4187 (sive
3598 4116 3624 4186 j
3632 4121 3775 4172 uxta

2112 4200 2277 4269 LXX,
2303 4202 2655 4274 duodecimo),
2682 4204 2743 4257 in
2766 4203 2970 4259 decimo
2992 4219 3175 4258 mense
3189 4203 3332 4274 (sive
3344 4204 3515 4274 juxta
3534 4204 3779 4260 Hebrai-

2107 4291 2703 4361 cum,(a)duodecimo),
2728 4294 2787 4348 in
2803 4294 2985 4364 prima
3010 4293 3153 4363 (sive
3173 4292 3311 4363 una)
3330 4295 3531 4348 mensis
3546 4293 3660 4357 die,
3678 4296 3772 4364 fa-

2102 4389 2252 4434 ctum
2279 4383 2355 4434 est
2384 4382 2613 4435 verbum
2638 4382 2866 4437 Domini
2891 4381 2965 4436 ad
2991 4397 3095 4453 me,
3115 4381 3300 4437 dicens
3323 4399 3336 4436 :
3360 4381 3472 4435 Fili
3496 4381 3770 4449 hominis,

350 4468 536 4523 mias:
594 4471 735 4524 Ecce
765 4485 863 4539 ego
908 4472 1123 4525 mittam
1158 4473 1458 4541 piscatores
1489 4479 1538 4525 et
1562 4479 1865 4543 venatores,
1899 4475 1995 4544 qui
2097 4468 3199 4540 pbne(siveobﬁrmafaciemtuamcontra
3216 4470 3774 4542 Pharaonemregem

344 4564 610 4611 venentur
636 4574 726 4613 vos
746 4557 983 4613 dcomni
1027 4559 1163 4613 colle
1183 4567 1234 4613 et
1262 4561 1442 4614 monte
1462 4561 1674 4625 (Jerem.
1708 4577 1821 4627 xw,
1858 4561 1979 4633 l6):
2018 4572 2066 4637 D
2099 4559 2337 4630 Egypti,
2370 4562 2422 4612 et
2452 4559 2811 4630 prophetabis
2839 4560 2906 4614 de
2934 4575 3016 4628 eo,
3056 4565 3107 4615 et
3131 4560 3197 4614 de
3225 4560 3452 4631 Egypto
3501 4561 3773 4618 universa

345 4660 493 4716 quos
524 4649 582 4701 et
614 4646 892 4702 Dominus
926 4645 1104 4701 mittit
1135 4648 1203 4701 ad
1237 4646 1605 4718 piscandnm,
1636 4653 1693 4703 et
1725 4649 1860 4704 facit
1886 4666 1987 4705 eos
2098 4644 2358 4719 loqueris,
2391 4647 2626 4703 etdices:
2652 4652 2779 4702 Haec
2795 4646 2926 4703 dicit
2954 4649 3219 4704 Dominus
3238 4652 3559 4704 Deus.Post
3589 4650 3773 4706 Sido-

344 4732 814 4806 depiscatoribus
834 4734 1428 4805 piscium,piscatores
1446 4735 1982 4808 hominum(b!atth.
2095 4752 2249 4806 nem,
2285 4754 2410 4807 quas
2446 4740 2500 4791 et
2528 4735 2657 4806 ipsa
2688 4735 2746 4790 in
2772 4736 3062 4792 Phoenicis
3086 4736 3278 4792 littore
3311 4737 3635 4794 constituta
3653 4744 3771 4810 est,

345 4824 441 4892 IV).
475 4823 637 4880 Unde
662 4829 723 4879 et
745 4822 971 4878 viculus
1002 4823 1149 4877 Petri
1183 4827 1239 4878 et
1258 4824 1496 4879 Andrem
1526 4823 1635 4880 hoc
1659 4825 1987 4897 appellatur
2094 4839 2285 4878 sermo
2320 4824 2381 4877 ﬁt
2403 4825 2474 4879 ad
2509 4824 2851 4896 prophetam
2872 4825 3096 4881 decimo
3115 4842 3268 4881 anno
3291 4826 3653 4898 captivitatis
3672 4844 3768 4884 re-

343 4912 658 4967 vocabulo:
710 4911 1023 4968 Bethsaida
1051 4911 1207 4965 enim
1252 4912 1310 4966 in
1342 4911 1543 4984 lingua
1574 4918 1773 4969 nostra
1804 4914 1983 4969 inter-
2092 4912 2182 4983 gis
2210 4912 2455 4979 Joacim,
2483 4914 2899 4969 etduodecimo
2924 4930 3145 4984 mense,
3167 4919 3224 4969 et
3248 4931 3366 4969 una
3388 4914 3479 4969 die
3505 4917 3765 4983 mensis,

346 5001 627 5068 pretatur,
683 5001 877 5056 domus
921 5002 1263 5056 venatorum.
1313 5002 1635 5057 Adversum
1663 5002 1773 5059 hos
1802 5002 1985 5074 igitur
2093 5002 2156 5052 ut
2186 5004 2364 5070 ponat
2393 5000 2610 5056 faciem
2628 5018 2818 5068 suam,
2846 5003 2967 5057 sive
2988 5002 3259 5057 obﬁrmet
3284 5007 3487 5059 contra
3506 5003 3772 5062 Pharao.

346 5084 633 5153 pessimos
650 5093 969 5155 venatores,
994 5088 1087 5144 Dei
1121 5105 1311 5144 sermo
1329 5088 1620 5161 dirigitur,
1653 5095 1710 5145 et
1738 5091 1985 5160 impera-
2091 5103 2225 5142 nem
2260 5104 2454 5160 regem
2477 5089 2728 5162 Egypti,
2752 5095 2809 5145 et
2832 5090 3109 5162 loquatur
3128 5090 3200 5145 de
3224 5107 3313 5158 eo,
3331 5097 3387 5146 et
3415 5091 3487 5146 de
3515 5094 3770 5150 univer-

344 5175 443 5226 tur
472 5171 783 5243 propheta,
815 5180 879 5230 ut
909 5182 1084 5248 ponat
1126 5178 1244 5233 sive
1274 5178 1543 5233 obfirmet
1573 5178 1777 5233 faciem
1814 5194 1979 5232 suam
2092 5193 2157 5231 sa
2184 5176 2447 5249 x‘Egypto,
2481 5178 2600 5233 sive
2632 5179 2701 5234 ad
2732 5195 2965 5234 omnem
2998 5180 3307 5251 lEgyptum
3327 5197 3340 5234 :
3364 5196 3433 5235 ex
3454 5179 3571 5235 alia
3590 5184 3764 5240 enim

344 5263 545 5316 contra
574 5258 870 5329 Sidonem,
889 5269 944 5319 et
973 5282 1344 5338 nequaquam
1368 5266 1610 5323 ﬂuctuet
1629 5266 1786 5322 omni
1813 5271 1979 5321 vento
2091 5269 2252 5337 parte
2271 5266 2484 5321 Judaaae
2506 5266 2565 5321 in
2598 5268 2801 5323 eodem
2826 5266 3019 5323 littore
3042 5267 3361 5323 constituta
3377 5269 3770 5342 Egyptipro~

342 5349 645 5405 doctrinae:
679 5349 779 5403 sed
812 5349 871 5403 in
902 5353 1138 5409 veritate
1152 5355 1493 5419 consistent,
1511 5354 1821 5411 interﬁciat
1841 5370 1980 5410 suos
2088 5354 2277 5410 vincia
2306 5358 2396 5410 est
2424 5357 2571 5411 341
2609 5360 2667 5411 et
2695 5372 2822 5427 quae
2855 5355 2938 5410 illi
2968 5359 3216 5411 ventura
3245 5355 3382 5424 sint,
3416 5358 3766 5428 prophetat.

338 5442 662 5493 venatores.
688 5436 821 5501 Quae
849 5443 1277 5512 suntergoquae
1299 5442 1498 5498 Sidoni
1523 5441 1803 5497 Dominus
1825 5458 1979 5497 com-
2090 5442 2191 5498 Sin
2222 5447 2416 5498 autem
2440 5449 2672 5515 oportet
2700 5444 2771 5499 de
2794 5444 3056 5500 numeris
3078 5444 3298 5515 aliquid
3323 5444 3537 5512 dicere,
3568 5463 3764 5519 quem

332 5576 481 5721 liga)
497 5578 808 5704 ggebmus,
839 5561 1009 5639 me
1039 5590 1166 5645 πιεῖν
1206 5592 1631 5650 Duwnmwz,
1672 5585 1729 5638 in
1780 5582 2007 5651 decimo,
2050 5584 2110 5639 in
2139 5583 2456 5641 duodecima
2502 5584 2592 5641 die
2915 5585 3122 5642 Confer
3165 5589 3502 5657 eomment.,
3566 5586 3759 5665 infra,
