4006 6180
214 316 328 382 277

780 315 1527 382 COMMENTARIORUM
1575 317 1650 380 ΙΝ
1697 312 2193 381 EZECHIELEM
2242 318 2390 380 LlB.
2440 316 2540 381 IX.
2591 316 2759 381 CAP.
2808 314 3024 383 XXIX.

3486 314 3608 381 9'78

194 446 380 509 locum
404 450 617 509 habeat
635 449 790 509 inter
817 452 1015 510 decem
1039 452 1164 519 dies
1186 470 1325 511 una:
1348 454 1503 511 unde
1525 458 1582 511 et
1600 454 1659 510 in
1683 454 1838 526 prin-
1864 452 1920 519 Α
1949 451 2171 510 tuorum
2198 454 2444 527 squamis
2474 453 2615 527 (sivo
2641 455 2866 528 pennis)
2889 456 3016 528 tuis,
3050 461 3104 512 et
3143 453 3436 513 extraham
3457 451 3511 512 te
3539 451 3607 512 de

192 542 341 616 cipio
376 542 670 600 Geneseos
700 560 818 598 non
849 548 938 599 est
965 544 1188 599 dictum
1217 562 1228 599 :
1261 546 1481 600 Factum
1507 548 1584 600 est
1623 559 1838 615 vespere

190 636 237 689 et
262 648 431 688 mane
461 632 580 688 dies
604 634 812 704 prima,
846 633 946 688 sed
1004 650 1118 688 una
1164 634 1318 705 (Gen.
1368 636 1424 705 ι),
1462 638 1525 689 ut
1570 634 1835 689 eamdem

191 721 342 778 diem
372 721 589 778 revolvi
620 738 853 793 semper
881 723 1118 778 doceat:
1152 723 1424 778 eumdem
1456 723 1719 778 ordinem
1749 723 1838 777 in-

188 815 269 867 ter
298 810 506 866 decem
535 810 808 877 decadas,
833 810 944 866 hoc
966 816 1072 879 est,
1097 813 1497 875 centenarium
1526 827 1839 867 numerum

186 899 455 956 decimus
494 916 780 955 numerus
837 900 1178 971 possidebit,
1227 901 1383 972 quod
1432 902 1505 956 ad
1544 901 1839 956 victimam

184 1005 376 1060 agnus
405 988 755 1055 assumitur,
791 995 855 1043 ut
880 988 1217 1045 immolatur
1243 991 1336 1045 die
1379 990 1836 1062 quartadecima,

181 1083 360 1150 atque
388 1076 505 1133 hoc
536 1077 711 1132 modo
744 1094 933 1149 usque
964 1079 1034 1134 ad
1068 1078 1228 1134 mille
1257 1084 1314 1135 et
1334 1080 1530 1134 decem
1564 1078 1839 1147 millia,et

178 1171 419 1223 centum
451 1165 663 1232 millia,
698 1171 757 1221 et
786 1166 940 1222 ultra
972 1185 1073 1240 per
1100 1169 1349 1225 decedas
1398 1186 1536 1224 suas
1567 1186 1839 1224 numero-

177 1273 308 1312 rum
342 1256 489 1311 ordo
523 1256 805 1326 procedit.
839 1261 977 1312 Post
1024 1257 1317 1313 decimum
1366 1262 1561 1314 autem
1592 1274 1835 1328 annum,

173 1345 405 1402 mensis
439 1344 834 1400 duodecimus
864 1347 1120 1418 ponitur,
1143 1348 1507 1418 utperfectus
1527 1347 1837 1403 duodecim

171 1433 587 1507 apostolorum
624 1450 687 1488 ac
720 1434 1135 1505 prophetarum
1166 1435 1371 1508 (quiin
1404 1453 1522 1491 uno
1544 1436 1838 1491 volumine

173 1524 582 1593 continentur)
617 1538 904 1579 numerus
958 1524 1415 1581 demonstretur.
1469 1526 1643 1582 Porro
1671 1527 1842 1596 juxta

174 1611 334 1679 LXX,
369 1611 648 1668 decimus
676 1611 899 1668 mensis
929 1613 1030 1683 qui
1060 1614 1341 1669 Hebraice
1382 1614 1711 1687 appellatur
1753 1632 1845 1669 TE-

173 1715 311 1757 Bern
346 1700 566 1772 (nnis),
600 1703 660 1755 et
690 1700 844 1771 apud
876 1701 1171 1774 (Egyptios
1200 1695 1346 1771 τυϐὶ,
1371 1704 1525 1776 apud
1549 1704 1845 1761 Romanos

169 1790 488 1846 Ianuarius
522 1786 766 1855 dicitur,
786 1803 852 1843 eo
874 1788 1030 1860 quod
1062 1790 1217 1861 apud
1240 1789 1374 1845 illos
1397 1790 1536 1845 anni
1568 1791 1844 1863 sitjanda

172 1877 327 1935 omni
362 1874 568 1966 calore
603 1874 837 1966 sublato
867 1875 1097 1932 hiberni
1130 1877 1365 1950 frigoris
1397 1880 1653 1935 conlinet
1681 1879 1839 1966 prii},-

170 1967 452 2040 cipatum.
474 1965 611 2025 ,Boc
640 1965 712 2020 de
742 1965 1005 2021 numeris
1022 1966 1238 2023 dixisse
1262 1968 1537 2025 sufﬁciat.
1557 1965 1840 2025 Caeterum

166 2053 307 2111 illud
338 2054 437 2110 vel
479 2053 740 2109 maxime
768 2054 1187 2126 requirendum
1219 2061 1331 2125 est,
1375 2062 1571 2112 utrum
1610 2058 1736 2130 ipse
1767 2059 1842 2114 sit

163 2143 397 2200 Pharao
430 2143 536 2215 qui
567 2142 628 2196 in
660 2142 877 2212 Exodo,
911 2147 969 2198 et
1000 2143 1167 2214 Isaia,
1199 2149 1255 2200 et
1293 2146 1569 2211 Jeremia,
1604 2151 1660 2202 et
1702 2148 1839 2202 Eze-

164 2233 343 2302 chiel,
379 2232 708 2303 multisque
741 2230 871 2287 aliis
901 2231 962 2287 in
994 2232 1157 2300 locis,
1182 2238 1248 2289 ut
1269 2234 1329 2289 in
1359 2236 1602 2291 Cantico
1643 2236 1835 2292 Canti-

164 2338 387 2379 corum
423 2322 809 2376 nominatur:
842 2322 1130 2391 Equitatui
1156 2339 1274 2378 meo
1304 2326 1365 2378 in
1393 2326 1659 2381 curribus
1702 2325 1843 2380 Pha-

169 2413 383 2468 raonis
407 2411 715 2466 assimilavi
747 2413 801 2464 te
823 2413 1085 2481 proxima
1107 2428 1229 2467 mea
1260 2412 1440 2484 (Cant.
1476 2414 1551 2484 1):
1585 2431 1658 2469 an
1691 2413 1842 2470 alius

167 2505 357 2572 atque
394 2497 595 2553 alius?
626 2498 991 2570 Videturque
1022 2499 1168 2554 mihi
1201 2518 1317 2557 non
1349 2518 1478 2557 esse
1531 2519 1707 2569 unus,
1741 2503 1841 2558 sed

169 2588 329 2661 apud
364 2587 671 2660 digyptios
703 2588 814 2643 hoc
860 2588 1141 2645 vocabulo
1194 2590 1584 2646 demonstrari
1620 2591 1842 2663 regiam

167 2678 555 2751 dignitatem,
573 2677 730 2732 sicut
749 2677 904 2748 apud
921 2677 1235 2745 Romanos,
1256 2696 1499 2735 cessares
1527 2682 1589 2735 et
1610 2680 1842 2753 augusti

168 2783 336 2839 reges
383 2782 597 2821 eorum
629 2764 999 2837 appellantur
1032 2784 1067 2822 a
1112 2768 1302 2838 primo
1342 2768 1478 2824 Caio
1510 2769 1754 2836 Caesare,
1789 2774 1846 2824 et

171 2855 442 2911 secundo
475 2853 753 2925 adoptivo
783 2855 914 2924 ejus
961 2854 1293 2922 Octaviano,
1328 2856 1427 2928 qui
1483 2862 1683 2929 postea
1727 2859 1842 2912 Au-

169 2949 385 3017 gustus
412 2947 509 2998 est
527 2943 871 2998 nominatus
894 2946 979 2999 :et
991 2945 1145 3015 apud
1166 2948 1359 3017 Syros,
1378 2945 1671 3012 Antiochi,
1688 2947 1843 3018 apud

170 3032 406 3098 Persas,
433 3030 760 3100 Arsacidas,
794 3033 947 3103 apud
979 3032 1355 3099 Philisthiim,
1400 3034 1757 3102 Abimelech,
1791 3045 1847 3090 et

170 3128 293 3193 post
321 3119 739 3176 Alexandrum
763 3120 820 3175 in
889 3124 1135 3194 Egypto
1194 3122 1493 3177 Ptolemaei
1551 3140 1743 3194 usque
1774 3123 1844 3178 ad

1950 544 2124 599 medio
2156 546 2456 614 ﬂuminum
2486 553 2702 600 tuorum
2730 565 2747 599 :
2781 554 2830 601 et
2856 547 3104 601 universi
3119 547 3296 618 pisces
3325 546 3600 617 tui,squa-

1950 636 2057 689 mis
2086 636 2192 690 tuis
2220 634 2590 689 adhaerebunt.
2652 636 2715 689 Et
2768 637 3061 706 projiciam
3120 634 3261 702 (sive
3309 633 3600 707 deponam)

1956 723 2030 795 (a)
2050 728 2101 778 te
2118 723 2377 778 velociter
2398 723 2539 794 (sive
2570 727 2630 778 in
2659 723 2992 795 desertum):
3024 727 3074 779 et
3104 739 3289 779 omnes
3317 726 3489 796 pisces
3502 725 3608 794 ﬂu-

1955 814 2128 891 minis
2157 814 2256 878 tui,
2288 829 2452 884 super
2478 815 2681 884 faciem
2709 818 2878 870 terrm
2930 812 3072 883 (sive
3100 814 3281 883 campi
3309 812 3414 884 tui)
3452 811 3610 869 cades

1960 899 2064 955 Nec
2092 902 2389 972 colligeris,
2422 918 2594 972 neque
2641 902 3052 972 congregaberis
3073 919 3091 955 :
3138 901 3322 956 bestiis
3364 909 3531 958 terra?
3560 907 3610 956 et

1959 991 2270 1045 volatilibus
2298 991 2418 1046 caeli
2448 990 2572 1045 dedi
2596 999 2646 1046 te
2675 991 2745 1046 ad
2774 990 3166 1046 devorandum.
3196 992 3265 1045 Et
3291 991 3462 1046 scient
3491 1005 3606 1045 om-

1958 1095 2054 1134 nes
2083 1080 2421 1135 habitatores
2452 1082 2697 1152 ngypti,
2730 1081 2860 1152 quia
2891 1095 2987 1148 ego
3028 1096 3150 1135 sum
3178 1080 3440 1134 Dominus
3460 1096 3480 1133 :
3505 1094 3606 1150 pro
3700 1080 3705 1087 '

1958 1184 2020 1223 eo
2045 1167 2182 1238 quod
2204 1171 2382 1238 factus
2413 1185 2466 1224 es
2495 1169 2636 1239 (sive
2664 1170 2842 1238 fuisti)
2867 1168 3088 1224 baculus
3111 1166 3251 1236 (sive
3268 1170 3429 1241 virga
3441 1183 3609 1222 arun-

1958 1257 2165 1326 dinem)
2195 1258 2378 1312 domui
2406 1260 2592 1321 Israel,
2616 1257 2830 1329 quando
2846 1256 3317 1329 apprehenderunt
3337 1257 3479 1330 (sive
3507 1272 3607 1327 ap-

1954 1347 2272 1419 prehendit)
2304 1356 2352 1402 te
2383 1364 2556 1402 manu
2584 1364 2683 1403 sua
2698 1346 2890 1418 [Vulg.
2908 1347 3276 1417 tacetsua],et
3296 1347 3607 1416 confractus

1955 1451 2030 1504 es,
2064 1440 2115 1491 et
2145 1437 2399 1492 lacerasti
2417 1452 2630 1492 omnem
2648 1437 2937 1490 humerum
2956 1444 3223 1501 eorum,et
3240 1435 3605 1491 innitentibus

1955 1526 2032 1581 eis
2062 1541 2225 1596 super
2254 1533 2322 1591 te,
2351 1527 2715 1580 comminatus
2738 1532 2813 1579 est
2834 1530 2888 1578 et
2916 1524 3217 1579 dissolvisti
3227 1524 3371 1595 (sive
3388 1524 3605 1593 confre-

1956 1615 2108 1683 gisti)
2137 1628 2319 1669 omnes
2342 1629 2500 1668 renes
2514 1629 2723 1690 eorum.
2744 1611 3261 1668 Studiobrevitatis
3283 1610 3602 1667 editionem

1960 1707 2272 1774 utramque
2306 1702 2645 1770 miscemus,
2680 1702 2777 1757 ubi
2813 1718 2928 1756 non
2961 1700 3212 1756 multum
3250 1701 3403 1757 inter
3430 1716 3493 1756 se
3521 1699 3607 1755 di-

1959 1796 2249 1863 screpant.
2282 1790 2552 1862 Alioquin
2573 1791 2672 1847 ubi
2688 1807 2903 1863 magna
2917 1790 3226 1846 diversitas
3246 1794 3355 1859 est,
3377 1792 3598 1846 utram-

1949 1896 2063 1952 que
2093 1880 2496 1953 proponimus.
2532 1880 2683 1936 Dicit
2739 1884 2937 1936 autem
2991 1884 3195 1936 contra
3244 1878 3608 1936 Pharaonem

1949 1969 2276 2041 principem
2305 1970 2553 2043 Egypti,
2586 1974 2644 2025 et
2673 1970 2783 2026 sub
2817 1970 3006 2042 ﬁgura
3048 1969 3179 2040 ejus
3210 1984 3489 2041 magnam
3521 1966 3607 2023 lo-

1949 2059 2151 2129 quitur
2180 2061 2549 2130 potestatem,
2580 2057 2672 2113 cui
2700 2059 2985 2132 zEgyptus
3017 2057 3235 2113 tradita
3287 2060 3377 2111 est
3407 2056 3478 2111 ad
3510 2071 3609 2111 re-

1950 2147 2228 2219 gendum,
2261 2152 2319 2203 et
2349 2146 2738 2203 nihilominus
2761 2148 3025 2219 superbit
3052 2150 3254 2202 contra
3274 2146 3606 2202 Creatorem

1951 2253 2150 2304 suum,
2183 2235 2294 2290 sibi
2354 2236 2815 2292 dominationem
2877 2240 3041 2291 terra:
3090 2235 3427 2306 vendicans,
3462 2238 3520 2290 et
3544 2250 3607 2290 se

1951 2324 2257 2381 colendam
2286 2324 2567 2397 Egyptiis
2599 2325 2872 2396 gentibus
2905 2325 3167 2379 tradens.
3206 2323 3607 2396 Loquiturque

1942 2415 2117 2486 juxta
2147 2414 2327 2469 situm
2360 2413 2691 2485 provinciae,
2721 2412 2889 2485 quasi
2945 2414 3015 2468 ad
3066 2428 3283 2485 regem,
3328 2412 3484 2484 quod
3544 2411 3605 2466 in

1951 2503 2063 2558 Nili
2096 2501 2479 2557 inundatione
2504 2501 2777 2565 confidat,
2835 2505 2893 2556 et
2946 2499 3175 2572 pluvias
3204 2500 3277 2554 de
3313 2497 3456 2555 coelo
3487 2515 3605 2555 non

1953 2606 2307 2664 magnopere
2338 2590 3071 2661 desideret,auctoremque
3096 2587 3189 2645 sui
3214 2588 3476 2660 seipsum
3500 2603 3609 2659 pu-

1953 2684 2057 2741 tet.
2088 2679 2177 2737 vel
2212 2679 2440 2744 ﬂuvios,
2475 2679 2582 2734 hoc
2613 2683 2723 2745 est,
2755 2674 3055 2752 διωρυχὰς,
3080 2682 3136 2733 et
3164 2676 3318 2732 rivos
3333 2674 3448 2731 Nili
3480 2692 3514 2732 a
3543 2693 3606 2732 se

1954 2767 2137 2823 factos
2160 2768 2412 2839 jactitet.
2443 2768 2598 2822 343
2629 2768 2778 2838 Non,
2818 2765 3033 2838 inquit,
3055 2764 3343 2839 Angelum
3375 2764 3607 2821 mittam

1953 2856 2077 2927 sed,
2107 2872 2140 2911 o
2173 2856 2346 2923 draco
2380 2871 2611 2928 magne.
2635 2855 2736 2927 qui
2769 2855 2950 2910 cubas
2982 2859 3039 2909 et
3070 2854 3292 2910 resides
3313 2854 3374 2909 in
3406 2853 3599 2909 medio

1954 2944 2269 3000 ﬂuminum
2299 2949 2557 3012 tuorum,
2590 2944 2717 3016 ipse
2748 2944 2818 3000 ad
2849 2948 2907 3000 te
2953 2943 3182 2999 veniam
3214 2942 3602 3016 puniendum.

1924 3064 1930 3069 -
1956 3038 2149 3091 Ausus
2178 3051 2241 3090 es
2266 3034 2423 3090 enim
2454 3035 2683 3089 dicere:
2746 3033 2912 3088 Meus
2949 3037 3039 3088 est
3088 3032 3255 3088 Nilus
3286 3032 3519 3101 fluvius,
3550 3035 3609 3088 et

1955 3139 2060 3196 ego
2091 3123 2203 3179 mei
2237 3124 2499 3179 conditor
2527 3140 2694 3178 sum:
2749 3121 2857 3189 vel,
2892 3123 3017 3193 ipso
3064 3121 3171 3177 feci
3217 3122 3458 3188 ﬂumen,
3491 3138 3607 3194 quo

171 3210 580 3283 Cleopatram,
613 3225 733 3279 qua
787 3208 938 3264 victa
961 3210 1115 3282 apud
1141 3211 1394 3279 Actium,
1432 3212 1713 3284 Egyptus
1743 3215 1846 3267 Ro-
1876 3215 1919 3282 α
1957 3213 2150 3269 omnis
2180 3213 2458 3285 Egyptus
2488 3211 2786 3283 irrigatur.
2820 3211 3082 3284 Cumque
3126 3226 3357 3277 venero,
3390 3227 3605 3282 ponam

176 3315 353 3355 mana
384 3302 481 3354 est
513 3297 670 3352 facta
698 3295 1014 3369 provincia.
1036 3298 1183 3370 Ergo
1204 3298 1265 3354 in
1295 3300 1740 3371 praesentiarum
1763 3300 1837 3355 ad

174 3403 419 3446 tersum
450 3384 976 3456 unumquemlibet
1030 3404 1226 3460 regem
1287 3390 1507 3461 Egypti
1554 3405 1746 3444 sermo
1778 3389 1845 3444 fit

175 3477 441 3541 Domini,
485 3475 590 3547 qui
622 3474 1045 3547 interpretatur
1083 3472 1491 3546 διασκεδαστής,
1534 3479 1847 3548 interfector

173 3566 458 3623 videlicet
488 3569 550 3619 et
578 3565 868 3631 lacerator,
911 3569 964 3619 et
985 3564 1177 3637 gladio
1210 3570 1421 3622 cuncta
1448 3567 1761 3622 concidens
1791 3570 1847 3622 et

176 3652 479 3709 dividens.
514 3653 679 3719 Quod
706 3654 879 3725 juxta
908 3654 1185 3726 mysticos
1223 3653 1557 3710 intellectus
1594 3655 1845 3710 referen-

174 3743 323 3798 dum
358 3746 456 3797 est
486 3741 561 3796 ad
588 3758 719 3797 eam
751 3746 1120 3814 potestatem,
1148 3742 1240 3798 cui
1272 3744 1538 3814 subjecta
1569 3748 1658 3799 est
1685 3748 1851 3816 Egy-

177 3836 345 3903 ptus.
380 3830 701 3902 Nunquam
732 3830 890 3885 enim
947 3830 1122 3887 homo
1189 3832 1427 3888 auderet
1455 3832 1684 3887 dicere:
1721 3848 1851 3887 mea

175 3926 333 3976 sunt
366 3919 522 3975 842
551 3919 818 3987 ﬂumina,
847 3923 906 3974 et
932 3936 1037 3993 ego
1087 3920 1192 3975 feci
1245 3920 1363 3986 illa,
1397 3938 1503 3977 nec
1542 3922 1717 3976 draco
1747 3939 1848 3994 ap-

177 4008 525 4082 pellaretur
550 4025 817 4081 magnus,
852 4013 909 4064 et
961 4010 1170 4065 sedens
1217 4009 1277 4065 in
1312 4011 1503 4066 medio
1536 4011 1847 4066 ﬂuminum

175 4111 492 4163 suorum;
523 4097 803 4170 .‘Egyptus
830 4103 1023 4154 autem
1050 4099 1333 4154 Hebraice
1354 4098 1682 4171 appeliatur
1711 4116 1851 4155 mas-

177 4203 343 4244 wn
379 4184 649 4257 (nim),
672 4190 731 4242 et
754 4186 815 4241 in
840 4186 1104 4259 linguam
1126 4192 1387 4243 nostram
1410 4188 1653 4243 vertitur
1673 4184 1855 4261 ἑχθλί-

180 4269 393 4343 6mm,
433 4284 796 4344 coangustans
810 4275 1077 4332 videlicet
1093 4281 1150 4331 et
1179 4278 1453 4332 tribulans
1469 4293 1588 4347 eos,
1614 4277 1711 4348 qui
1744 4276 1855 4332 sibi

182 4362 425 4420 subditi
447 4367 699 4419 suntzet
728 4379 844 4417 non
878 4360 1182 4420 dimittens
1214 4364 1414 4421 oculos
1444 4366 1516 4420 ad
1548 4363 1757 4420 coelum
1782 4364 1859 4420 le-

184 4468 327 4509 vare
361 4452 467 4507 sed
494 4452 668 4522 juxta
697 4451 1078 4524 Evangelium
1127 4458 1185 4509 et
1232 4453 1565 4525 exemplum
1595 4452 1860 4510 mulieris

186 4540 385 4612 illius,
420 4556 601 4612 quam
633 4540 833 4595 decem
866 4545 923 4596 et
954 4545 1080 4596 octo
1102 4542 1275 4597 annis
1293 4529 1561 4597 diabolus
1592 4543 1860 4598 incurva-

187 4635 385 4699 verat,
417 4644 654 4701 semper
716 4630 788 4684 ad
839 4634 1071 4685 terrena
1117 4630 1466 4702 demergens
1513 4632 1663 4701 (Luc.
1711 4631 1857 4703 xm).

187 4719 526 4774 Videamus
555 4717 741 4790 igitur
768 4735 900 4790 quae
922 4719 1000 4774 sit
1021 4720 1400 4777 comminatio
1421 4725 1622 4777 contra
1651 4720 1863 4776 Phara-

190 4824 374 4864 onem
406 4811 465 4861 et
493 4822 730 4863 omnem
760 4808 1092 4880 Egyptum.

274 4897 472 4965 (Vere.
506 4894 541 4948 3
582 4894 735 4966 seq.)
763 4895 893 4966 Ecce
923 4911 1020 4965 ego
1046 4896 1117 4950 ad
1147 4899 1218 4961 te,
1249 4895 1467 4951 Pharao
1496 4914 1594 4953 rea:
1621 4900 1859 4970 Egypti,

194 4982 371 5039 draco
401 5000 624 5053 magne,
656 4986 757 5055 qui
781 4984 949 5042 cubas
978 4985 1123 5053 (sive
1149 4984 1320 5057 sedes)
1363 4987 1424 5040 in
1466 4987 1642 5043 medio
1678 4989 1864 5057 ﬂumi-

194 5089 343 5127 num
376 5079 618 5137 tuorum,
648 5081 698 5129 et
726 5073 897 5129 dicis:
954 5073 1099 5129 Meus
1154 5082 1233 5129 est
1277 5076 1503 5145 ﬂuvius,
1535 5078 1587 5130 et
1628 5092 1727 5147 ego
1756 5078 1864 5152 feci

196 5161 589 5231 mdpsum
640 5161 783 5232 (sive
812 5163 943 5233 eos).
993 5163 1058 5217 Et
1097 5179 1305 5233 ponam
1352 5164 1573 5233 frenum
1604 5165 1745 5235 (sive
1774 5166 1860 5219 la-

198 5251 426 5322 queum)
443 5252 502 5304 in
516 5251 769 5306 maxillis
790 5254 921 5319 tuis,
943 5255 995 5308 et
1018 5252 1372 5322 agglutinabo
1385 5254 1559 5324 pisces
1567 5255 1865 5324 ﬂuminum

262 5444 361 5524 .(a)
390 5442 610 5524 Victor.
641 5449 691 5502 te
722 5447 781 5501 in
815 5446 1091 5524 desertum
1121 5447 1264 5524 (sive
1293 5448 1569 5524 velociter)
1599 5453 1651 5524 et
1678 5465 1865 5524 omnes

198 5518 409 5597 pisces,
585 5535 599 5583 ;
633 5534 701 5599 ex
752 5518 1089 5599 conscilicet
1113 5518 1267 5599 quod
1299 5518 1559 5599 uelociter
1581 5523 1688 5599 τῷν
1725 5520 1863 5575 LXX

205 5590 532 5665 versio_sit,
566 5590 667 5659 qui
690 5590 1090 5665 reddiderunt,
1134 5590 1203 5644 έν
1258 5590 1438 5665 τάχει.
1492 5596 1559 5647 In
1595 5593 1868 5665 desertum

204 5670 353 5715 vero
380 5655 720 5733 Hieronymi
748 5679 817 5720 ex
835 5663 1011 5720 Hebr.
1037 5655 1312 5733 narum,
1330 5655 1579 5737 haecque
1609 5664 1751 5720 adeo
1781 5662 1868 5719 illi

1949 3302 2178 3358 frenum
2209 3301 2270 3357 in
2302 3300 2558 3357 maxillis
2588 3300 2738 3355 tuis:
2776 3300 2895 3356 sive
2941 3299 3339 3372 constringam
3377 3297 3606 3370 laqueis

1950 3408 2015 3447 os
2046 3395 2236 3457 tuum,
2265 3407 2379 3463 quo
2405 3390 2715 3461 magniﬁce
2745 3388 3100 3461 loquebaris,
3124 3392 3180 3444 et
3195 3404 3399 3443 omnes
3417 3387 3605 3444 socios

1954 3497 2020 3535 ac
2051 3480 2229 3535 duces
2260 3484 2413 3545 tuos,
2447 3495 2596 3549 quos
2628 3478 2818 3549 pisces
2848 3481 3032 3546 vocat,
3066 3476 3360 3535 adhaerere
3389 3474 3601 3531 faciam

1954 3569 2183 3641 pennis,
2214 3566 2301 3622 vel
2334 3565 2601 3638 squamis
2631 3565 2770 3632 tuis,
2821 3569 2886 3620 ut
2933 3568 3229 3620 extractus
3276 3581 3307 3620 e
3332 3564 3598 3632 ﬂumine,

1953 3657 2301 3728 projiciaris,
2336 3655 2455 3711 sive
2488 3652 3087 3726 deponaris.Nimium
3117 3652 3271 3707 enim
3290 3657 3346 3707 te
3376 3652 3601 3708 extule-

1956 3763 2051 3801 ras
2082 3746 2141 3800 in
2174 3746 2420 3799 deserto.
2455 3744 2523 3797 Et
2580 3742 2752 3796 cades
2808 3756 2985 3812 super
3028 3740 3234 3795 faciem
3268 3739 3482 3811 campi,
3514 3737 3605 3794 vel

1956 3840 2123 3890 terra:
2148 3838 2280 3902 tua,
2316 3848 2382 3887 eo
2413 3831 2566 3903 quod
2599 3832 2879 3902 /Egyptus
2929 3827 3278 3900 campestris
3307 3827 3609 3900 provincia

1958 3924 2055 3980 sit.
2090 3923 2205 3978 Nec
2222 3920 2526 3992 colligetur
2545 3919 2994 3988 cadavertuum,
3010 3934 3117 3974 nec
3138 3916 3610 3991 congregaberis,

1960 4013 2017 4067 id
2049 4014 2157 4079 est,
2192 4025 2563 4081 nequaquam
2613 4007 2900 4079 sepeliris,
2942 4007 3043 4063 sed
3091 4005 3293 4062 bestiis
3330 4011 3388 4062 et
3416 4005 3619 4062 volati-

1960 4100 2118 4156 libus
2138 4097 2266 4154 coeli
2288 4098 2437 4153 dabo
2457 4102 2512 4152 te
2543 4097 2962 4163 devorandum,
2986 4099 3051 4151 ut
3074 4112 3208 4151 cum
3225 4096 3347 4151 haec
3367 4094 3619 4151 viderint

1963 4190 2023 4244 in
2048 4192 2105 4243 te
2136 4189 2211 4259 (b)
2233 4204 2362 4242 mea
2384 4186 2612 4257 judicia
2642 4188 2971 4257 perpetrata
2990 4184 3348 4241 habitatores
3367 4183 3614 4257 Egypti,

1965 4280 2319 4350 cognoscant
2349 4275 2505 4347 quod
2524 4274 2650 4346 ipse
2677 4273 2789 4330 sim
2822 4273 3123 4329 Dominus.
3144 4272 3275 4328 Haec
3301 4276 3496 4328 autem
3508 4271 3617 4326 tibi

1966 4363 2533 4436 evenient,quoniam
2559 4362 2844 4435 populum
2859 4378 3058 4417 meum
3080 4361 3255 4416 Israel
3271 4365 3372 4416 tuo
3395 4359 3615 4415 auxilio

1967 4453 2272 4526 decepisti,
2298 4457 2363 4507 ut
2391 4467 2764 4523 nequaquam
2785 4450 2843 4505 in
2867 4455 2981 4505 Deo
3008 4454 3267 4505 creatore
3288 4448 3525 4516 suo,sed
3553 4447 3615 4503 in

1970 4549 2026 4600 te
2054 4543 2430 4617 conﬁderent.
2461 4539 2643 4595 Fuisti
2659 4539 2742 4595 eis
2765 4538 3013 4595 baculus
3058 4537 3416 4593 arundineus
3447 4538 3619 4608 juxta

1970 4632 2184 4688 Isaiam
2207 4632 2357 4702 (Isai.
2387 4631 2539 4700 xxx),
2564 4628 2651 4684 vel
2689 4628 2853 4699 virga
2908 4643 3107 4698 vacua,
3128 4630 3185 4682 et
3214 4625 3477 4681 calamus
3498 4626 3619 4680 fra—

1970 4718 2419 4793 gilissimus,cui
2441 4717 2757 4773 innitentes
2774 4732 3008 4772 cassum
3021 4714 3456 4788 deprehendere
3480 4730 3620 4785 prai-

1971 4808 2298 4873 sidium,ita
2327 4811 2391 4861 ut
2421 4805 2899 4869 incumbentibus
2928 4803 3046 4860 illis
3079 4802 3514 4875 frangereris.et
3534 4800 3620 4858 la-

1972 4912 2199 4953 cerares
2231 4895 2564 4963 humerum,
2588 4897 2645 4949 et
2676 4909 2916 4948 manum
2939 4908 3055 4965 qua
3082 4890 3622 4957 tenebaris,etdum

1971 4985 2030 5040 in
2060 4990 2117 5040 te
2147 4984 2506 5051 securisunt,
2532 4981 3072 5037 comminuerentur
3091 4995 3297 5035 omnes
3319 4978 3508 5037 lumbi
3532 4996 3622 5037 eo-

1974 5091 2104 5129 rum
2135 5072 2468 5129 cadentium
2502 5071 2560 5127 in
2593 5074 2830 5138 terram,
2864 5074 2922 5124 et
2954 5085 3057 5141 pro
3082 5068 3299 5124 auxilio
3330 5068 3625 5142 accipien-

1971 5162 2119 5218 tium
2150 5161 2408 5217 vulnera.
2440 5160 2571 5215 Haec
2584 5164 2781 5214 autem
2803 5174 2906 5229 per
2923 5157 3326 5229 metaphoram
3349 5158 3627 5214 dicuntur

1972 5252 2141 5323 quasi
2183 5251 2255 5307 ad
2288 5265 2481 5322 regem
2512 5246 2758 5320 Egypti,
2792 5263 2856 5302 eo
2888 5247 3043 5318 quod
3086 5251 3146 5303 et
3169 5246 3299 5319 ipsa
3328 5243 3628 5320 provincia

1973 5448 2389 5521 praeponenda.
2423 5445 2637 5521 Eadem
2661 5442 2894 5521 ratione
2917 5459 3051 5499 mox
3070 5442 3211 5521 legit
3235 5461 3247 5499 :
3272 5446 3379 5521 Pro
3398 5455 3460 5496 eo
3479 5440 3631 5521 quod

1973 5512 2316 5592 Ϊαίδὶίῄωἰνθ
2345 5521 2518 5592 [actus
2548 5517 2623 5588 es)
2656 5515 2879 5571 baculus
2907 5512 3248 5571 arundirieus
3297 5512 3438 5585 (sive
3468 5512 3635 5580 virga

1975 5590 2310 5662 arundinea)
2330 5591 2536 5662 domui,
2570 5595 2676 5644 etc.

2047 5663 2124 5735 (b)
2150 5656 2320 5732 Apud
2351 5661 2600 5735 Raban.,
2624 5674 2744 5717 meo
2775 5656 2979 5730 iudicio
3016 5663 3345 5733 perpetrata.
