4006 6180
370 412 492 480 279

1623 416 1687 485 S.
1733 420 2043 487 EUSEBII
2086 420 2529 486 HIERONYMI

3653 406 3773 481 280

374 540 749 629 nequaquam
763 553 1096 614 adversaria
1118 555 1628 628 fueritIsracli,sed
1652 557 1792 613 dum
1808 574 2020 643 magna
2049 560 2104 625 Α
2133 559 2283 616 345
2310 557 2488 615 haLet
2517 558 2736 615 ﬂumen
2758 559 2933 616 draco
2950 554 3273 631 Egyptius,
3313 552 3414 611 sed
3447 552 3635 609 multa
3664 551 3775 643 ﬂu-

374 644 690 719 promittit,
725 664 758 703 a
788 645 889 702 Dei
919 663 1018 703 eos
1067 645 1280 703 auxilio
1334 651 1648 718 separaret.
1698 651 2019 703 Draconem

372 738 569 790 autem
584 736 754 807 juxta
774 752 1100 809 anagogen,
1120 736 1473 792 contrariam
1498 741 1847 809 potestatem
1867 754 2019 809 saepe

369 823 642 896 legimus.
678 824 841 880 Unde
871 830 928 881 et
956 825 1183 881 Pharao
1206 826 1420 880 dicitur
1440 821 2017 897 8:aa~z.e$aeri,;,quod

312 966 323 979 ,
369 930 404 969 a
431 914 548 969 Deo
579 918 811 986 separet
840 918 1016 986 atque
1065 914 1356 987 sejungat,
1402 919 1458 968 et
1504 918 1800 986 Egyptus,
1843 914 1900 969 id
1932 917 2022 969 est

367 1018 624 1058 MESRAIII
653 1002 923 1074 (curn),
956 1003 1017 1057 in
1049 1004 1376 1058 tribulantes
1425 1007 1482 1058 et
1510 1003 1817 1075 afﬂigentes
1847 1002 2018 1059 verti-

366 1096 483 1159 tur,
516 1108 613 1146 eos
643 1091 911 1147 videlicet
939 1108 1085 1163 quos
1117 1092 1228 1147 sibi
1252 1091 1509 1164 potuerit
1536 1093 1872 1164 subjugare.
1907 1093 2020 1147 Iste

368 1180 542 1236 draco
573 1184 663 1235 est
701 1181 1127 1251 pravaricator,
1160 1181 1229 1236 de
1261 1198 1375 1253 quo
1421 1181 1532 1236 Job
1564 1178 1903 1253 plenissime
1935 1178 2019 1235 lo-

370 1268 574 1341 quitur
601 1269 737 1340 (Job.
769 1287 859 1335 XL,
892 1271 1002 1341 41).
1029 1270 1096 1325 Et
1124 1270 1179 1325 in
1216 1269 1463 1326 Psalmis
1493 1271 1775 1342 scriptum
1798 1275 1921 1325 est:
1948 1270 2021 1323 Tu

367 1368 682 1439 confregisti
718 1370 899 1440 capita
940 1368 1213 1439 draconis,
1244 1368 1438 1424 dedisti
1462 1386 1585 1424 eum
1609 1371 1669 1423 in
1712 1384 1890 1424 escam
1921 1385 2020 1440 po-

363 1459 515 1530 pulis
558 1459 872 1530 rEthiopum
898 1458 1009 1530 (Ps.
1042 1475 1234 1526 LxxIII,
1288 1459 1395 1530 14).
1446 1459 1517 1512 Et
1555 1458 1727 1514 draco
1769 1474 2019 1530 magnus

369 1547 440 1602 ad
472 1546 967 1618 comparationem
1000 1546 1295 1602 minorum
1329 1547 1648 1603 draconum
1681 1547 1915 1615 dicitur,
1949 1547 2019 1602 de

367 1635 583 1710 quibus
597 1636 827 1691 canitur
839 1635 897 1691 in
917 1635 1172 1708 psalmo:
1200 1637 1271 1691 Tu
1284 1638 1612 1705 confregisti
1625 1637 1809 1708 capita
1823 1636 1994 1692 draco
2005 1668 2021 1677 -

365 1742 500 1780 num
527 1726 589 1779 in
618 1726 775 1796 aquis
799 1724 987 1798 (Ibid.)
1010 1728 1075 1779 Et
1104 1724 1162 1778 in
1190 1722 1302 1779 alio
1333 1722 1458 1779 loco
1487 1740 1499 1777 :
1527 1724 1683 1778 344
1724 1725 1829 1779 Hoc
1868 1740 2020 1779 mare

363 1830 626 1885 magnum
653 1822 704 1868 et
727 1817 1027 1885 spatiosum
1058 1812 1334 1867 manibus.
1367 1812 1489 1867 Illic
1518 1812 1743 1883 reptilia
1787 1828 2020 1885 quorum

2094 692 2103 701 .
2132 648 2315 714 mina,
2339 648 2553 720 quibus
2582 648 2787 721 irrigat
2814 649 3123 721 Egyptum
3152 643 3438 703 humilem
3474 646 3651 716 atque
3676 642 3778 699 de-

2119 736 2339 807 jectam
2372 736 2516 792 nihil
2548 739 2608 793 in
2641 756 2703 794 se
2733 738 3045 794 habentem
3079 737 3398 792 montium:
3433 750 3538 790 nec
3587 749 3777 804 aquas

2129 824 2282 881 Siloe
2304 842 2430 898 qua:
2451 828 2677 883 vadunt
2699 844 2830 883 cum
2857 826 3228 895 silentio,sed
3260 823 3527 880 turbidas
3555 827 3613 878 et
3658 839 3777 879 cos-

2127 930 2304 969 nosas
2335 916 2460 986 (lsa.
2492 916 2639 988 VIII).
2673 916 2835 971 Unde
2868 919 2924 971 et
2954 913 3205 970 extrahit
3231 930 3367 970 eum
3398 911 3690 968 Dominus
3707 912 3780 967 de

2130 1003 2320 1058 medio
2343 1005 2654 1060 ﬂuminum
2678 1008 3399 1075 suorum,utnequaquam
3416 1000 3778 1068 eisincubet,

2129 1115 2235 1154 nec
2266 1101 2463 1157 sedeat
2494 1103 2551 1157 in
2584 1103 2705 1157 eis.
2740 1106 2797 1158 et
2826 1118 3031 1157 omnes
3080 1100 3268 1173 pisces
3313 1099 3581 1172 squamis
3620 1096 3781 1154 illius

2130 1189 2486 1256 adhaereant,
2519 1207 2622 1263 pro
2645 1191 2923 1263 qualitate
2944 1190 3216 1245 vitiorum
3244 1206 3344 1261 per
3363 1193 3554 1244 totum
3567 1204 3781 1258 corpus

2128 1278 2417 1347 draconis,
2452 1280 2539 1335 vel
2569 1281 2768 1351 capiti,
2797 1280 2886 1336 vel
2914 1280 3125 1345 ventri,
3156 1278 3243 1335 vel
3273 1278 3494 1346 caudae,
3518 1281 3577 1333 et
3592 1283 3782 1333 extre-

2130 1367 2244 1422 mis
2297 1367 2561 1440 partibus
2617 1370 3017 1425 adhaerentes:
3073 1373 3139 1425 ut
3211 1370 3464 1423 extracto
3503 1366 3779 1435 dracone,

2131 1453 2319 1523 pisces
2349 1457 2707 1527 quoque,qui
2741 1456 3040 1511 adhaerent
3067 1456 3141 1520 ei,
3201 1455 3416 1526 pariter
3472 1453 3784 1510 extrahan-

2129 1549 2245 1598 tur.
2280 1544 2384 1600 Et:
2418 1545 2726 1616 Projiciam
2760 1549 2836 1614 te,
2868 1545 3084 1616 inquit,
3135 1544 3195 1599 in
3232 1545 3553 1612 desertum,
3587 1547 3653 1598 ut
3683 1559 3783 1599 ne-

2129 1649 2425 1705 quaquam
2458 1635 2714 1706 reperias
2728 1651 2877 1706 quos
2906 1632 3298 1707 decipias.Vel
3322 1633 3782 1704 certedeponam

2128 1726 2184 1777 te
2214 1723 2285 1778 de
2314 1723 2572 1780 culmine
2597 1724 2881 1797 superbiae
2908 1728 3047 1791 tuaa,
3069 1728 3124 1778 et
3156 1723 3448 1795 deponam
3475 1720 3774 1789 velociter,

2121 1809 2294 1881 juxta
2323 1810 2467 1866 illud
2501 1812 2762 1884 Apostoli
2790 1829 2803 1868 :
2836 1814 2977 1868 Deus
3006 1820 3191 1868 autem
3222 1813 3375 1883 pacis
3403 1815 3650 1867 conterat
3678 1809 3783 1866 Sa-

363 1919 475 1959 nan
502 1908 582 1959 est
610 1919 911 1958 numerus:
944 1903 1213 1957 animalia
1234 1902 1445 1973 pusilla
1472 1918 1596 1956 cum
1625 1903 1863 1972 magnis,
1896 1903 2018 1957 illic
2045 1928 2093 1993 Β
2129 1907 2318 1955 tanam
2344 1901 2442 1956 sub
2470 1901 2694 1973 pedibus
2750 1903 2944 1957 vestris
2997 1902 3253 1957 velociter
3291 1901 3464 1972 (Rom.
3497 1917 3615 1969 xvx,
3645 1900 3742 1968 20)
3764 1917 3783 1971 ;

364 2008 530 2048 naves
551 1991 966 2063 pertransibunt
987 2009 1006 2045 :
1036 1992 1206 2045 Draco
1235 1993 1337 2046 iste
1369 2005 1525 2060 quem
1540 1988 1813 2062 formasti
1840 1990 1911 2045 ad
1942 1991 2013 2045 il-

367 2080 668 2136 ludendum
697 2082 748 2135 ei
768 2080 952 2151 (Ibid.,
994 2096 1114 2146 CIII,
1145 2080 1216 2134 25
1244 2084 1415 2150 seqq.)
1446 2078 1527 2134 De
1574 2096 1691 2151 quo
1729 2083 1786 2135 et
1810 2079 1869 2134 in
1903 2079 2015 2135 alio

366 2167 492 2226 loco
524 2168 737 2225 dicitur
760 2186 773 2225 :
800 2171 919 2241 Ipse
947 2178 1026 2225 est
1056 2184 1159 2224 rex
1182 2171 1429 2225 omnium
1459 2171 1554 2242 qui
1582 2171 1641 2224 in
1682 2170 1839 2240 aquis
1868 2172 2013 2237 sunt,

367 2261 417 2315 et
433 2260 776 2331 principium
805 2258 1155 2329 figurationis
1200 2260 1442 2330 Domini,
1473 2260 1571 2331 qui
1596 2261 1773 2330 factus
1823 2262 1921 2324 est,
1954 2267 2018 2314 ut

365 2355 695 2411 illuderetur
723 2354 789 2410 ab
818 2354 1039 2426 Angelis
1077 2356 1194 2426 ejus
1242 2355 1377 2426 (Job.
1425 2372 1541 2423 XLI,
1584 2356 1674 2420 24,
1714 2371 1816 2410 sec.
1854 2355 2017 2427 LXX)

365 2445 537 2500 Sedet
564 2448 783 2513 autem,
818 2444 936 2499 sive
966 2443 1160 2514 cubat,
1191 2442 1252 2499 in
1285 2443 1475 2500 medio
1520 2443 1832 2499 ﬂuminum
1876 2461 2018 2500 suo-

368 2551 527 2602 rum,
558 2550 672 2589 non
703 2533 879 2589 unius
912 2532 1197 2600 ﬂuminis,
1250 2533 1349 2589 sed
1414 2532 1758 2606 multorum,
1792 2551 1918 2607 qua:
1959 2534 2018 2588 in

371 2621 618 2680 diversis
649 2621 970 2679 haeresibus
1027 2622 1374 2695 accipimus,
1433 2639 1539 2695 per
1585 2639 1733 2695 quas
1764 2623 1932 2678 ﬂuxit
1959 2623 2017 2676 in

367 2717 677 2786 Egyptum
709 2712 905 2767 saeculi
936 2711 1129 2779 istius,
1162 2716 1220 2767 et
1247 2711 1510 2785 irrigavit
1538 2712 1768 2767 animas
1813 2712 2020 2767 seduc-

373 2804 590 2869 torum,
622 2817 739 2855 non
797 2800 1011 2871 pluviis
1062 2801 1133 2855 de
1184 2799 1327 2856 coelo
1382 2802 1772 2870 venientibus,
1806 2802 1906 2857 sed
1951 2802 2021 2857 de

373 2891 530 2944 terra
560 2888 731 2959 aquis
763 2888 1037 2955 turbidis,
1068 2904 1218 2959 quas
1247 2889 1444 2944 bibere
1464 2906 1579 2944 non
1628 2889 1896 2960 prohibet
1922 2890 2020 2945 Je-

2124 2000 2190 2052 ut
2219 1997 2471 2055 dracone
2499 2000 2748 2056 contrito
2778 2004 2954 2072 atque
2985 1999 3269 2072 deposito,
3302 2000 3493 2071 pisces
3541 2014 3786 2071 quoque

2126 2086 2387 2143 ﬂuminis
2420 2089 2582 2144 illius
2611 2089 2998 2161 deponantur,
3031 2094 3089 2144 et
3118 2089 3290 2143 cadat
3329 2091 3533 2143 auctor
3579 2088 3783 2143 crimi-

2127 2193 2290 2245 num,
2325 2177 2423 2249 qui
2483 2178 2648 2250 prius
2705 2184 2860 2234 stare
2915 2195 2978 2233 se
3035 2176 3452 2242 arbitrabatur,
3483 2181 3541 2232 et
3567 2176 3631 2232 in
3660 2181 3784 2233 toto

2126 2264 2265 2321 orbe
2296 2266 2640 2323 discurrere.
2673 2267 2853 2323 Cadat
2881 2271 3077 2322 autem
3134 2282 3311 2338 super
3364 2266 3574 2321 faciem
3613 2270 3784 2321 terra:

2128 2371 2271 2422 suae,
2303 2356 2374 2411 ad
2407 2372 2587 2428 quam
2621 2357 2692 2412 de
2719 2354 2857 2412 cmlo
2889 2354 3284 2428 praecipitatus
3313 2359 3421 2421 est,
3455 2358 3523 2409 ut
3550 2370 3776 2426 nequa-

2130 2460 2306 2516 quam
2340 2444 2493 2502 ultra
2521 2446 2581 2501 in
2601 2445 3009 2501 haereticorum
3039 2442 3312 2500 Ecclesiis
3341 2442 3787 2516 colligatur,ne-

2129 2548 2243 2605 que
2273 2539 2677 2607 congregetur,
2706 2533 2827 2590 sive
2855 2533 3171 2606 sepeliatur
3192 2532 3250 2587 in
3273 2532 3364 2587 his
3391 2533 3493 2604 qui
3511 2532 3781 2589 credide-

2130 2622 2247 2678 rint
2276 2623 2350 2694 ei,
2384 2641 2517 2679 cum
2549 2624 2621 2679 ab
2652 2640 2717 2679 eo
2778 2622 2997 2678 fuerint
3055 2622 3300 2688 liberati,
3361 2621 3466 2677 sed
3513 2621 3688 2677 detur
3712 2622 3785 2677 ad

2130 2711 2524 2767 devorandum
2559 2712 2762 2768 bestiis
2791 2716 2982 2778 terras,
3013 2714 3071 2765 et
3098 2709 3433 2766 volatilibus
3464 2708 3619 2765 caeli.
3654 2710 3788 2766 Bes-

2130 2800 2251 2866 tiis,
2283 2802 2353 2856 de
2382 2800 2599 2873 quibus
2625 2800 2911 2873 scriptum
2943 2806 3068 2856 est:
3103 2801 3180 2856 Ne
3208 2800 3393 2854 tradas
3434 2800 3619 2855 bestiis
3658 2801 3789 2855 ani-

2128 2906 2280 2945 mam
2307 2890 2649 2960 conﬁtentem
2679 2891 2782 2945 tibi
2809 2891 2924 2961 (Ps.
2959 2906 3151 2955 LXXIII,
3197 2890 3303 2959 19).
3339 2888 3403 2943 Et
3448 2886 3794 2944 volatilibus

378 2976 2025 3050 remiasdicens:QuidlibietviaazEgypti,utbibasaquam
2132 2978 2279 3046 cteli,
2313 2996 2440 3050 quae
2464 2981 2636 3050 juxta
2693 2979 2848 3035 viam
2897 2983 3218 3035 sementem
3276 2977 3598 3044 comedunt,
3631 2981 3692 3032 et
3745 2994 3786 3032 a

373 3064 518 3122 Geon
572 3065 788 3138 (Jerem.
847 3082 926 3135 xI,
986 3065 1122 3135 18)?
1174 3069 1282 3121 Pro
1341 3082 1456 3137 quo
1495 3066 1552 3120 in
1586 3065 1864 3123 Hebraico
1894 3084 2025 3123 SIon
2133 3067 2418 3124 salvatore
2441 3069 2898 3140 interpretantur
2942 3083 3072 3123 esse
3114 3065 3332 3123 diaboli
3376 3065 3578 3137 (Matth,
3620 3066 3785 3137 xm).

372 3156 574 3228 (una)
600 3154 883 3227 scriptum
913 3158 1021 3225 est,
1041 3155 1194 3226 quod
1225 3156 1465 3211 verbum
1496 3155 1556 3211 in
1584 3172 1753 3229 aquas
1769 3156 2024 3213 turbidas
2131 3158 2257 3213 Non
2288 3156 2479 3213 solum
2512 3159 2665 3213 enim
2699 3157 2979 3229 princeps
2999 3155 3253 3221 malitiae,
3285 3156 3386 3211 sed
3417 3158 3475 3210 et
3503 3153 3785 3226 discipuli

373 3244 725 3299 transfertur
748 3246 923 3315 atque
958 3259 1218 3299 caenosas.
1265 3244 1337 3299 Ut
1380 3248 1574 3299 autem
1620 3244 2020 3317 intelligamus
2051 3295 2090 3318 η
2133 3248 2281 3318 ejus,
2307 3246 2522 3302 diaboli
2556 3248 2957 3311 nominantur,
2981 3247 3150 3317 juxta
3173 3244 3317 3299 illud
3348 3243 3505 3316 quod
3525 3243 3598 3299 de
3616 3242 3787 3299 Juda

387 3348 514 3405 qum
546 3331 666 3386 sint
690 3331 941 3404 Egyptii
973 3331 1242 3388 draconis
1274 3333 1539 3397 ﬂumina,
1591 3349 1659 3387 ex
1705 3334 2017 3391 contrariis

373 3430 522 3486 scire
561 3430 903 3503 poterimus.
935 3429 1221 3486 Dominus
1250 3430 1510 3502 loquitur
1558 3431 1629 3486 de
1674 3431 2016 3487 ﬂuminibus

375 3519 531 3576 suis:
567 3520 672 3589 Qui
698 3518 869 3575 credit
899 3521 956 3575 in
986 3536 1091 3591 me,
1124 3518 1368 3593 ﬂumina
1396 3519 1462 3575 de
1490 3528 1672 3576 ventre
1714 3521 1829 3591 ejus
1847 3523 2018 3591 ﬂuent

371 3624 535 3680 aqua?
562 3611 705 3666 vivae
733 3611 911 3677 (Joan.
937 3626 1039 3679 VII,
1073 3610 1184 3678 37).
1219 3609 1286 3664 Et
1313 3609 1386 3663 ait
1418 3608 1849 3665 Samaritanam
1875 3625 1887 3665 :
1916 3611 2019 3679 Qui

370 3697 824 3772 biberitdeaqua
880 3715 1044 3769 quam
1099 3714 1196 3767 ego
1250 3697 1443 3754 dedero
1493 3699 1566 3764 ei,
1596 3713 1706 3753 non
1761 3699 1909 3754 sitiet
1956 3700 2015 3754 in

365 3792 636 3845 aeternum
660 3806 680 3843 :
708 3788 801 3845 sed
829 3789 920 3859 ﬁet
955 3790 1016 3843 in
1069 3802 1132 3844 eo
1185 3790 1307 3859 fons
1351 3802 1509 3859 aqua;
1562 3787 1810 3843 salientis
1842 3790 1901 3842 in
1928 3790 2016 3843 vi-

367 3881 481 3934 tam
508 3882 773 3933 mternam
802 3878 901 3946 (Ib.
936 3894 1010 3945 Iv,
1047 3878 1132 3947 13,
1170 3878 1284 3948 14).
1346 3878 1462 3933 Ista
1502 3881 1643 3932 sunt
1672 3876 1917 3933 ﬂumina
1945 3877 2016 3933 de

366 3964 507 4022 cmlo
536 3965 846 4033 venientia,
895 3966 967 4021 de
1020 3965 1237 4037 quibus
1291 3965 1471 4020 David
1512 3966 1705 4021 canit:
1739 3967 2015 4032 Fluminis

367 4059 600 4127 impetus
631 4054 878 4125 lwtiﬁcat
904 4056 1181 4109 civitatem
1199 4055 1298 4109 Dei
1314 4054 1425 4124 (Ps.
1458 4070 1585 4123 va,
1610 4054 1663 4125 4)
1689 4071 1700 4108 :
1734 4054 1889 4109 haud
1912 4055 2015 4110 du-

365 4143 529 4200 bium
562 4143 706 4215 quin
737 4142 1054 4198 Ecclesiam
1087 4142 1856 4214 signiﬁcet.Consideremus
1876 4160 2012 4216 ergo

365 4248 493 4304 quae
524 4231 794 4288 draconis
826 4248 1015 4303 poena,
1051 4233 1276 4302 quodve
1305 4230 1659 4302 supplicium
1692 4230 1786 4286 sit.
1810 4232 2013 4303 Sequi-

364 4326 496 4376 tur:
530 4321 597 4376 Et
617 4337 823 4393 ponam
849 4322 1090 4391 frenum,
1123 4318 1209 4374 vel
1239 4319 1495 4390 laqueum
1520 4321 1581 4373 in
1600 4320 1851 4375 maxillis
1880 4323 2009 4377 tuis.

362 4409 467 4466 Cui
497 4409 689 4466 simile
720 4413 809 4466 est
839 4406 983 4463 illud
1016 4407 1165 4464 Job:
1218 4406 1459 4463 Adduces
1498 4410 1682 4463 autem
1710 4408 2013 4466 draconem

362 4500 424 4555 in
455 4497 638 4570 hamo,
670 4506 721 4554 et
743 4513 909 4571 pones
938 4499 1243 4569 capistrum
1265 4499 1413 4553 circa
1441 4512 1604 4552 nares
1634 4498 2011 4570 ejus.Conﬁdit

363 4587 505 4660 quod
533 4590 775 4644 introeat
799 4587 1052 4645 Iordanis
1082 4588 1141 4641 in
1170 4602 1227 4642 os
1244 4586 1361 4657 ejus
1385 4605 1403 4640 :
1434 4588 1491 4641 in
1524 4588 1677 4643 oculo
1700 4603 1797 4644 suo
1835 4591 2010 4644 susci-

2130 3335 2379 3403 dicitur:
2400 3338 2588 3392 Nonne
2616 3353 2710 3407 ego
2766 3352 2859 3391 vos
2913 3334 3199 3391 duodecim
3245 3334 3405 3405 elegi,
3438 3341 3489 3389 et
3536 3348 3684 3387 unus
3714 3332 3785 3388 de

2126 3427 2273 3481 vobis
2301 3425 2550 3481 diabolus
2568 3430 2647 3481 est
2677 3426 2855 3497 (Joan.
2914 3442 2989 3495 vr,
3028 3423 3166 3494 71)?
3221 3422 3358 3478 Caeli
3417 3426 3616 3477 autem
3672 3437 3785 3477 vo-

2126 3519 2335 3570 cantur
2362 3513 2637 3582 volatilia,
2671 3514 2810 3585 quia
2834 3513 2943 3569 sibi
2968 3511 3245 3569 sublimia
3260 3510 3786 3583 repromittungut

2126 3616 2438 3682 postquam
2464 3612 2638 3667 draco
2659 3627 2792 3665 cum
2818 3610 3080 3682 piscibus
3101 3608 3226 3665 suis
3265 3607 3571 3680 depositus
3602 3606 3785 3663 fuerit

2125 3706 2298 3771 atque
2316 3701 2693 3771 projectus,et
2720 3699 2971 3755 traditus
3003 3699 3073 3754 ad
3123 3697 3519 3754 devorandum
3568 3696 3782 3752 bestiis

2123 3789 2445 3857 terrai,qua3
2477 3785 2624 3841 nihil
2655 3785 2715 3841 in
2748 3802 2810 3841 se
2838 3785 3057 3842 habent
3087 3783 3582 3850 mansuetudinis,
3607 3788 3666 3840 et
3685 3782 3787 3840 his

2126 3876 2229 3948 qui
2258 3875 2749 3932 circumferuntur
2763 3875 2923 3931 omni
2945 3882 3113 3931 vento
3132 3868 3408 3930 doctrinae
3430 3873 3647 3945 (Ephes.
3673 3875 3781 3943 Iv),

2122 3969 2261 4020 tunc
2294 3964 2622 4037 intelligant
2650 3980 2855 4020 omnes
2915 3963 3274 4019 habitatores
3328 3961 3499 4019 istius
3554 3961 3783 4030 seaculi,

2122 4054 2274 4122 quod
2306 4054 2431 4126 ipse
2464 4054 2541 4109 sit
2569 4052 2873 4110 Dominus.
2906 4051 3110 4109 Omnis
3139 4056 3335 4108 autem
3366 4066 3544 4107 causa
3573 4066 3785 4122 poena-

2122 4158 2254 4197 rum
2279 4147 2385 4213 est,
2418 4143 2573 4214 quod
2604 4142 2819 4199 frustra
2849 4142 3048 4198 domui
3077 4141 3254 4197 Israel
3302 4139 3574 4214 promisit
3611 4140 3787 4196 auxi-

2122 4228 2288 4298 lium,
2321 4236 2378 4286 et
2410 4230 2519 4286 fuit
2546 4230 2596 4287 ei
2617 4234 2798 4305 virga,
2830 4230 2920 4287 vel
2951 4230 3198 4287 baculus
3252 4228 3639 4296 arundineus,
3674 4245 3790 4285 va-

2121 4336 2268 4375 cuus
2296 4324 2353 4374 et
2376 4320 2587 4389 inanis,
2622 4319 2883 4392 nihilque
2915 4320 2973 4375 in
3004 4335 3067 4376 se
3099 4319 3320 4375 habens
3359 4316 3787 4390 plenitudinis,

2120 4408 2258 4481 quia
2290 4425 2405 4464 non
2435 4412 2660 4480 poterat
2697 4410 2915 4465 dicere:
2965 4410 3070 4465 Nos
3107 4412 3291 4464 autem
3341 4421 3527 4463 omnes
3555 4405 3625 4462 de
3646 4407 3790 4478 ple-

2117 4496 2373 4553 nitudine
2401 4500 2516 4570 ejus
2544 4499 2853 4569 accepimus
2883 4499 3059 4570 (Joan.
3093 4515 3132 4566 I,
3165 4498 3255 4570 l6)
3284 4512 3438 4564 ;cum
3468 4494 3797 4568 Scriptura

2120 4589 2496 4659 praeceperit:
2530 4587 2685 4642 346
2740 4587 2858 4643 Non
2914 4586 3205 4658 apparebis
3256 4588 3315 4641 in
3351 4593 3643 4655 conspectu
3674 4587 3795 4643 Do-

360 4680 475 4751 piet
496 4677 676 4733 illum.
711 4676 1016 4747 Per/orabit
1068 4683 1258 4732 autem
1303 4691 1465 4730 nares
1511 4676 1630 4747 ejus
1677 4678 1926 4746 armilla,
1959 4683 2014 4734 et
2043 4663 2088 4728 D
2118 4678 2263 4731 mini
2289 4677 2387 4732 Dei
2414 4679 2496 4732 tui
2527 4692 2745 4744 vacuus,
2796 4679 2897 4731 aut
2952 4678 3140 4731 inanis
3187 4673 3378 4746 (Exod.
3439 4688 3606 4740 xxIII,
3662 4673 3790 4746 15).

364 4776 512 4833 labia
543 4776 701 4832 illius
730 4774 867 4844 (Job,
900 4790 987 4838 xc,
1024 4772 1133 4844 19).
1185 4771 1353 4827 Ponit
1395 4775 1591 4827 autem
1632 4771 1919 4829 Dominus
1950 4773 2009 4829 in

363 4865 618 4921 maxillis
647 4863 919 4920 draconis
970 4861 1142 4917 istius
1182 4861 1432 4926 frenum,
1464 4865 1523 4916 et
1562 4861 1817 4932 perforat
1857 4862 2012 4919 labia

362 4951 489 5021 ejus
516 4957 690 5025 atque
720 4949 1066 5024 constringit
1094 4948 1334 5006 armillae
1364 4948 1603 5020 circulo,
1634 4951 1868 5020 quando
1909 4967 2012 5024 per

361 5038 805 5097 Ecclesiasticos
842 5041 1019 5108 viros,
1051 5040 1151 5113 qui
1181 5040 1240 5093 in
1268 5037 1586 5111 Scripturis
1640 5039 1859 5095 sanctis
1889 5057 2014 5096 eru-

360 5125 470 5182 diti
502 5131 659 5196 sunt,
692 5129 940 5201 imponit
968 5134 1027 5186 et
1088 5122 1414 5194 silentium,
1473 5131 1531 5182 et
1583 5127 1854 5183 universa
1883 5144 2009 5199 per-

357 5213 652 5272 versitatis
681 5216 955 5288 dogmata
983 5218 1405 5275 dissolvuntur.
1421 5214 1880 5289 Agglutinatque
1898 5216 2011 5288 pis-

260 5356 273 5367 .
360 5322 456 5363 ces
485 5303 940 5374 ﬂuminumejus
954 5305 1474 5379 pennisipsius,vel
1498 5305 2007 5379 squamis,quibus

359 5392 613 5451 haeretici
642 5408 747 5465 per
769 5395 1104 5464 superbiam
1137 5397 1207 5451 ad
1242 5394 1360 5452 alta
1390 5394 1686 5459 festinant,
1707 5400 1771 5448 ut
1808 5398 1865 5449 et
1894 5394 2007 5466 ipsi

357 5484 535 5539 vincti
567 5498 703 5538 cum
729 5481 1187 5548 dracone,unum
1220 5501 1351 5539 cum
1385 5500 1450 5539 eo
1486 5499 1700 5555 corpus
1723 5482 2004 5551 efﬁciant,

359 5577 417 5628 et
445 5571 792 5643 copulentur
821 5568 870 5625 ei
901 5568 987 5625 vel
1018 5571 1078 5626 in
1109 5572 1321 5629 erroris
1347 5573 1658 5641 consortio,
1690 5571 1778 5628 vel
1806 5571 1862 5626 in
1886 5589 2007 5645 poe-

363 5679 447 5717 nae
489 5660 914 5717 similitudine:
977 5660 1270 5730 quomodo
1328 5664 1423 5732 qui
1465 5661 1709 5718 (μυιῶνθί
1759 5663 2001 5731 Domino,

361 5766 504 5809 unus
529 5750 757 5822 spiritus
787 5756 865 5807 est
890 5749 937 5822 (I
969 5748 1088 5807 Cor.
1120 5766 1195 5804 Vl.
1238 5750 1345 5819 17).
1395 5753 1594 5821 Neque
1638 5766 1771 5806 vero
1820 5768 2005 5808 unum

2121 4774 2283 4839 Quod
2314 4778 2508 4829 autem
2540 4790 2655 4829 non
2719 4774 3036 4829 debeamus
3073 4773 3148 4830 ab
3197 4776 3435 4844 Egypto
3484 4769 3792 4828 auxilium

2121 4861 2438 4933 postulare,
2471 4867 2526 4918 et
2555 4863 2695 4918 alibi
2756 4863 3057 4934 Scriptura
3114 4865 3396 4918 testatur:
3433 4860 3520 4916 Vae
3566 4862 3652 4915 eis
3685 4864 3796 4934 qui

2118 4950 2451 5006 descendunt
2482 4953 2543 5006 in
2567 4952 2867 5022 Egyptum
2919 4951 2990 5006 ad
3040 4951 3321 5006 auxilium
3349 4949 3474 5021 (lsa.
3506 4963 3664 5017 XXXI,
3706 4951 3794 5021 1).

2121 5039 2203 5096 De
2225 5039 2561 5096 istiusmodi
2580 5039 2791 5096 baculo
2812 5040 3133 5097 arundineo
3155 5046 3214 5095 et
3251 5040 3522 5095 Rabsaccs
3552 5038 3804 5094 frustra.

2119 5128 2430 5199 exprobrat
2460 5128 2710 5184 Ezechia
2732 5129 2855 5201 regi
2887 5128 3046 5183 Judze
3093 5128 3295 5183 dicens
3323 5144 3335 5183 :
3367 5129 3502 5183 Ecce
3527 5127 3788 5196 conﬁdis

2117 5219 2181 5274 in
2209 5218 2363 5288 virga
2379 5217 2687 5273 arundinea
2702 5221 2862 5289 atque
2880 5220 3168 5284 confracta
3186 5217 3485 5288 ista,super
3503 5216 3759 5288 (Egypto
3773 5235 3803 5272 :

2117 5309 2207 5362 cui
2227 5325 2246 5362 :
2276 5309 2369 5378 qui
2400 5308 2629 5363 innixus
2655 5308 2845 5377 fuerit,
2906 5307 3219 5378 ingreditur
3274 5307 3333 5360 in
3362 5320 3597 5360 manum
3618 5306 3786 5376 ejus.

2119 5396 2207 5452 Sic
2235 5405 2314 5452 est
2340 5396 2558 5452 Pharao
2586 5412 2689 5450 rex
2716 5397 2942 5467 /Egypti
2959 5397 3210 5451 omnibus
3233 5394 3343 5467 [ΑΙ.
3368 5402 3419 5450 et
3444 5395 3657 5465 omnes]
3682 5398 3807 5466 qui

2113 5485 2393 5557 conﬁdunt
2424 5488 2483 5539 in
2512 5500 2572 5540 eo
2631 5484 2739 5556 (lsa
2796 5502 2982 5552 xxxw,
3046 5486 3123 5554 6).
3168 5485 3234 5540 Et
3280 5482 3375 5539 ille
3417 5482 3664 5556 quidem
3708 5483 3806 5541 de

2109 5575 2273 5646 justo
2291 5591 2421 5648 rege
2442 5573 2832 5629 mentiebatur
2852 5573 2965 5629 ista
2984 5570 3813 5644 commemorans,quiinter-

2117 5669 2377 5735 pretatur
2403 5665 2608 5719 multus
2634 5664 2850 5734 poculo,
2875 5664 3199 5720 Inebriatus
3230 5662 3388 5719 enim
3411 5665 3531 5719 erat
3564 5663 3637 5719 de
3670 5678 3805 5719 au-

2116 5769 2210 5810 reo
2254 5752 2429 5810 calice
2459 5751 2796 5825 Babylonis,
2852 5757 2909 5810 et
2965 5753 3178 5810 idcirco
3237 5769 3364 5824 quae
3422 5768 3531 5810 sua
3579 5758 3800 5826 erant,
