4006 6180
266 302 379 373 281

865 307 1614 379 COMMENTARIORUM
1656 304 1735 371 IN
1778 300 2278 370 EZEGHIELEM
2325 300 2476 366 LIB.
2520 299 2623 366 IX.
2671 301 2842 366 CAP.
2885 301 3093 365 XXIX.

3554 302 3674 367 282

267 445 581 519 ingerebat
606 446 821 522 populo
850 447 1161 506 Dominum
1192 446 1510 504 conﬁtenti.
1545 446 1642 502 Hic
1675 460 1806 501 vero
1827 459 1916 497 ex-
1946 445 1999 509 Α
2028 441 2223 511 mum].
2264 442 2329 496 Et
2358 456 2469 496 non
2498 440 2797 497 elevabitur
2825 441 2972 498 ultra
2999 457 3161 515 super
3187 448 3455 513 nationes,
3486 442 3540 498 et
3567 456 3673 497 zm-

270 535 593 610 probratur
659 535 969 608 Pharaoni,
1019 538 1174 611 quod
1228 537 1400 594 fuerit
1461 536 1662 593 domui
1715 530 1912 599 Israel,

266 625 456 698 virga,
491 624 615 682 sive
642 626 889 684 baculus
920 628 1303 694 arundineus,
1350 643 1567 683 vanum
1594 626 1679 682 eis
1708 629 1766 681 et
1796 625 1916 679 fra-

262 712 377 787 gile
408 718 466 769 et
486 716 602 770 cito
622 716 1145 772 comminuendum
1172 714 1457 771 auxilium
1480 713 1914 786 repromittens.

266 802 337 858 Ut
365 810 565 858 autem
597 804 749 859 scire
793 802 1115 871 valeamus,
1147 805 1246 876 qui
1278 804 1355 858 sit
1385 802 1629 859 baculus
1677 800 1918 857 arundi-

264 908 437 959 neus,
468 909 648 965 super
668 909 784 965 quo
804 893 1017 950 domus
1041 893 1216 949 Israel
1239 893 1528 948 confidere
1554 909 1665 947 non
1690 892 1915 959 debeat,

260 994 332 1034 ex
363 979 660 1034 contrario
692 979 902 1035 baculo
932 986 988 1035 et
1016 980 1181 1053 virga
1210 979 1443 1035 Domini
1467 979 1795 1053 intelligere
1818 997 1917 1051 po-

260 1068 538 1134 terimus,
568 1069 641 1124 de
678 1086 798 1140 qua
825 1070 898 1124 ad
931 1062 1259 1125 Dominum
1279 1068 1525 1125 dicitur:
1562 1071 1725 1139 Virga
1749 1074 1852 1125 tua
1870 1072 1920 1125 et

264 1156 503 1212 baculus
536 1162 682 1224 tuus,
716 1160 838 1226 ipsa
867 1174 955 1213 me
988 1159 1267 1214 consolata
1310 1162 1438 1213 sunt
1468 1159 1636 1230 (Psal.
1669 1176 1807 1229 xxu,
1840 1159 1917 1230 4).

262 1244 425 1300 Hanc
453 1245 680 1319 virgam
712 1246 924 1303 habuit
951 1252 1008 1302 et
1036 1248 1247 1313 Aaron,
1280 1265 1407 1318 quas
1439 1248 1719 1303 dracones
1750 1248 1918 1319 {Egy-

261 1334 419 1406 ptios
468 1335 788 1403 devoravit,
838 1341 895 1391 et
925 1336 1162 1408 quando
1196 1337 1487 1408 percussit
1513 1352 1751 1408 aggeres
1781 1335 1917 1405 Nili,

263 1427 319 1479 et
346 1422 648 1496 Cyniphes
676 1424 739 1479 in
771 1428 891 1480 tota
919 1425 1159 1498 zEgypto
1203 1429 1487 1496 generata:
1537 1430 1676 1480 sunt
1725 1425 1917 1496 (Exod.

260 1530 362 1579 vn,
395 1514 548 1585 vni).
579 1514 810 1586 Moyses
834 1529 1087 1586 quoque,
1112 1514 1283 1585 juxta
1304 1513 1462 1585 LXX,
1495 1512 1753 1569 extendit
1774 1513 1923 1569 hanc

263 1602 510 1675 virgam,
566 1606 625 1658 et
654 1601 863 1658 levavit
891 1602 951 1657 in
983 1602 1219 1670 caelum,
1272 1606 1329 1657 et
1376 1602 1662 1659 Dominus
1692 1602 1923 1658 induxit

259 1697 502 1747 ventum
537 1696 807 1747 austrum
849 1707 1029 1763 super
1058 1695 1273 1748 terram
1306 1694 1425 1746 toto
1455 1690 1557 1746 illo
1587 1690 1680 1746 die
1711 1696 1769 1747 et
1800 1696 1923 1748 tota

261 1784 450 1847 nocte,
494 1784 557 1836 et
586 1796 760 1836 mane
788 1780 999 1836 levavit
1025 1784 1256 1879 ventus,
1308 1784 1364 1835 et
1395 1779 1635 1879 adduxit
1665 1779 1922 1879 locustae
1955 1814 2003 1879 Β

268 1886 443 1943 super
469 1886 715 1925 omnem
746 1873 962 1925 terram
993 1869 1242 1942 Egypti.
1293 1874 1370 1925 De
1418 1868 1527 1925 hac
1577 1874 1718 1942 puto
1766 1870 1928 1943 virga

261 1959 438 2016 scribi
464 1964 530 2017 et
558 1960 619 2015 in
641 1960 1032 2016 Numerorum
1056 1958 1226 2025 libro,
1252 1958 1407 2030 quod
1434 1958 1714 2028 ﬂoruerit,
1740 1964 1797 2015 et
1817 1976 1926 2015 nu-

267 2065 361 2105 ces
388 2050 520 2105 sive
550 2048 895 2121 amygdalas
938 2047 1277 2120 germinarit
1332 2049 1522 2119 (Num.
1554 2054 1718 2120 xvn).
1767 2048 1928 2104 Hanc

266 2137 523 2193 habebat
551 2140 610 2192 et
641 2135 959 2209 Apostolus
992 2152 1126 2191 cum
1157 2135 1390 2191 dicebat
1417 2153 1430 2192 :
1469 2135 1615 2206 Quid
1644 2139 1835 2205 vultis,
1869 2140 1929 2192 in

270 2228 425 2295 virga
454 2228 680 2281 veniam
710 2224 781 2280 ad
811 2241 901 2281 vos
948 2226 993 2297 (Ι
1029 2224 1148 2280 Cor.
1184 2242 1259 2296 ιν,
1292 2226 1385 2298 21)
1406 2225 1434 2279 ‘2
1475 2226 1542 2280 Et
1572 2226 1671 2297 qui
1705 2226 1930 2282 Pascha

272 2314 666 2381 celebrabant,
687 2312 929 2369 baculos
949 2313 1225 2369 tenebant
1246 2314 1541 2382 manibus,
1563 2314 1691 2370 sine
1713 2315 1929 2386 quibus

265 2401 743 2458 imbecillitatem
763 2402 1006 2458 humani
1022 2403 1284 2474 corporis
1302 2402 1790 2475 sustentantibus,
1810 2420 1930 2459 car-

265 2508 378 2548 nes
412 2492 549 2564 agni
580 2492 885 2547 comedere
916 2507 1031 2547 non
1072 2495 1358 2563 poterant.
1391 2492 1521 2547 Haec
1551 2497 1639 2547 est
1671 2492 1832 2564 virga
1859 2493 1931 2548 de

263 2579 476 2636 radice
492 2579 685 2649 Jesse,
706 2595 885 2651 super
907 2596 1085 2652 quam
1115 2583 1338 2652 septem
1370 2580 1615 2653 spiritus
1634 2580 1929 2653 requieve-

257 2675 434 2725 runt.
464 2669 580 2725 Sed
612 2686 728 2724 non
758 2668 894 2725 talis
923 2668 1170 2740 Pharao,
1204 2684 1309 2724 nec
1338 2668 1590 2724 baculus
1616 2670 1842 2742 Egypti
1874 2674 1933 2726 et

250 2759 438 2832 virga
468 2758 794 2823 arundinea
819 2774 947 2830 quae
978 2757 1195 2829 decipit
1224 2756 1730 2830 apprehendentes
1761 2775 1844 2827 se,
1874 2764 1931 2815 et

249 2845 493 2902 lacerat
537 2845 814 2902 humeros
863 2862 1089 2913 eorum,
1140 2845 1197 2900 id
1232 2850 1341 2915 est,
1392 2844 1817 2902 fortitudinem.
1861 2847 1931 2902 Et

250 2936 638 3009 quicumque
669 2951 846 3007 super
874 2950 1002 2991 eam
1034 2934 1209 2991 fuerit
1241 2934 1499 3001 innixus,
1527 2934 1931 2991 dissolvuntur

246 3023 465 3079 lumbi
489 3024 622 3094 ejus
650 3027 706 3079 et
737 3028 890 3079 stare
918 3040 1032 3079 non
1066 3026 1254 3095 potest
1278 3040 1291 3079 :
1326 3039 1431 3078 nec
1460 3023 1758 3080 accinctus
1781 3025 1929 3081 reni-

246 3114 379 3169 bus
416 3113 643 3169 Pascha
670 3112 978 3169 celebrare.
1013 3113 1177 3177 Quod
1209 3112 1301 3168 his
1333 3112 1620 3185 congruit,
1671 3130 1923 3185 quorum

244 3205 574 3258 scrutatur
600 3202 775 3257 corda
802 3207 860 3256 et
893 3216 1061 3257 renes
1091 3201 1265 3256 Deus.

332 3289 540 3363 (Vers.
570 3292 603 3345 8
632 3290 821 3363 seqq.)
851 3290 999 3345 347
1035 3291 1329 3361 Propterea
1359 3289 1474 3346 ha’c
1501 3290 1635 3346 dicit
1661 3293 1925 3347 Dominus

246 3382 413 3436 Deus
432 3399 453 3434 :
487 3382 621 3434 Ecce
647 3395 745 3448 ego
773 3378 1042 3433 adducam
1070 3395 1234 3451 super
1262 3383 1312 3434 te
1341 3377 1610 3447 gladium,
1642 3388 1694 3436 et
1714 3381 1924 3451 interﬁ-

247 3473 419 3525 ciam
450 3468 520 3524 de
547 3476 595 3523 te
620 3467 895 3523 hominem
923 3470 973 3523 et
993 3468 1327 3538 jumentum.
1362 3467 1425 3522 Et
1455 3469 1559 3524 erit
1588 3477 1734 3525 terra
1755 3472 1923 3543 Egy-

246 3561 345 3629 pti
371 3559 435 3612 in
456 3558 727 3612 desertum
749 3556 891 3627 (sive
906 3555 1167 3629 perditio)
1192 3565 1241 3611 et
1263 3556 1340 3629 (a)
1370 3556 1645 3612 solitudo:
1676 3566 1728 3614 et
1756 3561 1928 3616 scient

246 3652 403 3722 quia
432 3662 532 3719 ego
557 3663 680 3702 sum
706 3646 972 3701 Dominus
994 3663 1012 3699 :
1043 3661 1103 3701 eo
1132 3645 1272 3716 quod
1293 3645 1503 3700 dixerit
1527 3645 1670 3717 (sive
1690 3648 1923 3722 dixeris)

248 3737 478 3807 ﬂuvius
508 3752 658 3791 meus
684 3740 781 3806 est,
816 3738 866 3790 et
895 3750 990 3805 ego
1004 3734 1119 3807 feci
1145 3750 1268 3790 eum
1298 3734 1442 3803 (sive
1464 3736 1626 3804 ﬂuvii
1644 3738 1755 3791 mei
1772 3742 1920 3804 sunt,

246 3835 309 3881 et
338 3841 445 3895 ego
471 3826 580 3895 feci
606 3825 773 3895 illos).
821 3824 1025 3880 Idcirco
1056 3839 1172 3879 ecce
1202 3839 1303 3892 ego
1332 3822 1403 3878 ad
1441 3832 1488 3878 te
1517 3825 1567 3879 et
1591 3824 1660 3879 ad
1688 3826 1924 3895 ﬂumina

258 3924 419 3970 tua:
469 3913 702 3986 daboque
748 3921 959 3968 terram
1004 3914 1231 3985 AEgypti
1258 3914 1319 3966 in
1345 3911 1690 3984 solitudines,
1737 3915 1924 3985 gladio

260 4002 595 4073 dissipatam
639 4002 783 4073 (sive
814 4000 1196 4072 disperditam)
1241 4018 1275 4056 a
1306 4005 1459 4056 turre
1489 4001 1692 4073 Syenes
1724 4002 1863 4075 (sive
1892 4021 1925 4060 a

255 4090 544 4159 .Hagdalo
590 4100 642 4146 et
687 4091 883 4163 Syene)
936 4106 1107 4161 usque
1154 4090 1225 4144 ad
1272 4091 1567 4145 terminum
1607 4092 1920 4164 ﬁthiopiw.

252 4183 392 4239 Non
417 4180 682 4237 transibit
705 4196 808 4253 per
834 4196 955 4236 eam
972 4195 1068 4251 pes
1091 4179 1352 4246 hominis,
1382 4195 1555 4252 neque
1575 4196 1668 4249 pes
1687 4182 1927 4253 jumenti

250 4269 570 4345 gradietur
596 4271 658 4324 in
674 4287 758 4339 ea,
781 4278 835 4325 et
850 4286 959 4325 non
984 4268 1333 4324 habitabitur
1350 4268 1720 4342 quadraginta
1740 4273 1921 4329 annis.

250 4360 532 4431 Daboque
560 4367 764 4414 terram
793 4359 1019 4430 Αἴθῃ)ιί
1059 4356 1323 4412 desertam
1356 4358 1417 4412 in
1439 4358 1617 4414 medio
1648 4362 1926 4416 terrarum

248 4452 638 4514 desertarum,
661 4453 713 4504 et
726 4450 970 4505 civitates
990 4449 1107 4519 ejus
1128 4448 1189 4501 in
1208 4445 1382 4502 medio
1404 4447 1626 4502 urbium
1642 4448 1924 4506 subversa-

2025 532 2277 586 minuam
2305 546 2413 601 eos,
2444 546 2513 586 ne
2543 531 2809 602 imperent
2826 531 3079 600 gentibus
3107 530 3250 599 (sive
3268 546 3337 587 ne
3352 531 3542 603 plures
3559 531 3675 588 sint

2027 622 2174 675 inter
2196 619 2422 690 gentes).
2456 620 2634 691 Neque
2661 624 2821 676 erunt
2851 621 3001 675 ultra
3026 620 3213 677 dom-ui
3233 620 3402 676 Israel
3422 622 3484 677 in
3501 620 3672 690 conﬁ-

2027 709 2216 764 dentia
2246 708 2390 779 (sive
2416 710 2478 763 in
2507 712 2622 781 spe)
2653 709 2895 765 docentes
2925 710 3291 782 iniquitatem,
3339 713 3400 765 ut
3427 712 3670 782 fugiant,

2028 811 2079 854 et
2107 806 2406 870 sequantur
2432 814 2521 854 eos
2548 798 2688 871 (sive
2716 799 2979 855 reducant
3009 815 3097 855 eos
3127 802 3185 856 in
3212 801 3534 856 memoriam
3562 801 3674 856 ini-

2028 888 2254 959 quitatis
2282 896 2341 943 ut
2367 896 2671 959 sequantur
2700 889 2848 961 illos)
2878 897 2928 945 et
2955 891 3124 946 scient
3154 893 3287 961 quia
3304 905 3399 959 ego
3417 905 3538 945 sum
3563 895 3676 947 Do-

2027 978 2212 1031 minus
2242 978 2400 1032 Deus.
2432 981 2623 1049 Junge
2654 977 2947 1048 prioribus
2978 995 3105 1050 quae
3137 981 3484 1051 sequuntur.
3528 979 3677 1044 Quia

2031 1065 2190 1121 fuisti
2221 1065 2467 1121 baculus
2497 1067 2857 1123 arundineus
2889 1068 3089 1123 domui
3122 1067 3321 1130 Israel,
3351 1072 3410 1123 et
3438 1085 3553 1125 non
3583 1086 3676 1126 so-

2029 1154 2154 1210 lum
2189 1156 2521 1211 confractus
2547 1172 2607 1211 es
2639 1155 2699 1211 in
2732 1173 2909 1212 manu
2942 1158 3092 1228 ejus,
3134 1158 3233 1213 sed
3259 1158 3432 1229 juxta
3461 1157 3676 1214 Isaiam

2032 1245 2179 1317 (Isai.
2212 1244 2424 1315 xxxv1),
2476 1244 2783 1316 perforasti
2814 1262 3057 1301 manum
3101 1248 3253 1319 ejus,
3293 1250 3350 1302 et
3379 1263 3496 1303 non
3527 1245 3682 1303 lace-

2031 1333 2169 1389 rasti
2199 1333 2534 1398 humerum,
2567 1338 2624 1389 et
2651 1333 2777 1406 ipse
2805 1335 3204 1392 comminatus
3234 1353 3318 1402 es,
3350 1340 3407 1392 et
3431 1336 3682 1394 inniten-

2030 1423 2179 1477 tium
2214 1440 2392 1495 super
2413 1427 2468 1478 te
2490 1422 2809 1479 dissolvisti
2832 1423 3065 1481 lumbos
3088 1441 3103 1481 :
3137 1425 3354 1481 idcirco
3374 1441 3480 1498 ego
3500 1426 3679 1483 indu-

2031 1529 2157 1567 cam
2191 1528 2367 1584 super
2394 1516 2450 1567 te
2481 1511 2738 1567 hostium
2769 1512 3053 1585 gladium,
3086 1517 3144 1569 et
3172 1530 3306 1570 cum
3334 1513 3678 1571 hominibus

2023 1602 2295 1671 jumenta
2322 1601 2584 1668 vastabo,
2610 1604 2667 1656 et
2696 1600 2992 1675 redigetur
3021 1606 3177 1659 terra
3199 1603 3426 1676 [Egypti
3446 1603 3508 1658 iu
3538 1603 3680 1660 soli-

2032 1690 2288 1754 tudines,
2342 1695 2400 1746 et
2443 1691 2698 1746 secundo
2729 1690 2917 1747 scient
2946 1691 3191 1765 Egyptii
3222 1692 3378 1764 quod
3407 1708 3513 1765 ego
3544 1708 3679 1749 sum

2032 1780 2340 1836 Dominus.
2385 1780 2499 1835 Nec
2532 1780 2640 1836 hoc
2667 1797 2764 1836 ero
2795 1781 2912 1836 fine
2940 1785 3283 1850 contentus;
3315 1781 3418 1838 sed
3447 1782 3590 1854 quia
3616 1781 3679 1837 in

2036 1873 2263 1924 tantam
2299 1868 2565 1941 prorupit
2586 1868 3034 1941 blasphemiam,
3067 1875 3133 1926 ut
3154 1887 3294 1926 suos
3313 1886 3441 1927 esse
3465 1870 3685 1928 diceret

2037 1956 2329 2024 ﬂuvios,et
2340 1974 2574 2017 omnem
2586 1958 3261 2032 abundantiam/Egypti:
3276 1959 3405 2015 ideo
3417 1959 3681 2033 etipsum

2037 2046 2297 2102 auferam
2330 2046 2483 2102 348
2518 2047 2618 2118 qui
2649 2064 2712 2103 se
2732 2047 2955 2104 dixerat
2975 2048 3329 2116 Creatorem,
3361 2053 3418 2104 et
3437 2048 3686 2106 ﬂumina

2037 2152 2165 2207 quae
2215 2151 2249 2189 a
2297 2152 2360 2191 se
2407 2140 2599 2191 creata
2640 2136 2984 2208 jactaverat,
3030 2141 3089 2193 et
3146 2137 3407 2211 redigam
3467 2142 3683 2195 terram

2035 2224 2262 2297 Egypti
2287 2224 2345 2280 in
2378 2224 2784 2299 longissimam
2816 2225 3215 2295 solitudinem,
3249 2231 3306 2283 et
3333 2227 3529 2301 gladio
3557 2227 3686 2293 dis-

2039 2314 2311 2386 sipatam,
2331 2330 2365 2369 a
2383 2317 2544 2370 turre
2562 2315 2747 2387 Syene
2763 2331 2949 2386 usque
2970 2316 3042 2371 ad
3060 2315 3342 2390 terminos
3356 2316 3682 2390 Ethiopian.

2038 2403 2148 2458 Pro
2196 2407 2356 2459 turre
2402 2420 2530 2475 qua
2582 2403 2861 2460 Hebraice
2907 2400 3145 2460 MAaDAL'
3194 2389 3392 2476 (51:73)
3446 2389 3681 2474 dicitur,

2039 2492 2176 2548 LXX
2201 2492 2309 2547 loci
2337 2508 2548 2548 nomen
2572 2496 2913 2564 posuerunt,
2947 2496 3013 2548 ut
3031 2492 3109 2564 (b)
3140 2488 3430 2566 Μαγδαλὸν
3463 2493 3680 2551 scribe-

2040 2585 2187 2637 rent.
2235 2581 2437 2637 Turris
2485 2586 2678 2638 autem
2726 2582 2911 2654 Syene
2941 2597 3126 2650 usque
3153 2581 3328 2638 hodie
3357 2586 3681 2653 permanet,

2039 2674 2298 2726 castrum
2349 2669 2556 2727 ditioni
2587 2670 2861 2727 Romanis
2893 2671 3215 2737 subditum,
3270 2670 3369 2727 ubi
3401 2675 3541 2727 sunt
3560 2671 3685 2728 Nili

2039 2763 2365 2831 cataractae,
2399 2764 2456 2815 et
2485 2776 2673 2832 usque
2703 2760 2774 2815 ad
2808 2776 2983 2832 quem
3006 2759 3196 2816 locum
3223 2760 3294 2816 de
3315 2764 3515 2817 nostro
3535 2760 3686 2817 mari

2039 2849 2216 2905 Nisus
2247 2848 2596 2920 navigabilis
2625 2856 2730 2905 est.
2761 2849 2968 2905 Totam
2997 2849 3179 2922 igitur
3205 2850 3517 2923 Egyptum
3541 2849 3687 2907 dicit
3732 2892 3741 2899 .

2038 2954 2168 2994 esse
2211 2937 2681 3011 depopulandam
2724 2954 2911 3006 usque
2942 2938 3013 2993 ad
3044 2938 3331 2995 terminos
3356 2937 3681 3011 jEthiopiaa,

2038 3027 2254 3099 quibus
2285 3031 2545 3083 extrema
2572 3026 2798 3100 Egypti
2837 3028 2995 3100 regio
3034 3027 3325 3100 jungitur,
3375 3027 3457 3083 ita
3488 3029 3551 3084 ut
3582 3044 3683 3101 pes

2035 3115 2293 3172 hominis
2322 3116 2384 3171 in
2412 3120 2657 3190 Egypto
2688 3133 2805 3173 non
2838 3120 3221 3189 pertranseat,
3269 3132 3375 3172 nec
3413 3117 3686 3188 jumenta

2034 3205 2401 3277 reperiantur
2429 3206 2486 3260 in
2519 3222 2605 3274 ea,
2637 3209 2694 3261 et
2714 3223 2827 3261 non
2850 3205 3269 3278 habiteturper
3290 3205 3685 3279 quadraginta

2034 3311 2240 3351 annos.
2294 3295 2557 3352 Parcitur
2603 3296 2761 3351 enim
2810 3295 3094 3367 Egyptis,
3147 3300 3205 3352 et
3242 3295 3381 3366 quia
3422 3294 3685 3367 hospites

2034 3385 2333 3456 quondam
2360 3384 2520 3440 fuere
2540 3384 2741 3451 Israel,
2773 3384 3004 3440 brevior
3021 3384 3305 3456 temporis
3326 3385 3683 3440 condemna-

2033 3472 2116 3529 tio
2157 3477 2265 3529 est.
2314 3474 2502 3543 Tyrus
2534 3472 2919 3530 sabbatizavit
2950 3473 3196 3529 sabbata
3225 3489 3335 3528 sua
3363 3487 3466 3545 per
3495 3488 3682 3529 annos

2034 3560 2425 3633 septuaginta,
2445 3565 2502 3616 et
2520 3561 2605 3617 sic
2626 3560 2684 3616 in
2704 3561 3013 3632 antiquum
3039 3564 3258 3617 statum
3281 3561 3552 3617 restituta
3571 3564 3680 3617 est.

2034 3648 2351 3721 Captivitas
2409 3665 2643 3721 quoque
2687 3649 2919 3714 Iudaeas,
2978 3647 3298 3720 templique
3357 3648 3680 3719 subversio,

2033 3754 2222 3809 usque
2252 3738 2324 3792 ad
2351 3741 2561 3810 Cyrum
2585 3753 2775 3809 regem
2800 3736 3107 3792 Persarum
3130 3736 3683 3808 septuagintmcom-

2033 3825 2208 3897 plevit
2239 3843 2445 3881 annos.
2479 3828 2726 3882 Potentes
2747 3827 2892 3881 enim
2913 3828 3159 3897 potenter
3177 3831 3441 3882 tormenta
3462 3826 3683 3898 patien-

2033 3922 2125 3970 tur
2172 3913 2322 3986 (Sap.
2377 3932 2454 3981 vx,
2504 3915 2581 3986 7).
2635 3914 2797 3978 Quod
2841 3918 3036 3970 autem
3067 3913 3248 3970 dicit:
3301 3914 3445 3971 Dabo
3478 3918 3686 3971 terram

2031 4005 2263 4075 Atqypti
2290 4003 2559 4059 desertam
2589 4005 2649 4058 in
2676 4002 2853 4059 medio
2875 4007 3151 4059 terrarum
3175 4003 3537 4073 desertarum,
3569 4006 3684 4058 Pa-

2032 4090 2290 4149 laestinos
2311 4092 2624 4165 signiﬁcat,
2648 4092 2935 4150 Idumaeos
2954 4097 3012 4149 et
3031 4092 3341 4161 Moabitae,
3364 4108 3685 4166 omnesque

2034 4179 2178 4237 alias
2209 4181 2497 4255 regiones,
2530 4181 2841 4238 adversum
2873 4198 3022 4253 quas
3053 4198 3235 4254 supra
3263 4181 3560 4255 Prophetas
3590 4198 3685 4237 va-

2028 4270 2301 4343 ticinium
2349 4275 2458 4327 est.
2508 4271 2670 4327 Tunc
2720 4270 3036 4344 disperget,
3100 4271 3219 4328 sive
3271 4269 3686 4327 disseminabit

2033 4360 2331 4433 [Egyptios
2362 4360 2420 4415 in
2450 4361 2739 4429 nationes,
2773 4365 2830 4416 et
2853 4359 3156 4417 ventilabit
3175 4376 3274 4415 eos
3295 4359 3355 4415 in
3378 4362 3584 4415 terras.
3618 4358 3687 4413 Et

2033 4450 2173 4521 quia
2202 4448 2459 4506 clemens
2489 4455 2546 4505 et
2577 4449 2886 4506 miserator
2905 4453 2996 4505 est
3018 4447 3324 4512 Dominus,
3353 4447 3604 4520 patiens,
3626 4450 3686 4502 et

250 4557 397 4595 rum
424 4543 591 4594 erunt
622 4537 813 4611 [Vulg
846 4545 897 4594 et
926 4537 1109 4607 erunt]
1140 4536 1405 4592 desolatas
1429 4536 1795 4607 quadraginta
1823 4556 1926 4594 an-
1955 4542 2003 4607 Β
2036 4538 2352 4595 multarum
2398 4537 2868 4604 miserationum,
2914 4540 3046 4609 post
3074 4534 3467 4609 quadraginta
3496 4549 3682 4591 annos

253 4632 378 4685 nis.
400 4630 473 4684 Et
498 4627 811 4700 dispergam
841 4626 986 4697 (sive
1019 4625 1404 4692 disseminabo)
1436 4627 1718 4698 Ai‘gyptios
1739 4628 1800 4683 in
1827 4645 1924 4684 na-

253 4722 467 4789 tiones,
520 4725 572 4773 et
616 4717 892 4773 ventilabo
944 4731 1034 4771 eos
1081 4716 1141 4770 in
1194 4723 1385 4770 terras.
1444 4716 1583 4783 Quia
1633 4715 1749 4773 haec
1793 4718 1925 4774 dicit

251 4810 537 4866 Dominus
580 4807 767 4863 Deus:
813 4807 941 4862 Post
985 4805 1155 4875 ﬁnem
1200 4802 1573 4875 quadraginta
1628 4822 1923 4876 annorum,

253 4898 608 4969 co'gregabo
636 4898 932 4968 [Egyptum
969 4895 1116 4964 (sive
1144 4893 1447 4965 zEgyptios)
1479 4892 1542 4949 de
1564 4896 1785 4966 populis
1815 4894 1923 4968 (vel

256 4988 549 5059 gentibus)
587 4988 648 5042 in
679 4985 877 5058 quibus
890 4983 1123 5055 dispersi
1135 4986 1380 5054 fuerant.
1397 4984 1463 5037 Et
1479 4983 1733 5040 reducam
1751 4986 1924 5057 capti-

258 5080 498 5133 vitatem
526 5076 772 5148 £gypti,
803 5078 855 5130 et
882 5072 1152 5129 coltocabo
1178 5086 1266 5128 eos
1294 5073 1354 5126 in
1373 5074 1523 5127 terra
1540 5072 1838 5143 Phatures,
1865 5075 1926 5130 in

256 5172 418 5223 terra
451 5166 768 5222 nativitatis
794 5179 912 5220 suae
940 5161 1084 5235 (sive
1129 5162 1192 5217 in
1234 5167 1385 5217 terra.
1422 5161 1487 5217 de
1524 5178 1632 5234 qua
1660 5165 1930 5235 assumpti

253 5260 439 5329 nent),
472 5256 538 5311 Et
568 5259 732 5311 erunt
760 5253 842 5309 ibi
868 5255 929 5308 in
960 5266 1191 5333 regnum
1221 5248 1364 5321 (sive
1389 5252 1791 5324 principatum)
1823 5251 1927 5308 hu-

256 5348 419 5416 mile,
454 5346 602 5400 inter
627 5360 801 5415 regna
828 5346 1029 5399 caetera
1058 5342 1163 5396 erit
1191 5338 1509 5394 humillima
1540 5338 1648 5410 [ΑΙ.
1674 5341 1927 5396 humilli-

338 5506 421 5577 (a)
453 5503 694 5587 Victor”
726 5505 789 5559 in
818 5501 1189 5583 solitudinem,
1223 5500 1294 5556 ad
1327 5498 1502 5587 Hebr.
1530 5499 1762 5582 Yulgat.
1786 5502 1924 5558 edit.

260 5575 593 5703 ipsumque
620 5575 1039 5701 Hieronymum
1070 5575 1132 5628 in
1159 5575 1616 5655 commentario,
1786 5642 1797 5655 υ

342 5649 419 5703 (ω
440 5655 487 5703 Δ
515 5649 618 5703 ιδι.
639 5641 832 5703 ua:er
876 5664 957 5702 ον.
976 5645 1047 5702 Et
1064 5642 1717 5703 forte.1nau1tDrus1us.
1732 5642 1797 5700 Ηι

342 5649 419 5720 (b)
440 5642 618 5717 Alibi,
639 5642 931 5722 pamele
943 5688 957 5702 .
976 5645 1047 5702 Et
1064 5645 1232 5716 forte,
1245 5642 1717 5716 inquitDrusius,
1732 5642 1928 5701 Hiero-

2034 4627 2255 4700 Ailgypti
2279 4625 2570 4682 restitutio
2591 4629 2701 4693 est,
2724 4630 2784 4681 et
2814 4625 3123 4681 reducetur
3153 4625 3212 4679 in
3245 4622 3554 4693 antiquum
3581 4636 3682 4678 so-

2032 4716 2156 4772 lum
2179 4716 2453 4771 universa
2472 4714 2802 4786 captivitas,
2834 4719 2892 4769 et
2911 4712 3296 4769 collocabitur
3314 4711 3373 4766 in
3395 4711 3539 4768 urbe
3560 4726 3683 4767 me-

2032 4802 2263 4876 tropoli,
2316 4820 2445 4875 qum
2490 4801 2818 4875 appellatur
2863 4802 3167 4869 Phatures,
3201 4799 3302 4856 ubi
3330 4803 3458 4856 orta
3484 4803 3592 4867 est,
3625 4802 3684 4856 et

2033 4892 2189 4947 unde
2219 4891 2478 4964 profecta
2498 4896 2588 4947 est
2611 4908 2624 4947 :
2658 4892 2743 4947 ita
2760 4892 3067 4947 dumtaxat
3087 4895 3153 4946 ut
3174 4905 3277 4962 pro
3303 4887 3553 4947 utilitate
3573 4905 3684 4947 sua

2034 4981 2268 5037 amittat
2296 4980 2601 5053 antiquam
2633 4979 2994 5052 superbiam,
3021 4982 3078 5035 et
3106 4977 3185 5035 sit
3210 4978 3271 5035 in
3302 4994 3552 5052 regnum
3571 4978 3683 5036 hu-

2036 5069 2197 5141 mile,
2232 5069 2413 5124 immo
2444 5067 2778 5125 humillima
2808 5068 3068 5124 omnium
3101 5068 3445 5126 nationum:
3479 5073 3544 5125 ut
3563 5085 3681 5126 non

2035 5159 2290 5216 elevatur
2319 5158 2475 5214 ultra
2503 5162 2728 5231 gentes,
2760 5174 2865 5213 nec
2887 5157 2946 5213 in
2969 5173 3068 5215 eas
3088 5156 3303 5214 habeat
3321 5158 3637 5230 imperium
3665 5175 3679 5227 ;

2037 5249 2138 5303 sed
2187 5248 2421 5304 redacta
2469 5246 2527 5300 in
2576 5246 2951 5318 paucitatem,
3006 5263 3376 5319 nequaquam
3425 5245 3683 5318 decipiat

2037 5339 2278 5393 domum
2310 5334 2486 5392 Israel
2518 5334 2607 5390 sui
2639 5335 3010 5405 confidentia,
3063 5352 3167 5392 nec
3204 5336 3406 5392 doceat
3435 5350 3534 5390 eos
3562 5333 3684 5393 ini-

2036 5515 2250 5572 nymus
2299 5497 2536 5581 scripsit
2579 5498 2821 5581 magdol,
2872 5514 2977 5581 pro
3005 5497 3245 5580 magdal.
3294 5495 3442 5552 Nam
3471 5498 3533 5553 et
3561 5497 3694 5559 haec

2036 5569 2143 5626 vox
2173 5569 2517 5642 appellativo
2546 5569 2813 5627 sumitur
2832 5569 2933 5642 pro
2962 5569 3132 5626 turri.
