3996 6182
267 292 387 361 283

1497 303 1561 365 S.
1608 294 1920 364 EUSEBII
1963 294 2406 362 HIERONYMI

3553 294 3671 363 284

268 432 591 507 quitatem;
634 434 754 492 sive
783 433 1007 510 redigat
1036 451 1135 494 eos
1162 434 1222 494 in
1256 436 1595 494 memoriam
1629 435 1908 507 iniquita-
1938 432 1996 499 Α
2025 433 2286 489 civitates
2316 435 2444 506 ejus
2472 435 2530 491 in
2564 434 2753 492 medio
2783 438 3071 493 terrarum
3094 438 3151 492 et
3172 430 3407 501 urbium
3430 431 3670 492 subver-

265 524 364 589 tis,
389 525 543 596 quod
569 525 796 581 deserto
816 525 914 581 Dei
935 525 1170 595 auxilio,
1191 527 1415 599 rEgypti
1439 524 1796 598 quaesierunt
1817 523 1915 579 ad-

265 613 631 669 miniculum.
658 614 728 669 Et
752 615 868 669 haec
891 616 1088 670 omnia
1108 617 1267 681 fient,
1293 621 1356 671 ut
1372 615 1538 670 tertio
1561 615 1916 686 cognoscant

266 701 419 756 349
469 702 719 774 .Egypti,
770 705 922 772 quod
958 705 1081 775 ipse
1114 705 1190 760 sit
1232 705 1532 761 Dominus.
1583 708 1713 757 Haec
1758 701 1910 756 brevi

263 804 531 846 sermone
549 791 917 862 perstrinxim
929 793 1283 860 us,historiae
1299 792 1910 864 fundamentajacien-

260 883 367 933 tes.
402 878 567 935 Nunc
598 880 887 952 allegoria:
920 882 1192 938 nubilum
1241 883 1649 938 disserendum
1699 886 1806 948 est,
1858 881 1914 934 et

259 966 462 1023 eadem
482 968 980 1041 brevilatgyitaraa
1004 971 1348 1027 conabimur
1367 978 1422 1027 et
1446 972 1625 1041 hujus
1639 969 1910 1041 explana-

381 1021 384 1022 ν
448 1021 460 1023 ἡ
795 1021 976 1026 .--ψη
1008 1021 1336 1027 ---______-__
1371 1021 1421 1027 __
1447 1021 1622 1041 --ηπ
1643 1021 1881 1041 ---πῃπῇ

257 1054 433 1110 tionis
492 1021 941 1129 longitudinem.
984 1060 1068 1114 Ad
1104 1060 1414 1115 draconem
1450 1076 1641 1115 sermo
1668 1064 1777 1124 est,
1810 1058 1909 1129 qui

259 1144 512 1200 dixerat:
535 1146 648 1202 Mea
670 1151 796 1202 sunt
819 1149 1074 1216 ﬂumina,
1091 1158 1140 1205 et
1155 1166 1251 1218 ego
1268 1152 1395 1220 fecit
1410 1166 1469 1205 ea
1484 1150 1707 1220 (Supra,
1730 1148 1872 1215 eod.)
1891 1166 1909 1201 :

259 1234 414 1304 quod
449 1234 687 1289 inducat
719 1252 895 1306 super
914 1254 1048 1292 eum
1075 1237 1199 1309 ipse
1223 1238 1509 1293 Dominus
1531 1237 1814 1309 gladium,
1840 1237 1911 1291 de

259 1338 375 1395 quo
400 1323 459 1378 in
486 1323 635 1379 Isaia
656 1325 940 1395 scriptum
964 1331 1051 1381 est
1071 1344 1083 1381 :
1107 1328 1415 1382 Inebriatus
1432 1332 1508 1382 est
1525 1326 1741 1397 gladius
1756 1342 1910 1380 meus

258 1413 320 1466 in
343 1413 473 1468 caelo
501 1429 514 1467 :
546 1430 695 1467 nunc
715 1414 995 1469 descendet
1016 1416 1072 1469 in
1095 1420 1319 1486 terram,
1346 1421 1408 1471 ut
1428 1415 1622 1487 perdat
1642 1432 1712 1471 ex
1731 1432 1794 1470 ca
1814 1415 1907 1470 ho-

258 1503 467 1556 minem
490 1504 541 1556 et
561 1504 874 1573 jumentum
895 1505 1024 1574 (Isa.
1049 1522 1240 1571 xxxxv,
1270 1507 1346 1576 5),
1382 1505 1669 1577 quidquid
1700 1504 1784 1559 vel
1818 1521 1908 1559 ra-

262 1589 440 1644 tionis
470 1590 703 1645 videtur
732 1591 967 1659 habere,
1011 1593 1098 1649 vel
1129 1593 1525 1666 simplicitatis
1552 1612 1564 1651 :
1597 1599 1653 1649 et
1682 1594 1904 1666 perdat,

254 1693 371 1732 non
394 1677 679 1743 absolute,
705 1681 805 1735 sed
830 1681 1089 1748 draconi,
1113 1687 1179 1737 ut
1200 1683 1438 1738 draconi
1478 1688 1736 1755 pereant,
1761 1686 1816 1737 et
1831 1682 1907 1737 vi-

2024 540 2380 597 sarum,qum
2414 542 2527 581 non
2560 529 2698 581 sunt
2727 530 3001 581 extructa
3035 526 3107 582 de
3136 522 3563 597 lapidibus,sed
3585 521 3672 577 la-

2021 616 2142 669 tere
2164 618 2219 669 et
2238 613 2439 686 paleis,
2466 618 2530 670 ut
2550 615 2924 687 dispergatur
2946 620 3217 687 (Egyptus
3239 631 3366 685 quae
3390 612 3537 668 male
3558 611 3674 668 sibi

2023 702 2211 757 fuerat
2241 702 2528 774 copulata,
2562 710 2620 760 et
2649 704 2961 759 ventiletur
2982 704 3039 758 in
3063 709 3269 770 terras,
3305 718 3418 774 quo
3444 700 3676 758 scilicet

2023 792 2379 846 frumentum
2402 810 2434 847 a
2457 792 2636 864 paleis
2658 797 2979 863 separetur,
3000 797 3056 848 et
3080 791 3475 863 quadraginta
3495 805 3677 846 anno-

2021 897 2150 934 rum
2174 881 2287 935 line
2310 880 2614 952 completo,
2650 882 2725 936 sit
2745 880 3037 936 restitutio
3058 880 3308 952 ZEgypti,
3341 882 3397 934 et
3426 879 3670 934 reduca-

2018 972 2116 1023 tur
2144 968 2448 1040 captivitas
2478 970 2627 1039 ejus,
2674 973 2731 1024 et
2758 968 3072 1024 collocetur
3100 968 3159 1021 in
3190 972 3344 1023 terra
3376 967 3670 1034 Phatures,

2020 1073 2146 1129 quae
2181 1057 2595 1129 interpretatur
2618 1059 2783 1129 panis
2810 1058 3192 1118 conculcatus;
3237 1054 3338 1110 ubi
3370 1054 3538 1126 panis
3571 1054 3674 1109 ille

2020 1148 2116 1214 qui
2171 1148 2433 1203 dixerat:
2485 1149 2593 1217 Ego
2642 1163 2764 1201 sum
2808 1148 2972 1218 panis
3013 1147 3107 1218 qui
3145 1145 3209 1200 de
3244 1145 3375 1200 cwlo
3422 1142 3676 1199 descendi

2018 1236 2196 1305 (Joan.
2228 1253 2304 1302 vr,
2336 1236 2413 1306 5),
2441 1235 2723 1307 pravitate
2746 1234 3017 1289 haeretica
3043 1232 3417 1288 conculcatus
3443 1236 3565 1287 est:
3605 1234 3673 1286 ut

2018 1339 2151 1379 cum
2183 1324 2445 1379 venerint
2474 1325 2544 1378 ad
2588 1322 2928 1389 Ecclesiam,
2962 1321 3227 1377 habitent
3257 1321 3317 1374 in
3350 1337 3499 1392 pane
3528 1336 3669 1375 con-

2017 1414 2263 1482 culcato,
2288 1419 2343 1469 et
2365 1430 2734 1485 nequaquam
2766 1411 3065 1467 eleventur
3090 1410 3150 1464 in
3176 1408 3534 1482 superbiam,
3563 1408 3669 1464 sed

2017 1504 2135 1558 sint
2163 1505 2224 1557 in
2254 1520 2500 1574 regnum
2534 1501 2776 1557 humile.
2827 1503 2895 1556 Et
2936 1505 3001 1556 ut
3032 1500 3207 1555 etiam
3238 1515 3375 1554 cum
3406 1498 3665 1554 restituti

2016 1592 2231 1647 fuerint
2256 1592 2315 1647 in
2341 1591 2655 1663 pristinum
2684 1595 2927 1657 statum,
2950 1606 3012 1645 se
3034 1605 3137 1661 per
3155 1586 3548 1643 humilitatem
3566 1588 3673 1643 de-

2007 1681 2239 1752 jiciant,
2292 1681 2447 1753 quod
2480 1680 2536 1734 in
2570 1681 2811 1753 Aﬂgypto
2842 1678 3110 1746 vixerint,
3161 1680 3220 1731 et
3247 1674 3541 1732 latericias
3569 1692 3669 1732 ex-

162 1824 170 1834 .
254 1770 394 1821 vant
423 1767 560 1868 Deo,
605 1772 663 1825 et
695 1768 795 1823 ﬁat
824 1770 1049 1843 [Egypti
1076 1775 1232 1827 terra
1264 1772 1531 1844 perditio,
1579 1772 1903 1828 secundum
1936 1804 1983 1870 Β
2015 1770 2336 1826 struxerint
2383 1769 2668 1835 civitates,
2699 1772 2758 1824 et
2787 1768 2943 1824 inter
2974 1765 3161 1822 multa
3189 1782 3368 1838 regna
3400 1764 3668 1822 Ecclesiae

253 1856 614 1929 superiorem
647 1874 908 1925 sensum,
952 1860 1105 1929 quod
1140 1861 1245 1932 [Αἱ.
1277 1877 1414 1932 quo,
1446 1867 1545 1916 aut
1574 1860 1734 1933 quid]
1770 1861 1901 1917 dra-
1936 1856 1946 1916 ἶ

255 1944 386 1999 coni
409 1948 627 2017 pereat,
660 1950 717 2000 et
737 1949 869 2017 post
891 1947 1273 2019 perditionem
1299 1949 1596 2023 redigatur
1615 1949 1675 2003 in
1697 1948 1902 2005 solitu-

252 2032 475 2101 dinem,
520 2034 844 2104 pessimum
891 2035 1184 2108 hospitem
1228 2036 1443 2093 habere
1487 2037 1796 2094 desistens.
1835 2039 1907 2093 Et

251 2125 394 2177 tunc
423 2127 774 2195 cognoscent
806 2123 1072 2181 homines
1102 2131 1159 2181 et
1178 2126 1470 2197 jumenta,
1515 2132 1572 2183 et
1600 2131 1754 2183 terra
1782 2126 1900 2181 dis-

260 2210 489 2282 perdita
536 2210 689 2282 quod
741 2212 865 2283 ipse
897 2214 973 2268 sit
1001 2214 1321 2271 Dominus:
1357 2215 1454 2271 illo
1486 2232 1660 2272 sensu
1694 2231 1810 2288 quo
1841 2215 1901 2269 in

254 2300 692 2372 septuagesimo
741 2301 989 2373 septimo
1030 2302 1260 2359 Psalmo
1292 2304 1573 2376 scriptum
1607 2310 1731 2360 est:
1764 2307 1902 2360 Cum

250 2389 583 2460 interﬁceret
603 2389 752 2457 illos,
775 2398 904 2445 tunc
932 2392 1250 2462 quaebant
1271 2409 1395 2447 cum
1415 2395 1521 2464 (Ps.
1548 2410 1753 2461 Lxxvn,
1783 2393 1898 2455 34).

254 2478 460 2534 Omnis
480 2478 636 2533 enim
663 2478 763 2550 qui
785 2480 1013 2549 qumrit,
1038 2480 1309 2536 inveniet.
1345 2481 1443 2537 Dei
1466 2483 1703 2554 quidem
1732 2481 1902 2537 mise-

257 2565 520 2622 ricordiae
550 2570 658 2633 est,
693 2572 759 2622 ut
779 2568 985 2624 mundi
1013 2568 1190 2639 hujus
1212 2575 1413 2643 pereat
1441 2570 1819 2641 abundantia,
1847 2574 1903 2625 et

252 2655 483 2727 Egypti
515 2654 734 2711 ﬂuenta
763 2656 1072 2725 siccentur,
1106 2658 1287 2713 immo
1320 2664 1474 2715 terra
1502 2676 1703 2715 eorum
1736 2658 1814 2715 sit
1839 2658 1901 2713 in

256 2743 625 2814 solitudines,
662 2748 718 2799 et
747 2745 1035 2800 sententia
1065 2746 1295 2802 Domini
1326 2748 1647 2819 dissipetur
1675 2765 1708 2803 a
1741 2753 1902 2803 turre

255 2831 450 2901 Syene,
485 2846 613 2901 quae
644 2831 1058 2903 interpretatur
1084 2851 1253 2905 gyrus
1275 2852 1293 2888 :
1326 2839 1392 2890 ut
1423 2835 1569 2890 nihil
1597 2837 1654 2890 in
1679 2852 1739 2891 se
1763 2834 1902 2891 recti

256 2918 488 2988 habeat,
510 2935 697 2990 usque
714 2920 785 2973 ad
804 2924 1018 2975 terram
1034 2922 1390 2995 IEthiopum,
1408 2924 1507 2995 qui
1530 2923 1783 2979 humiles
1806 2940 1903 2994 ap-

252 3004 551 3079 pellantur
577 3023 590 3062 :
624 3011 690 3063 ut
717 3007 983 3065 videlicet
1009 3010 1202 3067 omnis
1233 3012 1507 3083 superbia
1529 3030 1659 3084 quae
1680 3029 1741 3069 se
1764 3029 1901 3067 con-

252 3100 346 3152 tra
362 3096 463 3153 Dci
484 3096 787 3153 scientiam
808 3104 1086 3170 erexerat,
1107 3100 1463 3172 destruatur,
1482 3106 1538 3157 et
1558 3102 1902 3157 humilietur

2013 1860 2133 1915 sint
2162 1858 2434 1926 humiles,
2468 1862 2523 1915 et
2549 1858 2741 1915 sciant
2769 1856 2829 1912 in
2862 1871 3037 1930 quem
3069 1853 3457 1927 peccaverint,
3488 1857 3546 1910 et
3573 1853 3667 1909 ul-

2011 1953 2103 2004 tra
2140 1965 2254 2003 non
2304 1947 2558 2003 elevetur
2588 1948 2869 2019 [Egyptus
2912 1960 3091 2016 super
3133 1942 3424 1999 Ecclesiae
3453 1941 3511 1997 in
3542 1946 3666 1999 toto

2011 2038 2149 2093 orbe
2179 2038 2416 2105 divisas,
2452 2037 2554 2092 sed
2588 2037 2889 2109 redigatur
2915 2033 2977 2089 in
3008 2033 3384 2106 paucitatem,
3416 2035 3475 2087 et
3495 2033 3667 2104 pauci

2010 2128 2070 2182 in
2101 2144 2169 2182 ea
2190 2130 2532 2181 remaneant
2560 2126 2713 2179 inter
2733 2126 2959 2196 gentes,
2982 2123 3151 2192 juxta
3171 2120 3317 2176 illud
3343 2120 3496 2192 quod
3519 2121 3665 2175 scri-

2011 2222 2179 2287 ptum
2210 2219 2299 2270 est
2322 2233 2334 2270 :
2370 2216 2447 2269 Da
2476 2214 2611 2284 illis,
2636 2215 2883 2269 Domine.
2915 2211 3056 2280 Quid
3076 2210 3239 2266 dabis
3261 2210 3376 2264 illis
3396 2212 3421 2263 1’
3446 2210 3522 2265 Da
3543 2210 3663 2264 illis

2009 2305 2229 2358 vulvam
2250 2303 2511 2368 sterilem,
2544 2304 2597 2356 et
2624 2301 2795 2356 ubera
2817 2301 3037 2355 arentia
3067 2298 3219 2369 (Osee
3240 2314 3315 2366 ix,
3347 2297 3403 2363 4)
3427 2312 3440 2351 :
3473 2300 3539 2351 ut
3558 2312 3660 2351 ne-

2010 2407 2305 2464 quaquam
2338 2390 2630 2463 gaudeant
2659 2393 2717 2444 et
2744 2386 3027 2443 extollant
3055 2403 3117 2443 se
3139 2386 3199 2440 in
3219 2384 3660 2440 multitudinem

2010 2481 2406 2552 deceptorum,
2439 2479 2537 2535 sed
2569 2478 2913 2549 redigantur
2943 2476 3002 2531 in
3036 2490 3252 2548 paucos
3280 2491 3293 2529 :
3325 2474 3482 2528 Multi
3509 2475 3662 2529 enim

2008 2574 2203 2637 vocati,
2230 2570 2398 2642 pauci
2426 2583 2548 2623 vero
2576 2568 2729 2622 electi
2758 2566 2961 2638 (Matth.
2996 2565 3109 2636 xx).
3138 2564 3208 2618 Et
3235 2561 3389 2618 ultra
3410 2578 3526 2617 non
3555 2562 3660 2618 de-

2010 2658 2229 2731 cipiant
2249 2658 2490 2712 domum
2514 2655 2711 2723 Israel,
2737 2655 2793 2709 id
2816 2658 2923 2722 est,
2948 2652 3262 2709 Ecclesiam
3283 2675 3299 2720 ;
3323 2666 3430 2707 nec
3448 2666 3663 2706 vanam

2009 2747 2094 2803 eis
2124 2762 2288 2819 spem
2321 2743 2849 2814 conﬁdentiamque
2899 2741 3327 2815 repromittant,
3382 2740 3662 2795 docentes

2009 2835 2403 2907 iniquitatem,
2427 2839 2493 2890 ut
2520 2833 2749 2905 fugiant
2769 2830 3236 2888 Ecclesiasticam
3263 2827 3658 2901 disciplinam,

2008 2929 2067 2979 et
2085 2927 2408 2994 sequantur
2426 2921 2723 2995 [Egyptias
2744 2920 3092 2992 voluptates.
3118 2919 3248 2973 Haec
3274 2921 3469 2973 autem
3495 2917 3657 2986 ﬁent,

2010 3016 2074 3067 ut
2103 3011 2272 3067 tertio
2302 3014 2657 3084 cognoscant
2685 3009 2960 3082 Egyptii,
3011 3007 3168 3081 quod
3199 3007 3327 3079 ipse
3356 3005 3434 3062 sit
3461 3005 3660 3061 Domi-

2009 3118 2141 3157 nus.
2174 3101 2336 3164 Quod
2372 3099 2515 3154 mihi
2549 3103 2852 3172 propterea
2880 3098 3109 3153 videtur
3138 3095 3277 3162 dici,
3309 3098 3371 3150 ut
3400 3093 3659 3167 cognitio

250 3184 310 3239 in
344 3184 595 3240 salutem
626 3202 817 3242 suam.
850 3191 963 3242 Nec
993 3205 1096 3261 pes
1126 3189 1404 3254 hominis,
1438 3190 1546 3247 hoc
1578 3196 1685 3257 est,
1719 3193 1892 3247 ratio-
1926 3173 1970 3241 C
2007 3191 2198 3263 prima
2226 3190 2625 3262 zEgyptiorum
2660 3189 2717 3243 in
2748 3203 2922 3243 carne
2940 3186 3036 3255 sit,
3064 3185 3322 3241 secunda
3348 3184 3407 3239 in
3434 3184 3655 3253 anima,

258 3272 392 3329 nale
438 3273 741 3346 quippiam
770 3279 1032 3333 transeat
1060 3294 1164 3349 per
1191 3279 1521 3351 Egyptum,
1573 3297 1761 3352 neque
1799 3297 1903 3353 pes

250 3362 509 3435 jumenti
540 3364 847 3436 gradiatur
873 3365 930 3420 in
959 3383 1027 3421 ea
1051 3383 1062 3421 :
1100 3371 1164 3422 ut
1185 3366 1481 3439 simplices
1499 3385 1764 3441 quosque
1788 3387 1901 3425 non

251 3455 462 3519 teneat,
482 3467 631 3523 quos
650 3453 912 3510 dimissis
932 3455 1294 3523 hominibus,
1328 3455 1546 3513 Pharao
1573 3458 1632 3513 in
1659 3459 1902 3531 Egypto

251 3541 448 3596 tenere
468 3541 761 3613 cupiebat.
789 3547 981 3616 Moyse
1003 3536 1454 3612 contradicente,
1485 3551 1541 3601 et
1561 3547 1787 3603 volente
1802 3549 1901 3619 ju-

254 3633 454 3685 menta
474 3645 707 3702 quoque
728 3633 798 3686 de
811 3632 1037 3705 [Egypti
1061 3634 1395 3706 captivitate
1417 3633 1671 3691 liberari.
1687 3638 1749 3691 Et
1769 3654 1901 3704 non,

146 3732 154 3741 '
253 3718 465 3791 inquit,
501 3718 844 3776 habitabitur
872 3722 1240 3794 quadraginta
1269 3726 1453 3791 annis,
1489 3725 1586 3796 qui
1622 3742 1902 3781 numerus

254 3824 489 3881 semper
519 3809 858 3867 alﬂictionis
890 3816 948 3867 et
973 3828 1153 3884 poenis
1175 3817 1282 3868 est.
1318 3814 1476 3870 Unde
1501 3819 1558 3869 et
1577 3814 1823 3888 Moyses,
1848 3821 1904 3871 et

253 3896 432 3968 Elias,
465 3901 522 3953 et
549 3897 675 3969 ipse
705 3899 989 3971 Salvator,
1023 3902 1415 3974 quadraginta
1444 3902 1649 3958 diebus
1673 3905 1904 3976 jejuna-

252 3989 463 4041 veruut
491 3991 547 4041 et
575 3987 867 4054 noctibus,
894 3992 951 4044 et
976 4004 1079 4060 per
1099 3990 1486 4062 quadraginta
1511 4008 1696 4047 annos
1717 4009 1902 4064 popu-

256 4071 351 4127 lus
378 4072 583 4127 eratin
606 4073 941 4141 solitudine,
966 4080 1032 4131 ut
1051 4082 1253 4148 postea
1276 4078 1658 4134 circumcisus
1684 4080 1741 4133 in
1766 4080 1901 4136 Gal-

257 4159 431 4234 galis,
482 4162 792 4233 opprobrio
837 4169 896 4218 et
941 4163 1264 4235 ignominia
1301 4166 1529 4239 Egypti
1559 4166 1904 4223 liberaretur

255 4247 448 4320 (Exod.
477 4266 683 4318 xxxrv;
719 4251 794 4306 ΙΙΙ
824 4256 959 4325 Reg.
993 4270 1086 4321 Ix;
1116 4253 1304 4308 Matth.
1339 4269 1432 4322 IV;
1463 4256 1621 4310 Num.
1654 4258 1792 4329 xw).
1836 4257 1931 4313 In”

255 4337 426 4409 cujus
447 4339 677 4394 numeri
699 4344 1087 4411 sacramento,
1111 4345 1167 4397 et
1192 4341 1286 4397 hic
1308 4342 1462 4398 idem
1495 4334 1776 4415 propheta
1795 4361 1898 4417 pro
1925 4382 1937 4395 .

254 4425 412 4483 tribu
441 4426 594 4484 Juda
621 4429 1014 4502 quadraginta
1041 4430 1249 4486 diebus
1269 4431 1486 4487 dormit
1505 4432 1564 4487 in
1589 4434 1788 4490 dextro
1811 4434 1892 4489 la-

2010 3279 2182 3335 tertia
2228 3279 2287 3333 in
2338 3277 2567 3350 spiritu.
2616 3277 2835 3344 Primo,
2887 3292 3064 3348 super
3093 3279 3331 3340 terram,
3376 3272 3653 3342 secundo,

2013 3367 2218 3424 mundi
2240 3367 2420 3436 hujus
2441 3366 2881 3423 conversatione
2903 3365 3088 3432 ﬁnita,
3108 3363 3299 3434 tertio,
3318 3366 3448 3435 post
3465 3376 3659 3417 resur-

2014 3457 2351 3514 rectionem.

2083 3545 2267 3613 (Vers.
2302 3544 2370 3601 17
2397 3544 2585 3617 seqq.)
2617 3544 2765 3600 85‘!
2803 3544 2868 3598 Et
2895 3544 3099 3614 factum
3132 3545 3207 3597 est
3237 3542 3297 3595 in
3325 3539 3586 3594 vicesimo
3611 3540 3662 3593 et

2010 3636 2237 3707 septimo
2266 3649 2433 3701 anno,
2467 3636 2523 3688 in
2557 3634 2762 3703 primo,
2793 3640 2845 3687 et
2863 3648 2976 3686 uua
2997 3631 3085 3686 die
3107 3631 3332 3695 mensis,
3358 3630 3564 3699 factum
3581 3629 3663 3683 est

2011 3725 2237 3779 verbum
2270 3724 2487 3777 Domini
2514 3722 2585 3777 ad
2614 3738 2717 3789 me,
2770 3721 2990 3776 dicens:
3024 3721 3135 3775 Fili
3162 3720 3429 3785 hominis,
3460 3717 3658 3772 Nabu-

2010 3812 2345 3869 chodonosor
2363 3828 2463 3867 rex
2485 3811 2785 3881 Babylonis
2804 3811 3008 3865 servire
3027 3810 3160 3881 fecit
3178 3808 3483 3863 exercitum
3500 3821 3664 3860 suum

2009 3904 2268 3958 servitute
2294 3918 2497 3972 magna
2526 3900 2814 3955 adversum
2836 3900 3036 3971 Tyrum
3057 3916 3075 3951 :
3105 3914 3263 3953 omne
3292 3899 3459 3968 caput
3478 3895 3662 3950 decul-

2010 3999 2216 4058 vatum,
2247 3999 2299 4046 et
2328 3991 2507 4045 omnis
2540 3989 2801 4043 humerus
2819 3987 3088 4059 depilatus
3119 3990 3217 4055 est,
3249 3987 3303 4041 et
3326 3999 3530 4040 merces
3551 3999 3664 4039 non

2010 4084 2089 4136 est
2116 4079 2331 4135 reddita
2361 4081 2433 4149 ei,
2466 4093 2639 4149 neque
2665 4078 2935 4133 exercitui
2954 4078 3070 4149 ejus
3090 4077 3167 4149 (a)
3187 4090 3349 4147 super
3373 4075 3536 4145 Tyro,
3558 4088 3663 4145 pro

2007 4171 2269 4225 servitute
2298 4185 2403 4239 qua
2432 4168 2657 4221 servivit
2684 4165 2830 4222 mihi
2868 4165 3159 4221 adversum
3183 4179 3326 4220 eam.
3369 4163 3666 4234 Propterea

2008 4258 2127 4315 haec
2154 4255 2288 4313 dicit
2323 4256 2584 4311 Dominus
2612 4256 2753 4310 Deus
2778 4273 2796 4310 :
2841 4256 2972 4310 Ecce
2999 4270 3096 4323 ego
3124 4253 3262 4309 dabo
3291 4250 3662 4309 Nabuchodo-

2005 4363 2172 4403 nosor
2211 4360 2397 4416 regem
2444 4344 2739 4414 Babylonis
2782 4345 2843 4399 in
2883 4348 3031 4399 terra
3072 4343 3315 4414 .IEgypti,
3366 4342 3417 4396 et
3453 4341 3666 4409 auferet

2006 4434 2201 4512 [Vulg.
2220 4433 2472 4504 accipiet]
2488 4432 2901 4488 multitudinem
2914 4434 3051 4504 ejus,
3064 4428 3538 4504 etdeprwdabitur
3549 4445 3669 4484 ma.

254 4519 397 4608 tere,
447 4520 505 4572 et
535 4517 971 4608 quadringintis
1002 4519 1172 4575 annis
1204 4520 1455 4592 populus
1485 4523 1806 4580 serviturus
1836 4525 1895 4581 in
1934 4544 1981 4608 ι)
2011 4525 2210 4582 nubias
2229 4525 2365 4596 ejus,
2387 4527 2436 4578 et
2467 4522 2693 4593 diripiet
2715 4522 2893 4593 spolia
2907 4537 3045 4593 ejus,
3075 4529 3126 4577 et
3146 4522 3253 4576 erit
3279 4518 3353 4591 (b)
3376 4521 3435 4574 in
3462 4533 3667 4574 merce-

255 4606 499 4679 Egypto
516 4607 981 4681 nuntiatur(Gen.
996 4610 1127 4680 v11):
1153 4608 1253 4680 qui
1276 4610 1494 4665 faciunt
1512 4612 1903 4686 quadraginta

256 4695 411 4752 350
429 4696 700 4768 decadas,
724 4697 844 4753 sive
867 4703 1118 4770 quatuor
1138 4694 1510 4759 ἑκατοντάδας.
1531 4699 1744 4757 ΡΙιινίεθ
1766 4720 1901 4774 quo-

257 4784 595 4857 que‘diluvii
618 4786 1007 4861 quadraginta
1026 4787 1235 4843 diebus
1254 4788 1509 4843 inferunt
1524 4791 1648 4845 orbi
1667 4793 1901 4848 naufra-

254 4872 483 4945 gium.J
490 4879 689 4931 ustum
703 4874 858 4931 enim
876 4881 1020 4943 erat,
1038 4881 1103 4932 ut
1119 4876 1216 4949 qui
1236 4893 1341 4949 per
1355 4879 1904 4948 quatuorelementa

256 4962 485 5030 mundi,
500 4963 717 5035 quibus
739 4965 938 5021 omnia
956 4970 1225 5021 constare
1247 4966 1541 5034 dicuntur,
1562 4968 1705 5025 dum
1726 4987 1794 5026 ea
1815 4971 1900 5027 di-

254 5049 386 5122 ligit
400 5054 457 5105 et
476 5051 645 5117 fovet,
671 5057 852 5109 Deum
874 5055 1151 5121 offendat,
1174 5054 1232 5109 in
1255 5055 1381 5127 ipso
1404 5072 1646 5113 numero
1668 5059 1902 5130 punire-

256 5143 392 5195 tur:
426 5142 483 5194 et
512 5140 691 5195 Israel
722 5144 821 5213 qui
857 5148 1191 5215 peccaverat
1221 5144 1281 5199 in
1312 5144 1646 5215 sabbatum,
1680 5154 1902 5220 septem

260 5228 638 5299 decadarum,
679 5229 787 5285 hoc
817 5235 926 5297 est,
959 5232 1334 5304 septuaginta
1360 5250 1647 5289 annorum
1679 5237 1899 5309 suppli-

262 5317 421 5374 cium
452 5315 788 5375 sustineret.
821 5319 1120 5392 Daturque
1151 5324 1304 5376 terra
1322 5321 1549 5393 Egypti
1573 5323 1821 5396 deserta,
1849 5331 1907 5382 et

334 5475 413 5546 (a)
440 5476 681 5545 Victor.,
715 5478 780 5551 de
810 5479 965 5551 Tyro,
998 5494 1067 5533 ex
1094 5477 1267 5551 Vulg.
1291 5479 1563 5551 editione,
1586 5487 1644 5539 et
1664 5485 1903 5543 Hebrai-

262 5556 557 5621 co,_'_11;t_72,
589 5566 725 5605 nam
757 5546 1048 5621 ἐπῖΤύρου
1079 5546 1351 5606 dixerunt
1380 5552 1536 5608 LXX.

334 5616 407 5691 (b)
438 5618 620 5692 Idem,
649 5624 698 5678 et
728 5624 836 5678 erit
848 5616 1050 5678 merces
1069 5624 1339 5681 exercitui
1357 5624 1531 5694 illius,
1553 5633 1605 5683 et
1624 5630 1777 5701 operi
1802 5647 1905 5703 quo

2010 4613 2131 4669 dem
2161 4613 2429 4669 exercitui
2452 4612 2604 4666 illius
2634 4619 2685 4666 et
2712 4613 2885 4682 aperi,
2913 4626 3012 4682 pro
3033 4626 3137 4683 quo
3157 4610 3384 4665 servivit
3405 4607 3550 4663 mihi
3567 4607 3665 4663 ad-

2011 4720 2232 4759 versum
2250 4718 2401 4757 eam:
2422 4699 2550 4755 dedi
2566 4702 2619 4755 ei
2638 4708 2846 4755 terram
2868 4701 3107 4772 Aiggpti,
3129 4715 3231 4771 pro
3255 4713 3314 4753 eo
3343 4697 3486 4770 quod
3513 4697 3666 4752 labo-

2010 4800 2271 4848 raverunt
2292 4789 2485 4863 [Vulg.
2518 4790 2872 4860 laboraverit]
2904 4790 3063 4857 mihi,
3098 4789 3177 4843 ait
3207 4789 3472 4844 Dominus
3498 4787 3661 4842 Deus.

2011 4883 2075 4937 In
2101 4882 2188 4936 die
2217 4879 2322 4935 illo
2350 4877 2657 4951 pullulabit
2684 4895 2856 4933 cornu
2883 4878 3075 4933 domus
3103 4878 3295 4947 Israel,
3329 4882 3378 4932 et
3402 4876 3503 4932 tibi
3526 4875 3665 4931 dabo

2010 4974 2260 5043 apertum
2282 4985 2340 5024 os
2372 4970 2432 5022 in
2462 4966 2635 5023 medio
2666 4983 2877 5038 eorum,
2908 4970 2962 5022 et
2989 4968 3183 5034 scient,
3216 4967 3351 5037 quia
3371 4980 3465 5036 ego
3486 4962 3664 5020 Domi—

2011 5076 2139 5116 nus.
2155 5057 2444 5123 Quaaritur
2464 5056 2758 5128 quomodo
2782 5060 2913 5128 post
2929 5056 3226 5111 decimum
3248 5070 3472 5110 annum
3492 5068 3665 5125 supe-

2013 5149 2184 5205 rioris
2207 5144 2517 5213 sermonis,
2541 5146 2741 5201 statim
2763 5138 3077 5201 vicesimus
3096 5148 3154 5201 et
3173 5142 3463 5217 septimus
3482 5157 3665 5214 pona-

2011 5243 2111 5295 tur
2141 5252 2354 5305 annus,
2384 5240 2441 5290 et
2469 5234 2527 5288 in
2554 5224 3065 5307 consequentibus
3084 5234 3351 5290 decimus
3380 5228 3664 5287 duodeci—

2014 5342 2284 5400 musque,
2316 5328 2373 5380 et
2398 5322 2459 5383 in
2489 5328 2746 5417 extrema
2775 5321 3163 5396 descriptione
3194 5319 3422 5394 templi,
3452 5318 3665 5376 vicesi-

2013 5487 2239 5544 servivit
2287 5483 2577 5566 adversum
2622 5498 2767 5550 eam,
2812 5483 2939 5539 dedi
2966 5485 3020 5567 ei
3048 5487 3255 5540 terram
3284 5480 3525 5607 Egyjpti.
3575 5479 3667 5536 Ad

2013 5558 2321 5607 Vulgatam
2353 5556 2665 5607 editionem
2698 5560 2756 5607 et
2785 5555 3130 5607 Hebrmcum
3155 5571 3169 5607 :
3199 5558 3256 5607 et
3277 5569 3393 5607 auo
3459 5555 3667 5607 orate-

2011 5558 2321 5630 Vulgatam
2353 5555 2756 5634 editionem_et
2782 5555 3130 5634 _Hebraicum
3155 5571 3169 5610 :
3199 5558 3256 5609 et
3277 5555 3434 5634 quod
3458 5555 3667 5634 prate-

2016 5647 2114 5689 rea
2128 5623 2334 5701 'voces,
2362 5642 2465 5703 pro
2496 5630 2555 5683 et
2583 5624 2748 5699 mihi,
2777 5626 2839 5685 in
2867 5630 3061 5685 Graeco
3089 5623 3324 5700 quoque
3351 5623 3565 5682 desint.
