4006 6180
179 258 295 321 289

756 250 1505 319 COMMENTARIORUM
1552 257 1626 316 1N
1674 229 2173 316 EZEDHIELEM
2222 252 2371 315 LIB.
2421 251 2520 313 1x.
2568 251 2740 312 CAP.
2787 245 2974 312 xxx.

3473 243 3596 318 290

181 409 328 458 mus,
373 391 499 447 sive
546 389 810 463 Malgado
860 406 1042 461 usque
1087 391 1158 446 ad
1191 391 1458 462 Syenem,
1508 389 1661 444 sicut
1688 388 1824 444 LXX
1858 391 1906 455 Α
1937 387 2385 443 transtulerunt.
2410 384 3208 457 Morisautem/Egyptiorum
3228 387 3335 452 est,
3352 388 3592 458 propter

175 481 611 538 transtulerunt
629 497 641 535 :
658 496 864 536 omnes
877 479 1140 535 civitates
1152 479 1378 552 {Egypti
1391 479 1628 534 desertae
1641 482 1829 548 erunt,

1941 477 2389 532 inundationem
2408 475 2540 541 Nili,
2558 473 2812 530 excelsos
2826 489 3068 545 aggeres
3082 478 3420 530 construere
3435 475 3505 530 ad
3526 474 3598 530 ri-

173 576 229 627 ut
251 574 622 641 cognoscant
645 569 980 639 Dominum,
1006 569 1239 641 quando
1259 567 1413 639 ignis
1429 568 1832 624 Chaldaeorum
1943 583 2046 638 pas
2059 565 2192 620 Nili.
2214 565 2318 630 Qui
2335 564 2710 620 sicustodum
2729 561 3197 634 negligentia,vel
3216 562 3591 634 nimiaeque-

172 661 447 715 universa
471 658 808 724 vastaverit,
835 663 892 714 et
927 658 1111 713 attriti
1139 659 1357 714 fuerint
1393 657 1650 713 universi
1672 658 1833 712 auxi-

172 737 413 804 liatores
435 748 589 819 ejus.
613 753 669 803 et
691 747 1064 818 pervenerint
1089 749 1280 803 nuntii
1297 749 1466 819 juxta
1484 746 1754 818 Aquilam
1782 750 1838 802 et

175 836 642 893 Theodotionem
679 853 803 891 sum
834 837 1039 907 (cur),
1074 853 1220 908 quos
1243 837 1632 908 Symmachus
1659 841 1841 890 trans-

175 927 332 992 tulit,
361 928 740 997 festinantes:
777 942 883 980 nos
916 926 972 980 in
1008 929 1198 982 trieres
1225 926 1508 981 vertimus
1535 944 1546 992 ;
1579 925 1660 980 ita
1681 926 1838 980 enim

179 1017 246 1070 ab
274 1016 542 1070 Hebraeis
586 1014 962 1086 accepimus:
987 1021 1050 1069 ut
1085 1015 1277 1070 omnis
1298 1015 1600 1086 {Ethiopim
1631 1015 1843 1070 fiducia

179 1109 536 1170 conteratur,
567 1109 623 1158 et
655 1105 894 1174 quando
927 1103 1098 1158 fuerit
1139 1104 1332 1159 vicina
1359 1105 1658 1174 provincia
1686 1105 1832 1160 357

181 1193 466 1256 desolata,
497 1208 676 1264 pavor
707 1197 902 1247 teneat
932 1192 1278 1263 proximam.
1315 1192 1388 1246 Ut
1426 1196 1618 1247 autem
1668 1193 1840 1247 scire-

183 1298 314 1336 mus
333 1279 474 1352 quis
495 1281 785 1336 essetiste
802 1279 1055 1351 gladius,
1098 1281 1197 1352 qui
1234 1284 1493 1336 vastaret
1532 1282 1841 1353 {Egyptum

181 1374 236 1424 et
283 1373 533 1424 terreret
581 1367 962 1438 .Etbiopiam,
1015 1367 1284 1439 sequitur
1335 1368 1740 1423 manifestius:
1777 1370 1845 1423 Et

185 1474 409 1514 cessare
433 1457 649 1512 faciam
678 1456 1120 1511 multitudinem
1141 1457 1364 1529 zEgypti
1388 1457 1446 1511 in
1463 1473 1640 1511 manu
1655 1458 1846 1512 Nabu-

183 1547 555 1603 chodonosor
578 1546 730 1617 regis
764 1546 1098 1617 Babylonis,
1127 1546 1226 1617 qui
1272 1563 1384 1601 non
1413 1545 1602 1602 solum
1634 1545 1842 1611 veniet,

183 1638 277 1693 sed
309 1638 515 1692 veniet
538 1635 746 1691 multis
772 1635 1084 1690 comitatus
1106 1635 1553 1699 nationibus,ita
1575 1640 1636 1690 ut
1654 1637 1844 1692 omnis

185 1728 464 1800 Egyptus
492 1725 934 1780 interfectorum
960 1726 1250 1797 sanguine
1276 1724 1846 1795 compleatur,tanta-
1876 1757 1924 1821 B

186 1833 291 1887 que
327 1816 449 1870 erit
483 1815 571 1869 ira
611 1814 868 1884 Domini,
913 1817 978 1867 ut
1015 1813 1314 1869 siccentur
1341 1811 1481 1868 alvei
1511 1814 1844 1883 ﬂuminum,

185 1905 286 1960 hoc
312 1908 428 1971 est,
473 1903 590 1958 Nili
619 1898 912 1975 διώρυχες,
945 1919 1134 1974 usque
1165 1903 1237 1958 ad
1271 1901 1485 1971 solum;
1509 1902 1647 1958 etin
1673 1920 1850 1959 manu

189 1992 620 2065 pestilentium,
651 1991 773 2046 sive
804 1991 1108 2045 hominum
1138 1990 1528 2062 pessimorum
1554 1991 1851 2062 plenitudo

188 2082 415 2154 :Egypti
445 2080 770 2136 desoletur.
808 2080 932 2136 Mea
960 2079 1116 2134 enim
1163 2080 1336 2134 verba
1389 2080 1553 2134 irrita
1583 2097 1710 2136 esse
1737 2098 1852 2137 non

190 2174 463 2241 possunt,
497 2169 762 2241 illucque
793 2168 1057 2240 proficiet
1078 2169 1430 2241 indignatio,
1453 2173 1520 2224 ut
1541 2171 1856 2226 simulacra

197 2259 424 2330 .ﬁgypti
454 2258 894 2330 disperdantur,
927 2262 984 2313 et
1013 2262 1241 2313 cessent
1271 2257 1428 2312 idola
1444 2259 1514 2313 de
1540 2259 1851 2331 Memphis,

202 2364 336 2419 quas
357 2364 540 2419 usque
562 2347 738 2402 hodie
761 2345 1101 2418 metrOpolis
1122 2350 1211 2401 est
1232 2347 1666 2418 superstitionis
1687 2349 1856 2420 [Egy-

196 2437 356 2505 ptiaa,
382 2437 503 2491 sive
522 2436 842 2507 optimates
864 2439 920 2490 et
942 2435 1236 2506 principes
1270 2436 1341 2490 de
1363 2436 1670 2507 Memphis,
1703 2441 1760 2490 et
1787 2438 1857 2492 de

191 2530 352 2580 terra
384 2525 638 2597 zEgypti.
684 2525 909 2580 Tantus
941 2529 1136 2579 autem
1173 2528 1360 2578 terror
1392 2530 1660 2579 cunctam
1696 2530 1856 2598 Egy-

188 2620 361 2686 ptum
386 2613 740 2686 possidebit,
763 2617 829 2667 ut
858 2616 1010 2668 terra
1031 2613 1215 2668 Phatu
1229 2630 1318 2668 res
1343 2614 1535 2669 omnis
1565 2623 1777 2686 pereat,
1805 2619 1862 2670 et

185 2703 343 2775 ignis
365 2707 559 2757 vastet
583 2701 868 2772 Taphnis,
898 2701 1018 2757 sive
1041 2705 1106 2756 ut
1131 2701 1525 2772 Septuaginta
1555 2689 1862 2758 transtule-

187 2796 349 2861 runt,
380 2793 605 2846 Tanim.
642 2790 1012 2861 Faciamque,
1036 2789 1136 2856 ait,
1154 2790 1382 2860 judicia
1407 2791 1464 2845 in
1487 2790 1859 2858 Alexandria,

185 2897 314 2952 quae
349 2880 534 2935 hodie
554 2879 640 2934 sic
667 2883 926 2934 vocatur.
962 2879 1246 2934 Caeterum
1297 2878 1617 2951 pristinum
1648 2897 1860 2937 nomen

188 2970 369 3025 habet
388 2986 490 3036 κο,
527 2969 686 3040 quod
715 2968 944 3039 Aquila,
979 2969 1395 3039 Symmachus,
1432 2973 1488 3024 et
1523 2969 1860 3040 Theodotio,

190 3060 351 3114 sicut
377 3059 436 3112 in
461 3058 710 3112 Hebraeo
729 3056 988 3128 positum
1011 3062 1119 3122 cst,
1139 3057 1592 3112 transtulerunt.
1617 3059 1724 3114 Pro
1747 3077 1861 3130 quo

191 3148 392 3202 nescio
418 3147 567 3219 quid
607 3123 866 3201 volentes
899 3146 1280 3217 Septuaginta
1319 3146 1511 3201 dixere
1542 3123 1859 3218 Diospolim,
1892 3123 1934 3189 Ο

193 3253 316 3306 quae
365 3236 607 3308 :Egypti
641 3251 820 3306 parva
853 3233 1052 3290 civitas
1095 3239 1202 3290 est.
1233 3234 1348 3289 Nos
1403 3240 1598 3291 autem
1632 3253 1734 3307 pro
1763 3239 1862 3303 No,

193 3317 607 3380 AIexandria‘m
657 3323 990 3396 posuimus,
1041 3339 1144 3394 per
1199 3323 1692 3396 anticipationem,
1739 3343 1864 3397 quis

196 3414 388 3470 Graece
417 3409 717 3487 ῶρὸληψις
741 3411 1088 3484 appellatur,
1109 3413 1282 3483 juxta
1304 3412 1449 3468 illud
1477 3414 1864 3486 Virgilianum

196 3504 436 3573 (Ξηεὶά.
476 3503 583 3558 lib.
620 3503 738 3573 Iv);

995 3590 1297 3653 Lavinaque
1331 3591 1480 3640 venit

453 3673 663 3722 Littera
687 3686 698 3730 ;

204 3824 319 3862 non
342 3824 463 3879 quo
486 3823 557 3862 co
587 3811 850 3877 tempore
872 3807 1106 3876 quando
1128 3804 1287 3861 venit
1307 3810 1510 3861 zEneas
1532 3805 1591 3860 in
1617 3806 1867 3874 Latium,

205 3897 811 3952 Laviniadicerentur
835 3913 848 3962 ;
875 3896 973 3950 sed
999 3913 1126 3967 quas
1149 3900 1350 3966 postea
1375 3895 1613 3950 Lavinia
1635 3913 1868 3952 nuncu-

208 3989 351 4055 pata
369 3992 523 4048 sunt,
553 3989 612 4039 et
632 3983 998 4039 manifestior
1022 3983 1186 4039 locus
1221 3983 1635 4039 fieretlectoris
1658 3984 1870 4040 intelli-

207 4075 438 4146 gentiae.
474 4075 548 4129 Et
582 4073 905 4140 effundam,
941 4071 1154 4144 inquit,
1184 4072 1646 4145 indignationem
1681 4089 1869 4129 meam

207 4164 554 4234 superSain,
572 4179 754 4233 quam
782 4179 888 4216 nos
909 4161 964 4214 in
991 4162 1271 4216 Pelusium
1287 4161 1588 4232 vertimus,
1617 4167 1674 4218 et
1695 4163 1874 4218 robur

204 4252 538 4324 appellatur
561 4251 811 4322 Egypti,
847 4266 912 4305 eo
946 4251 1102 4321 quod
1135 4255 1371 4321 portum
1408 4250 1624 4306 habeat
1655 4251 1873 4307 tutissi-

207 4345 460 4405 mum,et
475 4339 907 4411 negotiationes
924 4339 1102 4394 maris
1114 4338 1193 4392 ibi
1210 4338 1292 4394 vel
1309 4340 1562 4394 maxime
1575 4357 1874 4396 exercean-

207 4437 319 4484 tur.
338 4429 508 4485 Unde
522 4433 581 4484 et
596 4433 765 4500 poeta
777 4428 1137 4483 Pelusiacam
1153 4427 1409 4499 appellat
1423 4427 1635 4483 lentem
1653 4429 1869 4500 (Virgil.

1945 671 2075 709 rum
2102 653 2506 725 magnitudine
2529 651 2682 723 rupti
2704 651 2938 719 fuerint,
2959 652 3329 722 subjacentes
3350 667 3590 724 campos

1947 759 2316 814 nequaquam
2340 741 2727 814 rigantaquaa,
2747 740 2847 795 sed
2868 740 3209 810 opprimunt
3224 744 3399 812 atque
3412 757 3598 812 popu-

1948 832 2161 886 lantur.
2185 831 2288 886 Per
2308 831 2461 901 quod
2478 828 2902 899 significantur,
2928 828 3010 884 sic
3025 827 3425 884 Chaldaeorum
3440 846 3597 884 exer-

1949 921 2066 975 citu
2091 919 2487 990 occupandam
2506 918 2836 989 zEgyptum,
2862 917 3150 986 quomodo
3171 917 3596 973 inundantibus

1950 1018 2061 1073 Nili
2081 1017 2268 1087 aquis,
2303 1021 2357 1071 et
2393 1032 2570 1086 super
2589 1016 2827 1070 modum
2847 1014 3244 1070 crescentibus
3267 1014 3476 1087 operiri
3503 1031 3596 1071 so-

1951 1107 2029 1161 let
2058 1111 2232 1176 atque
2263 1104 2578 1174 corrumpi.
2615 1105 2718 1159 Pro
2769 1104 3149 1158 inundatione
3198 1121 3508 1176 aquarum,
3540 1108 3600 1160 et

1951 1194 2274 1266 irruptione
2305 1197 2478 1264 atque
2509 1191 2735 1247 scisui-a
2765 1208 3067 1264 aggerum,
3102 1192 3158 1246 in
3182 1192 3418 1248 Hebraeo
3435 1192 3593 1264 posi-

1952 1289 2077 1339 tum
2100 1287 2188 1338 est
2213 1301 2224 1338 :
2245 1285 2306 1337 Et
2331 1283 2571 1337 eruntin
2585 1282 2856 1353 Memphis
2868 1283 3133 1351 angustia
3154 1281 3514 1352 quotidianae,
3534 1286 3600 1337 ut

1953 1373 2108 1428 unde
2137 1371 2304 1426 Nilus
2332 1370 2630 1434 dividitur,
2667 1375 2723 1424 et
2751 1370 2851 1424 ubi
2897 1369 3036 1440 Apis
3084 1369 3370 1441 templum
3403 1374 3510 1441 est,
3543 1374 3602 1427 et

1954 1461 2220 1518 consulta
2245 1459 2599 1530 respondent
2628 1457 2882 1523 oracula,
2914 1457 2992 1512 ibi
3027 1457 3378 1534 quotidiana:
3410 1475 3598 1530 angu-

1954 1552 2076 1607 stiae
2093 1551 2254 1605 fiant.
2273 1547 2523 1603 Juve’ncs
2538 1563 2770 1618 quoque
2786 1544 3168 1618 Heliopoleos,
3183 1562 3309 1618 quae
3323 1546 3603 1604 Hebraice

1955 1638 2324 1712 appellantur
2352 1654 2424 1692 0N
2456 1638 2593 1724 (VR)
2625 1637 2730 1706 (At.
2761 1635 2988 1704 Aven.],
3011 1639 3067 1689 et
3091 1634 3333 1690 Bubasti
3348 1633 3599 1724 alterius

1955 1729 2225 1793 civitatis,
2248 1726 2440 1799 gladio
2463 1723 2732 1780 corruerit
2756 1742 2767 1778 :
2791 1724 2871 1778 ita
2888 1727 2952 1778 ut
2970 1724 3109 1794 ipsa:
3129 1724 3326 1791 urbes,
3343 1723 3452 1778 hoc
3489 1727 3600 1791 est,

1962 1819 2339 1882 habitatores,
2365 1815 2484 1871 sive
2508 1813 2781 1868 mulieres
2801 1829 3002 1868 earum
3026 1813 3318 1868 ducantur
3337 1813 3396 1866 in
3421 1812 3602 1885 capti-

1961 1907 2222 1972 vitatem,
2251 1904 2349 1976 qui
2374 1920 2548 1959 sexus
2569 1902 2795 1972 injuria}
2827 1901 3113 1970 subjacct.
3138 1901 3200 1956 ln
3229 1901 3490 1973 Taphnis
3509 1919 3605 1957 ve-

1962 2013 2025 2051 ro
2057 2011 2180 2066 quae
2211 1998 2299 2050 est
2330 1993 2490 2061 regia
2519 1992 2747 2056 civitas,
2781 1995 3154 2046 conterentur
3183 1995 3411 2062 sceptra
3439 1993 3609 2063 [Egy-

1964 2083 2066 2156 pti,
2101 2083 2160 2138 id
2191 2088 2301 2150 est,
2335 2097 2508 2137 omne
2537 2081 2759 2152 regium
2803 2096 3010 2151 genus.
3060 2081 3322 2151 Cumque
3351 2078 3613 2152 potentia

1964 2174 2112 2243 ejus,
2140 2171 2460 2226 interfectis
2482 2169 2866 2240 principibus,
2891 2168 3187 2236 defecerit,
3213 2173 3355 2223 tunc
3379 2169 3612 2240 nigres-
3685 2230 3696 2241 δ

1965 2265 2054 2317 cet
2071 2261 2214 2328 dies,
2239 2265 2295 2313 et
2317 2257 2564 2329 caligine
2576 2274 2639 2311 ac
2653 2256 2909 2311 tenebris
2923 2257 3122 2311 omnia
3136 2256 3613 2328 complebuntur,

1966 2351 2046 2404 ita
2071 2354 2133 2404 ut
2159 2349 2286 2418 ipsa
2309 2347 2448 2401 urbs
2477 2345 2773 2417 operiatur
2819 2346 2971 2400 nube
3012 2345 3275 2400 mmroris
3306 2361 3371 2400 ac
3393 2344 3612 2417 luctus,

1967 2451 2024 2502 et
2052 2445 2185 2500 filim
2215 2445 2364 2514 ejus,
2399 2443 2456 2497 id
2487 2447 2598 2505 est,
2630 2443 2846 2513 oppida
2877 2441 3101 2512 reliqua
3130 2442 3402 2497 dicantur
3430 2443 3487 2498 in
3522 2461 3615 2499 ca-

1967 2535 2292 2608 ptivitatem
2310 2551 2322 2600 ;
2342 2536 2728 2603 utpostquam
2745 2529 3235 2600 fecerojudiciain
3258 2531 3521 2602 Egypto,
3555 2535 3613 2586 et

1969 2642 2062 2680 me
2108 2622 2334 2678 cunctis
2375 2621 2636 2692 judicem
2701 2620 3194 2687 demonstravero,
3239 2623 3380 2674 tunc
3423 2621 3612 2676 sciant

1969 2714 2192 2785 [Egypti
2221 2712 2375 2783 quod
2397 2726 2502 2781 ego
2533 2725 2663 2764 sum
2683 2707 2985 2763 Dominus.
3011 2708 3140 2762 Haec
3163 2708 3329 2779 quasi
3353 2708 3613 2780 parvulis

1970 2802 2256 2858 elementa
2276 2797 2716 2870 descripsimus,
2737 2801 2801 2852 ut
2821 2813 2924 2868 per
2945 2795 3186 2865 litteras,
3211 2796 3485 2868 syllabas,
3509 2815 3614 2854 no-

1973 2892 2153 2956 mina,
2184 2889 2610 2959 verborumque
2649 2892 3005 2954 contextum,
3049 2887 3279 2958 possint
3307 2887 3378 2941 ad
3408 2887 3614 2942 lectio-

1973 2997 2102 3036 nem
2130 2995 2312 3051 prosze
2343 2976 2427 3032 vel
2461 2976 2740 3031 carminis
2770 2973 3086 3054 pervenire.
3111 2975 3276 3029 Nunc
3308 2976 3613 3047 aggredia-

1973 3087 2106 3124 mur
2135 3065 2542 3139 tropologiam,
2567 3070 2625 3120 et
2648 3064 3004 3119 latissimum
3030 3064 3446 3135 disputationis
3467 3065 3621 3137 pela-

1973 3175 2101 3230 gus,
2135 3154 2312 3223 brevi,
2365 3154 2535 3226 quasi
2584 3155 2820 3225 picturze
2867 3153 3086 3219 tabula,
3119 3153 3618 3210 demonstremus.

1971 3252 2170 3304 Sermo
2202 3243 2435 3300 Domini
2467 3243 2563 3315 qui
2594 3246 2717 3298 erat
2746 3259 2977 3314 semper
3004 3242 3064 3296 in
3094 3243 3280 3310 Patre,
3315 3243 3505 3298 factus
3531 3247 3624 3298 est

1973 3337 2043 3392 ad
2075 3334 2442 3408 prophetam,
2473 3338 2528 3387 et
2564 3336 2728 3387 vocat
2770 3348 2904 3387 eum
2957 3347 3330 3401 nequaquam
3383 3332 3623 3387 nomine

1974 3451 2101 3504 suo,
2127 3432 2227 3488 sed
2252 3431 2440 3485 ﬁlium
2471 3429 2748 3484 hominis.
2775 3429 2936 3494 Quod
2965 3428 3022 3482 in
3060 3428 3379 3501 Scripturis
3401 3428 3623 3485 sanctis

1974 3523 2032 3577 in
2056 3523 2268 3578 bonam
2282 3524 2505 3592 partem
2521 3534 2751 3590 semper
2766 3517 3069 3588 accipitur,
3089 3518 3395 3572 dumtaxat
3413 3533 3623 3573 nume-

1977 3629 2038 3666 ro
2070 3609 2374 3682 singulari,
2407 3613 2472 3663 ut
2501 3608 2560 3662 in
2594 3607 2701 3662 hoc
2726 3608 2929 3662 eodem
2962 3605 3264 3678 propheta,
3299 3607 3451 3663 359
3485 3610 3542 3661 et
3563 3605 3624 3661 in

1977 3699 2232 3765 Danie'le,
2280 3703 2337 3752 et
2367 3697 2425 3751 in
2458 3695 2784 3768 Evangelio.
2829 3693 3102 3764 Alioquin
3134 3693 3346 3766 plurali
3377 3711 3623 3750 numero

1977 3790 2035 3843 in
2063 3786 2420 3842 contrarium
2452 3783 2686 3856 legitur;
2716 3787 2781 3837 ut
2809 3788 2900 3838 est
2925 3782 3068 3837 illud
3098 3800 3110 3837 :
3153 3784 3286 3837 Filii
3313 3783 3621 3852 hominum,

1978 3878 2157 3932 dentes
2185 3891 2373 3931 eorum
2401 3890 2558 3928 arma
2578 3875 2628 3928 et
2646 3873 2863 3942 sagittae
2886 3888 2899 3925 :
2924 3874 2971 3927 el
2994 3871 3186 3942 lingua
3206 3887 3393 3927 eorum
3408 3871 3628 3942 gladius

1978 3973 2166 4022 acutus
2197 3965 2307 4035 (Ps.
2343 3980 2451 4028 LVI,
2479 3962 2580 4033 5)?
2611 3963 2674 4016 Et
2708 3978 2941 4017 rursum
2967 3978 2979 4015 :
3032 3962 3175 4017 Filii
3220 3961 3503 4016 hominum
3530 3977 3627 4017 us-

1979 4069 2187 4128 quequo
2215 4054 2380 4124 gravi
2407 4051 2564 4107 corde
2593 4051 2704 4122 (Ps.
2737 4068 2813 4118 1v,
2865 4051 2970 4117 3)?
3016 4051 3120 4106 Leo
3169 4052 3320 4106 enim
3366 4053 3548 4120 rugict
3575 4054 3627 4107 et

1979 4147 2100 4216 quis
2127 4160 2240 4199 non
2269 4141 2527 4197 timebit?
2557 4141 2816 4196 Dominus
2864 4139 3072 4195 loculus
3121 4147 3220 4211 est,
3272 4143 3324 4194 et
3369 4141 3493 4212 quis
3517 4156 3628 4196 non

1979 4232 2324 4305 prophetabit
2346 4231 2582 4301 ?(A-mos.
2610 4247 2693 4300 ΠΙ,
2717 4229 2791 4300 8).
2829 4228 3021 4299 Ulula,
3050 4229 3261 4301 inquit,
3283 4246 3386 4293 vae,
3410 4246 3492 4284 vae
3514 4228 3629 4284 diei

1982 4321 2297 4394 quiajusta
2325 4325 2412 4376 cst
2432 4320 2576 4386 dies,
2599 4323 2655 4374 et
2676 4318 3127 4390 appropinquat,
3152 4317 3293 4372 dicit
3317 4316 3626 4384 Dominus,

1982 4413 2107 4467 dies
2137 4410 2332 4480 nubis,
2365 4414 2598 4480 tempus
2629 4410 2749 4462 sive
2773 4408 2909 4462 finis
2939 4407 3200 4478 gentium
3231 4406 3358 4460 erit.
3405 4404 3630 4477 Duplex

205 4520 496 4589 IGeorg.),
527 4491 642 4572 non
662 4517 817 4588 quod
835 4517 910 4571 ibi
932 4491 1870 4589 genushoc-leguminisgignat'ur,
1904 4491 1950 4553 D
1983 4498 2411 4589 consummati?
2442 4501 2548 4565 θείν
2584 4502 2686 4551 θυι
2715 4496 3062 4589 εβιξβταιίῑςτ
3082 4495 3372 4589 οφηίυω,
3395 4495 3629 4589 φλέω(ξο

202 4608 290 4662 vel
317 4607 581 4663 maxime
605 4623 620 4674 ;
646 4607 747 4661 sed
771 4607 925 4678 quod
965 4623 995 4661 e
1035 4605 1336 4661 Thebaida
1360 4610 1415 4661 et
1446 4605 1600 4661 omni
1628 4607 1870 4677 {Egypto

202 4711 307 4765 per
333 4697 526 4751 rivum
571 4695 683 4749 Nili
722 4695 860 4750 illuc
897 4694 1219 4766 plurimum
1261 4694 1574 4750 deferatur.
1601 4695 1668 4749 Et
1693 4695 1872 4750 inter-

204 4784 420 4855 ﬁciam,
440 4784 544 4851 ait,
565 4783 1008 4840 multitudinem
1024 4783 1404 4850 Alexandria),
1421 4800 1544 4854 qua:
1561 4800 1792 4839 rursum
1811 4784 1872 4838 in

207 4876 448 4930 Hebrazo
470 4874 667 4946 posita
685 4878 773 4928 est
792 4890 884 4940 κο,
909 4890 1013 4944 pro
1032 4889 1148 4943 qua
1161 4889 1531 4943 nequaquam
1553 4873 1872 4943 Diospolim,

208 4967 278 5016 ut
299 4980 503 5035 supra,
528 4963 629 5018 sed
654 4962 947 5034 Memphim
966 4961 1104 5017 LXX
1136 4960 1584 5016 transtulerunt.
1606 4962 1674 5016 Et
1697 4967 1760 5017 ut
1779 4979 1870 5018 os-

209 5052 414 5106 tendat
439 5050 783 5123 populosam
805 5053 929 5121 jam
961 5049 1061 5104 illo
1094 5053 1351 5120 tempore
1387 5050 1566 5105 fuisse
1587 5051 1740 5107 358
1775 5068 1872 5105 ur-

205 5139 365 5206 bem,
404 5140 668 5206 Perdam,
717 5140 822 5208 ait,
871 5138 1281 5193 multitudinem
1341 5155 1414 5192 NO
1457 5139 1611 5209 (Nl);
1657 5144 1710 5194 et
1736 5138 1872 5194 dabo

205 5230 388 5296 ignem
400 5272 413 5297 ,
433 5228 544 5284 hoc
559 5233 667 5290 est,
685 5245 879 5300 regem
894 5226 1203 5299 Babylonis
1223 5227 1280 5281 in
1297 5227 1558 5298 Egypto,
1575 5227 1670 5299 qui
1689 5227 1874 5282 instar

205 5317 365 5387 ignis
398 5323 613 5372 cuncta
655 5315 1059 5388 depopuletur.
1111 5317 1278 5383 Quasi
1321 5321 1635 5385 parturiens
1675 5317 1873 5371 dolebit

203 5405 370 5472 Scin,
399 5407 458 5461 id
480 5413 591 5472 est,
618 5407 940 5461 Pelusium:
973 5405 1094 5460 sive
1135 5404 1577 5460 conturbatione
1617 5405 1873 5460 turbabi-

203 5498 350 5564 tnr;
398 5500 454 5550 et
492 5494 554 5550 in
592 5493 964 5562 Alexandria,
998 5493 1054 5548 id
1087 5497 1193 5562 est,
1227 5492 1286 5547 in
1316 5494 1415 5561 No,
1450 5493 1560 5548 erit
1589 5493 1872 5562 scissura,

208 5589 272 5646 et
294 5583 699 5643 diﬁundentur
719 5599 880 5663 aquae
901 5599 1006 5659 pro
1026 5599 1144 5661 qua
1159 5598 1398 5641 rursum
1417 5580 1553 5641 LXX
1570 5582 1872 5660 Diospolim

1986 4591 2120 4646 ﬁnis
2148 4587 2462 4657 advenerit,
2488 4591 2588 4640 aut
2609 4585 2937 4656 specialiter
2972 4583 3358 4655 singulorum,
3394 4584 3628 4654 quando

1984 4685 2218 4751 tempus
2240 4678 2444 4732 mortis
2475 4674 2773 4730 institerit.
2805 4673 2980 4728 Juxta
3009 4677 3202 4728 autem
3231 4673 3466 4739 dicitur,
3492 4673 3632 4744 quia

1983 4767 2290 4823 aeternitati
2341 4769 2766 4836 comparatum,
2817 4779 2989 4818 omne
3036 4767 3268 4832 tempus
3316 4761 3488 4816 breve
3517 4765 3626 4818 est.

1985 4866 2145 4921 Unde
2166 4867 2222 4918 et
2239 4863 2418 4917 Jacob
2442 4867 2672 4916 centum
2699 4865 2756 4916 et
2776 4859 3211 4932 trigintaannos
3232 4857 3448 4928 quibus
3470 4860 3628 4915 dixe-

1957 4960 2109 5010 .rat:
2150 4953 2334 5024 pauci,
2385 4951 2595 5022 inquit,
2645 4953 2695 5006 et
2746 4949 2972 5021 pessimi
3017 4951 3145 5002 sunt
3190 4947 3306 5002 dies
3333 4950 3442 5004 mei
3471 4949 3626 5020 (Gen.

1982 5061 2153 5108 XLvn,
2184 5043 2261 5111 9).
2296 5042 2362 5096 Et
2393 5040 2706 5097 Psalmista
2741 5040 2810 5094 de
2833 5037 3082 5093 universi
3121 5037 3350 5110 generis
3381 5037 3628 5094 humani

1985 5131 2296 5204 fragilitate
2317 5130 2648 5200 disputans,
2667 5128 2774 5182 ait:
2798 5128 2916 5181 Dies
2929 5128 3103 5182 nostri
3117 5129 3278 5197 quasi
3295 5127 3490 5182 umbra
3500 5143 3627 5199 per-

1983 5223 2318 5277 transierunt
2348 5219 2463 5290 (Ps.
2493 5235 2558 5272 cx
2572 5234 2690 5284 LIII,
2714 5218 2786 5287 4).
2813 5216 2973 5281 Quod
3007 5221 3365 5288 reputantes,
3400 5232 3504 5271 nec
3525 5233 3627 5287 po-

1980 5310 2166 5366 tentia
2187 5306 2500 5379 erigemur,
2535 5322 2639 5361 nec
2671 5305 2890 5360 divitiis
2917 5305 3352 5372 incubabimus,
3380 5319 3485 5358 nec
3507 5303 3630 5360 fcli-

1983 5401 2156 5455 citate
2184 5397 2531 5464 lzetabimur,
2566 5396 2678 5450 cito
2725 5394 2922 5450 omnia
2952 5395 3269 5450 auferenda
3297 5397 3626 5451 noscentes.

1982 5487 2343 5561 Pulchreque
2372 5485 2497 5542 dies
2528 5485 2741 5542 dicitur
2766 5484 3019 5556 Domini,
3049 5483 3284 5558 quando
3314 5481 3508 5538 omnis
3527 5499 3634 5542 sa-
3707 5483 3716 5490 ’

1981 5578 2098 5640 culi
2126 5576 2487 5638 conversatio
2513 5577 2868 5644 destruetur.
2899 5578 2957 5635 et
2985 5589 3180 5635 errore
3219 5569 3473 5645 sublato,
3507 5588 3636 5643 una
