4006 6180
204 338 213 343 ’
321 331 432 391 291

1574 322 1639 383 S.
1683 321 1991 385 EUSEBH
2037 321 2476 383 HIERONYMI

3609 324 3727 384 292

320 463 533 520 veritas
562 460 884 535 apparebit,
917 458 1157 529 diesque
1187 457 1363 512 nubis
1390 460 1449 512 et
1478 455 1724 512 nebulae.
1756 454 1964 511 Nullus
1991 458 2046 523 Α
2076 458 2163 526 (ut
2190 471 2369 526 supra
2407 454 2686 523 diximus)
2736 455 3059 528 Magdalus,
3111 453 3633 528 magniﬁcentiam,
3665 460 3728 510 et

321 553 478 608 enim
511 549 837 623 intrepidus
868 548 1245 618 incertusque
1284 546 1354 600 de
1405 546 1716 611 sententia,
1749 545 1967 616 absque

320 656 529 713 pavore
551 639 810 711 judicem
861 635 1247 710 praestolatur.
1302 635 1369 689 Et
1414 639 1649 706 tempus
1680 634 1799 689 sive
1835 633 1968 689 ﬁnis

322 729 585 803 gentium
618 728 748 795 erit,
781 744 897 783 non
929 726 1105 780 unius
1135 724 1324 798 gentis
1372 724 1668 795 Aigyptiae,
1703 725 1799 779 sed
1831 722 1966 778 uni-

318 834 641 885 versarum,
674 822 738 872 ut
770 815 1149 872 manifestum
1183 814 1283 868 fiat
1329 813 1399 867 de
1434 813 1662 868 cunctis
1693 813 1966 884 gentibus

319 906 671 980 prophetari.
706 905 1000 976 Sequitur,
1034 902 1226 957 veniet
1259 903 1315 956 in
1366 904 1671 973 Egyptum
1709 901 1961 972 gladius,

321 995 552 1069 gladius
577 993 867 1051 versatilis
890 993 1221 1061 ﬂammeus,
1246 1006 1437 1045 sermo
1462 989 1717 1055 divinus,
1741 989 1839 1060 qui
1870 990 1966 1043 bo-

320 1101 427 1140 nos
449 1102 483 1140 a
505 1083 676 1139 malis
709 1083 947 1149 dividat,
972 1084 1028 1136 et
1048 1078 1334 1152 pessimos
1355 1095 1462 1135 suo
1484 1077 1618 1149 igne
1639 1082 1962 1133 consumat.

321 1174 385 1230 In
411 1174 723 1247 Egyptum
748 1174 943 1226 autem
970 1169 1147 1239 hujus
1169 1167 1391 1233 saeculi,
1414 1167 1494 1222 ita
1518 1171 1583 1222 ut
1606 1184 1784 1239 pavor
1810 1167 1883 1222 sit
1904 1166 1962 1221 in

316 1261 629 1333 Ethiopia,
673 1259 769 1332 qui
825 1263 983 1314 trans
1030 1258 1339 1329 ZEgyptum
1378 1257 1438 1311 in
1470 1260 1636 1311 nocte
1667 1255 1960 1321 erroris,et

316 1350 574 1407 tenebris
607 1353 1062 1413 commorantur,
1096 1350 1151 1401 et
1180 1362 1426 1417 quorum
1471 1345 1710 1417 nigredo
1740 1344 1799 1399 in
1827 1362 1961 1400 can-

317 1440 538 1503 dorem,
573 1442 675 1493 aut
703 1436 1035 1506 difficulter,
1066 1440 1167 1489 aut
1194 1451 1565 1506 nequaquam
1585 1433 1959 1489 convertitur.

316 1528 655 1598 Cadentque
676 1525 960 1581 vulnerati
981 1525 1038 1579 in
1062 1528 1329 1596 ngypto,
1365 1522 1465 1594 qui
1504 1523 1653 1577 male
1685 1526 1965 1578 steterant

315 1616 374 1670 in
407 1615 684 1687 nequitia.
728 1615 797 1669 Et
842 1614 1139 1668 auferetur
1186 1611 1500 1667 multitudo
1548 1612 1794 1683 Egypti.
1828 1614 1963 1666 Lala

314 1707 463 1761 enim
483 1709 536 1760 et
555 1705 798 1776 spatiosa
826 1711 906 1758 est
942 1704 1033 1757 via
1071 1717 1191 1772 quae
1220 1702 1367 1755 ducit
1396 1700 1466 1755 ad
1496 1708 1719 1755 mortem
1750 1701 1958 1770 (Matth.

312 1812 416 1861 v11,
451 1793 561 1864 13).
595 1794 660 1847 Et
686 1792 1068 1846 fundamenta
1088 1789 1249 1844 illius
1275 1790 1680 1844 destruentur:
1712 1794 1777 1843 ut
1809 1787 1954 1843 nihil

316 1884 374 1937 in
398 1886 642 1955 Egypto
663 1880 926 1952 pristinae
949 1879 1204 1935 resideat
1227 1878 1518 1933 firmitatis
1543 1895 1555 1931 :
1582 1878 1678 1933 sed
1713 1877 1959 1932 desertis

316 1968 712 2026 fundamentis
727 1967 1022 2040 pessimis,
1038 1972 1287 2038 ponatur
1300 1966 1748 2020 fundamentum
1765 1965 1959 2020 Chris-

312 2058 378 2126 ti,
398 2075 576 2129 super
591 2073 706 2128 quo
727 2056 1045 2110 aedificetur
1061 2053 1332 2110 Ecclesia.
1345 2053 1549 2109 Omnis
1568 2054 1781 2125 quippe
1795 2053 1958 2125 plan-

312 2146 478 2212 tatio,
497 2162 672 2216 quam
690 2160 803 2200 non
838 2143 1121 2215 plantavit
1142 2142 1390 2198 cmlestis
1415 2142 1599 2209 Pater,
1635 2141 1957 2197 cradicabi-

315 2239 413 2290 tur
442 2234 649 2306 (Matth.
682 2234 806 2303 vn).
840 2233 995 2288 360
1025 2232 1188 2287 Unde
1239 2237 1295 2285 et
1330 2232 1615 2287 Jeremias
1662 2231 1962 2286 destruere

306 2324 549 2394 jubetur
575 2339 702 2395 quae
733 2325 1069 2377 constructa
1099 2326 1285 2389 erant,
1334 2326 1399 2375 ut
1444 2320 1688 2375 azdilicet
1719 2319 1961 2375 meliora

312 2412 531 2484 (Jerem.
566 2412 629 2482 ι).
669 2411 943 2466 Peribunt
973 2425 1206 2481 quoque
1236 2410 1293 2463 in
1348 2410 1588 2481 zEgypto
1638 2409 1957 2480 Ethiopes,

315 2501 540 2573 Libyes,
561 2505 617 2556 et
638 2500 799 2572 Lydi,
824 2500 943 2555 sive
955 2500 1129 2570 juxta
1149 2498 1553 2570 Septuaginta,
1588 2498 1794 2564 Persae,
1829 2498 1958 2553 Cre-

309 2593 525 2658 tenses,
569 2593 625 2646 et
659 2588 817 2660 Lydi,
856 2592 913 2643 et
947 2588 1173 2659 Libyes,
1203 2592 1259 2643 et
1278 2587 1466 2657 Chub)
1498 2586 1554 2640 id
1578 2592 1684 2657 est,
1716 2587 1956 2653 Arabes,

310 2682 365 2734 et
386 2696 557 2735 omne
592 2678 883 2749 reliquum
903 2676 1132 2747 vulgus,
1150 2693 1296 2747 quos
1316 2675 1602 2747 Hybridas
1625 2683 1795 2746 atque
1819 2675 1959 2729 mix-

318 2768 485 2824 ticios
516 2766 901 2838 Septuaginta
933 2766 1381 2822 transtulerunt.
1417 2766 1571 2828 Quos
1602 2782 1806 2821 omnes
1855 2783 1956 2837 pro

310 2855 643 2910 diversitate
674 2853 950 2908 vitiorum
1000 2859 1057 2907 et
1103 2853 1579 2924 interpretatione
1630 2853 1953 2922 nominum,

310 2958 438 3013 qua:
466 2942 525 2997 in
560 2940 780 2996 visione
810 2942 939 3012 Tyri
975 2941 1306 3012 posuimus,
1353 2941 1610 2996 diversas
1642 2958 1957 3011 possumus

307 3030 633 3103 intelligere
654 3029 941 3085 nationes.
962 3029 1123 3085 Unde
1142 3033 1200 3084 et
1222 3031 1534 3101 Apostolus
1558 3046 1570 3083 :
1600 3035 1719 3090 Vos,
1743 3029 1954 3101 inquit,

306 3128 486 3189 gentes
516 3120 574 3173 in
607 3134 792 3183 carne,
822 3119 919 3189 qui
960 3118 1216 3173 dicimini
1259 3120 1605 3189 Praeputium
1648 3119 1858 3190 (Ephes.
1896 3136 1954 3185 Il,

312 3208 419 3275 11).
454 3208 789 3277 Numquam
821 3205 979 3260 enim
1010 3206 1254 3261 dixisset
1284 3206 1341 3261 in
1374 3223 1546 3262 carne
1585 3213 1807 3279 gentes,
1840 3206 1949 3263 nisi

305 3297 503 3349 essent
532 3293 658 3349 alite
680 3294 738 3349 in
760 3294 993 3366 spiritu,
1037 3298 1101 3348 ut
1128 3294 1189 3348 in
1212 3295 1324 3350 alio
1373 3295 1497 3350 loco
1528 3313 1540 3350 :
1572 3296 1752 3352 Videte
1782 3298 1950 3352 Israel

302 3383 599 3438 secundum
627 3400 867 3439 carnem.
913 3383 1076 3439 Unde
1125 3400 1477 3457 magnopere
1528 3386 1951 3456 providendum

304 3476 410 3542 est,
446 3489 518 3528 ne
546 3473 720 3528 corde
751 3477 1115 3529 revertamur
1148 3473 1205 3528 in
1250 3474 1580 3545 .rEgyptum,
1614 3475 1684 3530 de
1715 3492 1831 3546 qua
1863 3492 1952 3531 sc-

304 3560 415 3617 mel
437 3561 742 3632 exivimus,
766 3566 822 3616 et
849 3562 1001 3618 inter
1024 3568 1257 3618 caateras
1292 3568 1496 3635 gentes
1548 3564 1950 3633 inveniamur;

306 3654 363 3705 et
391 3667 699 3723 pereamus
728 3650 942 3723 gladio,
975 3653 1044 3707 de
1068 3668 1183 3724 quo
1206 3652 1264 3706 in
1290 3652 1787 3723 consequentibus
1809 3653 1950 3708 dici-

304 3743 436 3795 tur:
468 3741 699 3797 Juvenes
745 3741 1078 3813 IIeliopoleos
1132 3744 1181 3796 et
1233 3742 1465 3797 [Iubam
1513 3742 1696 3811 gladio
1736 3742 1948 3809 cadent,

303 3829 555 3885 maxime
586 3826 720 3885 cium
747 3830 1059 3901 jungatur,
1101 3838 1153 3886 et
1196 3832 1306 3901 ﬁlii
1352 3834 1520 3887 terrze
1558 3830 1796 3901 hederis,
1830 3832 1951 3888 sive

307 3917 630 3973 Testamenti
663 3919 775 3972 mei
819 3920 989 3974 simul
1018 3935 1279 3975 mucrone
1321 3922 1613 3990 ferientur,
1637 3922 1707 3976 de
1738 3921 1950 3993 quibus

303 4005 588 4075 scriptum
619 4010 709 4060 est
739 4022 758 4059 :
810 4006 898 4062 Vae
953 4009 1050 4076 qui
1104 4007 1431 4062 descendunt
1472 4011 1531 4063 in
1560 4012 1856 4080 Aigyplum
1879 4010 1951 4065 ad

301 4092 604 4156 auxilium,
620 4094 678 4145 in
702 4094 853 4161 equis
869 4102 919 4148 et
937 4096 1194 4149 curribus
1209 4095 1540 4163 conﬁdentes
1554 4098 1679 4167 (Isa.
1697 4114 1848 4165 xxxx,
1876 4099 1947 4169 1).

304 4177 617 4237 Sinautem
647 4182 983 4234 ceaterarum
1008 4181 1268 4251 gentium
1294 4182 1560 4238 homines
1583 4185 1951 4241 trucidantur

304 4267 364 4323 in
392 4268 655 4340 IEgypto,
703 4271 917 4339 quanto
950 4268 1138 4339 magis
1170 4268 1271 4323 filii
1302 4274 1467 4325 terra:
1503 4272 1733 4327 foederis
1762 4278 1820 4327 et
1849 4275 1951 4329 Te-

304 4358 582 4414 stamenti
607 4356 728 4424 Dei,
756 4357 855 4428 qui
879 4360 1321 4413 contemnentes
1341 4358 1695 4431 Angelorum
1715 4376 1947 4431 panem,

304 4445 532 4519 Egypti
560 4461 875 4518 peponum,
905 4450 960 4499 et
992 4461 1289 4517 ceparum,
1323 4450 1380 4501 et
1400 4446 1670 4502 alliorum
1693 4452 1749 4501 et
1777 4465 1950 4503 cucu-

2077 548 2278 614 Syene,
2303 560 2510 615 gyrum
2534 547 2725 611 sonat,
2747 544 3123 616 perspicuum
3145 549 3235 600 est
3269 545 3424 616 quod
3450 544 3730 617 {Egyptian

2077 648 2235 704 opes,
2258 636 2316 687 et
2332 631 2755 688 contumeliosa
2787 633 3058 689 fortitudo
3093 638 3151 689 et
3179 632 3637 706 magniﬁceutia,
3670 631 3734 688 id

2068 718 2182 787 "est,
2210 721 2514 792 jactantia,
2546 725 2602 776 et
2631 721 3004 778 exaltatioses
3044 722 3120 793 (a)
3150 722 3203 777 vi
3254 726 3511 792 pereant,
3540 737 3735 793 usque

2076 810 2145 864 ad
2178 825 2385 881 gyrum
2433 809 2685 883 Egypti,
2745 810 2842 865 ubi
2897 809 3041 864 nihil
3097 809 3303 866 stabile
3334 814 3456 877 est;
3505 810 3733 877 sedin-

2075 902 2229 952 certo
2262 899 2409 953 861
2446 898 2698 954 volvitur
2727 898 2915 972 lapsu,
2957 904 3012 954 et
3054 899 3314 971 pervenit
3350 900 3422 955 ad
3464 898 3725 955 ruinam.

2074 987 2158 1040 Tu
2171 1003 2239 1041 nc
2279 986 2723 1058 dissipabuntur
2746 988 3027 1061 Egyptian
3057 988 3336 1055 civitates,
3360 991 3418 1043 et
3436 992 3594 1043 terra
3626 988 3727 1043 de-

2074 1078 2230 1130 serta
2261 1074 2390 1146 erit,
2419 1080 2473 1130 et
2499 1075 2687 1131 multa
2707 1076 3079 1150 congregatio
3118 1076 3463 1143 remanebit,
3498 1076 3728 1132 habens

2075 1162 2292 1235 aliquid
2325 1164 2642 1228 firmitatis,
2674 1170 2740 1219 ut
2771 1180 2965 1220 rerum
3016 1166 3131 1220 ﬁne
3180 1169 3536 1238 cognoscant
3565 1164 3728 1237 quod

2073 1252 2198 1324 ipse
2221 1252 2298 1307 sit
2322 1252 2628 1319 Dominus,
2653 1253 2887 1324 quando
2911 1252 3139 1308 miserit
3154 1252 3349 1325 ignem
3377 1252 3432 1306 in
3454 1253 3725 1326 Egypto,

2073 1357 2246 1411 quem
2272 1340 2554 1396 Dominus
2584 1341 2805 1409 ardere,
2843 1341 3159 1408 desiderat,
3193 1345 3258 1396 ut
3293 1342 3515 1407 fenum,
3540 1341 3724 1414 ligna,

2072 1428 2323 1501 stipulae,
2351 1445 2478 1500 qua?
2502 1445 2681 1500 supra
2711 1430 3161 1484 fundamentum
3193 1428 3403 1485 Christi
3435 1430 3729 1485 aedificata

2072 1521 2230 1584 sunt,
2255 1521 2716 1584 concrementur,
2759 1521 2815 1572 et
2843 1534 3047 1573 omnes
3078 1516 3453 1573 auxiliatores
3485 1535 3723 1591 perver-

2070 1623 2269 1662 sorum
2306 1604 2645 1677 dogmatum
2675 1610 3069 1662 conterantur.
3104 1607 3184 1661 Fx
3231 1623 3345 1678 quo
3382 1606 3723 1679 intelligen-

2070 1695 2231 1764 dum,
2264 1693 2392 1749 falsi
2416 1694 2673 1749 nominis
2696 1695 3022 1761 scientiam,
3048 1699 3103 1750 et
3133 1712 3232 1751 eos
3254 1696 3326 1750 de
3347 1695 3559 1767 quibus
3582 1697 3727 1752 scri-

2073 1787 2235 1855 ptum
2260 1788 2349 1838 est
2374 1801 2386 1838 :
2415 1784 2627 1853 Dissipa
2650 1788 2836 1853 gentes
2857 1800 2976 1854 qua:
2998 1782 3146 1838 bella
3182 1785 3373 1839 volunt
3402 1785 3511 1855 (Ps.
3541 1802 3718 1841 van.

2070 1872 2181 1943 32).
2207 1872 2395 1927 socios
2416 1877 2472 1927 et
2492 1872 2867 1927 auxiliatores
2889 1873 3118 1945 Egypti
3138 1872 3488 1945 nuncupari.
3514 1874 3577 1930 In
3601 1874 3720 1943 die,

2069 1959 2280 2031 inquit,
2310 1959 2410 2015 illa
2429 1960 2803 2032 egredientur
2825 1961 3015 2015 nuntii
3038 1978 3071 2016 a
3098 1962 3242 2016 facie
3264 1961 3390 2029 Dei,
3409 1962 3479 2016 de
3502 1962 3725 2034 quibus

2068 2050 2351 2120 scriptum
2385 2054 2473 2104 est
2516 2050 2574 2103 in
2624 2049 2967 2120 Evangelio:
3030 2050 3227 2118 Angeli
3272 2066 3462 2105 eorum
3510 2067 3726 2123 semper

2067 2137 2247 2193 vident
2275 2138 2472 2207 faciem
2502 2139 2683 2192 Patris
2714 2140 2826 2193 mei
2855 2140 2951 2210 qui
2970 2141 3027 2193 in
3050 2139 3200 2193 caelis
3219 2142 3296 2194 est
3327 2139 3532 2207 (Matth.
3554 2157 3721 2210 an,

2065 2227 2176 2297 20).
2217 2228 2282 2281 Et
2311 2226 2369 2281 in
2403 2227 2683 2282 sementis
2723 2226 3021 2298 parabola,
3065 2244 3355 2284 messores
3400 2228 3627 2301 Angeli,
3662 2230 3721 2284 id

2068 2319 2179 2383 est,
2212 2316 2310 2387 qui
2345 2315 2532 2370 nuntii
2563 2320 2724 2378 sunt.
2759 2315 3093 2388 mittuntur,
3137 2321 3203 2372 ut
3250 2316 3518 2373 universa
3548 2334 3724 2373 scan-

2068 2403 2201 2460 dala
2231 2408 2603 2476 congregent,
2637 2408 2694 2459 et
2723 2403 2959 2460 mittant
2988 2422 3056 2461 ea
3086 2405 3144 2459 in
3196 2406 3494 2461 caminum
3538 2406 3723 2480 ignis,

2069 2493 2171 2549 ubi
2202 2498 2290 2548 est
2320 2493 2493 2548 ﬂetus
2524 2492 2848 2564 oculorum,
2892 2498 2949 2548 et
2993 2493 3211 2549 stridor
3257 2494 3521 2550 dentium
3555 2496 3722 2566 (Ibid.

2067 2583 2216 2651 x111).
2242 2580 2740 2651 Festinabuntque
2760 2580 3004 2647 implere
3043 2589 3417 2654 praeceptum,
3444 2588 3509 2637 ut
3528 2584 3726 2640 deter-

2069 2674 2253 2736 reant,
2279 2668 2400 2724 sive
2419 2673 2720 2723 conterent
2742 2669 3044 2741 Ethiopize
3069 2671 3504 2740 confidentiam,
3523 2672 3625 2744 qui
3643 2673 3719 2727 ad

2068 2774 2365 2812 summum
2393 2756 2626 2811 malitirc
2649 2756 2921 2812 verticem
2945 2764 3335 2829 pervenerunt
3373 2765 3437 2813 ut
3472 2759 3531 2814 in
3555 2776 3720 2815 ever-

2068 2846 2228 2901 sione
2284 2845 2510 2916 Arlgypti
2568 2844 2857 2916 rEtbiopia
2915 2852 3272 2915 conteratur,
3304 2854 3361 2905 et
3418 2853 3613 2920 paveat
3642 2864 3715 2905 eo

2066 2933 2221 3005 quod
2254 2933 2379 2987 dies
2427 2933 2657 2988 Domini
2685 2933 2761 2988 sit
2792 2933 3034 2990 ultionis
3064 2940 3239 3007 atque
3266 2936 3550 3003 vindictae,
3584 2954 3709 3008 qua

2066 3022 2342 3094 fugentur
2372 3021 2621 3076 tenebrae
2646 3028 3042 3093 peccatorum,
3085 3031 3142 3079 et
3167 3023 3266 3079 lux
3307 3023 3587 3080 virtutum
3620 3041 3716 3080 re-

2067 3115 2319 3163 maneat.
2354 3110 2422 3164 Et
2453 3125 2702 3176 cessare,
2752 3110 2966 3181 inquit,
3016 3110 3225 3167 faciam
3277 3111 3718 3169 multitudinem

1984 3192 2026 3258 C
2064 3198 2289 3269 ngypti
2320 3198 2378 3253 in
2412 3215 2587 3253 manu
2619 3198 3158 3255 Nabuchodonosor
3187 3201 3339 3274 regis
3376 3202 3718 3275 Babylonis,

2064 3286 2155 3341 cui
2174 3286 2373 3341 traditi
2396 3291 2534 3342 sunt
2554 3288 2624 3341 ad
2648 3288 3032 3359 puniendum.
3061 3289 3188 3360 Ipse
3209 3293 3297 3343 est
3326 3291 3483 3345 enim
3517 3291 3719 3345 inimi-

2063 3391 2167 3433 cus
2189 3380 2247 3431 et
2262 3375 2475 3430 vindex
2495 3375 2592 3446 qui
2617 3377 2792 3431 etiam
2820 3378 3147 3432 mercedem
3170 3379 3409 3450 accepit,
3449 3394 3515 3434 eo
3556 3380 3717 3451 quod

2064 3463 2329 3518 servierit
2360 3463 2417 3517 in
2450 3465 2876 3536 expugnatione
2907 3465 3064 3537 Tyri,
3112 3467 3337 3539 Egypti
3376 3467 3721 3523 multitudi-

2063 3568 2194 3607 nem
2223 3570 2234 3606 :
2260 3557 2323 3606 ut
2346 3552 2515 3607 multi
2536 3552 2594 3607 in
2619 3554 2858 3625 [Egypto
2880 3570 3008 3609 esse
3024 3555 3333 3621 desistant,
3358 3557 3457 3627 qui
3480 3573 3722 3628 semper

2063 3640 2121 3695 in
2150 3657 2215 3695 ea
2239 3645 2396 3697 sunt.
2431 3642 2533 3697 Sin
2567 3646 2762 3697 autem
2786 3641 3000 3714 aliquis
3029 3645 3390 3715 opposuerit,
3414 3646 3715 3716 quomodo

2063 3729 2205 3784 illud
2238 3729 2463 3786 dicatur
2493 3731 2551 3785 in
2587 3731 3036 3786 Deuteronomio
3066 3749 3079 3785 :
3120 3737 3177 3787 Is
3204 3735 3548 3804 septuaginta
3576 3736 3715 3789 ani-

2058 3818 2251 3874 mabus
2269 3819 2664 3875 descenderunt
2701 3828 2882 3891 patres
2911 3822 3076 3875 vestri
3093 3822 3155 3875 in
3176 3822 3470 3894 Egi/ptum
3512 3840 3531 3877 :
3557 3839 3717 3879 nunc

2060 3917 2240 3964 autem
2268 3910 2403 3978 facti
2425 3910 2553 3964 estis
2584 3917 2643 3963 ut
2671 3910 2848 3964 δίδαξε
2875 3909 2999 3963 εωΙὶ
3041 3911 3105 3964 in
3145 3910 3500 3966 multitudine
3528 3912 3711 3979 (Deut.

2058 4014 2113 4066 x,
2137 3997 2228 4067 22)
2255 4013 2266 4050 :
2295 3996 2460 4051 facile
2497 3997 2760 4052 solvitur.
2803 3997 3000 4068 Neque
3030 3998 3186 4053 enim
3227 3997 3557 4072 exemplum
3589 4004 3713 4055 ter-

2062 4099 2211 4138 renae
2244 4083 2644 4139 multitudinis
2674 4084 2887 4155 posuit,
2923 4086 3025 4141 sed
3057 4085 3329 4157 ccelestis,
3362 4103 3489 4159 quae
3520 4087 3718 4143 virtu-

2060 4172 2217 4225 tibus
2248 4169 2488 4241 fulgeat,
2524 4176 2581 4225 et
2624 4171 2794 4242 plena
2842 4172 2917 4229 sit
2962 4162 3281 4242 luminum,
3313 4192 3490 4248 super
3528 4192 3717 4248 quam

2061 4257 2498 4313 multitudinem
2529 4259 2780 4331 Aegypti,
2827 4262 3199 4318 adducuntur
3230 4263 3538 4320 fortissimi
3568 4281 3718 4338 gen-

2060 4346 2230 4410 tium,
2250 4349 2315 4398 ut
2336 4345 2679 4418 disperdant
2702 4352 2939 4419 terram,
2969 4368 3072 4422 pro
3095 4352 3310 4423 quibus
3330 4354 3721 4426 Septuaginta

2059 4434 2392 4504 pestilentes,
2415 4434 2775 4507 interpretati
2804 4443 2961 4493 sunt.
3010 4442 3173 4505 Quod
3204 4442 3397 4497 nescio
3421 4443 3721 4514 quomodo

307 4550 536 4589 merum
586 4534 869 4589 recordati
923 4539 1062 4589 sunt
1108 4534 1291 4605 (Nam.
1340 4538 1440 4607 Χι),
1491 4537 1650 4590 Tunc
1682 4541 1955 4592 corruant
1984 4551 2030 4614 D
2064 4522 2370 4579 conveniat
2401 4523 2471 4579 iis
2503 4525 2603 4596 qui
2636 4525 3011 4582 adducuntur
3061 4546 3094 4584 a
3131 4529 3399 4597 Domino,
3423 4531 3535 4586 nisi
3570 4532 3723 4588 forte

308 4621 711 4679 sustentacula
740 4626 796 4677 et
826 4620 1009 4678 fulcra
1037 4622 1284 4694 .‘Egypti,
1311 4640 1437 4695 quae
1460 4641 1588 4680 eam
1612 4625 1668 4678 in
1694 4608 1955 4697 nequitia

2067 4612 2225 4682 iuxta
2255 4611 2395 4667 illud
2428 4613 3187 4686 exemplum,immissionem
3213 4636 3313 4691 per
3337 4620 3571 4689 Angelos
3596 4636 3726 4693 pes-

309 4712 739 4777 sustentabant,
762 4710 1200 4767 dialecticorum
1224 4713 1486 4785 argutiae,
1510 4718 1568 4769 et
1587 4712 1956 4787 philosopho-

310 4818 441 4856 rum
468 4800 741 4872 stropbm.
769 4799 1264 4856 Contumeliosum
1294 4816 1526 4873 quoque
1547 4818 1612 4856 ac
1636 4804 1955 4875 superbum

312 4888 625 4959 imperium
659 4889 1013 4956 destruetur,
1046 4890 1143 4960 qui
1174 4890 1373 4945 omnia
1402 4891 1723 4962 loquuntur
1751 4910 1850 4965 per
1867 4912 1956 4949 ar-

2063 4702 2226 4757 simos
2266 4702 2436 4773 (Psal.
2472 4720 2678 4769 sxxvu,
2719 4705 2844 4776 19):
2897 4707 2994 4777 qui
3045 4708 3442 4780 evaginabunt
3488 4709 3724 4781 gladios

2067 4806 2205 4845 suos
2237 4806 2414 4862 super
2461 4792 2795 4864 .Egyptum,
2851 4800 2907 4850 et
2956 4795 3287 4868 implebunt
3315 4802 3529 4853 terram
3558 4799 3719 4856 802

2069 4878 2411 4945 interfectis,
2432 4879 2548 4935 sive
2570 4881 2907 4948 vulneratis,
2933 4888 2999 4938 ut
3016 4884 3239 4941 occisos
3260 4886 3718 4959 vulneratosque

312 4975 663 5046 roganliam.
698 4982 755 5033 et
786 4978 1243 5034 Ecclesiasticam
1275 4978 1712 5051 simplicitatem
1736 4983 1961 5038 ducunt
2070 4983 2198 5023 esse
2227 4984 2289 5022 86
2320 4969 2593 5035 sentiant:
2628 4975 2683 5024 et
2723 4971 2779 5025 ίη
2828 4976 3059 5028 tantum
3100 4978 3405 5048 Ᾱῖὲϊρῐυω
3452 4992 3583 5032 993°
3614 4978 3720 5031 ἀθ-

315 5078 420 5133 pro
452 5061 641 5117 nihili.
673 5066 719 5117 A
750 5070 910 5121 turre
940 5066 1095 5122 enim
1141 5069 1355 5140 Syenes
1408 5068 1617 5123 cadent
1645 5070 1703 5125 in
1738 5088 1805 5127 ea
1833 5088 1959 5143 quas

316 5150 375 5206 in
407 5151 683 5206 extremis
729 5155 998 5211 terminis
1028 5156 1584 5228 zEgypti,{Ethiopize
1633 5159 1960 5229 Blemmya-

2073 5060 2379 5123 structam,
2412 5062 2469 5112 et
2502 5058 2573 5112 ad
2597 5058 2763 5113 nihili
2786 5062 3139 5131 pervenisse,
3165 5069 3228 5119 ut
3254 5064 3452 5120 omnia
3470 5066 3725 5122 ﬂumina

2073 5144 2415 5216 eloquentiae
2437 5145 2651 5216 quibus
2679 5164 2903 5205 errores
2934 5151 3200 5223 Egyptii,
3232 5155 3452 5224 juncus
3475 5158 3533 5209 et
3558 5153 3725 5210 cala-

316 5254 568 5309 rumque
594 5239 841 5296 confinis
859 5248 947 5298 est
971 5261 982 5299 :
1007 5245 1103 5300 ubi
1136 5245 1302 5300 Nilus
1334 5245 1745 5319 innavigabilis
1777 5252 1883 5317 est,
1907 5253 1956 5305 et

2076 5251 2210 5289 mus
2236 5234 2598 5307 rigabantur,
2619 5238 2881 5305 arefiant,
2907 5244 2964 5294 et
2983 5241 3290 5297 tradantur
3310 5242 3368 5296 in
3393 5259 3569 5298 manu
3595 5259 3733 5315 pes-

318 5331 747 5385 cataraetarum
782 5329 989 5402 fragor,
1023 5337 1080 5388 et
1108 5335 1306 5389 omnia
1344 5335 1499 5390 invia
1528 5335 1814 5407 plenaque
1844 5354 1963 5393 ser-

2077 5323 2362 5378 simorum
2413 5324 2510 5395 qui
2567 5340 2664 5379 eos
2714 5329 3043 5397 torqueant,
3090 5334 3149 5384 et
3198 5329 3501 5402 plenitudo
3550 5336 3732 5388 terra:

319 5421 587 5490 pentum,
619 5421 677 5474 et
705 5423 1119 5477 venenatorum
1170 5423 1581 5481 animantium.
1635 5425 1736 5483 Sin
1766 5430 1956 5482 autem

2074 5411 2323 5484 IEgypti,
2349 5429 2473 5483 quae
2497 5411 2647 5468 male
2686 5420 2958 5485 creverat,
2991 5417 3251 5474 deleatur
3279 5419 3338 5475 in
3370 5436 3552 5476 manu
3582 5420 3735 5478 alie-

393 5540 983 5641 (‘ajnaegitlll‘t-abanus,
1015 5546 1109 5602 cui
1157 5547 1335 5604 ferme
1375 5549 1665 5606 consentit
1715 5550 1977 5609 Vatican.
2026 5568 2139 5609 ms.
2171 5554 2530 5612 exultationes
2562 5556 2955 5634 vituperentur,
3005 5562 3102 5634 qui
3137 5560 3207 5619 ad
3252 5578 3455 5635 gyrum
3498 5565 3739 5641 Αἶρε]ρεὶ

318 5613 617 5708 pertinent,
649 5613 770 5686 ubi,
801 5619 910 5679 etc.
