3996 6182
233 306 337 365 293

822 308 1575 373 COMMENTARIORUM
1618 309 1697 371 IN
1740 306 2240 371 EZECHIELEM
2287 308 2435 369 LIB.
2482 310 2585 370 lX.
2633 310 2799 371 CAP.
2845 310 3027 373 XXX.

3510 309 3632 373 294

232 456 426 495 norum
458 456 493 496 a
521 439 639 497 Deo
670 441 870 514 Neque
902 445 1058 499 enim
1108 444 1269 515 boni,
1323 445 1423 500 sed
1474 444 1613 499 mali
1654 444 1859 517 Angeli
1892 447 1946 510 Α
1975 442 2226 498 Juvenes
2257 459 2490 515 quoque
2521 442 2903 516 Heliopoleos,
2938 448 2995 500 et
3023 428 3273 500 Bubasti‘
3306 443 3499 525 gladio
3537 463 3632 503 ca-

232 529 525 585 tormentis
549 532 845 603 praepositi
867 533 1166 589 sunLﬂiec
1188 550 1422 590 necesse
1446 539 1534 590 est
1570 540 1637 590 ut
1656 536 1863 602 sciant,

234 618 351 689 quia
383 617 622 675 locutus
646 626 737 676 est
749 620 1059 680 Dominus.
1080 624 1241 687 Quod
1266 624 1599 696 frequenter
1614 626 1864 682 assumi-

235 710 332 771 tur,
358 710 426 760 ut
457 708 651 763 sciant
669 708 769 781 qui
791 710 1043 765 audiunt
1059 728 1175 766 non
1196 711 1489 783 propheta:
1514 713 1689 769 verba
1712 731 1862 782 esse,

235 794 317 850 sed
337 795 778 867 Domini.cujus
799 804 1087 871 praecepta
1116 799 1283 855 irrita
1308 817 1437 856 esse
1453 818 1570 857 non
1592 808 1860 873 possunt.

235 883 492 956 Sequitur
515 902 529 939 :
567 888 629 940 Et
658 888 982 959 disperdam
1000 891 1320 959 simulacra,
1346 908 1473 961 quas
1494 892 1863 948 abominatio-

234 989 329 1028 πεί.
362 974 751 1046 Septuaginta
781 977 1245 1033 transtulerunt:
1296 979 1365 1033 Et
1394 995 1621 1035 cessare
1654 980 1862 1036 faciam

232 1061 368 1118 idola
393 1063 484 1119 vel
511 1063 830 1135 optimates
864 1067 934 1121 de
966 1066 1277 1139 Memphis,
1313 1071 1370 1123 et
1398 1069 1536 1135 dux,
1570 1069 1690 1125 sive
1711 1071 1866 1142 prin-

234 1168 346 1223 ceps
377 1152 435 1207 in
469 1158 627 1208 terra
657 1154 913 1227 zEgypti,
948 1172 1062 1211 non
1094 1162 1266 1212 erunt
1297 1157 1570 1229 amplius.
1605 1158 1865 1215 Clemen-

231 1239 422 1296 tissimi
447 1240 606 1296 enim
632 1242 866 1298 Domini
889 1248 998 1314 est,
1031 1244 1182 1301 male
1226 1245 1361 1301 ﬁcta
1410 1246 1767 1311 subvertere,
1800 1253 1865 1303 ut

234 1328 377 1384 nulla
405 1330 739 1386 similitudo
772 1348 902 1404 quae
928 1333 1548 1407 mentiturimaginem
1579 1336 1861 1403 veritatis,

231 1423 514 1475 remaneat
540 1418 607 1474 in
628 1420 875 1492 Egypto
904 1437 916 1476 :
944 1423 1252 1493 optimates
1274 1439 1507 1495 quoque
1530 1430 1772 1495 pereant
1792 1425 1862 1480 de

231 1506 472 1577 Memphis
503 1523 638 1578 quia
670 1508 1091 1580 interpretatur
1116 1528 1186 1566 ex
1231 1527 1361 1579 ore;
1394 1512 1465 1568 de
1512 1529 1627 1583 quo
1666 1513 1864 1569 omnia

230 1594 363 1650 idola
383 1596 853 1663 confixerunt,ut
871 1598 1155 1653 truncatis
1172 1598 1462 1671 capitibus
1483 1605 1542 1656 et
1564 1601 1861 1674 magistris

226 1684 520 1752 idolorum,
557 1701 678 1740 non
702 1686 780 1741 sit
810 1686 1081 1758 princeps
1110 1686 1170 1741 in
1202 1692 1465 1760 ZEgypto,
1487 1693 1544 1744 et
1558 1695 1775 1746 terrore
1795 1706 1862 1746 ac

1974 532 2132 587 dent.
2167 530 2483 604 Heliopolis
2514 532 2797 588 chraice
2827 549 2901 588 0N
2924 533 3159 595 dicitur.
3180 534 3333 605 quod
3356 533 3636 607 interpre-

1971 624 2132 676 tatur
2159 620 2333 677 dolor.
2362 620 2659 677 Bubastus
2680 627 2873 677 autem
2881 622 3048 692 juxta
3066 621 3327 695 linguam
3348 623 3638 696 Egyptia-

1974 725 2125 777 eam,
2159 711 2271 765 oris
2293 712 2749 781 experimentum.
2775 709 2989 766 Omnes
3011 712 3105 766 isti
3129 713 3227 783 qui
3250 711 3507 767 dolorem
3530 729 3637 768 sze-
3664 714 3689 727 '

1974 797 2086 853 culi
2141 799 2289 854 ferre
2340 816 2454 854 non
2510 804 2794 870 poterant,
2842 801 2941 855 sed
3015 800 3254 857 delicias
3297 800 3637 873 Diospoleos

1974 889 2443 956 sectabantur,et
2471 888 2844 944 conﬁdebant
2873 888 2985 944 sibi
3030 888 3088 943 in
3125 888 3484 946 volubilitate
3515 907 3636 947 ser-

1978 993 2219 1031 monum
2254 982 2309 1032 et
2340 977 2648 1032 adversum
2682 982 2887 1033 caetera
2933 978 3208 1049 dogmata
3248 979 3634 1051 disputantes,

1976 1065 2311 1121 habuerant.
2361 1066 2758 1138 experimenta
2803 1066 3076 1132 victoriae,
3126 1066 3318 1139 gladio
3350 1069 3639 1124 sermonis

1973 1154 2077 1210 Dei
2107 1155 2418 1209 concident
2446 1172 2457 1209 :
2492 1158 2549 1209 et
2578 1154 2676 1225 qui
2709 1170 3081 1227 nequaquam
3105 1156 3373 1227 juvenes,
3407 1158 3506 1213 sed
3529 1157 3638 1212 im-

1976 1241 2297 1298 becillitate
2324 1243 2539 1297 mentis
2568 1243 2846 1300 mulieres
2879 1244 3269 1316 appellantur,
3289 1246 3501 1316 captivi
3534 1246 3642 1301 du-

1980 1335 2206 1386 centur.
2241 1331 2372 1385 Sive
2422 1330 2561 1402 ipsa:
2613 1332 2807 1402 urbes,
2855 1332 3049 1388 dolore
3092 1338 3149 1388 et
3195 1334 3313 1389 oris
3334 1335 3640 1411 jactantia,

1991 1420 2281 1474 ducentur
2310 1419 2369 1473 in
2400 1418 2813 1491 captivitatem.
2849 1421 2916 1475 Et
2944 1420 3001 1474 in
3032 1420 3311 1493 Taphnis,
3343 1423 3644 1494 inquit,ni-

1992 1513 2221 1580 grescet
2279 1508 2422 1563 dies.
2486 1509 2719 1579 Taphnw
2773 1508 3204 1581 interpretatur,
3258 1510 3500 1567 cedentes
3537 1515 3643 1573 ori»

1985 1596 2351 1652 subauditur
2380 1597 2596 1652 diaboli
2629 1616 2641 1652 :
2674 1598 2766 1653 cui
2798 1597 2895 1669 qui
2929 1597 3226 1669 cesserint,
3259 1600 3531 1657 amittent
3558 1601 3646 1657 lu-

1985 1702 2125 1741 men
2157 1686 2506 1757 vcritatis,et
2535 1686 2688 1742 diem
2723 1687 2778 1741 in
2812 1692 3037 1743 noctem
3071 1688 3465 1758 mutabunt,et
3490 1707 3648 1763 scep-

224 1772 531 1844 perditione
564 1774 763 1829 omnis
785 1778 1060 1847 .Egyptus
1089 1776 1556 1847 compleatur-.03
1577 1779 1748 1849 cujus
1769 1796 1863 1834 ur-
1894 1811 1943 1876 B
1974 1779 2063 1829 tra
2092 1774 2341 1846 .Egypti,
2374 1781 2549 1874 atque
2572 1791 2745 1873 omne
2768 1775 3083 1876 imperium
3104 1776 3359 1832 sentient
3379 1778 3434 1832 in
3460 1779 3649 1876 Taph-

222 1861 373 1917 bibus
403 1861 633 1917 dicitur
658 1879 671 1917 :
708 1864 772 1918 Et
799 1863 1112 1935 disperdam
1129 1868 1339 1920 terram
1363 1868 1710 1937 Phatures,et
1729 1868 1865 1924 dabo

222 1953 381 2020 ignem
410 1953 476 2006 in
508 1952 767 2021 Taphnis,
802 1953 921 2008 sive
953 1955 1014 2008 in
1043 1955 1236 2024 Tanin,
1268 1956 1542 2026 etfaciam
1571 1957 1783 2025 judicia
1805 1960 1867 2013 in

220 2056 295 2103 so,
327 2056 513 2111 quam
548 2040 940 2113 Septuaginta
971 2043 1277 2115 Diospolim
1306 2044 1739 2101 transtulerunt
1768 2064 1785 2100 :
1816 2055 1866 2102 et

220 2128 487 2199 eﬂ‘undam
538 2130 985 2200 indignationem
1038 2148 1219 2187 meam
1263 2148 1425 2204 super
1476 2133 1633 2203 Sain,
1693 2135 1868 2189 robur

219 2219 446 2288 .fgypti.
486 2216 778 2273 Phatures
809 2217 1246 2290 interpretatur,
1275 2224 1442 2292 panis
1486 2224 1825 2279 conculcatio
1848 2242 1866 2278 :

218 2306 496 2377 Taphnis,
526 2306 860 2362 mandatum
892 2307 1137 2364 humile:
1167 2308 1476 2381 Diospolis,
1513 2328 1617 2382 pro
1666 2328 1785 2383 qua
1812 2313 1869 2367 in

219 2394 445 2450 Hebraeo
478 2395 675 2466 posita
707 2400 797 2451 est
826 2414 920 2463 N0,
945 2398 1174 2468 requies.
1209 2398 1369 2466 Sain,
1422 2402 1650 2455 tentatio
1678 2416 1690 2454 :
1738 2401 1868 2472 qui-

214 2482 315 2538 bus
353 2483 707 2539 nominibus
753 2484 985 2540 diversa
1039 2484 1444 2542 haereticorum
1506 2493 1561 2543 et
1604 2488 1869 2544 omnium

214 2571 656 2627 mendaciorum
676 2572 1069 2628 conciliabula
1083 2575 1562 2631 demonstrantur
1585 2595 1596 2631 :
1625 2578 1721 2648 qui
1742 2595 1874 2633 eon-

217 2660 438 2716 calcant
464 2678 677 2732 panem
706 2661 1170 2718 ecclesiasticum
1197 2668 1372 2735 atque
1396 2672 1800 2734 contemnunt,
1819 2673 1875 2722 et

223 2756 551 2820 sequuntur
599 2751 945 2806 mandatum
984 2752 1232 2819 humile,
1260 2758 1317 2808 et
1364 2755 1433 2808 ad
1468 2755 1728 2809 cmlestia
1760 2773 1873 2811 non

217 2839 624 2907 perducens,et
654 2837 881 2894 deliciis
903 2845 1130 2906 vacant,
1154 2845 1211 2896 et
1239 2846 1377 2896 sunt
1401 2842 1456 2897 in
1476 2843 1671 2914 requie
1701 2862 1871 2916 ;qua-

213 2925 313 2980 lem
345 2927 401 2980 in
424 2925 740 2997 Evangelio
765 2927 1017 2999 legimus
1046 2928 1281 2985 divitem
1305 2936 1693 3003 purpuratum
1722 2934 1874 3004 (Luc.

214 3018 299 3081 1};
333 3020 392 3070 et
422 3015 822 3071 tentatoribus
865 3016 973 3087 [ΑΙ.
1021 3018 1465 3089 tentationihus]
1514 3019 1877 3075 inserviunt:

214 3120 459 3175 quorum
489 3121 648 3159 unus
669 3104 945 3176 expetita
966 3104 1234 3176 Domino,
1260 3112 1325 3161 ut
1344 3108 1607 3163 tentandi
1638 3109 1747 3164 Job
1773 3109 1881 3164 ha-

1975 1864 2066 1919 nis
2091 1879 2218 1919 esse
2245 1862 2585 1927 contritum,
2618 1864 2697 1918 ita
2723 1868 2787 1918 ut
2809 1864 3113 1920 deﬁciatin
3140 1880 3208 1920 ea
3225 1867 3650 1925 contumeliosa

1976 1953 2412 2018 fortitudo,sive
2443 1952 2717 2025 superbia
2775 1953 3041 2024 potentia:
3066 1955 3214 2024 ejus,
3238 1959 3296 2009 et
3316 1955 3648 2027 solisjusti-

1974 2042 2066 2096 tiae
2100 2041 2254 2096 radii
2290 2041 2348 2095 in
2374 2042 2533 2098 nube
2554 2046 2932 2109 czeeentur,et
2955 2058 3329 2114 nequaquam
3351 2043 3648 2116 mulieres,

1977 2131 2078 2187 sed
2117 2130 2249 2185 filia:
2283 2130 2586 2185 ducantur
2614 2130 2673 2185 in
2720 2132 3151 2203 captivitatem;
3203 2132 3491 2205 faciatque
3538 2134 3651 2190 Do-

1980 2220 2186 2274 minus
2220 2236 2335 2274 non
2364 2236 2547 2273 unum
2577 2220 2897 2290 judicium,
2952 2221 3049 2276 sed
3102 2221 3287 2277 multa
3334 2223 3562 2294 judicia
3589 2224 3650 2279 in

1977 2309 2242 2380 ngypto.
2278 2308 2445 2363 Sicut
2480 2308 2643 2363 enim
2691 2309 2979 2363 bonorum
3036 2310 3191 2381 apud
3235 2314 3461 2367 Patrem
3496 2313 3652 2368 804

1986 2397 2227 2452 diversae
2252 2402 2393 2451 sunt
2414 2396 2750 2451 mansiones
2777 2414 2789 2451 :
2813 2397 2894 2452 ita
2914 2402 2970 2452 et
2985 2397 3211 2470 Egypti
3226 2398 3651 2471 suppliciorum

1981 2486 2211 2540 diversa
2239 2485 2503 2555 judicia;
2538 2490 2603 2539 ut
2633 2500 2766 2539 eum
2798 2484 2919 2539 haec
2967 2486 3164 2540 omnia
3212 2486 3363 2541 facta
3392 2488 3606 2543 fuerint
3634 2499 3647 2538 ε

1982 2578 2341 2646 cognoscant
2372 2572 2621 2645 Egypti,
2675 2573 2829 2644 quod
2854 2573 2980 2644 ipse
3028 2573 3104 2628 sit
3146 2574 3451 2644 Dominus,
3480 2578 3651 2646 cujus

1975 2661 2200 2733 judicia
2232 2680 2365 2717 veru
2390 2662 2714 2733 justifieata
2746 2662 2803 2715 in
2831 2661 3181 2734 semetipsis.

2055 2752 2239 2823 (\‘ers.
2272 2754 2340 2804 20
2375 2751 2528 2821 seq.)
2579 2753 2641 2804 Et
2680 2752 2888 2820 factum
2935 2759 3012 2805 est
3056 2752 3113 2805 in
3164 2750 3450 2808 undecimo
3478 2769 3645 2825 anno,

1988 2843 2045 2893 in
2075 2842 2254 2911 primo
2287 2838 2484 2909 (Vulg.
2527 2837 2689 2892 addit
2717 2839 2945 2909 mense],
2978 2839 3039 2893 in
3063 2841 3292 2910 septima
3308 2843 3533 2912 mensis,
3563 2844 3649 2912 fa-

1985 2938 2129 2984 ctum
2154 2932 2232 2983 est
2262 2928 2492 2983 verbum
2514 2928 2733 2982 Domini
2761 2927 2835 2981 ad
2854 2944 2961 2998 me,
2994 2928 3209 2983 dicens:
3254 2930 3364 2983 Fili
3390 2928 3648 2994 hominis,

1992 3017 2278 3073 brachium
2313 3016 2624 3071 Pharaonis
2676 3018 2817 3087 regis
2862 3019 3080 3087 .ngypti
3135 3018 3403 3088 confregi,
3438 3022 3489 3073 el
3535 3035 3654 3076 ecce

1994 3122 2101 3161 non
2135 3114 2213 3161 est
2241 3106 2574 3175 obvolutum,
2610 3108 2670 3159 ut
2688 3106 3066 3162 restitueretur
3083 3107 3135 3160 ei
3163 3108 3394 3177 sanitas,
3423 3114 3474 3162 et
3507 3106 3650 3179 liga-

212 3174 369 3247 ὅθι-ει
388 3174 770 3264 potestatem.
796 3193 925 3248 Haec
952 3195 1150 3250 omnia
1176 3174 1454 3252 Dominus
1473 3197 1769 3269 disperdet
1791 3206 1875 3253 al-
1914 3174 1956 3241 (ἶ
1999 3199 2151 3250 retur
2168 3195 2390 3265 pannis,
2412 3202 2462 3248 et
2488 3194 2563 3265 (a)
2586 3194 3170 3260 sarcireturlinteolis(
3177 3194 3294 3250 sive
3315 3174 3651 3268 ut'accipe'ret

212 3297 315 3351 que
337 3282 664 3337 succendet
694 3285 752 3335 et
793 3280 1054 3337 effundet
1082 3300 1260 3355 super
1306 3300 1373 3340 ea
1414 3285 1875 3357 indignationem

208 3386 391 3433 suam.
421 3376 485 3426 et
514 3370 699 3425 robur
713 3371 940 3443 JEgypti
965 3372 1291 3445 dissipabit,
1317 3380 1383 3429 ut
1399 3375 1617 3431 redacti
1637 3376 1707 3431 ad
1730 3376 1878 3431 nihi-

208 3456 349 3525 lum,
373 3475 762 3531 nequaquam
794 3458 1078 3531 populum
1109 3461 1209 3516 Dei
1241 3461 1575 3531 sollieitent,
1598 3468 1653 3519 et
1682 3464 1740 3519 in
1774 3482 1879 3521 suo

207 3563 445 3618 sperare
482 3548 708 3603 faciant
735 3548 971 3617 auxilio,
996 3554 1061 3604 ut
1093 3550 1321 3606 deserta
1336 3551 1598 3617 veritate,
1619 3558 1884 3625 qumrant

206 3638 619 3704 mendactum,
653 3642 713 3692 et
740 3637 911 3709 quasi
942 3655 976 3692 a
1022 3638 1227 3695 baculo
1277 3640 1601 3696 arundineo
1661 3642 1742 3697 sic
1777 3659 1882 3697 suo

203 3725 359 3781 ³6³
390 3726 678 3798 prasidio
727 3725 1124 3783 vulnerentur.
1177 3728 1312 3785 Post
1360 3728 1480 3784 haec
1528 3730 1772 3786 dicitur:
1819 3735 1885 3788 Et

202 3816 549 3885 interﬁciant
580 3813 705 3869 sive
751 3815 1067 3887 disperdam
1114 3815 1534 3873 multitudinem
1563 3820 1882 3891 Mempheos,

201 3919 308 3973 pro
339 3921 459 3975 qua
495 3905 557 3959 in
591 3903 831 3960 Hebraeo
882 3905 1058 3961 habet
1108 3922 1202 3970 NO,
1253 3923 1432 3977 quam
1484 3925 1665 3980 supra
1708 3910 1883 3966 iidem

202 3991 608 4065 Septuaginta
633 3994 933 4064 Diospolim
961 3995 1408 4062 transtulerunt,
1442 4014 1567 4068 quae
1601 3998 1883 4070 interpre-

202 4082 810 4153 tatur,requies.Multi
841 4083 995 4138 enim
1026 4088 1166 4139 sunt
1191 4085 1287 4155 qui
1314 4088 1881 4158 queruntrequiem,

202 4175 257 4223 et
280 4174 491 4241 jacere
519 4170 730 4225 volunt
760 4188 937 4243 super
957 4171 1140 4227 lectos
1170 4174 1480 4240 eburneos,
1508 4179 1564 4229 et
1584 4176 1885 4232 comedere

198 4273 389 4331 agnos
420 4259 740 4315 lactentes.
772 4260 905 4315 Siva
924 4262 1095 4331 juxta
1125 4262 1529 4335 Septuaginta,
1571 4265 1671 4336 qui
1703 4265 1882 4322 inter-

198 4349 415 4416 pretati
452 4354 606 4403 sunt
636 4347 963 4420 Mempheos,
1017 4349 1189 4405 multi
1242 4356 1381 4406 sunt
1429 4352 1528 4423 qui
1560 4351 1886 4425 loquuntur

198 4434 337 4491 aliis
361 4454 376 4492 :
408 4439 651 4493 Dimitte
680 4442 741 4491 ut
768 4440 1020 4509 auferam
1048 4440 1315 4509 festucam
1343 4439 1409 4495 de
1438 4442 1591 4497 oculo
1621 4451 1880 4508 tuo,cum

1990 3283 2287 3354 malagma)
2316 3302 2334 3337 :
2358 3286 2410 3338 et
2442 3290 2656 3354 accepto
2682 3283 2893 3353 robore,
2948 3287 3121 3354 posset
3146 3292 3326 3340 tenere
3376 3286 3646 3354 gladium.

2000 3374 2293 3441 Propterea
2326 3372 2438 3426 haec
2466 3370 2600 3426 dicit
2629 3372 2895 3426 Dominus
2925 3373 3065 3427 Deus
3085 3391 3103 3425 :
3132 3373 3271 3427 Ecce
3290 3388 3384 3442 ego
3408 3373 3478 3428 ad
3503 3375 3647 3430 Pha.

1989 3477 2211 3517 raonem
2240 3476 2422 3529 regem
2453 3461 2695 3531 /Egypti,
2726 3468 2780 3514 et
2807 3462 3173 3515 comminuam
3200 3460 3483 3516 brachium
3530 3478 3647 3534 ejus

1989 3552 2148 3622 forte,
2179 3548 2273 3605 sed
2300 3549 2643 3621 confractum
2674 3549 2817 3618 (sive
2865 3548 3089 3603 brachia
3135 3550 3322 3617 fortia,
3372 3559 3425 3605 et
3459 3550 3644 3622 dispo-

1990 3641 2162 3694 sitas:
2193 3647 2245 3693 et
2273 3638 2536 3709 dejiciam
2566 3637 2815 3706 gladium
2843 3637 2908 3693 de
2953 3654 3120 3692 manu
3161 3639 3297 3709 ejus,
3347 3643 3400 3694 et
3428 3640 3643 3711 disper-

1991 3744 2122 3799 gam
2154 3728 2296 3798 (sive
2324 3727 2709 3795 disseminabo)
2736 3729 3029 3797 Egyptum
3060 3727 3119 3780 in
3145 3727 3412 3797 gentibus,
3444 3737 3497 3782 et
3524 3743 3649 3783 ven-

1994 3814 2174 3871 tilabo
2206 3831 2293 3870 eos
2324 3817 2383 3869 in
2412 3823 2589 3869 terras
2624 3813 2810 3886 [Vulg.
2843 3815 3054 3881 terris].
3086 3816 3151 3868 Et
3178 3815 3492 3885 confortabo
3525 3816 3649 3870 bra-

1992 3904 2117 3960 chia
2147 3906 2291 3972 regis
2317 3903 2636 3975 Babylonis,
2668 3903 2909 3974 daboque
2932 3902 3180 3973 gladium
3199 3920 3381 3959 meum
3402 3906 3462 3960 in
3481 3920 3652 3960 manu

1992 3994 2129 4064 ejus,
2164 3996 2214 4047 et
2242 3994 2591 4063 confringam
2623 3991 2851 4047 brachia
2866 3993 3203 4061 Pharaonis,
3233 3997 3288 4049 et
3315 4002 3529 4062 gement
3557 4010 3646 4063 ge-

1991 4082 2216 4137 mitibus
2249 4083 2526 4152 interfecti
2575 4097 2760 4137 coram
2786 4084 2931 4153 facie
2975 4083 3089 4153 ejus
3120 4082 3264 4153 (sive
3314 4088 3380 4137 ut
3408 4082 3467 4137 in
3512 4081 3652 4138 LXX

1994 4170 2357 4227 continetur:
2393 4170 2459 4224 Et
2488 4169 2707 4225 inducet
2753 4170 3000 4241 gladium
3046 4187 3209 4242 super
3253 4172 3567 4243 AEgyptum,
3598 4179 3653 4229 et

1990 4259 2346 4332 populabitur
2368 4258 2592 4330 praedas
2617 4259 2755 4329 ejus,
2777 4263 2827 4313 et
2855 4258 3121 4330 spoliabit
3149 4261 3325 4331 spolia
3344 4261 3518 4316 illius.
3556 4261 3652 4315 Se-

1994 4349 2255 4421 quitur):
2288 4349 2351 4402 Et
2399 4348 2715 4418 confortabo
2763 4348 2988 4403 brachia
3034 4351 3179 4420 regis
3227 4349 3557 4420 Babylonis,
3600 4357 3652 4404 et

1995 4437 2220 4493 brachia
2245 4438 2555 4492 Pharaonis
2586 4436 2817 4492 cadent:
2850 4445 2899 4491 et
2944 4439 3114 4492 scient
3157 4439 3291 4509 quia
3338 4453 3431 4508 ego
3460 4438 3648 4492 Domi-

198 4525 315 4595 ipsi
344 4526 558 4582 trabes
593 4524 849 4580 habeant
879 4525 938 4581 in
969 4543 1096 4582 suo.
1130 4528 1428 4600 Daturque
1450 4529 1605 4601 ignis
1635 4531 1693 4585 in
1719 4532 1960 4605 ίδΕεγ-Ὶ)
1990 4543 2112 4593 nus,
2146 4543 2274 4581 cum
2305 4525 2496 4582 dedero
2525 4526 2774 4594 gladium
2806 4542 2992 4580 meum
3021 4526 3080 4581 in
3109 4543 3279 4582 manu
3306 4528 3453 4595 regis
3479 4526 3653 4599 Baby-

191 4617 433 4688 μθ,ᾳοὶ
450 4614 847 4671 verbositates
870 4620 1046 4687 atque
1063 4615 1306 4672 delicias
1331 4633 1437 4672 suo
1459 4619 1663 4675 ardore
1680 4636 1889 4676 consu-

2001 4617 2222 4685 lonis,et
2240 4614 2547 4671 attenderit
2566 4631 2689 4669 eum
2709 4630 2869 4686 super
2882 4619 3092 4669 terram
3112 4616 3417 4687 {Egi/ptum
3435 4614 3650 4685 disper-

191 4710 343 4759 [κλει.
372 4702 619 4761 Delebit
650 4704 927 4760 universa
958 4706 1229 4773 tentatio,
1262 4710 1318 4761 et
1348 4706 1406 4760 in
1440 4706 1719 4779 Diospoli,
1763 4726 1889 4780 quas
1998 4705 2126 4760 dam
2158 4703 2353 4776 [Vulg.
2385 4703 2716 4775 dispergam]
2749 4705 3039 4774 [Egyptum
3059 4705 3121 4758 in
3139 4705 3408 4770 nationes,
3442 4707 3493 4757 et
3519 4718 3650 4758 ven-

188 4807 447 4848 tur-sum
485 4794 544 4847 in
573 4791 812 4848 Hebraeo
847 4811 920 4848 so
950 4793 1206 4866 ponitur,
1238 4795 1346 4850 erit
1377 4795 1674 4864 scissura;
1709 4803 1771 4852 ut
1800 4798 1888 4867 ef;

188 4878 541 4936 fundantur
552 4897 721 4953 aqua:
735 4898 827 4937 om
840 4880 1044 4954 nisque
1057 4883 1314 4954 pessima
1330 4885 1700 4958 congregatio
1716 4886 1887 4942 dissi-

190 4974 394 5039 petur,
429 4974 492 5025 et
522 4970 644 5025 huc
678 4969 936 5043 illucque
967 4972 1279 5043 dispereat.
1315 4971 1415 5028 Vel
1439 4974 1608 5044 juxta
1648 4975 1884 5030 Hebrai-

188 5073 335 5113 eum
366 5058 433 5114 in
470 5059 766 5130 Memphis
792 5064 963 5115 erunt
983 5060 1266 5132 angustiae
1291 5060 1664 5133 quotidianae,
1688 5071 1751 5119 ut
1774 5081 1880 5136 pro

194 5148 365 5202 omni
400 5147 590 5203 verbo
615 5148 802 5204 otioso
834 5148 1079 5204 reddant
1108 5150 1414 5217 rationem,
1448 5154 1513 5205 ut
1552 5151 1884 5226 intelligant

200 5234 355 5290 nihil
387 5236 695 5292 dictorum
726 5254 967 5293 suorum
1000 5237 1231 5294 Domini
1245 5238 1538 5309 judicium
1561 5242 1874 5312 praeterire.

278 5396 357 5471 (ᾳ)
392 5393 696 5471 Rescribit
712 5393 1512 5471 Victorius,sareiretur,quod
1528 5399 1794 5471 proprius
1806 5401 1878 5456 ad

204 5462 484 5539 Vulgata
505 5465 817 5522 lectionem
840 5472 948 5533 est,
977 5462 1702 5541 [asciaretum'eique'satis
1734 5472 1879 5528 bene

208 5556 718 5628 respondet,quod
744 5560 833 5612 est
854 5556 913 5611 in
936 5557 1215 5615 Hebraico
1229 5559 1467 5614 verbum
1484 5545 1876 5622 nwnn‘a.Nam

204 5625 352 5691 32h
382 5625 688 5704 signiticet
733 5628 989 5705 alligare,
1021 5630 1197 5702 Exod,
1228 5646 1403 5705 xxvu,
1452 5630 1586 5690 Isai.
1618 5647 1746 5690 xxx.
1782 5632 1875 5695 Sic

1999 4794 2167 4849 litabo
2183 4808 2270 4849 eos
2285 4795 2342 4846 in
2354 4797 2548 4862 terras,
2571 4795 2621 4847 et
2633 4795 2806 4847 scient
2826 4794 2958 4862 quia
2970 4808 3065 4860 ego
3077 4793 3359 4847 Dominus.
3395 4791 3650 4846 Reverti-

1998 4886 2094 4936 tur
2124 4882 2193 4935 ad
2218 4880 2480 4935 ordinem
2517 4879 2832 4951 prophetica
2857 4896 2869 4946 ;
2896 4886 3028 4950 post
3050 4878 3390 4933 vicesimum
3416 4878 3570 4932 enim
3593 4881 3652 4933 et

1994 4969 2309 5041 septimum
2326 4985 2545 5023 annum
2562 4967 3443 5040 nuncponitundecimumﬂuze
3458 4984 3647 5038 quaes-

1992 5058 2072 5113 tio
2094 5057 2339 5113 etiamin
2355 5055 3269 5128 superioribuseontinetur.Cum
3284 5056 3438 5111 enim
3455 5073 3647 5113 sermo

1994 5146 2225 5201 Domini
2239 5146 2662 5217 contraTyrum
2678 5145 2865 5199 factus
2881 5144 3028 5200 sitin
3045 5161 3197 5200 anno
3210 5144 3648 5217 undecimo,qui

1992 5234 2161 5308 prius
2174 5233 2399 5307 positus
2413 5232 2586 5302 est,in
2610 5232 3105 5303 consequentibus
3126 5231 3388 5304 loquitur
3409 5231 3483 5286 ad
3501 5230 3648 5287 Pha-

1988 5391 2049 5452 in
2075 5394 2441 5468 expositione
2470 5392 2734 5468 subnexa
2762 5393 3153 5468 Hieronymus
3199 5392 3522 5468 Brachium,
3554 5390 3644 5447 in-

1988 5467 2132 5540 quit,
2154 5464 2283 5540 'ejus
2311 5466 2642 5533 confregisse
2663 5480 2721 5518 se
2748 5464 2904 5540 dicit,
2937 5470 3128 5540 etnon
3156 5480 3271 5521 esse
3308 5464 3639 5535 obvolutum,

1985 5537 2531 5620 nequeligatummec
2553 5543 2777 5620 sartum
2813 5537 3077 5620 linteolis.
3110 5540 3235 5620 Mox
3266 5552 3368 5610 pro
3398 5542 3633 5618 accepto,

1984 5606 2141 5671 idem
2170 5606 2594 5683 Viotor.recepto
2624 5622 2693 5667 ex
2719 5606 2969 5684 Vulgata
2998 5608 3212 5687 posuit.

3246 5858 3287 5871 ,θ’
