4006 6180
368 236 486 303 295
1611 240 1675 301 s.
1723 237 1974 304 EUSEB
2018 238 2072 302 11
2116 222 2563 300 HIERONYMI
3034 254 3039 257 -
3702 232 3816 296 296

366 386 608 428 raonem
639 387 792 426 anno
823 368 1089 425 decimo:
1116 384 1475 441 rursumque
1496 369 1660 441 ponit
1693 358 2035 426 vicesimum
2066 373 2122 439 Α
2151 383 2386 442 quoque
2411 371 2469 424 et
2496 366 2724 437 Esther,
2775 363 3013 422 Samuel
3045 369 3103 421 et
3151 363 3489 435 Malachim,
3521 364 3817 439 Paralipo-

373 459 790 532 septimum,ut
810 457 1151 527 diximus,et
1164 473 1321 514 nunc
1336 458 1824 515 undecimum.Ut
1845 463 2048 516 caetera
2155 474 2370 513 menon
2405 457 2551 512 liber
2577 460 2635 511 et
2660 456 2837 522 Ezraa,
2858 455 3066 526 juncto
3115 453 3228 510 sibi
3260 454 3481 526 pariter
3508 452 3815 522 Nehemia,

363 547 811 620 praetermittam
837 563 964 619 quae
991 545 1051 601 in
1093 545 1461 619 psalmorum
1499 547 1702 603 ordine
1739 548 2045 604 coutinen-
2154 550 2569 618 praeposteram
2584 543 2979 600 narrationem
3009 558 3383 616 nequaquam
3404 541 3816 614 reperit-LEM

362 641 462 692 tur
487 654 500 692 :
534 636 839 708 quaeritur,
864 635 1162 708 quomodo
1180 636 1390 692 tertius
1436 636 1703 707 psalmus
1744 653 2043 710 praepona-
2153 636 2225 691 de
2247 651 2533 691 annorum
2556 634 2758 690 ordine
2780 631 2996 688 dixisse
3013 632 3288 688 sufﬁciat.
3320 632 3489 688 Nunc
3507 631 3815 688 videamus

363 728 466 781 tur
507 724 602 781 his
662 724 908 797 psalmis
958 724 1019 779 in
1070 724 1287 796 quibus
1338 725 1586 780 mutavit
1633 725 1839 781 faciem
1872 742 2041 781 suam
2150 740 2278 796 quae
2310 728 2510 779 contra
2531 722 2913 792 Pharaonem,
2936 722 3090 777 866
3112 720 3232 777 sive
3252 722 3324 777 de
3354 719 3662 777 Pharaone
3683 737 3813 793 pro-

366 813 550 869 David
581 830 777 871 coram
827 812 1187 884 Abimelech,
1235 816 1292 869 et
1332 812 1403 869 de
1452 813 1602 869 Doec
1658 813 1933 882 Idumaeo,
1981 806 2041 868 et
2147 812 2346 884 phetia
2377 812 2471 868 sit.
2529 810 2839 866 Brachium
2867 810 2996 881 ejus
3043 810 3401 883 confregisse
3453 826 3517 866 se
3547 809 3714 876 dicit,
3759 814 3815 866 et

365 903 607 975 quando
636 903 908 969 inventus
956 901 1136 956 estin
1188 900 1487 973 spelunca,
1529 906 1587 957 et
1617 901 2037 974 quinquagesi-
2145 918 2263 957 non
2297 917 2427 958 esse
2486 899 2826 956 obvolutum
2861 915 3050 971 neque
3107 897 3378 971 ligatum,
3439 914 3547 954 nec
3578 903 3811 954 sartum

362 1008 503 1048 mus
562 990 941 1064 paenitentiae,
1003 990 1061 1045 in
1113 991 1282 1061 cujus
1341 990 1511 1046 titulo
1574 992 2033 1061 demonstratur,
2144 990 2402 1056 inteolis,
2434 1006 2539 1045 nec
2574 989 2870 1060 accepisse
2903 988 3219 1060 malagma,
3252 988 3416 1060 juxta
3474 986 3626 1042 illud
3656 988 3809 1060 quod

362 1081 521 1153 quod
553 1080 847 1135 introierit
894 1079 967 1133 ad
1018 1079 1340 1135 Bethsabee
1380 1095 1618 1135 uxorem
1669 1080 1837 1151 Uriae,
1880 1081 2029 1146 365
2142 1080 2433 1152 scriptum
2465 1083 2585 1135 est:
2620 1080 2736 1133 Non
2764 1081 2843 1134 est
2863 1078 3142 1148 malagma
3161 1078 3460 1147 imponere.
3484 1092 3587 1131 nec
3605 1076 3807 1148 oleum,

363 1186 498 1225 cum
529 1167 755 1241 priores
782 1168 901 1223 sint
930 1168 1026 1224 isti
1057 1167 1272 1240 psalmi
1322 1169 1515 1236 tertio,
1565 1168 1623 1223 in
1673 1185 1788 1240 quo
1833 1169 2033 1240 fugere
2138 1186 2238 1226 nec
2268 1170 2596 1240 alligaturus
2650 1169 2778 1235 (Isa.
2813 1183 2851 1237 ι,
2908 1182 3013 1221 sec.
3058 1165 3240 1237 LXX).
3297 1165 3457 1231 Quod
3491 1165 3541 1220 si
3588 1165 3808 1223 factum

362 1260 600 1313 notatur
634 1275 668 1312 a
704 1257 850 1313 facie
881 1256 987 1311 filii
1021 1256 1112 1312 sui
1143 1256 1487 1313 Abessalon.
1542 1257 1654 1313 Sed
1687 1257 1745 1312 in
1777 1257 2030 1313 Psalmis
2138 1258 2366 1324 fuisset,
2432 1255 2633 1328 utique
2682 1259 2912 1327 recepta
2956 1254 3320 1320 fortitudine,
3369 1258 3569 1326 posset
3614 1259 3813 1310 tenere

361 1345 552 1402 facilis
604 1346 905 1419 responsio
958 1350 1064 1416 est,
1111 1361 1345 1401 carmen
1395 1362 1522 1401 esse
1572 1344 1840 1419 lyricum,
1873 1349 1930 1401 et
1966 1346 2026 1400 in
2135 1346 2425 1420 gladium,
2459 1350 2515 1400 et
2543 1346 2615 1399 ad
2641 1343 2795 1400 bella
2827 1344 3161 1416 procedere.
3197 1342 3413 1399 Idcirco
3462 1341 3726 1400 clemens
3757 1349 3814 1400 et

362 1432 770 1503 hujuscemodi
804 1449 977 1505 opere
1026 1450 1143 1488 non
1194 1434 1371 1504 quaeri
1423 1433 1684 1489 ordinem
1728 1434 2025 1503 historiae;
2103 1435 2482 1491 'misericors
2514 1433 2669 1490 Deus
2691 1449 2925 1488 rursum
2948 1431 3297 1488 comminuit
3325 1431 3634 1487 brachium
3658 1433 3810 1504 ejus,

362 1522 465 1578 sed
497 1523 784 1578 factorum
818 1521 1083 1578 carmina
1112 1521 1505 1595 singulorum.
1530 1523 1594 1578 In
1619 1522 1864 1579 historia
1893 1539 2025 1579 vero
2135 1523 2255 1579 sive
2271 1523 2455 1578 brach
2472 1521 2548 1589 ia,
2582 1526 2651 1578 ut
2674 1522 2906 1594 penitus
2919 1522 3087 1577 cadat
3106 1520 3338 1593 gladius
3362 1521 3432 1576 de
3454 1537 3635 1576 manu
3657 1522 3811 1593 ejus,

360 1609 507 1666 illud
541 1610 858 1668 dicendum
890 1615 998 1683 est,
1031 1627 1099 1666 ea
1129 1628 1257 1683 quas
1288 1612 1359 1667 de
1392 1629 1507 1667 una
1531 1628 1591 1668 re
1622 1611 1869 1667 diversis
1887 1616 2027 1668 sunt
2134 1617 2192 1668 et
2221 1612 2281 1667 in
2307 1617 2510 1683 gentes
2540 1612 2835 1684 IEgyptus
2866 1610 3260 1682 dispergatur,
3308 1615 3366 1665 et
3403 1610 3721 1665 ventilatur
3748 1611 3809 1666 in

359 1699 516 1756 dicta
545 1700 932 1772 temporibus,
967 1718 1080 1756 non
1110 1700 1319 1756 debere
1370 1700 1629 1756 oratione
1678 1700 1878 1767 dividi,
1922 1703 2021 1757 sed
2056 1742 2100 1772 η
2131 1703 2412 1757 terras.ln
2436 1700 2672 1755 brachio
2695 1704 2890 1755 autem
2915 1699 3093 1755 robur
3112 1699 3189 1770 (α)
3216 1698 3413 1771 accipe
3436 1705 3493 1754 et
3513 1699 3808 1763 fortitud1_

282 1850 292 1867 ι
358 1789 537 1845 unius
568 1789 679 1846 loci
710 1790 1044 1846 narratione
1060 1788 1351 1845 concludi.
1375 1789 1547 1844 Verbi
1570 1790 1776 1863 gratia,
1810 1794 1874 1844 ut
1895 1806 2022 1861 quae
2054 1788 2102 1806 ¹¹
2137 1806 2292 1862 nem,
2328 1790 2553 1845 dicente
2583 1789 2918 1861 Scriptura:
2958 1789 3185 1843 Contere
3235 1788 3520 1843 brachium
3551 1793 3803 1860 peccato-

358 1877 430 1933 de
460 1882 705 1952 rEgypto
736 1878 894 1934 dicta
923 1884 1062 1934 sunt
1093 1879 1206 1934 alio
1237 1883 1413 1950 atque
1446 1876 1561 1934 alio
1591 1882 1873 1950 tempore,
1906 1896 2023 1935 uno
2134 1880 2214 1934 ris
2244 1881 2293 1934 et
2321 1880 2557 1949 maligni
2586 1878 2755 1950 (Psal.
2790 1895 2867 1945 1x,
2901 1877 3011 1948 15).
3043 1877 3205 1942 Quod
3255 1876 3575 1932 conteritur
3602 1875 3664 1932 in
3697 1877 3808 1932 ad-

358 1965 624 2023 iectionis
655 1967 858 2022 ordine
875 1971 1322 2037 cognoscantur.
1357 1967 1499 2023 Cum
1535 1967 1653 2022 hcce
1679 1965 2020 2032 dixerimus,
2132 1966 2407 2024 versariis
2459 1966 2698 2033 nostris,
2768 1966 3004 2038 quando
3053 1981 3161 2020 nos
3208 1968 3641 2037 persequuntur
3671 1965 3808 2037 qui-

359 2059 559 2111 manet
587 2054 976 2111 nihilominus
1007 2056 1251 2127 quaestio
1277 2074 1290 2111 :
1323 2062 1435 2111 Cur
1464 2057 1522 2111 in
1556 2055 1665 2112 hoc
1694 2057 1901 2112 eodem
1934 2056 2018 2112 lo-
2132 2057 2289 2123 dem,
2316 2057 2416 2112 sed
2441 2055 2775 2128 opprimere
2797 2057 3116 2125 nequeunt.
3149 2053 3219 2108 Et
3249 2070 3352 2125 pro
3382 2052 3574 2110 salute
3603 2044 3806 2110 servo?

358 2160 424 2200 co
454 2144 712 2216 primum
736 2144 923 2200 factus
955 2145 1032 2201 sit
1062 2160 1254 2199 sermo
1290 2144 1517 2200 Domini
1550 2145 1622 2199 ad
1656 2144 2018 2200 Pharaonem
2133 2162 2266 2200 rum
2299 2145 2403 2201 Dei
2450 2145 2731 2200 adversus
2765 2142 3127 2198 Pharaonem
3176 2159 3275 2197 rex
3305 2141 3619 2215 Babylonis
3649 2159 3808 2215 saepe

357 2248 511 2289 anno
544 2233 871 2302 undecimo,
894 2238 1166 2305 etpostea
1194 2233 1473 2289 vicesimo
1501 2233 1835 2305 septimo,et
1856 2233 2017 2289 dein-
2139 2234 2466 2306 consurgit,
2492 2238 2555 2289 ut
2577 2236 2871 2305 potentem
2898 2231 3192 2303 Opprimat
3239 2230 3546 2303 potentior,
3580 2235 3640 2286 et
3661 2230 3806 2287 mali

356 2336 495 2393 ceps
511 2339 664 2378 anno
682 2321 930 2388 decimo,
949 2338 1082 2377 cum
1107 2322 1309 2395 utique
1324 2323 1495 2394 juxta
1524 2323 1811 2390 ordinem,
1828 2322 2017 2395 primo
2127 2323 2435 2379 tradantur
2464 2321 2783 2395 pejoribus,
2814 2320 3175 2377 confortante
3210 2320 3322 2375 Deo
3343 2318 3586 2375 brachia
3608 2320 3794 2392 pessi-

352 2409 904 2478 decimus,secundo
935 2410 1282 2467 undecimus
1312 2410 1507 2478 tertio,
1557 2411 1873 2467 vicesimus
1924 2426 2015 2467 se-
2128 2428 2381 2477 morum,
2432 2416 2497 2466 ut
2544 2411 2688 2466 sciat
2719 2410 2820 2482 qui
2872 2409 3154 2465 liberatus
3205 2413 3314 2474 est,
3364 2409 3518 2480 quod
3552 2408 3683 2481 ipse
3713 2410 3795 2465 sit

355 2498 577 2572 ptimus
607 2498 1094 2573 annus,singulis
1116 2500 1435 2572 prophetiis
1458 2500 1766 2556 debuerint
1795 2517 2015 2572 prmno-
2126 2500 2450 2557 Dominus:
2507 2500 2829 2571 profectum
2881 2502 3078 2553 autem
3132 2514 3261 2553 esse
3314 2496 3577 2567 virtutis,
3638 2498 3791 2554 scire

354 2587 489 2644 tari.
522 2588 610 2644 Ad
644 2589 798 2661 quod
833 2588 977 2644 illud
1010 2605 1327 2661 possumus
1386 2590 1773 2661 respondere:
1810 2588 1850 2643 0
1885 2606 2013 2661 pro-
2125 2590 2422 2662 quodipse
2447 2590 2523 2644 sit
2543 2586 3193 2644 Dominus.Econtrario
3217 2602 3536 2658 possumus
3557 2586 3789 2644 dicere:

352 2677 589 2747 fundum
631 2677 962 2733 divitiarum
992 2679 1279 2749 sapientia:
1324 2682 1376 2732 et
1404 2680 1646 2733 scientiae
1701 2680 1815 2748 Dei,
1850 2694 2015 2749 quam
2123 2679 2257 2734 Filii
2273 2680 2413 2744 Heli,
2439 2679 2549 2750 ﬁlii
2563 2678 2912 2748 pestilentiae,
2946 2678 3239 2731 nescientes
3268 2677 3439 2730 Deum
3469 2675 3521 2746 (Ι
3563 2676 3696 2747 Reg.
3726 2693 3789 2746 ιι,

354 2765 743 2819 inserulabilia
790 2766 994 2832 iudicio
1024 2767 1140 2837 ejus
1195 2774 1247 2821 et
1299 2767 1708 2837 investigabiles
1735 2769 1842 2823 viae
1896 2768 2014 2837 ejus
2122 2768 2234 2839 22).
2267 2768 2336 2822 Et
2367 2767 2425 2821 in
2472 2768 2686 2823 bonam
2738 2770 2961 2838 partem
3011 2765 3082 2820 de
3130 2764 3367 2837 regibus
3412 2764 3514 2835 qui
3558 2768 3792 2820 rectum

355 2850 530 2921 (Rom.
565 2869 626 2917 ιι,
658 2852 771 2920 33).
816 2853 884 2907 Et
936 2854 996 2907 in
1027 2853 1138 2908 alio
1194 2854 1319 2909 loco
1348 2872 1361 2909 :
1395 2856 1663 2926 Abyssum
1715 2858 1765 2909 et
1791 2857 2011 2926 sapien-
2125 2856 2384 2911 fecerunt
2413 2855 2472 2910 in
2504 2860 2816 2926 conspectu
2840 2854 2939 2910 Dei
2964 2854 3252 2924 scriptum
3292 2857 3400 2922 est,
3421 2852 3573 2924 quod
3602 2869 3793 2909 nove-

353 2940 492 2994 tiam
521 2941 644 3010 quis
673 2941 1021 3011 investigabit
1050 2943 1237 3011 (Eecli.
1271 2960 1310 3010 ι,
1342 2945 1396 3006 2,
1430 2944 1505 3012 3).
1558 2944 1877 2999 Possumus
1908 2960 2010 2998 au-
2124 2944 2242 2998 rint
2269 2943 2757 2999 Dominum.lllud
2784 2948 2975 2998 autem
3000 2942 3152 3014 quod
3178 2943 3237 2997 in
3263 2941 3402 2996 LXX
3432 2941 3679 2996 dicitur:
3717 2943 3794 2998 Et

352 3030 474 3083 tem
504 3027 612 3084 hoc
642 3027 852 3095 dicere,
888 3030 1038 3101 quod
1091 3034 1148 3084 et
1192 3030 1249 3084 in
1302 3031 1605 3103 Prophetis
1637 3040 2007 3107 nequaquam
2120 3042 2398 3089 conteram
2424 3033 2646 3088 brachia
2668 3034 2784 3104 ejus
2804 3032 2973 3104 fortia
2993 3040 3045 3087 et
3073 3032 3356 3102 disposita,
3397 3030 3550 3102 quod
3580 3029 3791 3087 Graece

354 3114 609 3171 historiae
639 3116 779 3171 ordo
802 3122 1083 3189 servetur,
1117 3119 1423 3174 dumtaxat
1453 3137 1565 3175 non
1615 3120 1673 3175 in
1706 3120 2003 3188 omnibus,
2036 3109 2078 3173 C
2116 3122 2329 3177 dicitur
2355 3121 3045 3195 rszayuéva,scriptorum
3072 3120 3207 3174 vitio
3257 3120 3639 3191 depravatum
3694 3136 3792 3190 est,

354 3203 456 3258 sed
479 3203 537 3259 in
586 3203 940 3277 quibusdam
987 3205 1150 3277 locis,
1185 3224 1374 3279 neque
1404 3208 1558 3263 enim
1594 3213 1833 3264 narrant
1860 3227 1936 3281 pr:

2228 3212 2382 3266 enim
2409 3212 2774 3283 interpretati
2800 3214 3068 3265 suntnon
3087 3207 3494 3282 τεταγμένα,(ὺ)
3513 3210 3613 3264 sed
3636 3228 3791 3263 τετα-

352 3291 654 3363 terita,sed
679 3292 874 3349 futura
909 3295 1323 3366 praenuntiant,
1359 3302 1533 3368 prout
1579 3296 1847 3353 voluntas
1878 3300 2007 3371 Spi-
2122 3299 2272 3371 μένα,
2316 3301 2424 3355 hoc
2471 3305 2578 3367 est,
2613 3317 2725 3355 non
2770 3300 3035 3371 deposita,
3087 3299 3190 3354 sed
3222 3301 3467 3353 extenta.
3522 3298 3628 3353 Pro
3662 3315 3789 3370 quo

356 3380 508 3437 ritus
540 3383 725 3438 sancti
758 3382 951 3439 fuerit.
997 3386 1057 3440 In
1104 3385 1347 3442 historia
1374 3404 1529 3454 vero,
1563 3392 1628 3443 ut
1657 3391 1796 3443 sunt
1826 3389 2009 3461 Moysi
2110 3389 2281 3461 juxta
2305 3389 2790 3444 consuetudinem
2841 3404 3009 3443 suam
3033 3386 3131 3443 alii
3188 3386 3537 3459 interpretes
3565 3387 3794 3443 excelsa

355 3470 615 3543 quinque
645 3470 800 3541 libri,
834 3478 891 3530 et
908 3474 1071 3543 Jesu,
1102 3481 1160 3531 et
1185 3474 1460 3532 Judicum
1491 3475 1808 3544 volumina,
1853 3477 2008 3533 Ruth
2119 3482 2462 3550 posuerunt.

425 3612 502 3693 (ιι)
531 3613 741 3693 Vatic.,_
773 3618 942 3673 robur
968 3619 1161 3690 accipi,
1193 3622 1245 3674 et
1279 3618 1549 3692 fortitudo
1577 3623 1768 3693 potest,
1800 3621 2012 3678 dicente
2121 3622 2348 3677 codices
2380 3620 2470 3676 hic
2502 3622 2790 3678 retineant
2822 3622 3021 3693 Latino
3052 3621 3384 3677 charactere
3406 3624 3706 3689 tetamena,
3726 3620 3792 3677 id

355 3682 803 3766 δθῗῗΡέηῖῘᾳθβίθο
853 3762 861 3766 _
1002 3760 1027 3766 ,
1076 3682 1096 3766 Α.
1148 3682 1158 3689 ’
1279 3682 1292 3692 ’
1577 3682 1617 3766 ’,
1754 3682 1764 3687 ⁷
1878 3746 1895 3763 ,
2120 3699 2231 3763 est,
2250 3701 2524 3766 porrecta,
2556 3694 2786 3749 averbo
2815 3691 2978 3746 τείνω
3019 3694 3205 3749 MART.

422 3756 653 3828 (b)Editi
666 3756 1187 3832 leguntconfictam
1200 3778 1400 3819 vocem
1411 3760 1850 3834 τετειμὲνα,οιιω
1866 3756 2010 3821 mss.

1479 4023 1892 4115 LIBER
1980 4024 2615 4118 DECIMUS.

1842 4209 2265 4221 ———_——

417 4304 661 4376 Vellem,
686 4311 750 4364 ut
770 4310 1041 4381 antejam
1061 4310 1200 4380 dixi,
1222 4312 1559 4387 prOphetias
1589 4320 1791 4371 contra
1819 4334 1997 4374 unam
2109 4318 2333 4384 chium,
2392 4314 2549 4372 eleva
2600 4333 2733 4373 cum
2784 4319 2979 4392 Moyse
3022 4334 3235 4374 manus
3286 4320 3352 4373 ut
3403 4320 3606 4372 nostra
3654 4315 3797 4372 vic-

347 4395 728 4467 provinciam,
788 4403 890 4453 aut
944 4417 1127 4456 unum
1178 4416 1394 4474 regem,
1452 4403 1661 4459 iisdem
1692 4405 2000 4476 explanare
2109 4406 2258 4462 toria
2313 4410 2549 4461 tuarum
2625 4407 2956 4463 orationum
3030 4407 3258 4462 fructus
3337 4404 3433 4462 sit.
3492 4405 3616 4459 Non
3690 4411 3801 4462 est

345 4483 535 4553 libris,
566 4490 625 4542 et
655 4503 1028 4560 nequaquam
1060 4507 1298 4547 sensum
1324 4491 1855 4551 lectorisdividere.
1889 4497 2000 4553 Sed
2110 4495 2266 4551 enim
2333 4494 2577 4550 volentis
2650 4512 2839 4567 neque
2895 4496 3216 4564 currentis,
3278 4494 3380 4551 sed
3440 4492 3800 4551 miserentis

346 4573 488 4646 quid
518 4574 728 4632 faciam
759 4575 1132 4650 longitudini,
1165 4597 1291 4652 qum
1322 4581 1435 4636 nisi
1463 4580 1756 4637 dividatur
1778 4583 1834 4638 in
1869 4602 1999 4657 par-
2111 4584 2283 4656 (Rom.
2318 4601 2395 4647 ιχ.
2426 4582 2648 4654 l6),Dei
2680 4585 2778 4655 qui
2810 4584 3071 4656 loquitur
3091 4584 3163 4639 ad
3190 4581 3570 4657 prophetam:
3598 4584 3800 4654 Aperi

346 4666 456 4731 tes,
487 4665 730 4721 modum
755 4665 1072 4723 voluminis
1101 4668 1397 4741 egreditur
1420 4712 1433 4736 ,
1467 4673 1523 4725 et
1543 4670 1771 4726 infinita
1791 4689 2002 4747 conge-
2110 4691 2176 4731 os
2205 4679 2374 4730 tuum
2407 4676 2464 4729 et
2492 4672 2821 4745 adimplebo
2854 4673 2996 4729 illud
3031 4677 3147 4742 (Ps.
3172 4689 3335 4740 Lxxx,
3362 4673 3425 4727 11
3431 4671 3466 4745 )
3491 4689 3504 4740 ;
3527 4671 3804 4743 prophe-

348 4752 483 4819 ries,
514 4757 635 4809 tam
686 4755 950 4827 dictanti,
977 4772 1153 4828 quam
1196 4756 1408 4829 legenti
1447 4759 1786 4816 367-368
1821 4764 1999 4820 mole-
2109 4767 2170 4818 ta
2199 4763 2272 4817 ad
2309 4761 2619 4817 Dominum
2653 4762 3070 4833 respondente:
3102 4760 3320 4833 Aperui
3369 4776 3434 4816 os
3463 4774 3689 4827 meum,
3718 4764 3803 4816 et

284 4842 293 4851 ‘
347 4843 440 4896 sta
457 4843 591 4898 est?
622 4844 822 4918 Itaque
852 4848 986 4917 post
1015 4862 1344 4902 sermonem
1375 4852 1578 4903 contra
1605 4851 1916 4923 [Egyptum
1941 4857 1997 4909 et
2025 4854 2072 4919 D
2103 4851 2311 4907 attraxi
2343 4850 2615 4923 spiritum
2658 4851 2827 4922 (Psal.
2880 4868 3072 4922 cxvm,
3127 4851 3291 4922 331);
3343 4848 3444 4921 qui
3494 4848 3594 4903 ubi
3648 4847 3802 4904 vult

343 4926 643 4998 planctum
667 4935 817 5005 ejus,
851 4950 1166 5007 regemque
1192 4935 1534 5007 Egypti,de
1562 4939 1732 5008 cujus
1763 4940 2001 4996 brachio
2112 4940 2315 5012 spirat.
2367 4939 2473 4995 Ubi
2531 4944 2725 4995 autem
2786 4940 3027 5012 spiritus
3084 4939 3334 4995 Domini.
3395 4938 3477 4994 ibi
3528 4937 3805 4995 libertas

296 5042 303 5050 ι
344 5030 714 5088 nequaquam
744 5022 1034 5094 obvoluto,
1067 5039 1255 5095 neque
1286 5024 1555 5080 restituto
1604 5027 1864 5098 pristina
1907 5047 1999 5086 sa-
2109 5029 2289 5098 (Joan,
2320 5046 2402 5098 ιιι,
2436 5029 2507 5095 8;
2542 5028 2591 5083 ll
2620 5027 2739 5083 Cor.
2775 5046 2863 5095 ιιι,
2897 5030 3005 5101 17),
3056 5046 3172 5101 qua
3222 5028 3486 5083 libertate
3534 5025 3811 5083 donavit

345 5102 539 5177 nitati,
567 5106 628 5162 in
661 5110 872 5168 ultima
894 5117 1055 5184 parte
1072 5111 1355 5168 nonilibri
1378 5112 1653 5184 diximus,
1675 5116 2000 5174 transimus
2109 5134 2215 5172 nos
2246 5115 2551 5172 Dominus.
2585 5118 2769 5182 Quam
2802 5118 3019 5173 frustra
3051 5134 3114 5173 se
3170 5116 3359 5173 Judazi
3396 5115 3615 5171 habere
3637 5115 3799 5185 jac-

344 5192 417 5248 ad
446 5193 799 5267 principium
836 5201 1043 5256 decimi
1068 5200 1203 5258 libri
1234 5207 1434 5258 contra
1453 5204 1724 5260 eumdem
1753 5204 2000 5262 Pharao—
2106 5207 2310 5262 tabant
2341 5205 2635 5261 dicentes:
2670 5206 2876 5261 Semen
2906 5205 3151 5262 Abrahae
3183 5222 3415 5274 sumus,
3460 5207 3516 5260 et
3548 5204 3809 5261 nemini

343 5297 478 5338 nem
510 5299 705 5357 regem
736 5287 986 5360 Egypti,
1023 5289 1125 5361 qui
1164 5295 1538 5363 comparatur
1590 5291 1707 5365 regi
1736 5293 1992 5367 Assyrio,
2106 5293 2449 5351 servivimus
2480 5310 2761 5364 umquam
2811 5295 2987 5367 (Joan.
3046 5312 3171 5363 vm,
3206 5296 3321 5365 33),
3373 5291 3579 5349 multis
3611 5293 3811 5353 vitiis

340 5374 399 5427 et
424 5378 556 5445 post
589 5372 995 5447 longissimam
1029 5380 1420 5452 prOpbctiam,
1454 5380 1791 5437 lamentatio
1818 5400 1996 5456 super
2103 5383 2475 5455 peccatisque
2521 5381 2789 5452 subjecti,
2834 5389 2893 5439 et
2946 5384 3277 5454 ignorantes
3325 5381 3488 5437 illam
3531 5385 3813 5439 senten-

340 5461 547 5520 eodem
569 5462 1287 5543 assumitur,etdeinceps
1310 5474 1511 5527 contra
1532 5486 1764 5528 omnem
1787 5474 1994 5546 ZEgyp-
2100 5472 2284 5530 tiam:
2330 5490 2364 5529 a
2419 5488 2533 5545 quo
2593 5469 2727 5546 quis
2782 5472 3057 5546 vincitur,
3110 5474 3241 5550 ejus
3295 5475 3353 5531 et
3413 5487 3623 5531 servus
3683 5479 3817 5536 est

340 5552 489 5615 tum.
521 5552 586 5613 In
617 5551 835 5633 quibus
865 5553 1244 5631 disserendis,
1276 5575 1309 5618 ο
1337 5557 1498 5637 virgo
1526 5558 1764 5633 Christi,
1794 5561 1995 5621 Eusto-
2101 5563 2176 5640 (Il
2199 5564 2376 5638 Petr.,
2407 5579 2469 5637 ιι,
2505 5560 2617 5640 19).
