3996 6182
293 276 391 336 301

820 246 829 251 ”
877 274 1635 341 COMMENTARIORUM
1679 277 1757 339 IN
1802 274 2297 339 EZECHIELEM
2343 274 2491 341 LIB.
2526 280 2603 341 x.
2651 279 2821 340 CAP.
2865 278 3072 342 XXXI.

3546 260 3672 339 302

288 411 348 460 ut
370 412 628 463 extrema
650 409 1039 466 anterioribus
1059 412 1354 484 jungerct,
1387 411 1527 482 quia
1555 428 1733 483 supra
1762 411 1921 465 dixe-
1950 413 2007 477 Α
2036 410 2283 466 titudine
2314 417 2371 466 et
2399 412 2472 466 ad
2503 411 2688 468 nubes
2720 428 2907 484 usque
2934 411 3180 468 erexerit
3207 414 3401 483 caput,
3425 411 3496 467 ad
3530 425 3679 482 quas

288 498 370 549 rat
399 512 412 548 :
439 495 541 550 Cui
568 495 781 553 similis
802 498 990 554 factus
1011 515 1072 554 es
1100 498 1160 553 in
1192 498 1595 571 magnitudine
1614 502 1753 556 tua:
1786 513 1916 553 ecce

287 582 456 637 Assur
485 585 654 655 quasi
678 585 895 642 Cedrus
930 587 988 642 in
1018 587 1257 655 Libano,
1287 587 1531 659 pulcher
1560 588 1619 642 in
1651 586 1831 642 ramis
1860 591 1918 641 et

288 669 602 738 frondibus,
636 677 692 727 et
716 673 962 745 reliqua,
995 692 1149 731 nunc
1198 676 1370 731 infert
1400 692 1414 730 :
1446 676 1537 731 Sic
1566 681 1623 731 et
1670 676 1915 743 Pharao,

286 763 337 815 et
360 760 551 815 omnis
578 761 893 818 multitudo
925 764 1072 835 ejus,
1101 764 1241 819 dicit
1271 764 1570 820 Dominus.
1594 765 1914 832 Quomodo,

286 848 482 920 inquit,
527 850 822 923 Assyrius,
855 852 1065 907 cedrus
1114 857 1172 907 et
1215 854 1571 924 cyparissus,
1604 851 1917 924 Babylonio

288 936 625 1007 succidente,
651 939 877 1010 dejecta
892 944 982 995 est
1009 956 1021 994 :
1049 941 1131 995 sic
1165 941 1389 996 Pharao
1412 946 1469 996 et
1493 941 1744 1013 populus
1764 942 1915 1011 ejus,

286 1024 383 1080 hoc
413 1031 502 1080 est
530 1025 662 1098 ipsa
690 1027 867 1084 arbor
888 1033 947 1084 et
972 1029 1119 1083 rami
1151 1028 1311 1084 illius
1332 1046 1366 1084 a
1391 1029 1701 1102 Babylonio
1728 1028 1917 1084 succi-

286 1114 501 1169 dentur.
526 1115 657 1171 Haec
688 1118 921 1172 interim
936 1119 1106 1189 juxta
1134 1117 1443 1173 historiam
1463 1118 1616 1173 dicta
1633 1117 1769 1183 sint,
1791 1134 1919 1189 quae

284 1200 531 1272 plerique
546 1202 606 1257 in
622 1206 1136 1262 consummatione
1149 1206 1353 1262 mundi
1373 1206 1568 1261 futura
1588 1205 1923 1278 intelligunt

285 1295 331 1344 et
358 1305 549 1361 regem
592 1291 983 1359 Pharaonem,
1014 1293 1124 1349 hoc
1154 1300 1244 1351 est
1275 1311 1403 1352 eam
1452 1298 1795 1366 potestatem
1828 1293 1920 1349 cui

280 1382 550 1450 Egyptus
563 1380 835 1450 subjecta
846 1382 1274 1455 sit,comparari
1296 1384 1415 1456 regi
1437 1382 1807 1456 Assyriorum
1827 1398 1922 1454 po-

280 1467 687 1535 tentissimo,id
719 1471 1211 1539 est,antichristo:
1248 1473 1403 1543 quod
1435 1474 1482 1528 si
1501 1472 1597 1529 ille
1620 1471 1919 1537 corruerit,

281 1555 469 1626 utique
489 1560 542 1611 et
568 1556 669 1611 alii
688 1562 944 1614 rectores
970 1561 1343 1615 tenebrarum
1366 1561 1612 1616 istarum
1633 1566 1690 1616 et
1714 1559 1923 1633 princi—

278 1660 367 1715 pes
384 1646 598 1699 mundi
624 1646 855 1702 facilius
875 1654 1167 1703 corruant.
1188 1648 1463 1703 Dicamus
1486 1665 1619 1720 ergo
1638 1650 1708 1704 de
1728 1650 1925 1723 singu-

274 1732 625 1798 lis,breviter
635 1751 729 1789 om
740 1735 837 1790 nia
849 1736 1524 1809 perstringentes,utnon
1540 1743 1657 1792 tam
1674 1738 1924 1794 dissera-

272 1838 397 1877 mus
427 1823 591 1878 813
621 1827 678 1877 et
708 1822 1088 1895 explanemus
1109 1825 1381 1891 obscura,
1416 1842 1589 1896 quam
1615 1825 1923 1897 explanare

273 1911 644 1981 cupientibus
678 1913 984 1967 materiam
1016 1914 1249 1968 dedisse
1279 1912 1601 1969 videamur.
1636 1914 1924 1969 Primum-

273 2016 374 2069 que
386 1999 855 2066 discutiendum,
874 2018 979 2055 cur
1001 2002 1309 2056 undecimo
1329 2019 1501 2067 anno,
1518 2003 1687 2058 tertio
1702 2020 1925 2068 mense,

275 2104 382 2141 una
410 2087 508 2143 die
531 2089 780 2154 mensis,
804 2088 1021 2144 factum
1043 2099 1128 2145 est
1159 2091 1397 2145 verbum
1432 2091 1657 2146 Domini
1684 2091 1755 2145 ad
1788 2092 1926 2146 Eze-

272 2175 760 2241 chielem,dicens
786 2194 800 2232 :
838 2176 941 2231 Fili
972 2177 1249 2248 hominis,
1274 2179 1366 2233 dic
1393 2178 1680 2234 Pharaoni
1703 2179 1931 2251 .‘Egypti

274 2270 323 2318 et
348 2262 723 2318 multitudini
748 2265 898 2333 ejus.
925 2265 1215 2321 Locuturo
1244 2266 1317 2321 ad
1339 2266 1722 2334 Pharaonem,
1748 2267 1929 2322 unde-

275 2353 426 2406 cimo
457 2369 617 2407 anno
640 2368 834 2408 sermo
854 2354 920 2408 ﬁt
951 2353 1183 2409 Domini
1208 2371 1219 2408 :
1254 2355 1501 2410 necdum
1523 2355 1678 2410 enim
1699 2360 1935 2410 venerat

273 2440 342 2494 ad
371 2440 714 2507 duodecim,
738 2441 840 2513 qui
873 2459 1156 2498 numerus
1178 2443 1364 2515 plenae
1394 2449 1934 2514 consummatzeque

269 2529 507 2584 virtutis
564 2535 675 2584 est.
720 2530 884 2585 Unde
930 2537 987 2586 et
1043 2532 1351 2587 duodecim
1405 2536 1546 2586 sunt
1603 2531 1700 2585 filii
1754 2532 1934 2587 Jacob

272 2618 475 2685 {Cenes
511 2618 705 2688 xxxv),
741 2636 776 2673 a
833 2619 1051 2689 quibus
1082 2625 1280 2691 postea
1330 2621 1639 2676 duodecim
1695 2620 1937 2676 nomina

268 2700 698 2778 Pmphetarum
714 2724 832 2762 uno
852 2705 1149 2762 volumine
1169 2710 1563 2764 continentur.
1580 2709 1649 2762 Et
1671 2708 1935 2779 Apostoli

266 2796 583 2850 duodecim
617 2800 757 2850 sunt
787 2796 941 2866 (Luc.
976 2798 1076 2866 v1),
1110 2813 1361 2867 quorum
1396 2797 1535 2858 quia
1565 2814 1720 2853 unus
1749 2797 1936 2852 Judas

268 2884 536 2954 proditor
564 2883 696 2950 fuit,
732 2884 789 2938 in
841 2884 1039 2940 locum
1089 2888 1216 2956 ejus
1248 2886 1522 2941 Matthiae
1576 2885 1830 2959 eligitur.
1864 2887 1935 2941 Et

267 2974 721 3045 archisynagogi
743 2974 830 3044 [At
838 2973 1478 3047 .archisynagogaﬂfilia
1491 2992 1779 3030 annorum
1792 2975 1930 3030 duo-

269 3062 463 3117 decim
499 3080 533 3116 a
562 3062 812 3117 Domino
844 3062 1165 3117 suscitatur
1193 3067 1390 3131 (Marc.
1424 3064 1497 3135 v).
1531 3063 1922 3119 Hemorrhou-

2025 498 2348 554 secundum
2399 499 2578 554 David
2626 500 2802 568 (Psal.
2843 501 3010 573 xxxv)
3066 500 3280 556 veritas
3338 498 3433 554 Dei
3477 514 3678 571 perve-

2025 587 2131 657 nit,
2153 593 2209 641 et
2238 588 2453 658 quibus
2472 589 2789 643 mandatur
2818 606 2889 644 ne
2906 588 3112 661 pluant
3127 590 3284 643 374
3300 603 3478 659 super
3496 584 3681 642 Israel

2027 674 2296 755 imbrem.
2323 676 2704 732 Pulchritudo
2725 694 2957 748 quoque
2977 676 3138 733 illius
3158 677 3524 749 praedicatur,
3550 690 3682 746 quas

2026 762 2085 818 1n
2108 763 2470 834 turpitudine
2492 764 2974 836 pravavoluntate
2988 770 3215 821 mutata
3228 765 3337 836 est(
3348 763 3679 836 Psmxxvu);

2028 852 2111 907 ita
2144 857 2205 906 ut
2237 853 2468 908 dicatur
2516 854 2587 908 de
2618 870 2684 909 eo
2720 872 2731 909 :
2766 855 3100 926 Confringet
3145 852 3431 908 Dominus
3474 852 3682 908 cedros

2029 940 2229 995 Libani
2252 946 2365 1009 (Ps.
2402 958 2599 1009 xxvm,
2631 943 2686 1013 5)
2721 959 2733 997 :
2768 948 2825 997 et
2851 941 3115 998 excelsus
3146 942 3270 1013 ipse
3300 941 3360 995 in
3391 940 3680 997 altissimo

2028 1029 2317 1084 montium
2347 1029 2565 1085 Libano
2589 1031 3199 1101 constitutus,quanto
3230 1028 3541 1085 sublimior
3561 1029 3683 1084 fue-

2029 1122 2137 1183 rat,
2169 1122 2331 1173 tanto
2381 1118 2589 1173 fortius
2639 1120 2890 1174 caderet.
2924 1120 3103 1190 Cujus
3146 1118 3450 1190 Scriptura
3480 1120 3683 1174 sancta

2028 1205 2228 1261 volens
2258 1205 2627 1262 altitudinem
2682 1207 3102 1275 demonstrare,
3135 1205 3394 1279 appellat
3440 1206 3682 1261 cedrum

2030 1310 2326 1366 magnam,
2371 1311 2549 1366 quam
2600 1295 2937 1351 nutrierunt
2985 1312 3169 1367 aquis,
3205 1312 3320 1350 non
3371 1311 3538 1367 aquae
3596 1293 3681 1349 Si-

2031 1381 2120 1437 loe
2151 1400 2278 1454 quae
2309 1384 2532 1437 vadunt
2556 1400 2690 1438 cum
2710 1383 2940 1439 silentio
2972 1386 3066 1456 (Is.
3087 1385 3232 1451 vm),
3260 1383 3361 1438 sed
3387 1400 3552 1454 aquaa
3578 1383 3684 1439 Ra-

2031 1472 2143 1536 sin,
2165 1476 2222 1525 ct
2252 1488 2415 1543 aquze
2446 1472 2694 1545 .‘Egypti,
2715 1472 2785 1526 de
2816 1471 3032 1544 quibus
3056 1473 3339 1543 scriptum
3371 1476 3499 1527 est:
3527 1470 3679 1536 Quid

2030 1559 2135 1614 tibi
2168 1564 2232 1613 ut
2261 1559 2430 1614 bibas
2458 1576 2644 1631 aquas
2674 1561 2829 1615 Geon
2876 1562 3081 1631 (Jerem
3114 1576 3178 1624 ιι,
3210 1560 3318 1631 18),
3353 1560 3472 1615 sive
3513 1557 3684 1615 Sior?

2033 1648 2187 1719 quod
2219 1664 2403 1718 aquas
2425 1648 2694 1703 turbidas
2724 1648 3189 1720 sonat.Abyssus
3218 1634 3449 1720 quoque
3470 1646 3686 1703 exalta-

2031 1736 2111 1790 vit
2141 1753 2274 1791 eum
2299 1748 2477 1807 super
2499 1754 2675 1808 quam
2699 1736 2757 1791 in
2794 1737 3077 1809 principio
3100 1736 3305 1791 mundi
3328 1736 3583 1792 tenebrae
3606 1734 3687 1790 fe—

2034 1823 2544 1896 rebantur(Genes.
2562 1828 2622 1892 1),
2644 1829 2702 1879 et
2732 1826 2803 1879 ad
2837 1841 3013 1896 quam
3036 1824 3096 1878 in
3128 1823 3437 1896 Evangelio
3460 1825 3678 1879 daemo-

2035 1931 2138 1970 nes
2167 1929 2239 1967 ne
2273 1913 2602 1978 mittantur,
2638 1917 2843 1985 rogant
2875 1913 3023 1984 (Luc.
3055 1912 3199 1983 vm).
3238 1912 3506 1968 Flumina
3526 1912 3686 1983 ejus-

2035 2003 2169 2057 dem
2192 2002 2382 2075 abyssi
2402 2002 2457 2056 in
2480 2001 2726 2057 circuitu
2749 2002 3012 2057 radicum
3027 2003 3156 2073 ejus
3168 2006 3355 2068 erant,
3375 2002 3448 2056 de
3469 2000 3687 2072 quibus

2037 2090 2286 2156 dicitur:
2320 2090 2464 2157 Quid
2488 2090 2591 2145 tibi
2621 2094 2678 2146 et
2692 2092 2794 2146 vias
2825 2090 3296 2163 Assyriorum,ut
3314 2090 3479 2145 bibas
3503 2105 3688 2160 aquas

2040 2178 2354 2234 ﬂuminum
2403 2180 2622 2251 (Jerem.
2656 2196 2717 2248 ιι,
2771 2178 2908 2247 18)?
2937 2180 3007 2233 Et
3052 2178 3111 2233 in
3143 2177 3254 2233 alio
3302 2177 3427 2234 loco
3479 2195 3492 2233 :
3544 2178 3689 2234 Ecce

2040 2267 2326 2323 Dominus
2356 2268 2593 2324 inducet
2617 2284 2793 2339 super
2815 2284 2914 2322 vos
2946 2283 3159 2338 aquam
3187 2266 3452 2321 ﬂuminis
3479 2266 3689 2322 fortem

2036 2361 2099 2412 et
2130 2356 2397 2427 multam,
2431 2373 2625 2430 regem
2657 2356 3029 2428 Assyriorum
3069 2360 3127 2410 et
3155 2372 3388 2410 omnem
3442 2354 3689 2427 gloriam

2042 2447 2170 2516 ejus
2202 2444 2326 2516 (Isa.
2359 2462 2483 2511 vm,
2504 2448 2582 2513 7).
2608 2444 2782 2499 Rivos
2813 2460 3044 2515 quoque
3065 2460 3202 2499 suos
3224 2443 3421 2498 emisit
3442 2444 3692 2515 abyssus

2042 2536 2112 2589 ad
2148 2534 2418 2589 universa
2444 2532 2604 2605 ligna
2624 2532 2895 2605 regionis,
2919 2537 2982 2587 ut
3012 2549 3126 2587 non
3151 2531 3343 2587 solum
3366 2531 3689 2603 principem

2045 2623 2249 2677 mundi
2270 2623 2470 2693 hujus,
2491 2622 2592 2677 sed
2614 2628 2671 2676 et
2684 2621 2871 2677 socios
2892 2620 3050 2697 illius
3072 2621 3361 2692 irrigaret.
3381 2619 3692 2691 Propterea

2040 2711 2299 2767 elevatus
2328 2716 2434 2781 est,
2448 2714 2505 2765 et
2536 2727 2713 2782 super
2743 2709 2944 2766 omnia
2963 2708 3124 2781 ligna
3144 2708 3435 2764 altissima
3460 2724 3690 2763 succre-

2041 2800 2203 2865 vit,et
2234 2798 2619 2871 multiplicata
2648 2803 2788 2855 sunt
2816 2799 3058 2854 arbusta
3087 2799 3301 2867 ejus,et
3330 2797 3513 2852 totius
3534 2796 3692 2852 orbis

2044 2888 2305 2960 possedit
2326 2888 2634 2960 imperium
2660 2888 2861 2942 dicens
2885 2904 2898 2942 :
2933 2887 3062 2942 Haec
3081 2886 3283 2942 omnia
3312 2885 3456 2940 mihi
3476 2884 3692 2941 tradita

2044 2981 2184 3032 sunt
2214 2977 2422 3048 (Matth.
2455 2994 2531 3041 1v,
2563 2977 2639 3047 9).
2672 2977 2737 3031 Et
2788 2974 2992 3030 elevati
3023 2979 3161 3029 sunt
3211 2973 3358 3029 rami
3405 2974 3554 3045 ejus,
3587 2973 3689 3045 qui

2045 3065 2216 3137 aquis
2232 3065 2428 3137 abyssi
2458 3065 2686 3120 fuerant
2704 3064 2946 3136 irrigati.
2971 3063 3077 3127 Qui
3100 3062 3373 3132 extendit,
3399 3062 3518 3117 sive
3540 3061 3688 3117 dila-

263 3168 333 3205 sa
363 3167 610 3223 quoque
640 3167 792 3206 anno
822 3150 1166 3207 duodecimo
1197 3152 1402 3224 recipit
1441 3153 1774 3207 sanitatem.
1808 3153 1919 3207 Sed
1955 3134 1997 3200 C
2034 3134 2176 3209 tavit
2208 3134 2616 3209 umbraculum
2650 3134 2845 3219 suum,
2880 3157 2944 3206 ut
2974 3168 3178 3207 omnes
3214 3151 3528 3221 subjiceret
3558 3167 3676 3205 suae

263 3240 404 3310 quia
420 3238 741 3310 corripitur
755 3238 999 3305 Pharao,
1017 3244 1074 3293 et
1098 3245 1299 3311 postea
1323 3239 1638 3312 plangitur,
1658 3245 1916 3312 propter-

258 3345 329 3382 ea
366 3326 589 3383 tertius
619 3327 841 3382 mensis
880 3332 937 3382 et
970 3344 1122 3383 unus
1152 3327 1276 3382 dies
1327 3328 1599 3383 undecim
1631 3344 1920 3384 annorum

258 3432 518 3471 numero
538 3414 914 3485 copulantur.
932 3416 1094 3471 Unde
1115 3415 1248 3471 etin
1268 3416 1762 3488 consequentibus
1778 3418 1921 3472 duo-

254 3504 498 3559 decimo
551 3520 730 3573 anno,
763 3520 965 3559 mense
1024 3504 1389 3571 duodecimo,
1424 3522 1540 3560 una
1587 3504 1826 3571 mensis,
1862 3506 1926 3559 fit

252 3596 511 3648 verbum
550 3592 782 3648 Domini
817 3592 885 3648 ad
922 3592 1204 3660 Ezechiel,
1227 3593 1427 3648 dicens
1462 3612 1474 3649 :
1509 3593 1616 3648 Fili
1644 3593 1923 3665 hominis,

252 3697 509 3737 assume
523 3680 826 3753 planctum
840 3698 906 3736 su
915 3698 1017 3753 per
1036 3681 1399 3737 Pharaonem
1411 3698 1604 3755 regem
1618 3684 1836 3755 [Egypti
1847 3688 1926 3750 ,et

255 3771 421 3826 dices
457 3772 534 3826 ad
559 3786 720 3826 eum.
746 3770 851 3834 Qui
878 3770 1032 3824 enim
1058 3770 1373 3842 plangitur,
1394 3771 1521 3826 ideo
1544 3770 1841 3843 plangitur
1863 3775 1926 3826 ut

254 3860 562 3931 intelligat
609 3864 828 3931 quanta
879 3859 1031 3914 bona
1078 3860 1421 3930 perdiderit;
1455 3865 1511 3913 et
1558 3864 1752 3915 tamen
1784 3861 1925 3931 quia

256 3949 501 4004 Pharao
529 3953 677 4013 erat,
713 3952 769 4002 et
800 3946 1102 4002 brachium
1134 3948 1260 4018 ejus
1280 3948 1529 4002 necdum
1555 3948 1743 4003 fuerat
1762 3948 1922 4003 colli-

240 4043 489 4108 gatum,
512 4052 624 4091 nec
654 4035 971 4107 pristinam
1002 4040 1297 4106 receperat
1329 4035 1730 4091 fortitudinem
1757 4053 1769 4089 :
1798 4053 1924 4108 pro-

242 4131 457 4196 pterea
478 4126 539 4180 in
563 4141 720 4180 anno
742 4129 800 4179 et
819 4124 878 4179 in
909 4140 1107 4179 mense
1122 4123 1693 4196 duodecimo,viginti
1714 4141 1918 4180 novem

238 4215 372 4270 dies
386 4214 594 4270 adhuc
612 4212 1317 4283 remanent,utduodecim
1334 4230 1622 4268 annorum
1638 4229 1919 4268 numerus

238 4304 649 4376 compleatur.
667 4306 793 4357 Uno
817 4301 996 4373 igitur
1018 4302 1238 4357 mensis
1254 4301 1367 4363 die.
1384 4318 1576 4357 sermo
1601 4302 1664 4356 fit
1685 4302 1917 4357 Domini

234 4392 314 4445 ad
328 4391 696 4462 Prophetam
709 4395 785 4456 ,et
795 4389 962 4461 prisci
972 4390 1027 4461 pi
1037 4394 1095 4444 tu
1105 4407 1130 4443 r
1143 4389 1192 4444 ei
1210 4388 1370 4459 utloq
1380 4393 1514 4444 uatu
1524 4407 1552 4443 r
1565 4390 1915 4463 regi/Egypti

2030 3242 2256 3297 ditioni.
2274 3243 2336 3297 In
2368 3241 2550 3296 ramis
2571 3243 2700 3313 ejus
2725 3242 2983 3297 fecerunt
3006 3241 3174 3295 nidos
3199 3240 3397 3295 omnia
3417 3238 3678 3295 volatilia

2030 3330 2177 3385 coeli.
2204 3329 2408 3385 Omnis
2438 3329 2592 3385 enim
2624 3330 2722 3401 qui
2753 3330 3200 3401 facitpeccatum
3227 3330 3406 3400 (Joan.
3431 3327 3677 3398 vm,34),

2033 3420 2104 3475 de
2134 3419 2362 3474 diabolo
2394 3423 2571 3473 natus
2600 3423 2708 3485 est,
2742 3422 2798 3472 et
2827 3419 2898 3473 de
2929 3433 3225 3473 ramorum
3256 3418 3386 3485 ejus
3432 3430 3678 3470 numero

2033 3511 2423 3580 computatur.
2458 3506 2564 3561 111a
2594 3512 2788 3561 autem
2821 3505 3078 3561 volatilia
3127 3505 3389 3559 fecerunt
3418 3503 3588 3558 nidos
3616 3503 3677 3557 in

2034 3595 2214 3650 ramis
2246 3595 2394 3666 ejus,
2428 3611 2554 3665 quae
2580 3595 2748 3663 juxta
2763 3594 2916 3648 viam
2950 3592 3354 3664 Evangelicam
3379 3592 3679 3646 comedere

2034 3689 2355 3739 sementem
2389 3684 2610 3753 (Matth.
2644 3683 2790 3753 xm),
2824 3682 2945 3737 sive
2991 3680 3131 3752 quia
3161 3696 3364 3735 omnes
3409 3692 3679 3751 peccave-

2033 3776 2189 3837 runt,
2214 3776 2280 3845 (et
2324 3770 2590 3842 indigent
2634 3770 3037 3825 misericordia
3082 3768 3183 3823 Dei
3226 3769 3400 3835 (Rom.
3450 3768 3556 3838 I-II),
3606 3765 3680 3822 de

2032 3861 2247 3935 quibus
2296 3859 2519 3914 dictum
2569 3864 2703 3914 est:
2746 3858 2961 3913 Omnes
3009 3856 3467 3922 declinaverunt,
3501 3853 3679 3911 simul

2031 3948 2269 4003 inutiles
2316 3947 2455 4003 factt
2502 3952 2640 4002 sunt
2668 3948 2778 4018 (Ps.
2820 3963 2943 4017 xm,
2967 3945 3021 4016 3)
3071 3963 3085 4000 ε
3138 3945 3357 4000 Idcirco
3405 3944 3465 4000 in
3499 3944 3679 4000 ramis

2031 4040 2159 4108 ejus
2183 4038 2435 4092 fecerunt
2456 4036 2645 4091 nidos.
2663 4035 2970 4107 Sequitur:
2994 4035 3062 4089 Et
3093 4034 3204 4089 sub
3227 4034 3533 4089 frondibus
3549 4034 3680 4105 ejus

2029 4129 2359 4197 genuerunt
2375 4141 2579 4180 omnes
2594 4125 2795 4179 bestiae
2815 4123 3096 4189 saltuum,
3122 4139 3251 4194 quae
3274 4122 3491 4178 Christi
3512 4138 3678 4178 man-

2028 4214 2403 4271 suetudinem
2427 4213 2887 4285 perdiderunt,et
2903 4212 3013 4268 sub
3036 4211 3382 4267 umbraculo
3405 4210 3563 4266 illius
3579 4212 3681 4265 ha-

2028 4303 2251 4359 bitabat
2272 4308 2454 4358 coetus
2472 4301 2738 4373 gentium
2762 4300 3174 4373 plurimarum,
3198 4297 3263 4355 ut
3279 4298 3479 4354 nullus
3501 4301 3676 4364 esset,

2026 4393 2125 4465 qui
2159 4408 2271 4446 non
2302 4393 2429 4463 ejus
2461 4392 2536 4461 (α)
2568 4394 2861 4460 tegeretur
2891 4388 3256 4456 umbraculo,
3288 4391 3499 4458 praeter
3538 4401 3674 4442 eum

236 4486 297 4534 et
328 4479 714 4535 multitudini
737 4480 885 4549 ejus.
911 4479 972 4533 In
991 4495 1105 4549 quo
1128 4478 1464 4532 mirandum
1487 4479 1640 4548 quod
1664 4484 1917 4550 quatuor
1946 4498 1992 4561 D
2024 4481 2124 4552 qui
2154 4481 2300 4535 dixit
2333 4498 2345 4535 :
2379 4480 2522 4534 Ecce
2550 4478 2707 4534 venit
2728 4479 3000 4550 princeps
3032 4476 3233 4531 mundi
3256 4475 3429 4531 istius
3461 4492 3473 4530 :
3508 4478 3566 4531 et
3586 4474 3675 4531 in-

236 4569 613 4641 interpretes
625 4584 739 4623 non
755 4566 1037 4639 populum
1056 4566 1430 4629 dixerint,sed
1453 4567 1913 4621 multitudinem.

232 4659 422 4714 Multi
457 4658 626 4713 enim
656 4656 866 4724 vocati,
899 4659 954 4711 et
988 4655 1153 4727 pauci
1186 4654 1353 4711 electi
1387 4654 1596 4725 (Matth.
1632 4672 1771 4721 xxn,
1808 4655 1915 4726 14).

232 4748 315 4802 Et
346 4750 408 4802 in
446 4746 585 4819 lege
618 4745 902 4817 scriptum
937 4749 1062 4799 est:
1088 4744 1209 4798 Non
1244 4743 1359 4799 eris
1388 4760 1523 4799 cum
1544 4742 1919 4798 multitudine

233 4837 305 4890 in
341 4836 535 4892 malo.
570 4833 915 4905 Diciturque
946 4833 1017 4887 ad
1050 4849 1242 4904 regem
1266 4833 1490 4905 IEgypti
1518 4849 1532 4887 :
1568 4832 1673 4887 Cui
1705 4831 1918 4887 similis

236 4928 451 4981 factus
485 4941 550 4980 es
583 4924 645 4978 in
700 4922 1124 4995 magnitudine,
1158 4922 1278 4976 sive
1324 4922 1380 4975 in
1413 4920 1724 4975 altitudine
1766 4925 1869 4975 tua
1892 4920 1920 4975 ‘?

240 5016 419 5079 Quod
457 5019 517 5068 et
547 5014 678 5085 ipse
704 5028 766 5067 se
786 5010 1141 5077 exaltaverit,
1166 5015 1224 5065 et
1254 5009 1557 5080 subjaceat
1582 5008 1664 5063 illi
1688 5015 1918 5065 senten-

240 5106 345 5157 tiae
382 5121 398 5158 :
438 5101 656 5157 Omnis
686 5100 787 5171 qui
820 5116 882 5155 se
913 5097 1147 5165 exaltat,
1178 5097 1591 5153 humiliabitur
1621 5099 1769 5169 (Luc.
1804 5115 1920 5165 xxv,

246 5193 342 5261 11)
380 5212 397 5248 :
440 5192 546 5247 sed
584 5195 777 5244 tamen
813 5205 926 5243 non
960 5188 1036 5243 sit
1066 5188 1194 5259 ejus
1225 5186 1519 5242 altitudini
1553 5186 1784 5250 similis,
1821 5186 1922 5256 qui

246 5284 427 5351 quasi
470 5280 708 5343 cedrus,
741 5278 860 5332 sive
891 5276 1225 5348 cyparissus
1260 5275 1315 5330 in
1348 5275 1564 5330 Libano
1592 5275 1782 5341 fuerit,
1800 5274 1924 5346 pul-

246 5370 397 5439 cher
420 5368 615 5426 ramis
635 5374 692 5423 et
711 5365 1016 5423 frondibus
1032 5380 1375 5421 nemorosus
1400 5382 1413 5433 ;
1438 5363 1816 5436 excelsusque
1842 5362 1923 5418 al-

2027 4570 2216 4624 veniet
2246 4570 2303 4623 in
2338 4584 2431 4623 me
2471 4566 2614 4622 nihil
2649 4568 2825 4639 (Joan.
2857 4583 2972 4635 xxv,
3001 4566 3113 4632 30).
3147 4570 3256 4619 Per
3302 4580 3485 4619 unum
3519 4562 3677 4618 enim

2028 4658 2327 4713 hominem
2378 4660 2681 4728 peccatum
2714 4654 2952 4709 intravit
2979 4654 3038 4707 in
3071 4653 3381 4718 mundum,
3416 4655 3473 4706 et
3519 4650 3670 4705 815

2029 4764 2131 4818 per
2159 4749 2461 4817 peccatum
2513 4760 2671 4798 mors
2715 4745 2888 4811 (Rom.
2921 4758 2975 4807 v,
3009 4741 3127 4811 12);
3162 4746 3220 4796 et
3247 4739 3332 4795 sic
3380 4739 3440 4793 in
3470 4753 3678 4793 omnes

2028 4833 2296 4888 homines
2319 4849 2477 4887 mors
2503 4831 2904 4902 pertransit,in
2932 4846 3046 4901 quo
3059 4843 3262 4884 omnes
3288 4826 3679 4899 peccavimus,

2030 4922 2165 4977 etin
2189 4921 2373 4975 Adam
2399 4936 2603 4975 omnes
2626 4919 2932 4988 morimur,
2957 4915 3678 4987 cunctiquepeccavimus,

2029 5014 2086 5065 et
2114 5008 2448 5081 indigemus
2470 5007 2655 5081 gloria
2681 5005 2783 5061 Dei
2815 5007 2859 5078 (Ι
2892 5004 3227 5075 Cor.xv).Et
3250 5008 3444 5058 tamen
3470 5004 3529 5058 in
3551 5004 3683 5077 ipsa

2030 5097 2390 5153 habitatione
2434 5097 2663 5152 diversa
2715 5095 2972 5151 conditio
3025 5098 3132 5149 est.
3165 5091 3278 5146 Alii
3326 5092 3594 5149 habitant
3619 5093 3681 5149 in

2035 5186 2216 5241 ramis
2240 5188 2367 5256 ejus
2400 5185 2565 5256 quasi
2592 5183 2869 5254 volatilia,
2892 5181 3199 5238 scientiam
3221 5180 3330 5237 sibi
3346 5181 3406 5235 in
3429 5180 3683 5253 philoso-

2040 5274 2199 5346 phia,
2233 5278 2288 5330 et
2317 5273 2720 5329 haereticorum
2753 5270 3127 5338 dogmatibus
3176 5268 3534 5342 pollicentes.
3563 5268 3682 5326 Alii

2035 5363 2208 5435 quasi
2255 5362 2451 5418 bestiae
2500 5361 2653 5427 ferae,
2685 5359 2943 5416 immites
2993 5362 3169 5431 atque
3215 5356 3526 5415 crudeles:
3581 5356 3684 5416 alii

328 5588 415 5663 (α)
453 5586 609 5648 Cum
636 5581 896 5643 Victoria
924 5588 1218 5657 regeretur,
1250 5597 1320 5639 ex
1349 5595 1494 5640 mss.
1525 5577 1833 5655 Brixianis,
1864 5575 2137 5658 legimus.
2168 5577 2437 5639 Martian.
2472 5592 2605 5638 cum
2634 5580 2894 5650 Erasmo,
2928 5574 3272 5655 tangentur,
