4006 6180
401 248 524 313 303

1652 256 1716 317 S.
1763 256 2071 320 EUSEBII
2119 254 2557 320 HIERONYMI

3606 262 3701 324 301

403 382 572 453 quasi
589 381 903 439 multitudo
919 384 1181 456 gentium
1195 384 2038 459 plurimarum;utcommixtos
2067 393 2122 456 Α
2150 389 2269 445 sive
2284 389 2343 444 in
2366 392 2587 446 foveam
2608 388 3189 461 sempiternam.Cum
3210 391 3390 445 autem
3412 388 3499 444 ille
3515 391 3705 447 descen-

402 470 645 527 diversis
676 470 830 527 vitiis
860 472 1149 545 signiﬁcet
1176 478 1351 547 atque
1381 476 1649 548 peccatis.
1683 478 1819 532 Erat
1847 482 2039 535 autem

398 561 585 613 Assur
610 557 1048 631 pulcherrimus
1067 563 1125 617 in
1152 564 1560 635 magnitudine
1582 582 1710 635 sua,
1735 570 1792 622 et
1810 565 1870 621 in
1902 566 2043 622 dila-

398 645 616 702 tatione
646 648 1019 705 arbustorum
1047 668 1310 720 suorum,
1336 651 1435 725 qui
1456 653 1625 726 aquis
1655 654 1857 710 multis
1878 656 2042 711 radix

398 734 527 806 ejus
558 735 746 791 fuerat
773 736 1033 810 irrigata,
1068 739 1126 794 in
1172 744 1399 797 tantum
1435 746 1499 796 ut
1527 742 1587 797 in
1640 742 1909 815 paradiso
1939 744 2041 800 Dei

398 821 564 878 nulla
609 824 915 881 cedrorum
943 831 1000 882 et
1042 829 1471 901 cyparissorum
1513 836 1667 887 esset
1713 830 1902 903 altior,
1934 849 2040 888 nec

398 910 614 968 abietes
632 913 872 985 pinique
892 916 1268 988 adaequarent
1289 917 1710 975 sublimitatem
1732 921 1858 991 ejus
1883 939 1897 989 ;
1920 921 2039 978 sive

397 998 619 1072 platani
650 1018 766 1057 non
805 1008 1208 1077 essent‘iequae
1255 1006 1558 1063 frondibus
1603 1007 1783 1063 illius.
1820 1008 2037 1065 Idcirco

397 1088 559 1145 nulla
588 1090 861 1147 arborum
895 1092 955 1147 in
988 1094 1259 1165 paradiso
1284 1095 1614 1166 plantarum
1636 1098 1688 1152 ei
1720 1098 1906 1153 fuerat
1935 1099 2037 1154 ad-

392 1178 787 1250 aequata,quia
807 1196 980 1237 omne
1000 1181 1225 1256 lignum
1247 1185 1501 1256 paradisi
1524 1186 1625 1241 Dei
1648 1203 1762 1243 non
1785 1191 1874 1243 est
1893 1187 2038 1243 assi-

398 1265 668 1322 milatum
699 1266 782 1323 illi
801 1273 858 1324 et
872 1270 1291 1342 pulchritudini
1308 1275 1455 1346 ejus.
1476 1276 1852 1347 Nequaquam
1876 1276 2035 1333 enim

397 1358 597 1411 erecta:
628 1360 768 1412 sunt
798 1373 900 1429 per
928 1360 1284 1431 superbiam,
1318 1364 1419 1419 sed
1452 1363 1713 1421 scierunt
1742 1364 2037 1422 humilita-

394 1447 511 1498 tem
538 1461 728 1517 suam,
760 1463 948 1519 neque
977 1449 1427 1509 similitudinem
1458 1453 1558 1509 Dei
1611 1454 1891 1527 sacrilego
1921 1456 2034 1511 sibi

393 1533 590 1589 animo
621 1534 914 1592 vindicare
943 1543 1159 1595 conatis
1210 1546 1366 1597 sunt.
1400 1543 1682 1614 Quodque
1717 1544 1986 1614 sequitur
2017 1562 2030 1600 :

394 1621 462 1677 Et
488 1623 762 1681 aemulata
792 1630 933 1683 sunt
961 1644 1090 1683 eam
1122 1630 1321 1685 omnia
1342 1629 1503 1702 ligna
1532 1632 1874 1688 deliciarum
1907 1650 2033 1704 qua:

393 1716 561 1766 erant
591 1712 649 1767 in
680 1716 976 1785 paradiso,
1008 1715 1093 1772 sic
1122 1718 1506 1775 edisserimus
1532 1737 1545 1775 :
1576 1719 1867 1775 IEmulata
1897 1726 2035 1777 sunt

392 1799 554 1872 ligna
582 1802 837 1873 paradisi
870 1804 1309 1862 multitudinem
1343 1825 1639 1865 ramorum
1670 1811 1834 1881 ejus:
1868 1811 2034 1867 Multi

393 1889 552 1945 enim
572 1890 781 1957 vocati,
803 1896 861 1947 et
890 1894 1058 1963 pauci
1080 1893 1245 1951 electi
1278 1896 1483 1967 (Matth.
1517 1916 1611 1968 xx,
1637 1900 1744 1968 16).
1769 1901 1872 1956 Et:
1897 1900 2036 1958 Lata

393 1981 451 2032 et
479 1977 739 2049 spatiosa
764 1980 857 2035 via
883 1996 1011 2051 quas
1042 1982 1205 2038 ducit
1233 1985 1305 2039 ad
1338 1989 1584 2042 mortem
1616 1988 1770 2059 (Ibid.
1794 2005 1894 2060 vn,
1922 1990 2032 2062 13).

395 2064 567 2137 Cupit
594 2066 750 2122 enim
771 2071 963 2125 tantos
993 2069 1207 2127 habere
1228 2072 1288 2127 in
1311 2073 1842 2148 salutem,quantos
1854 2081 2037 2134 Assur

394 2152 601 2210 habuit
621 2156 679 2211 in
698 2157 1106 2228 perditionem.
1131 2160 1291 2217 Unde
1320 2164 1460 2234 quia
1480 2170 1666 2222 Assur
1680 2167 2035 2224 sublimatus

394 2247 482 2298 est
499 2243 557 2299 in
575 2243 884 2302 altitudine
910 2264 923 2315 ;
954 2247 1189 2320 etjdedit
1213 2250 1633 2311 sublimitatem
1655 2272 1823 2311 suam
1846 2257 2035 2312 viren-

392 2336 509 2387 tem
532 2336 1443 2411 atque,condensam,sive§usque
1460 2344 1529 2398 ad
1547 2346 1733 2400 nubes
1754 2362 2035 2403 cacumen

392 2420 655 2489 erexit,et
674 2422 960 2481 elevatum
984 2431 1073 2483 est
1099 2444 1197 2483 cor
1225 2430 1353 2500 ejus
1374 2436 1437 2487 ut
1458 2432 1676 2489 diceret
1700 2451 1712 2488 :
1744 2436 1851 2491 Ero
1871 2436 2033 2491 simi-

391 2507 464 2564 lis
492 2509 795 2569 Altissimo
826 2514 953 2584 (Isa.
987 2533 1100 2587 xxv,
1127 2518 1235 2589 14),
1260 2526 1565 2592 prepterea
1593 2523 1842 2580 traditus
1866 2529 1956 2581 est
1978 2526 2033 2581 in

392 2614 571 2654 manu
603 2600 904 2658 fortissimi
924 2605 1187 2675 gentium
1216 2625 1228 2662 :
1256 2624 1434 2680 quam
1458 2610 1841 2684 intelligimus
1858 2613 2033 2670 aliam

394 2686 799 2745 detestabilem
844 2698 1213 2765 potestatem,
1244 2697 1337 2752 cui
1376 2700 1626 2756 traditur
1673 2703 1743 2758 ad
1797 2705 2038 2774 punien-

395 2774 537 2830 dum
572 2792 585 2830 :
617 2776 742 2849 ipse
763 2784 852 2834 est
872 2782 1028 2837 enim
1060 2783 1336 2841 inimicus
1357 2793 1415 2842 et
1435 2789 1622 2857 ultor;
1660 2796 1725 2846 ut
1744 2793 1928 2848 Assur
1947 2794 2034 2848 in-

395 2861 695 2936 telligatur
719 2867 1131 2938 Antichristus,
1163 2878 1219 2928 et
1263 2873 1620 2933 fortissimus
1650 2880 1910 2951 gentium
1943 2882 2035 2937 cui

396 2952 650 3009 traditus
694 2959 801 3023 est,
837 2955 1107 3030 Satanas,
1141 2963 1310 3032 juxta
1355 2964 1498 3020 illud
1553 2967 1834 3037 Apostoli.
1881 2969 2036 3032 Quos

395 3041 609 3097 tradidi
629 3042 948 3113 Satanas,ut
967 3048 1194 3105 discant
1216 3068 1329 3107 non
1346 3052 1751 3127 blasphemare
1767 3058 1812 3129 (Ι
1830 3059 2033 3127 Tim.u,

2152 479 2301 534 derit
2332 479 2403 534 ad
2453 484 2711 534 extrema
2739 482 2928 548 terrae,
2958 482 3015 532 ct
3063 494 3194 549 pars
3239 476 3479 548 vulpium
3518 477 3712 534 fuerita

2152 568 2365 639 quibus
2390 566 2735 622 lacerandus
2766 571 2880 622 est:
2906 570 3043 621 tunc
3068 564 3252 631 luctus
3271 565 3374 621 erit
3395 564 3473 620 vel
3496 565 3717 621 omnium

2151 656 2441 711 sociorum
2465 654 2720 724 ejus,vel
2753 659 3087 711 sanctarum
3121 652 3523 720 fortitudinum,
3544 652 3722 724 quail-

2152 744 2272 799 lum
2303 743 2586 800 dolebunt
2617 742 2688 798 ad
2745 742 2964 798 inferos
3012 741 3385 797 descendisse.
3416 740 3564 796 Unde
3606 741 3724 797 dicit

2112 822 2433 888 ‘Dominus
2469 849 2481 885 :
2516 831 2727 903 Operui
2757 847 2893 886 eum
2925 830 3155 902 abysso,
3185 830 3348 900 cujus
3388 829 3542 900 aquis
3567 830 3725 885 fuerat

2148 926 2281 977 ante
2302 920 2646 987 nutritus,et
2662 918 2936 992 prohibui
2960 918 3201 974 ﬂumina
3220 917 3420 989 ejus,id
3443 921 3524 973 est
3540 916 3724 990 abyssi,

2146 1015 2203 1064 et
2233 1009 2458 1065 coercui
2489 1026 2673 1080 aquas
2705 1008 3031 1071 multas,ne
3052 1023 3180 1063 eum
3204 1007 3510 1079 irrigarent,
3525 1006 3613 1061 sed
3629 1022 3728 1060 ma-

2147 1099 2235 1170 gis
2265 1100 2679 1171 opprimerent.
2714 1097 3104 1153 Contristatus
3132 1102 3220 1152 est
3248 1111 3416 1168 super
3442 1110 3566 1150 eum
3590 1093 3727 1148 Liba-

2147 1204 2277 1255 nus,
2312 1188 2369 1241 in
2401 1204 2517 1258 quo
2548 1187 2776 1241 fuerant
2803 1184 3111 1253 exaltatus,
3144 1189 3200 1240 et
3227 1183 3416 1239 omnia
3459 1182 3573 1255 agri
3598 1180 3729 1253 ligna

2145 1291 2431 1331 concussa
2460 1278 2619 1341 sunt,
2643 1274 3031 1331 succisionem
3049 1272 3297 1329 similem
3320 1269 3675 1327 formidantia.
3693 1270 3730 1324 A

2145 1365 2341 1420 sonitu
2374 1363 2553 1437 ruinae
2579 1365 2706 1436 ejus
2737 1363 3025 1419 commovi
3043 1368 3265 1435 gentes,
3282 1366 3346 1415 ut
3370 1358 3553 1415 nullus
3575 1357 3731 1430 perdi-

2143 1454 2361 1508 tionem
2391 1451 2549 1509 illius
2587 1452 2902 1524 ignoraret,
2934 1456 2993 1507 et
3016 1450 3411 1512 deductionem
3453 1448 3516 1503 ad
3548 1447 3731 1502 inferos

2143 1559 2276 1598 cum
2338 1542 2559 1598 caeteris
2616 1540 2791 1598 sociis
2846 1542 2994 1611 ejus.
3054 1541 3512 1610 Acceperuntque
3560 1549 3731 1589 conso-

2142 1631 2418 1688 lationem
2450 1630 2647 1686 omnia
2678 1629 2834 1702 ligna
2866 1628 3200 1699 voluptatis,
3232 1626 3288 1681 id
3338 1629 3442 1694 est,
3473 1621 3728 1695 paradisi:

2142 1722 2286 1776 dum
2318 1720 2513 1775 vident
2544 1723 2600 1774 et
2629 1717 2787 1773 mala
2833 1716 3025 1782 malis,
3057 1722 3115 1772 et
3142 1717 3293 1771 bona
3318 1711 3480 1769 bonis
3522 1707 3731 1766 restitui.

2145 1815 2274 1864 Ηωθ
2323 1813 2519 1864 autem
2564 1807 2725 1879 ligna
2754 1805 2958 1861 Libani
3001 1809 3158 1875 sunt,
3193 1803 3358 1876 aquis
3406 1799 3622 1871 irrigata
3646 1796 3733 1852 flu-

2146 1897 2370 1952 minum
2404 1894 2655 1962 Domini,
2690 1895 2749 1949 in
2772 1895 2988 1966 quibus
3019 1898 3078 1948 et
3108 1893 3208 1948 illa
3244 1891 3411 1946 arbor
3440 1887 3608 1942 fuerat
3629 1884 3734 1939 irri-

2144 1990 2279 2059 gata
2333 2002 2459 2057 quae
2505 1984 2740 2039 corruit.
2789 1983 2914 2038 Sive
2956 1981 3158 2038 omnia
3207 1980 3380 2051 ligna,
3415 1993 3531 2072 quas
3585 1988 3736 2072 quon-

2145 2076 2279 2130 dam
2326 2075 2563 2129 fuerunt
2610 2074 2780 2143 bona,
2832 2075 2888 2127 et
2934 2071 3333 2144 irrigabantur
3377 2064 3554 2139 aquis,
3601 2068 3649 2118 et
3686 2064 3735 2116 in

2144 2164 2342 2219 Libani
2398 2162 2702 2218 altitudine
2752 2161 3153 2231 morabantur,
3197 2158 3474 2229 ac‘cipient
3516 2149 3737 2248 consola-

2144 2252 2384 2320 tionem,
2438 2253 2584 2307 317
2649 2249 2885 2322 quando
2941 2248 3266 2320 principem
3321 2259 3491 2301 suum
3555 2235 3738 2295 similia

2143 2341 2392 2397 viderint
2421 2340 2709 2396 sustinere
2738 2343 3045 2394 tormenta.
3082 2339 3150 2392 Et
3182 2338 3310 2408 ipsa
3358 2332 3507 2389 enim
3533 2329 3737 2385 descen-

2144 2431 2284 2487 dent
2312 2430 2383 2485 ad
2414 2428 2706 2485 infernum
2739 2428 2807 2483 ad
2862 2426 3200 2483 interfectos
3230 2422 3420 2497 gladio
3452 2415 3673 2482 Domini,
3698 2416 3743 2468 et

2144 2520 2336 2575 omnis
2369 2519 2644 2574 fortitudo
2667 2517 2959 2590 lignorum
2989 2513 3405 2570 habitabitsub
3438 2502 3738 2565 umbraculo

2144 2612 2293 2681 ejus,
2325 2610 2383 2663 id
2415 2612 2522 2676 est,
2558 2608 2618 2662 in
2651 2624 2839 2679 poena,
2875 2606 2931 2659 in
2966 2604 3156 2660 medio
3189 2601 3450 2658 omnium
3481 2597 3743 2695 nationum

2146 2716 2272 2770 quas
2287 2696 2557 2753 claustris
2580 2695 2790 2750 inferni
2810 2694 3188 2750 tenebuntur.
3209 2692 3342 2747 Post
3355 2689 3473 2744 haec
3492 2685 3559 2779 ad
3583 2685 3745 2779 ipsum

2147 2786 2504 2842 Pharaonem
2538 2801 2728 2841 sermo
2750 2782 3128 2849 convertitur,
3154 2780 3248 2836 cui
3274 2779 3488 2835 dictum
3519 2775 3681 2829 fuerat
3696 2775 3743 2822 in

2148 2873 2453 2946 principio,
2474 2874 2565 2928 cui
2597 2872 2810 2928 similis
2835 2872 3022 2927 factus
3047 2886 3107 2926 es
3131 2870 3191 2924 ir.
3218 2864 3604 2941 magnitudine
3620 2855 3742 2914 tua?

2146 2968 2203 3018 et
2232 2963 2445 3019 dicitur
2464 2963 2535 3018 ad
2566 2978 2700 3017 eum
2727 2978 2741 3017 :
2773 2960 2877 3016 Cui
2910 2958 3276 3016 assimilatus
3297 2974 3379 3048 es,
3403 2972 3435 3011 o
3464 2948 3740 3048 inclyte,at-

2147 3069 2259 3124 que
2290 3052 2563 3108 sublimis
2583 3051 2736 3107 inter
2757 3050 2916 3122 ligna
2935 3047 3253 3119 voluptatis
3277 3052 3300 3103 Ρ
3319 3047 3530 3116 Nempe
3546 3049 3745 3111 Assyrio

393 3129 485 3198 20)
515 3145 529 3184 ί
560 3129 667 3193 Olli
692 3130 907 3188 faciens
943 3135 1115 3192 faciet
1156 3138 1206 3193 ei
1239 3156 1619 3215 quazcumque
1639 3144 1689 3199 ei
1733 3128 2034 3203 αίοοωίηο
2066 3128 2108 3194 C
2147 3143 2244 3215 qui
2278 3142 2511 3199 corruit.
2538 3143 2607 3196 Et
2637 3145 2702 3195 tu
2726 3156 2854 3195 eras
2876 3136 3126 3210 inclytus
3148 3142 3327 3209 atque
3348 3130 3605 3191 sublimis
3624 3128 3747 3181 inter

394 3220 612 3276 fuerint
634 3221 933 3294 imperata.
947 3225 1061 3281 Ista
1083 3232 1275 3283 autem
1299 3231 1635 3302 cyparissus
1655 3234 1838 3305 ejecta
1857 3241 1946 3292 est
1965 3236 2036 3294 de

395 3309 665 3381 paradiso
686 3310 784 3367 Dei
800 3318 1035 3386 propter
1054 3316 1131 3372 im
1141 3318 1415 3390 pietatem
1432 3336 1601 3376 suam
1623 3340 1635 3389 ;
1661 3327 1718 3378 et
1737 3325 2038 3382 succident

394 3398 556 3456 illam
579 3402 842 3476 alienijet
862 3406 1273 3479 crudeles,sive
1296 3409 1630 3480 pestilentes
1655 3412 2030 3484 infgentibus,

391 3491 1107 3566 ut816impleaturillud
1131 3499 1283 3570 quod
1303 3499 1584 3571 scriptum
1609 3502 2035 3560 estzPestilente

391 3580 698 3654 ﬂagellato,
734 3583 951 3641 stultus
999 3586 1249 3643 astutior
1284 3588 1385 3644 ﬁet
1431 3590 1616 3661 (Prov.
1648 3608 1764 3658 xxx,
1820 3593 1932 3665 25).
1966 3594 2035 3649 Et

389 3671 602 3728 iterum
636 3690 649 3728 :
681 3672 811 3728 Jam
846 3675 1069 3731 securis
1099 3677 1171 3731 ad
1207 3678 1430 3735 radices
1461 3679 1687 3735 arboris
1726 3681 1916 3752 posita
1946 3687 2035 3738 est

388 3762 596 3833 (Matth.
631 3780 718 3834 III,
753 3764 878 3831 10):
905 3764 1566 3838 qui(a)pra:cidenteam
1591 3787 1765 3842 super
1780 3776 2028 3841 montes,

389 3855 453 3905 ut
475 3856 707 3907 corruat
723 3852 781 3907 in
807 3854 1083 3924 superbia
1098 3872 1225 3911 sua.
1253 3857 1313 3911 In
1337 3859 1563 3913 cunctis
1581 3864 1776 3915 autem
1800 3861 2030 3917 conval-

387 3936 543 3995 libus
558 3945 833 3995 corruent
848 3942 993 3997 rami
1012 3945 1139 4013 ejus
1160 3962 1173 3999 :
1195 3949 1259 3999 ut
1273 3947 1345 4001 ad
1364 3950 1648 4003 tartarum
1667 3950 2031 4007 deducantur

387 4042 613 4094 omnes,
645 4029 746 4100 qui
777 4028 835 4083 in
865 4031 994 4101 ejus
1032 4032 1192 4088 fuere
1238 4034 1538 4107 comitatu,
1573 4042 1629 4092 et
1658 4040 1931 4095 recedant
1959 4040 2030 4095 de

387 4116 730 4172 umbraculo
752 4116 1000 4188 illius,et
1020 4119 1355 4193 relinquant
1375 4130 1597 4180 eam:ut
1624 4126 1880 4183 volatilia
1901 4129 2028 4184 coeli

387 4208 444 4260 et
473 4204 669 4260 bestia:
698 4210 886 4273 terras,
910 4223 1037 4278 qua:
1068 4209 1232 4280 prius
1263 4212 1372 4266 sub
1396 4212 1497 4267 illa
1518 4214 1766 4285 fuerant,
1793 4222 1850 4271 et
1870 4217 2030 4275 illius

388 4295 730 4352 umbraculo
753 4297 1118 4369 tegebantur,
1137 4304 1338 4371 postea
1368 4319 1549 4374 pcenaa
1569 4304 1695 4373 ejus
1718 4307 2029 4379 participes

385 4386 522 4443 sint.
556 4387 819 4458 Cumque
851 4386 1101 4443 viderint
1143 4392 1346 4445 caetera
1388 4390 1546 4463 ligna
1577 4392 1875 4462 silvarum,
1909 4396 2028 4453 sive

2143 3232 2302 3304 ligna
2334 3231 2506 3301 Eden,
2539 3229 2647 3284 hoc
2676 3231 2783 3292 est,
2816 3226 3158 3282 deliciarum
3190 3231 3250 3281 et
3278 3220 3617 3299 paradisi,et
3641 3226 3748 3271 ecce

2143 3321 2501 3376 deductuses
2515 3316 3120 3389 sicutAssyrius,cum
3147 3308 3747 3383 omnibuslignis,que

2144 3409 2439 3480 quondam
2472 3408 2702 3462 fuerant
2730 3406 2789 3459 in
2822 3403 3064 3472 deliciis,
3089 3404 3161 3459 ad
3194 3409 3413 3459 terram
3436 3393 3755 3491 ultimumet

2142 3499 2211 3553 ad
2245 3498 2481 3561 inferos,
2516 3501 2571 3551 et
2599 3495 2854 3550 dormies
2886 3510 3000 3550 non
3028 3493 3089 3548 in
3120 3495 3347 3565 requie,
3382 3491 3480 3548 sed
3512 3488 3565 3543 in
3592 3488 3753 3557 poenis

2142 3588 2200 3642 in
2226 3586 2415 3642 medio
2444 3584 3011 3650 incircumcisorum,
3045 3581 3153 3639 hoc
3176 3591 3290 3653 est,
3323 3576 3753 3637 immundorum,

2140 3681 2194 3732 et
2224 3691 2357 3731 cum
2382 3674 2474 3730 his
2504 3672 2606 3745 qui
2632 3672 2694 3727 in
2724 3672 2918 3745 gladio
2945 3671 3169 3727 Domini
3200 3669 3590 3727 conciderunt.
3614 3660 3760 3756 “ut

2141 3766 2400 3821 sciamus
2420 3762 2516 3835 qui
2540 3762 2617 3817 sit
2638 3761 2732 3818 ille
2752 3761 2846 3817 cui
2869 3760 3146 3816 dixerit:0
3172 3760 3579 3833 inclyte,atque
3593 3745 3756 3806 subli-

2140 3854 2254 3910 mis
2266 3854 2280 3908 i
2292 3859 2417 3909 nter
2435 3852 2593 3925 ligna
2609 3851 2942 3923 voluptatis,
2960 3849 3122 3921 ponit
3135 3847 3528 3905 manifestius:
3553 3842 3670 3914 Ipse
3685 3836 3762 3891 est

2141 3943 2384 4010 Pharao,
2406 3948 2463 3999 et
2483 3940 2677 3997 omnis
2700 3938 3013 3994 multitudo
3031 3938 3179 4009 ejus.
3200 3938 3336 3993 Sive
3351 3938 3520 4008 juxta
3541 3930 3760 4000 Septua-

2137 4032 2318 4105 ginta,
2353 4033 2436 4088 sic
2467 4035 2557 4086 est
2595 4030 2835 4095 Pharao,
2869 4033 2927 4083 et
2967 4027 3161 4083 omnis
3195 4023 3513 4081 multitudo
3542 4019 3680 4118 ejus,

2139 4122 2431 4194 quomodo
2458 4135 2636 4191 supra
2650 4117 2924 4190 Assyrius
2947 4116 3211 4173 succisus
3233 4120 3346 4183 est,
3373 4119 3431 4170 et
3451 4109 3676 4171 corruit,
3692 4109 3762 4158 sic

2137 4217 2195 4269 et
2223 4209 2526 4283 JEgyptius
2557 4209 2895 4263 subruatur.
3606 4256 3611 4259 ,

2209 4303 2367 4374 (Cap.
2400 4298 2614 4354 XXXII.
2648 4328 2716 4338 -—
2746 4300 2912 4352 Vers.
2940 4296 2965 4349 1
3002 4297 3149 4368 seq.)
3184 4298 3249 4351 Et
3276 4297 3494 4367 factum
3542 4284 3759 4381 est

2134 4392 2338 4447 decimo
2366 4403 2533 4452 anno,
2566 4388 2627 4441 in
2666 4400 2851 4442 mense
2897 4384 3213 4443 duodecimo
3240 4384 3390 4453 (sive
3436 4375 3677 4448 decimo),
3716 4375 3769 4424 in

382 4475 659 4547 paradisi,
681 4478 867 4532 Assur
895 4477 1257 4549 cyparissum
1279 4482 1568 4537 sententia
1597 4483 1691 4538 Dei
1715 4484 2023 4554 corruisse,
2061 4502 2102 4565 ι)
2134 4498 2245 4537 una
2272 4480 2359 4535 die
2389 4476 2579 4551 [Vulg.
2616 4481 2768 4565 tacet
2804 4472 2923 4565 die],
2942 4474 3411 4565 mensis-factum
3458 4472 3539 4526 est
3568 4464 3768 4565 uerbum

384 4580 498 4620 non
532 4564 992 4622 elevabunturin
1026 4567 1384 4639 superbiam,
1418 4587 1522 4626 nec
1553 4589 1615 4627 se
1644 4589 1771 4629 esse
1802 4572 2022 4647 aliquid

382 4654 777 4723 aestimabunt,
793 4672 897 4710 nec
913 4653 1309 4728 irrigationem
1333 4674 1616 4730 aquarum
1640 4677 1879 4717 suarum
1900 4678 2025 4733 pro-

384 4744 539 4814 prias
571 4746 1017 4801 arbitrabuntur
1045 4745 1276 4801 divitias
1310 4762 1321 4800 :
1356 4764 1421 4802 eo
1453 4750 1606 4819 quod
1639 4767 1843 4805 omnes
1872 4749 2023 4805 rami

383 4838 441 4888 et
470 4834 728 4891 volatilia
758 4836 904 4908 cceli,
933 4840 990 4891 et
1019 4835 1215 4893 bestiae
1238 4841 1422 4903 terra),
1445 4854 1572 4910 quae
1601 4844 1766 4895 erant
1787 4839 1897 4895 sub
1920 4838 2024 4893 im-

385 4921 544 4990 perio
590 4926 793 4991 Assur,
825 4925 1190 4981 deducantur
1219 4924 1277 4979 in
1325 4932 1509 4982 morte
1539 4928 1607 4983 ad
1641 4932 1855 4983 terram
1889 4927 2024 4982 ulti-

386 5023 566 5063 mam.
596 5010 676 5066 De
725 5014 942 5083 quibus
960 5015 1257 5087 scriptum
1290 5019 1377 5069 est
1410 5034 1422 5071 :
1459 5016 1519 5069 In
1548 5021 1863 5089 conspectu
1896 5017 2024 5086 ejus

386 5099 595 5153 cadent
638 5115 840 5156 omnes
872 5105 969 5175 qui
1021 5104 1385 5160 descendunt
1414 5104 1472 5159 in
1520 5108 1732 5161 terram
1765 5107 1876 5178 (Ps.
1906 5122 2022 5172 xxx,

384 5187 496 5256 30).
529 5186 683 5259 Etgin
717 5188 829 5244 alio
851 5189 1465 5266 locojzglngredientur
1485 5194 1554 5250 ad
1585 5200 1839 5252 extrema
1861 5198 2023 5248 terra:

386 5276 500 5349 (Ps.
532 5293 667 5346 LXII,
702 5276 788 5347 10)
821 5293 834 5330 :
869 5286 926 5333 et
965 5287 1135 5337 erunt
1164 5300 1532 5356 nequaquam
1584 5301 1716 5339 cum
1762 5280 2021 5354 Angelis,

387 5368 486 5423 sed
519 5382 651 5424 cum
684 5364 822 5421 {iliis
851 5365 1288 5444 hominum,qui
1316 5372 1775 5445 descenduntin
1804 5370 2020 5440 lacum,

2133 4571 2356 4626 Domini
2383 4567 2453 4623 ad
2481 4582 2589 4631 me,
2619 4564 2806 4620 dicens
2835 4581 2853 4617 :
2886 4563 2995 4618 Fili
3035 4562 3293 4627 hominis,
3324 4572 3547 4616 assume
3574 4556 3768 4611 lamen-

2135 4661 2250 4712 tum
2295 4671 2461 4727 super
2508 4654 2847 4709 Pharaonem
2898 4666 3077 4720 regem
3132 4651 3374 4721 A‘Zgypti,
3428 4652 3483 4703 et
3527 4646 3672 4734 dices
3711 4633 3773 4734 ad.

2132 4761 2258 4800 eum
2290 4762 2303 4799 :
2338 4745 2505 4798 Leoni
2548 4743 2793 4813 gentium
2837 4740 3177 4794 assimilatas
3205 4754 3282 4803 es,
3317 4745 3373 4793 et
3402 4733 3645 4807 ξάναεοηὶ
3689 4733 3771 4798 φιτ

2132 4842 2210 4888 est
2239 4834 2298 4887 in
2324 4834 2489 4899 mari,
2519 4840 2574 4887 et
2626 4830 2928 4886 ventitabas
2975 4843 3144 4883 cornu
3174 4828 3232 4881 in
3276 4824 3611 4897 ﬂuminibus
3656 4817 3769 4879 luit,

2133 4924 2185 4976 et
2213 4921 2575 4976 conturbabas
2604 4934 2773 4991 aquas
2800 4917 3034 4989 pedibus
3063 4916 3191 4983 tuis,
3222 4924 3273 4970 et
3299 4911 3656 4973 consutcabas
3682 4906 3772 4976 ﬂu-

2132 5012 2285 5064 mina
2314 5025 2508 5064 earum
2541 5007 2731 5081 (Vulg.
2763 5023 2973 5078 eorum
3004 5005 3145 5075 (sive
3178 5004 3318 5074 tua).
3348 5004 3650 5074 Propterea
3671 5000 3776 5051 ηκο

2134 5099 2265 5154 dicit
2296 5101 2562 5154 Dominus
2592 5099 2730 5152 Deus
2762 5114 2780 5149 :
2812 5095 3135 5165 Eirpsmdam
3185 5109 3351 5164 super
3379 5100 3433 5147 te
3463 5095 3578 5145 rete
3606 5096 3776 5142 meum

2136 5193 2195 5244 in
2220 5188 2579 5245 multitudine
2628 5187 2953 5258 papulorum
2982 5184 3299 5252 multorum,
3332 5184 3383 5236 et
3412 5178 3703 5235 extraham
3729 5176 3777 5226 te

2134 5282 2198 5335 in
2224 5295 2423 5350 sagena
2454 5294 2572 5333 mea
2618 5276 2762 5347 (sive
2790 5273 3079 5330 extraham
3110 5278 3161 5328 te
3205 5273 3265 5327 in
3311 5270 3520 5341 hamo).
3563 5269 3629 5323 Et

2132 5370 2327 5440 iiciam
2356 5367 2498 5441 (sive
2528 5362 2838 5435 extraham)
2872 5365 2931 5418 in
2962 5370 3205 5449 terram:
3232 5375 3395 5433 super
3418 5359 3630 5432 faciem
3657 5362 3780 5427 agn

457 5581 532 5658 (α)
562 5582 768 5643 Maluit
797 5584 996 5643 Victor
1017 5587 1308 5661 prOjicient
1334 5605 1476 5665 eam,
1507 5606 1575 5646 ex
1605 5542 2441 5665 superioriﬂiuferioriquedut!
2459 5584 2571 5643 sibi
2603 5582 2847 5659 videtur,
2880 5583 3110 5641 context
3158 5622 3171 5640 .
