4006 6180
252 356 366 427 305

832 362 1575 432 COMMENTARIORUM
1622 367 1702 432 IN
1746 362 2251 472 EZEQHIELEM
2294 366 2445 432 LIB.
2492 366 2564 432 X.
2611 363 2785 434 CAP.
2831 365 3071 435 XXXII.

3530 358 3650 433 306

251 496 512 570 abjieiam
541 506 596 555 te
624 497 769 572 (sive
795 515 977 574 campi
1006 500 1367 575 replebuntur
1393 503 1538 576 tui):
1560 510 1611 560 et
1649 502 1899 560 habitare
1924 501 1982 569 Î‘
2013 502 2297 574 perbiam,
2332 520 2460 576 quae
2493 521 2674 561 cornu
2698 507 2953 573 vocatur,
2987 506 3044 561 et
3073 499 3453 560 multitudine
3490 516 3652 560 exer-

252 585 391 658 (sive
421 587 635 659 sedere)
663 591 871 660 faciam
900 607 1066 662 super
1096 594 1147 646 te
1172 595 1358 647 omnia
1386 592 1641 648 volatilia
1670 592 1814 658 caeli,
1845 598 1898 649 et

248 677 510 732 saturabo
530 677 599 732 de
636 685 688 733 te
717 678 912 733 bestias
936 682 1205 736 universae
1233 684 1420 748 terrae,
1451 690 1504 737 et
1532 681 1669 737 dabo
1699 698 1895 737 carnes

250 772 373 821 tuas
399 782 576 837 super
609 775 838 829 montes,
866 772 918 823 et
978 770 1209 840 implebo
1253 770 1419 826 colles
1478 769 1670 843 (Vulg.
1732 771 1896 826 addit

253 854 393 924 tuos]
426 853 575 926 (sive
606 856 797 927 valles)
826 858 982 911 sanie
1010 866 1106 913 tua
1131 856 1241 929 (vel
1270 860 1542 929 sanguine
1572 860 1686 930 tuo)
1737 867 1788 913 et
1817 862 1894 914 ir-

241 943 434 1012 rigabo
463 948 675 1000 terram
708 944 850 1012 (sive
872 946 1201 1017 irrigabitur
1229 948 1397 1017 terra)
1452 957 1651 1018 putore
1695 947 1891 1019 [Vulg.

239 1034 408 1103 fetore
424 1049 449 1094 ;
481 1031 558 1087 al.
578 1033 822 1105 paedore]
843 1036 1134 1105 sanguinis
1153 1037 1238 1091 tui
1257 1036 1399 1105 (sive
1418 1038 1743 1092 stercoribus
1764 1037 1895 1109 tuis)

237 1130 647 1193 supermontes,
679 1131 731 1177 et
751 1123 845 1178 87
857 1123 904 1178 8
926 1125 1095 1179 valles
1116 1125 1491 1197 implebuntur
1508 1141 1577 1180 ea:
1596 1128 1665 1181 te.
1685 1128 1748 1181 Et
1768 1141 1894 1197 ope-

236 1211 379 1266 riam
402 1226 531 1266 cum
553 1212 828 1266 extinctus
846 1213 1039 1280 fueris,
1060 1200 1329 1281 cretum,et
1346 1216 1648 1285 nigrescere
1681 1216 1897 1283 faciam

234 1299 422 1355 stellas
455 1301 583 1370 ejus
609 1317 622 1354 :
654 1301 839 1356 Solem
865 1302 1010 1356 nube
1035 1306 1235 1373 tegam,
1267 1312 1318 1358 et
1348 1304 1541 1358 lunam
1578 1320 1689 1359 non
1744 1305 1896 1360 dabit

236 1387 423 1443 lumen
455 1404 648 1443 suum.
683 1389 880 1445 Omnia
901 1391 1209 1446 luminaria
1238 1392 1359 1447 creti
1407 1408 1638 1450 maerere
1691 1395 1897 1463 faciam

234 1476 376 1544 (sive
400 1478 907 1549 contenebrescent)
929 1495 1096 1549 super
1115 1488 1199 1535 te:
1229 1489 1283 1535 et
1311 1479 1447 1536 dabo
1469 1482 1719 1537 tenebras
1732 1498 1898 1553 super

228 1573 445 1625 terram
475 1574 656 1633 tuam,
688 1566 823 1623 dicit
842 1569 1108 1623 Dominus
1132 1569 1287 1623 Deus.
1320 1570 1385 1624 Et
1404 1569 1637 1626 irritabo
1657 1587 1755 1626 cor
1795 1586 1894 1642 po-

223 1656 492 1726 pulorum
519 1655 831 1710 multorum
859 1672 985 1710 cum
1014 1656 1290 1712 inducere
1309 1659 1698 1714 contritionem
1749 1658 1896 1729 (sive

228 1744 635 1815 captivitatem)
661 1751 813 1800 tuam
842 1745 903 1798 in
923 1745 1177 1812 gentibus
1206 1761 1375 1817 super
1402 1755 1578 1801 terras
1638 1746 1778 1818 (sive
1834 1749 1894 1802 in

229 1832 403 1901 terra)
432 1848 615 1903 quam
649 1833 846 1887 nescis.
872 1833 939 1887 Et
964 1836 1269 1903 stupescere
1295 1835 1501 1903 faciam
1528 1834 1673 1905 (sive
1692 1838 1893 1891 contri-

227 1921 550 1988 stabuntur)
581 1937 749 1992 super
785 1928 835 1976 te
860 1920 933 1991 (a)
961 1922 1191 1993 populi:
1225 1920 1334 1991 (vel
1381 1930 1562 1993 gentes
1607 1923 1819 1992 multa)
1849 1932 1902 1981 et

227 2026 379 2081 reges
399 2025 609 2065 eorum
637 2009 861 2065 horrore
880 2011 1054 2065 nimio
1082 2010 1460 2080 formidabant
1489 2027 1653 2082 super
1672 2019 1739 2082 te,
1771 2029 1897 2068 eum

229 2101 414 2155 colare
435 2099 675 2170 crepet-it
703 2098 921 2169 gladius
949 2115 1102 2154 meus
1130 2115 1294 2170 super
1309 2101 1479 2171 facies
1496 2116 1706 2169 eorum,
1728 2107 1778 2157 et
1800 2104 1894 2157 ob-

227 2194 537 2260 stupescent
556 2196 783 2258 repente
808 2188 1020 2257 singuli
1046 2202 1144 2259 pro
1173 2189 1363 2243 anima
1391 2205 1495 2243 sua
1514 2190 1573 2245 in
1593 2190 1686 2245 die
1714 2192 1897 2246 ruina

234 2276 374 2347 (sive
396 2279 781 2348 exspectantes
796 2278 1020 2332 ruinam
1032 2292 1192 2331 suam
1209 2294 1243 2331 a
1263 2276 1351 2331 die
1370 2280 1574 2346 ruinae)
1601 2282 1729 2333 tuae.
1751 2280 1895 2347 Quia

238 2368 359 2422 haec
385 2364 518 2421 dicit
542 2365 817 2420 Dominus
846 2365 984 2420 Deus
1004 2382 1023 2418 :
1058 2364 1284 2420 Gladius
1311 2367 1458 2435 regis
1480 2367 1780 2438 Babylonis
1805 2385 1892 2424 ve-

234 2456 350 2510 niet
367 2455 497 2509 tibi.
518 2455 585 2509 In
614 2453 820 2525 gladiis
848 2456 1085 2524 fortium
1103 2454 1246 2525 (sive
1275 2456 1619 2526 giganlium)
1640 2457 1896 2528 dejiciam

229 2543 661 2600 multitudinem
690 2542 833 2613 (sive
860 2541 1271 2615 fortitudinem)
1301 2548 1453 2599 tuam
1480 2562 1492 2599 :
1554 2546 1895 2616 inexpugna-

229 2634 366 2689 biles
394 2637 592 2704 gentes
638 2648 826 2688 omnes
856 2631 938 2687 hae
968 2631 1109 2702 (sive
1153 2633 1464 2703 pestilentes
1522 2633 1607 2710 de
1639 2635 1893 2703 gentibus

223 2722 498 2793 cunctis):
531 2724 587 2777 et
620 2720 905 2775 vastabant
935 2719 1080 2791 (sive
1122 2720 1365 2791 perdent)
1414 2723 1727 2793 superbiam
1783 2722 1890 2791 (vel

226 2810 531 2881 iniuriam)
562 2811 809 2880 Egypti,
839 2816 891 2865 et
916 2808 1279 2880 dissipabitur
1300 2810 1592 2866 multitudo
1620 2811 1736 2882 ejus
1748 2810 1892 2880 (sive

221 2903 549 2957 conteretur
576 2901 761 2954 omnis
788 2897 1050 2969 fortitudo
1081 2898 1278 2969 illius).
1310 2900 1379 2954 Et
1419 2899 1649 2970 perdam
1706 2903 1893 2956 omnia

219 2991 477 3062 jumenta
507 2988 633 3058 ejus
664 3002 788 3057 qum
817 2994 975 3041 erant
990 3002 1154 3058 super
1182 3003 1355 3057 aquas
1374 2987 1646 3058 plurimas
1662 2988 1803 3059 (sive
1825 2989 1892 3044 ab

227 3078 385 3149 aquis
413 3076 641 3140 multis)
657 3093 670 3130 :
685 3083 858 3131 etnon
874 3074 1216 3130 conturbabit
1233 3091 1325 3131 eas
1346 3092 1442 3146 pes
1460 3076 1699 3133 hominis
1720 3078 1888 3148 ultra,

227 3183 401 3240 neque
428 3166 656 3237 ungula
661 3166 1042 3236 jumentorum
1071 3165 1316 3220 turbabit
1333 3165 1475 3237 (sive
1494 3167 1754 3238 calcabit)
1776 3183 1886 3222 eas.

232 3238 374 3312 Tunc
400 3255 746 3327 purissimas
780 3252 1006 3308 reddam
1060 3269 1228 3325 aquas
1265 3270 1454 3309 eorum
1492 3254 1637 3325 (sive
1667 3263 1726 3311 ut
1779 3256 1889 3310 ali-
1920 3238 1962 3304 C

232 3344 453 3418 querulo
514 3344 807 3415 quiescant
860 3359 1016 3413 aquae
1072 3345 1282 3411 eorum)
1312 3346 1363 3398 et
1417 3345 1655 3413 ï¬‚umina
1704 3360 1892 3400 eorum

232 3436 390 3508 quasi
403 3434 598 3489 oleum
610 3431 1028 3497 adducam(sive
1043 3434 1104 3486 ut
1114 3432 1293 3486 oleum
1314 3431 1611 3504 ï¬‚uent),azt
1633 3434 1894 3488 Dominus

236 3524 389 3589 Deus,
426 3538 560 3578 cum
614 3520 805 3576 dedero
858 3523 1063 3575 terram
1140 3521 1361 3592 AEgypti
1413 3521 1694 3577 desolatan
1751 3522 1894 3590 (sive

236 3612 555 3685 perditam).
589 3610 881 3665 Deseretur
919 3616 1101 3664 autem
1158 3618 1306 3665 terra
1333 3625 1369 3663 a
1395 3610 1737 3680 plenitudine
1790 3628 1895 3667 sua

244 3701 379 3774 (sive
396 3716 531 3757 cum
545 3697 920 3773 plenitudine)
950 3697 1167 3771 quando
1191 3714 1506 3769 percussero
1537 3699 1677 3770 (sive
1723 3700 1893 3755 disse-

247 3789 557 3861 minaoero)
588 3802 776 3843 omnes
802 3787 1132 3842 habitatores
1161 3787 1278 3847 eius
1304 3804 1317 3842 :
1349 3791 1400 3843 et
1427 3789 1599 3843 scient
1629 3790 1759 3858 quia
1799 3804 1895 3857 ego

248 3894 366 3934 sum
393 3879 684 3934 Dominus.
742 3877 1009 3931 Planctus
1050 3880 1150 3942 est,
1182 3884 1232 3931 et
1257 3877 1530 3949 plangent
1583 3892 1707 3931 eum
1759 3877 1895 3947 filiae

264 3966 577 4038 gatimn(b)
597 3981 765 4037 super
778 3967 1075 4036 Egyptum
1093 3972 1145 4020 et
1155 3980 1323 4036 super
1333 3963 1742 4020 multitudinem
1781 3966 1898 4033 eius

257 4053 395 4125 (sive
412 4056 561 4110 omni
589 4053 923 4125 fortitudine
944 4051 1125 4124 illius)
1146 4052 1414 4125 plangent
1434 4068 1578 4121 eum,
1611 4054 1690 4109 ait
1710 4054 1896 4109 Domi-

249 4144 535 4200 nusDeus.
565 4142 901 4199 Editionem
935 4145 1245 4212 utramque
1294 4140 1635 4208 miscemus,
1686 4142 1747 4197 in
1804 4142 1898 4198 his

251 4232 552 4289 dumtaxat
580 4231 643 4287 in
675 4230 895 4304 quibus
914 4229 1267 4302 discrepant.
1303 4228 1574 4302 Alioquin
1608 4230 1709 4286 ubi
1744 4248 1898 4287 unus

250 4337 453 4378 sensus
482 4326 596 4389 est,
622 4320 974 4376 Hebraicum
1007 4318 1332 4391 sequimur.
1365 4319 1429 4374 In
1463 4318 1666 4375 multis
1698 4325 1895 4376 autem

251 4409 901 4483 exemplaribus,juxta
932 4407 1090 4474 LXX,
1152 4407 1537 4464 duodecimae
1595 4426 1786 4466 annus
1843 4414 1899 4466 et

250 4499 459 4556 mensis
481 4498 755 4555 decimus
777 4496 1047 4568 ponitur;
1062 4497 1236 4568 juxta
1248 4500 1484 4552 caeteros
1503 4502 1697 4553 autem
1717 4500 1893 4554 inter-

2007 592 2158 648 cilus
2190 592 2305 661 sui,
2340 610 2545 649 omnes
2576 611 2758 666 aquas
2788 593 3080 650 transiens
3131 596 3358 666 poterat
3415 596 3649 648 contur-

2005 680 2181 737 bare:
2214 682 2429 738 idcirco
2459 683 2786 755 expandere
2811 699 2874 739 se
2919 682 3060 739 dicit
3092 685 3214 738 rete
3253 697 3428 738 suum
3473 696 3652 753 super

2005 768 2442 827 multitudinem
2469 772 2618 841 ejus,
2635 776 2690 827 et
2711 771 3010 827 extrahere
3030 787 3164 826 eum
3194 785 3412 843 sagena
3437 785 3545 825 sua
3561 769 3649 825 vel

2005 857 2203 925 hamo,
2233 864 2289 914 et
2319 859 2619 931 projicere,
2652 860 2772 916 sive
2800 860 3107 915 extendere
3138 876 3272 915 eum
3304 875 3481 931 super
3528 862 3650 915 terâ€”

2006 946 2260 1019 ram,qui
2277 947 2442 1019 quasi
2460 949 2700 1004 coluber
2713 947 2917 1005 multis
2931 948 3107 1020 spiris
3125 948 3314 1003 fuerat
3330 946 3649 1016 involutus,

2005 1039 2070 1090 ut
2089 1053 2124 1091 a
2144 1036 2371 1091 cunctis
2389 1036 2518 1091 coeli
2539 1036 2873 1093 volatilibus
2894 1037 3224 1093 devoretur.
3248 1036 3511 1109 Cumque
3532 1052 3650 1092 non

2004 1123 2196 1179 solum
2237 1140 2391 1196 aves,
2427 1125 2527 1181 sed
2560 1141 2765 1182 omnes
2790 1125 2989 1181 bestiae
3021 1128 3185 1180 terra:
3215 1141 3350 1180 eum
3373 1124 3654 1180 lacerave-

2004 1212 2141 1283 rint,
2166 1213 2402 1285 reliquae
2432 1230 2637 1270 carnes
2687 1215 2835 1286 ejus,
2867 1218 3096 1270 montes
3144 1218 3202 1269 et
3255 1212 3437 1270 valles
3493 1228 3656 1271 cam-

2004 1319 2226 1374 posque
2243 1303 2730 1374 complebunt,ita
2746 1306 2810 1358 ut
2828 1306 3040 1358 cuncta
3056 1303 3356 1359 vermibus
3372 1304 3655 1358 scateant.

2004 1390 2134 1446 Hec
2165 1395 2359 1447 autem
2392 1391 2654 1463 loquitur
2684 1408 2786 1463 per
2803 1391 3230 1463 metaphoram,
3253 1396 3319 1447 ut
3338 1394 3654 1464 postquam

2000 1479 2255 1536 volatilia
2284 1479 2413 1535 coeli
2443 1486 2501 1536 et
2529 1480 2728 1537 bestias
2761 1481 3037 1537 carnibus
3067 1480 3197 1552 ejus
3228 1480 3445 1535 fuerint
3490 1482 3654 1535 satu-

2004 1573 2160 1638 ratas,
2196 1570 2253 1624 id
2285 1574 2375 1624 est
2404 1570 2694 1625 exercitus
2724 1570 2873 1640 ejus,
2906 1573 2965 1625 et
3009 1569 3282 1625 universa
3337 1566 3652 1623 multitudo

2005 1657 2230 1729 reliqua
2251 1675 2387 1729 pars
2416 1659 2477 1715 in
2508 1674 2736 1714 vermes
2757 1663 2814 1714 et
2837 1657 3062 1713 saniem
3084 1660 3470 1718 convertatur.
3491 1656 3655 1711 Tune

2004 1747 2218 1818 inquit,
2254 1746 2380 1802 coeli
2413 1746 2672 1802 tenebris
2701 1745 3121 1814 obvolventur;
3156 1744 3263 1813 sol,
3296 1749 3353 1801 et
3382 1744 3540 1816 luna,
3598 1747 3657 1801 et

2006 1841 2211 1891 caetera
2232 1834 2551 1891 luminaria
2566 1853 2680 1891 non
2696 1836 2920 1890 dabunt
2937 1834 3136 1890 lumen
3159 1834 3464 1900 suum,sed
3480 1849 3658 1905 super

2007 1928 2064 1979 te
2084 1928 2294 1980 cuncta
2316 1924 2652 1996 nigrescant
2675 1940 2687 1978 :
2719 1922 2984 1995 nihilque
3007 1922 3115 1978 tibi
3132 1921 3330 1978 laetum
3352 1921 3483 1987 erit,
3507 1925 3563 1977 et
3582 1921 3656 1977 ad

2004 2016 2175 2069 tuum
2190 2012 2489 2069 interitum
2517 2030 2722 2069 omnes
2744 2011 2943 2085 populi
2966 2015 3024 2067 et
3042 2012 3237 2068 cuncti
3260 2026 3426 2084 reges
3445 2026 3650 2066 eorum

2004 2100 2246 2157 horrore
2277 2102 2459 2158 nimio
2491 2101 2892 2158 formidabant
2923 2100 3349 2173 conspicientes
3392 2098 3657 2173 gladium

2006 2206 2203 2246 meum
2235 2190 2349 2246 huc
2377 2189 2633 2262 illucque
2653 2190 2894 2246 volitare
2925 2194 2983 2246 et
3011 2188 3159 2244 nulli
3189 2204 3446 2260 parcere,
3479 2190 3538 2243 et
3592 2186 3652 2242 in

2000 2284 2104 2333 tua
2135 2279 2324 2346 ruina,
2358 2278 2591 2334 ruinam
2623 2277 2876 2333 similem
2899 2278 3335 2349 pertimescent.
3359 2275 3429 2331 Ut
3453 2278 3650 2331 autem

2002 2367 2154 2425 scias
2171 2368 2304 2439 quis
2320 2367 2428 2423 iste
2455 2369 2532 2423 sit
2553 2366 2952 2440 gladius,audi
2975 2364 3344 2422 manifestius
3369 2382 3382 2419 :
3405 2364 3648 2420 Gladius

2002 2456 2158 2528 regis
2188 2455 2499 2527 Babylonis
2522 2454 2712 2511 veniet
2736 2455 2839 2510 tibi
2866 2473 2878 2511 :
2913 2456 2971 2509 in
3004 2453 3218 2526 gladiis
3248 2452 3508 2519 fortium,
3528 2451 3649 2508 sive

2001 2544 2327 2617 gigantium
2348 2543 2617 2615 dejiciam
2631 2558 2868 2599 omnem
2883 2541 3321 2597 multitudinem
3344 2538 3645 2604 tuam.0ui

2001 2634 2289 2707 gigantes,
2322 2630 2804 2705 inexpugnabiles
2835 2634 3038 2705 gentes
3067 2634 3226 2698 sunt,
3276 2645 3403 2701 quas
3461 2628 3648 2700 Baby-
3754 2656 3761 2661 -

2001 2721 2144 2778 Ionii
2175 2722 2329 2795 regis
2359 2721 2710 2777 tenebantur
2738 2720 3013 2776 exercitu.
3048 2718 3154 2774 Isti
3184 2718 3501 2774 vastabant
3521 2716 3647 2773 sive

2002 2811 2342 2883 dispeâ€˜rdent
2371 2810 2708 2882 superbiam
2730 2807 2958 2882 Egypti,
2982 2811 3042 2863 et
3063 2823 3296 2863 omnem
3324 2803 3648 2862 multitudi-

2003 2916 2138 2956 nem
2168 2900 2295 2970 ejus
2319 2917 2332 2954 :
2367 2898 2632 2970 nihilque
2660 2898 2721 2953 in
2753 2901 2993 2971 Egypto
3018 2895 3365 2961 remanebit,
3386 2895 3487 2951 sed
3509 2908 3647 2951 cum

2001 2988 2363 3058 hominibus,
2395 2992 2451 3043 et
2472 2989 2745 3059 jumenta
2775 2988 3065 3058 brutaque
3093 2982 3374 3042 animalia
3428 2982 3648 3055 pariter

2000 3077 2357 3133 auferantur.
2390 3077 2459 3132 Et
2490 3080 2651 3131 tanta
2665 3075 2775 3131 erit
2796 3074 3053 3131 solitudo
3084 3073 3144 3128 in
3164 3073 3426 3145 tEgypto,
3449 3075 3516 3128 ut
3540 3086 3647 3127 nec

2001 3166 2146 3238 pede
2175 3164 2451 3231 hominis,
2485 3181 2589 3221 nec
2621 3163 2842 3237 ungula
2854 3162 3111 3235 jumenti
3134 3177 3298 3234 aquas
3318 3160 3479 3218 illius
3501 3175 3643 3217 con-

2001 3254 2440 3321 turbentur,sed
2473 3254 2672 3325 quieta
2691 3253 2812 3309 sint
2832 3252 3031 3308 omnia
3053 3256 3131 3309 :et
3146 3268 3309 3323 aqua;
3329 3249 3642 3305 ï¬‚uminum

2000 3344 2128 3415 ejus
2158 3342 2326 3414 quasi
2374 3341 2566 3398 oleum
2616 3342 2802 3398 fluant
2858 3338 3188 3412 purissimae
3246 3355 3313 3395 ac
3370 3337 3648 3405 nitentes,

2001 3431 2165 3488 nullo
2196 3448 2298 3503 per
2326 3448 2424 3487 eas
2456 3431 2810 3496 transeunte,
2833 3446 2938 3486 nec
2967 3444 3170 3485 earum
3236 3428 3457 3482 ï¬‚uenta
3517 3429 3648 3481 tur-

2001 3522 2196 3577 bante.
2229 3521 2347 3576 Hoc
2377 3523 2573 3577 autem
2605 3519 2704 3574 ï¬et
2731 3522 2966 3591 prepter
2988 3516 3217 3589 tEgypti
3247 3513 3647 3580 solitudinem,

2004 3627 2131 3682 quae
2148 3609 2444 3680 redigetur
2462 3606 2521 3661 in
2541 3609 2837 3662 desertum
2860 3606 2932 3665 ab
2946 3604 3107 3660 omni
3130 3602 3506 3661 multitudine
3518 3618 3647 3657 sua:

2005 3698 2237 3770 quando
2260 3695 2617 3752 habitatores
2639 3695 2766 3765 ejus
2787 3692 3072 3750 Dominus
3097 3692 3252 3749 880
3273 3689 3648 3759 percusserit,

2005 3791 2071 3842 ut
2082 3783 2412 3855 intelligant
2423 3783 2523 3855 qui
2542 3781 2934 3838 remanserint
2944 3782 3099 3852 quod
3113 3780 3241 3852 ipse
3255 3779 3332 3836 sit
3348 3777 3650 3835 Dominus.

2005 3874 2223 3931 Idcirco
2254 3872 2527 3945 planctus
2557 3875 2646 3927 est
2677 3869 3017 3939 Pharaonis,
3050 3873 3107 3925 et
3135 3867 3411 3941 plangent
3438 3882 3574 3923 eum
3590 3866 3655 3922 fi-

2004 3963 2097 4019 liae
2120 3961 2384 4035 gentium
2405 3960 2464 4016 in
2479 3959 2885 4016 circuitu.Non
2909 3957 3103 4014 solum
3120 3961 3319 4013 autem
3333 3969 3512 4028 super
3530 3953 3652 4025 illo,

2007 4052 2108 4109 sed
2139 4054 2195 4107 et
2224 4067 2402 4123 super
2431 4047 2809 4105 multitudine
2848 4047 2999 4117 ejus,
3031 4062 3184 4125 quis,
3246 4044 3491 4101 Domino
3547 4060 3653 4099 va-

2008 4144 2221 4205 stante,
2253 4137 2442 4195 deleta
2461 4141 2568 4194 est.
2588 4137 2719 4193 Ha'c
2743 4151 2920 4208 super
2939 4133 3197 4208 simplici
3218 4132 3412 4191 littera
3435 4132 3656 4190 cursim

2008 4228 2226 4284 dixisse
2257 4225 2529 4293 sufï¬ciat,
2558 4225 2866 4281 veniamus
2897 4224 2969 4279 ad
3001 4221 3454 4295 intelligentiam
3482 4219 3657 4292 spiri-

2007 4316 2246 4373 tualem.
2280 4315 2396 4371 Nec
2410 4317 2550 4387 puto
2573 4310 3331 4386 magnoperelaborandum
3353 4322 3528 4364 nosse
3556 4304 3660 4378 qui

2008 4406 2085 4462 sit
2099 4405 2322 4461 Pharao
2336 4420 2432 4459 rex
2453 4403 2847 4475 Egypti,cum
2868 4416 3052 4472 supra
3065 4398 3296 4472 plenius
3311 4395 3656 4463 dixerimus,

2007 4511 2135 4551 eam
2192 4492 2459 4548 videlicet
2511 4494 2884 4564 potestatem,
2964 4488 3058 4544 cui
3106 4488 3387 4560 tEgyptus
3440 4483 3661 4541 credita

249 4593 450 4659 pretes,
484 4587 761 4643 decimus
792 4603 984 4642 annus
1015 4590 1073 4641 et
1101 4585 1486 4642 duodecimae
1530 4586 1773 4654 mensis,
1834 4591 1896 4643 ut
1929 4603 1975 4668 Î™)
2006 4588 2131 4651 est;
2173 4581 2261 4638 vel
2294 4598 2411 4637 una
2442 4578 2763 4652 provincia,
2796 4577 2881 4633 vel
2914 4580 3193 4668 Egyptus
3220 4574 3406 4668 totius
3428 4571 3656 4668 mundi,

250 4675 330 4732 vel
345 4678 474 4749 jam
507 4680 684 4748 capta
708 4676 786 4731 sit
804 4674 1153 4740 Jerusalem,
1177 4678 1235 4729 et
1253 4674 1533 4747 gaudium
1558 4674 1897 4746 Pharaonis,

253 4764 412 4822 malis
441 4765 604 4822 819
635 4764 748 4821 sibi
775 4762 1246 4830 imminentibus,
1269 4762 1571 4818 auferatur
1593 4762 1713 4819 :vel
1739 4769 1903 4819 certe

255 4853 547 4926 capienda,
608 4857 666 4908 et
718 4851 843 4907 suis
905 4850 1095 4924 magis
1141 4850 1400 4907 miseriis
1444 4851 1657 4919 doleat,
1724 4869 1900 4924 quam

258 4938 495 4999 Iliorum
512 4940 852 5014 captivitate
870 4939 1115 4996 laetetur.
1140 4938 1453 4996 Etinterim
1478 4940 1727 4998 breviter
1747 4958 1901 5013 quaa-

260 5030 382 5086 dam
412 5030 680 5087 historia:
710 5029 1094 5084 fundamenta
1135 5028 1445 5099 jacientes,
1488 5028 1627 5100 quid
1680 5029 1901 5085 Hebraei

261 5134 426 5191 super
443 5119 555 5175 hoc
578 5118 708 5175 loco
733 5116 1065 5190 intelligant
1084 5133 1517 5189 percurramus.
1548 5118 1721 5174 Leoni
1745 5134 1905 5173 com-

264 5214 495 5277 paratur
524 5208 773 5278 Pharao,
803 5223 916 5262 non
949 5205 1127 5262 unius
1158 5205 1370 5279 gentis,
1422 5206 1520 5262 sed
1580 5206 1903 5263 multarum

263 5296 552 5366 gentium;
587 5293 966 5352 sivedraconi
988 5296 1046 5350 in
1073 5294 1249 5361 mari,
1280 5300 1346 5350 ut
1368 5298 1583 5351 terram
1605 5312 1907 5368 aquasque

264 5385 553 5455 possideat
574 5384 675 5458 qui
698 5383 1039 5457 irrigatione
1056 5383 1365 5440 fluminum
1387 5384 1721 5457 erigebatur
1736 5384 1793 5440 in
1808 5401 1905 5441 su-

330 5543 406 5615 (a)
426 5542 903 5616 Victor.,populos
924 5543 1227 5616 multos,vel
1245 5546 1427 5615 gentes
1457 5541 1745 5616 multae,_ad
1768 5541 1906 5598 Vul-

338 5613 407 5670 Î¹Îµ
433 5615 603 5688 preci
652 5613 723 5671 ne
741 5613 936 5671 textus
959 5615 1134 5672 fidem
1163 5632 1176 5671 :
1198 5613 1407 5688 vixque
1433 5631 1550 5671 uno
1572 5613 1745 5669 verbo
1767 5616 1907 5670 mul-

270 5628 351 5740 2:
376 5702 483 5740 uno
510 5633 707 5740 muï¬z
737 5687 1014 5740 Hebenus
1044 5686 1291 5740 abludit.

376 5686 483 5759 pro
510 5686 707 5745 multae
737 5687 1014 5745 Hebenus
1044 5686 1291 5745 abludit.

2011 4689 2137 4745 quae
2169 4688 2284 4727 non
2315 4674 2404 4725 est
2433 4668 2519 4724 leo
2551 4667 2805 4733 condita,
2838 4667 2941 4722 sed
2972 4664 3204 4737 proprio
3232 4662 3372 4718 vitio
3426 4658 3658 4716 assimi-

2011 4760 2130 4817 lata
2158 4758 2309 4815 leoni
2339 4757 2626 4831 gentium.
2680 4757 2860 4811 Homo
2919 4754 3075 4809 enim
3129 4767 3264 4808 cum
3322 4750 3381 4805 in
3440 4747 3661 4833 honore

2012 4852 2186 4918 esset,
2219 4864 2333 4903 non
2361 4845 2636 4917 intelligit
2661 4869 2676 4911 ;
2706 4846 3079 4915 comparatus
3107 4845 3196 4896 est
3218 4836 3514 4910 jumentis
3570 4837 3660 4894 in-

2013 4934 2447 5008 sipientibus,et
2467 4932 2679 4988 similis
2697 4931 2885 4986 factus
2899 4928 3120 4986 catillis
3136 4927 3309 5000 (Psal.
3327 4943 3524 4997 XLVIII,
3550 4926 3659 4995 13).

2017 5027 2093 5082 De
2113 5024 2219 5080 hoc
2250 5022 2417 5079 leone
2436 5025 2495 5078 et
2517 5019 2996 5090 Petruslcquitur
3017 5035 3031 5085 ;
3060 5015 3447 5073 Adversarius
3466 5019 3668 5072 noster

2013 5113 2284 5170 diabolus
2313 5110 2482 5183 quasi
2507 5109 2597 5165 leo
2629 5107 2869 5180 rugiens
2899 5104 3132 5173 circuit,
3166 5120 3440 5178 quaerens
3490 5119 3666 5177 quem

2015 5203 2248 5259 devoret
2277 5200 2321 5271 (Î¹
2351 5200 2500 5253 Petr.
2533 5214 2594 5264 v,
2632 5196 2709 5267 8).
2741 5196 2812 5250 Et
2830 5195 2888 5249 in
2922 5210 3081 5250 nono
3116 5194 3351 5267 psalmo
3410 5193 3582 5265 (Vers.
3613 5190 3670 5259 9)

2016 5289 2302 5362 scriptum
2328 5290 2453 5343 est:
2493 5282 2814 5339 lnsidiatur
2836 5282 2896 5337 in
2938 5281 3282 5352 abscondito
3305 5279 3477 5354 quasi
3496 5278 3587 5334 leo
3606 5277 3666 5333 in

2017 5377 2300 5451 spelunca
2312 5390 2445 5443 sua;
2460 5371 2777 5428 insidiatur
2795 5375 2862 5427 ut
2880 5365 3669 5444 rapiatpauperem.EtinJe-

2088 5540 2162 5611 (b)
2193 5537 2348 5592 Idem
2382 5531 2591 5611 repetit
2608 5548 2808 5611 voces,
2832 5532 3271 5611 plangentâ€˜eum,
3304 5525 3555 5611 quaehis
3609 5525 3672 5608 in

2015 5601 2275 5675 Hebraeo,
2310 5612 2368 5663 et
2408 5601 2663 5732 Vulgpta
2714 5601 3254 5677 quoque'editione
3312 5601 3471 5666 sunt,
3526 5601 3673 5668 quin

2018 5682 2194 5732 etiam
2225 5694 2406 5732 nenes
2442 5675 2531 5732 LX
2583 5715 2598 5732 .

2018 5682 2194 5741 etiam
2224 5694 2406 5754 penes
2442 5675 2598 5734 LXX.
