3996 6182
317 388 431 456 307
1556 390 1619 455 S.
1666 389 1977 455 EUSEBII
2022 389 2465 456 HIERONYMI
3590 378 3710 451 309

327 528 515 586 remia
546 525 798 601 Spiritus
828 529 1068 585 sanctus
1098 526 1214 584 ait:
1250 528 1357 585 Leo
1390 527 1461 584 de
1490 526 1634 584 silva
1671 526 1960 598 percussit
1987 526 2043 592 Α
2072 533 2188 592 tur,
2210 527 2509 584 velbestiaa
2531 532 2694 584 terrae
2711 526 2917 597 (Matth.
2950 545 3076 596 xm;
3110 527 3240 583 Duc.
3290 523 3433 597 vm).
3492 521 3713 580 Volati-

327 635 425 675 eos
456 618 584 689 (Jer.
618 636 672 688 v,
705 620 781 685 6).
816 618 1132 674 Draconem
1158 623 1352 675 autem
1376 618 1491 673 dici
1515 617 1810 672 diabolum
1833 620 1960 688 (pro
2068 616 2165 682 lia,
2201 634 2325 688 qum
2356 622 2699 687 sementem,
2724 617 3261 688 utdiximus,juxta
3278 615 3428 669 viam
3452 613 3712 685 rapiunt.

323 724 439 779 quo
469 707 683 778 Aquila
701 708 1115 780 interpretatus
1141 714 1229 764 est
1250 708 1803 774 Leviathan,nomen
1827 700 1965 759 (ira?

330 796 494 853 conis
524 801 837 869 exponens)
863 799 1032 869 juxta
1076 798 1437 871 superiorem
1494 795 1958 868 explanationem

330 894 535 949 multis
564 896 918 951 testimoniis
940 896 1239 967 docui,qui
1271 895 1528 951 dixerat:
1560 899 1681 949 Mea
1701 896 1840 950 sunt
1860 892 1962 947 Ilu-

325 983 489 1038 mina
516 988 568 1039 et
600 1001 705 1056 ego
727 985 833 1040 feci
856 985 1063 1040 ea.Iste
1090 985 1271 1057 igitur
1287 984 1456 1038 draco
1471 982 1817 1037 ﬂuminibus
1838 980 1962 1036 suis

325 1073 494 1143 quasi
526 1072 805 1128 cornibus
834 1073 1151 1129 ventilabat
1189 1072 1473 1145 plurimas
1516 1071 1810 1126 nationes:
1834 1086 1959 1140 quae

2071 705 2274 761 Bestiae
2304 712 2493 774 terra},
2525 705 2680 761 vitiis
2710 707 2978 773 elferatae,
3012 706 3166 777 quod
3200 705 3270 760 ad
3297 703 3597 759 haereticos
3630 707 3714 756 at-

2071 810 2183 865 que
2201 795 2445 866 gentiles
2474 794 2671 849 referri
2696 798 2899 865 potest.
2934 794 3095 857 Quod
3120 800 3317 849 autem
3342 790 3717 863 sequiturzEt

2070 884 2220 938 dabo
2251 900 2454 938 carnes
2486 888 2619 937 tuas
2648 900 2827 955 super
2857 888 3104 948 montes,
3136 888 3192 938 et
3220 882 3473 953 implebo
3534 878 3715 934 colles

2075 972 2209 1026 tuos
2241 972 2403 1026 sanie
2435 976 2573 1038 tua;
2607 971 2747 1038 sive,
2782 969 3037 1043 implebo
3066 970 3246 1025 valles
3277 966 3562 1040 sanguine
3589 971 3713 1032 tuo,

2072 1059 2227 1114 hunc
2261 1059 2436 1115 habet
2467 1076 2742 1115 sensum:
2808 1064 2872 1113 ut
2925 1058 3180 1113 volatilia
3237 1056 3360 1112 εωιὶ
3410 1062 3467 1111 et
3494 1055 3716 1112 bestias

328 1142 507 1232 guper
536 1161 847 1230 Ματοίοηθ,
878 1142 1205 1228 Valentino;
1236 1162 1392 1227 Ανίο,
1425 1160 1731 1230 Eunomia,
1788 1163 1959 1213 cate-
2067 1151 2257 1214 terrae,
2282 1148 2657 1219 deceptorum
2686 1147 2926 1219 populos
2950 1145 3368 1218 intelligamus,
3402 1142 3716 1199 crudelita-

323 1249 525 1321 risque
566 1252 856 1307 haereseen
889 1250 1253 1323 principibus
1276 1249 1598 1320 intelligere
1620 1262 1957 1319 possumus,

332 1338 434 1409 qui
463 1338 771 1394 imitantur
793 1339 1221 1395 ecclesiasticos
1250 1339 1423 1405 viros,
1457 1338 1719 1392 dicentes
1750 1336 1820 1389 ad
1844 1335 1959 1390 Do-

321 1427 540 1482 minem
564 1427 919 1483 Salvatorem
942 1444 953 1482 :
980 1429 1042 1482 In
1061 1432 1116 1482 te
1137 1427 1405 1482 inimicos
1419 1431 1651 1481 nostros
1663 1424 1962 1480 ventilabi-

232 1588 233 1591 η
321 1533 459 1572 mus
480 1532 662 1571 cornu
690 1518 1054 1588 (Ps.xxm,6):
1075 1520 1133 1571 et
1148 1533 1262 1572 non
1285 1515 1566 1571 ventilant
1593 1515 1664 1570 ad
1687 1513 1957 1583 salutem,

320 1605 476 1660 utde
504 1609 660 1660 terra
688 1605 759 1659 ad
791 1604 1001 1660 coelum
1032 1604 1240 1674 levent,
1272 1604 1372 1659 sed
1408 1609 1472 1658 ut
1509 1602 1566 1656 in
1603 1602 1959 1673 profundum

322 1693 621 1765 abjiciant.
655 1694 916 1765 Denique
946 1693 1212 1765 sequitur
1236 1710 1248 1747 :
1275 1694 1343 1747 Et
1368 1691 1761 1747 conturbabas
1781 1706 1961 1760 aquas

320 1784 567 1855 pedibus
598 1783 749 1850 tuis;
777 1784 948 1853 juxta
976 1782 1121 1837 illud
1154 1780 1414 1852 Apostoli
1438 1797 1451 1835 :
1477 1779 1582 1843 Qui
1606 1784 1800 1834 autem
1824 1794 1959 1833 eon-

318 1872 519 1928 turbat
544 1888 667 1939 vos,
690 1869 1260 1943 portabitjudieium
1293 1869 1434 1940 (Gal.
1468 1886 1519 1939 ν,
1554 1869 1662 1939 10).
1693 1868 1817 1922 Non
1839 1866 1965 1921 vult
1994 1892 2041 1955 B

320 1969 478 2024 enim
509 1985 693 2039 aquas
723 1967 875 2022 Siloe
905 1968 1122 2035 bibere,
1158 1984 1285 2037 qua:
1316 1968 1537 2021 vadunt
1566 1982 1699 2020 cum
1722 1964 1957 2020 silentio

319 2058 449 2126 (Isa.
480 2060 628 2125 vin),
656 2056 757 2113 sed
789 2072 971 2127 aquas
995 2054 1223 2128 [Egypti
1253 2054 1519 2109 turbidas
1549 2058 1721 2123 atque
1765 2069 1959 2107 cceno-

320 2162 439 2213 sas,
474 2161 604 2216 quae
635 2149 947 2216 antequam
983 2143 1230 2215 pedibus
1251 2140 1958 2198 eonculearenturdraeo-

319 2233 433 2300 nis,
469 2249 626 2304 purae
654 2237 837 2298 erant,
871 2235 927 2287 et
954 2248 1060 2286 suo
1092 2232 1337 2286 fluentes
1366 2229 1600 2285 ordine:
1645 2234 1958 2301 postquam

321 2326 521 2378 autem
536 2321 784 2392 pedibus
806 2319 965 2375 illius
985 2320 1341 2374 conturbatis
1355 2324 1511 2385 sunt,
1531 2334 1739 2373 cursus
1763 2318 1853 2373 sui
1868 2335 1959 2372 or-

321 2409 516 2465 dinem
569 2408 965 2480 perdiderunt.
999 2408 1196 2479 Neque
1227 2407 1382 2462 enim
1435 2411 1680 2461 utuntur
1708 2405 1960 2460 haeretici

323 2497 679 2554 testimoniis
718 2497 1156 2568 Scripturarum
1215 2496 1328 2550 sibi
1378 2495 1824 2564 cohazrentibus,
1858 2494 1959 2548 sed

327 2587 679 2642 conturbant
698 2584 989 2640 omnia.Et
1006 2585 1145 2656 quia
1164 2584 1289 2655 ipse
1316 2589 1405 2639 est
1426 2583 1700 2638 inimicus
1720 2582 1957 2649 etultor,

326 2690 443 2730 non
476 2674 669 2730 solum
692 2690 876 2745 aquas
898 2671 1120 2728 alienas
1142 2674 1316 2727 draco
1332 2672 1633 2745 {Egyptius
1653 2672 1965 2726 conturbat

322 2763 570 2834 pedibus
600 2762 744 2827 suis,
779 2761 880 2817 sed
912 2760 1215 2816 conculcet
1246 2760 1491 2815 ﬂumina
1538 2777 1665 2826 sua,
1728 2776 1800 2814 ne
1829 2776 1958 2831 par-

320 2855 447 2905 cate
483 2850 556 2920 is,
591 2866 740 2921 quos
773 2849 953 2904 semel
984 2849 1044 2903 in
1075 2865 1239 2903 suam
1273 2847 1557 2918 redegerit
1587 2852 1957 2919 potestatem.

321 2946 470 3002 881
507 2947 669 3010 Quod
703 2947 961 3001 devitare
990 2945 1231 3017 cupiens
1255 2946 1475 3016 justus,
1500 2950 1805 3017 precatur:
1832 2946 1957 3000 Non

316 3035 514 3091 veniat
534 3034 678 3090 mihi
708 3052 809 3107 pes
831 3035 1115 3107 superbiae
1144 3035 1258 3105 (Ps.
1294 3051 1461 3104 xxxv,
1496 3035 1603 3106 12).
1637 3035 1705 3089 Et
1735 3035 1792 3088 in
1842 3034 1955 3090 alio

316 3122 463 3191 loco,
487 3124 863 3179 conculcatus
896 3123 1038 3193 petit
1072 3139 1143 3178 ne
1174 3122 1384 3177 iterum
1418 3122 1822 3179 conculcetur:
1849 3123 1954 3177 Mi-

316 3228 528 3278 serere,
561 3212 771 3284 inquit,
802 3212 937 3281 mei,
973 3212 1236 3277 Domine,
1270 3212 1548 3287 quoniam
1598 3212 1957 3268 conculcavit

323 3316 418 3356 me
450 3300 624 3356 homo
655 3303 767 3369 (Ps.
803 3317 891 3365 LV,
927 3301 1000 3371 1).
1033 3300 1313 3356 Inimicus
1342 3305 1536 3355 autem
1555 3301 1731 3356 homo
1758 3302 1959 3356 diabo-

324 3388 418 3444 lus
448 3394 556 3455 est,
590 3392 661 3445 de
693 3406 807 3460 quo
837 3394 896 3444 et
924 3389 1071 3443 alter
1099 3388 1365 3461 psalmus
1395 3388 1691 3460 loquitur:
1726 3389 1798 3444 Ut
1844 3407 1960 3444 non

322 3478 730 3549 magniﬁcetur
761 3478 912 3533 ultra
941 3478 1113 3532 homo
1144 3494 1321 3548 super
1348 3482 1584 3533 terram.
1656 3477 1963 3550 Propterea

316 3566 439 3621 haec
467 3566 608 3621 dicit
636 3568 917 3622 Dominus
939 3567 1093 3622 Deus
1122 3584 1134 3620 :
1169 3567 1506 3635 Expandam
1530 3582 1709 3639 super
1756 3571 1811 3620 te
1838 3573 1960 3622 rete

318 3671 538 3725 meum,
558 3644 617 3711 in
651 3654 1095 3727 multitudinem
1122 3653 1471 3726 populorum
1500 3653 1818 3709 multorum
1843 3656 1955 3726 (Ps.

316 3761 395 3814 1x,
429 3745 540 3812 18).
575 3744 713 3799 Rete
744 3743 971 3799 Domini
1001 3742 1209 3798 veteris
1236 3747 1293 3798 et
1322 3742 1455 3797 novi
1478 3742 1835 3797 Testamenti
1869 3761 1956 3798 ra-

317 3832 476 3887 tione
505 3836 860 3900 contextum,
896 3831 1147 3886 mittitur
1174 3847 1351 3901 super
1377 3830 1710 3897 draconem,
1736 3832 1833 3901 qui
1857 3832 1959 3887 ha-

318 3920 469 3976 bitat
498 3920 559 3975 in
592 3920 942 3992 populorum
962 3919 1422 3986 multitudine,et
1442 3935 1673 3990 semper
1692 3918 1882 3976 turbis
1903 3926 1960 3976 et

314 4007 667 4079 populorum
691 4006 1068 4062 multitudine
1090 4006 1414 4063 delectatur
1438 4008 1804 4064 :utextrahat
1822 4026 1956 4065 eum

322 4094 382 4150 in
409 4111 630 4167 sagena
660 4112 787 4160 sua,
821 4096 940 4151 sive
969 4095 1028 4150 in
1061 4095 1235 4150 hamo
1269 4113 1396 4151 suo.
1431 4097 1547 4151 Ista
1572 4100 1663 4151 est
1718 4114 1953 4169 sagena,

326 4199 457 4255 quae
478 4184 536 4238 in
571 4199 734 4239 mare
762 4182 941 4254 hujus
973 4183 1168 4239 saeculi
1200 4184 1475 4250 mittitur,
1498 4187 1555 4239 et
1575 4184 1822 4239 extrahit
1842 4185 1958 4256 pis-

319 4287 415 4327 ces
454 4270 674 4327 multos
705 4271 850 4327 alios
907 4271 1227 4343 eligendos,
1283 4276 1340 4326 et
1394 4271 1543 4327 alios
1599 4273 1957 4341 abjiciendos

328 4360 549 4431 (Matth.
593 4363 738 4429 xm).
770 4360 898 4416 Sive
927 4359 1037 4415 iste
1066 4364 1157 4415 est
1188 4360 1419 4427 hamus,
1477 4360 1548 4416 de
1595 4377 1710 4431 quo
1760 4361 1819 4416 in
1848 4363 1956 4418 Job

314 4450 597 4520 scriptum
621 4454 747 4505 est.
770 4449 1037 4504 Adduces
1058 4453 1253 4504 autem
1276 4450 1586 4505 draconem
1622 4450 1680 4503 in
1703 4448 1959 4520 bamo,et

314 4537 1044 4609 circumdabiscapistrum
1073 4537 1228 4592 circa
1247 4553 1417 4592 nares
1439 4538 1569 4609 ejus
1590 4537 1705 4609 (Job
1726 4556 1812 4604 XL,
1834 4539 1954 4607 19);

2078 1240 2314 1307 temque
2335 1236 2667 1308 gentilium,
2700 1240 2927 1291 montes
2948 1240 3142 1290 autem
3166 1234 3236 1289 ad
3259 1232 3554 1305 principes
3575 1232 3717 1287 refe-

2070 1341 2270 1379 ramus
2294 1325 2606 1395 haareseon,
2636 1324 2826 1396 qualis
2850 1324 2960 1378 fuit
2978 1322 3324 1379 Valentinus
3346 1327 3404 1377 et
3432 1322 3713 1390 Marcion,

2069 1412 2362 1484 collesque
2394 1430 2758 1469 successores
2789 1430 2995 1468 eorum
3028 1412 3128 1483 qui
3158 1416 3502 1467 saturantur
3552 1409 3714 1465 sanie

2069 1502 2376 1569 draconis;
2410 1502 2530 1557 sive
2560 1502 2762 1569 valles,
2795 1518 2919 1573 quae
2940 1499 3261 1573 implentur
3281 1498 3552 1555 draconis
3579 1515 3720 1554 san-

2073 1591 2271 1663 guine,
2308 1590 2612 1647 inferiores
2643 1606 2909 1662 quosque
2966 1588 3347 1644 credentium.
3405 1589 3520 1642 Aut
3563 1590 3717 1641 certe

2077 1684 2305 1735 montes
2335 1678 2697 1735 adversarias
2727 1682 3066 1750 potestates,
3098 1694 3224 1748 quae
3255 1676 3315 1730 in
3374 1692 3504 1730 aere
3560 1674 3716 1730 382

2069 1768 2426 1834 discurrunt,
2460 1772 2515 1823 et
2556 1767 2757 1832 valles,
2809 1784 2940 1838 qua:
2994 1766 3222 1821 inferna
3278 1768 3602 1836 penetrant,
3661 1770 3720 1818 et

2072 1857 2306 1911 aeternis
2340 1856 2644 1929 suppliciis
2666 1856 3011 1927 mancipata:
3030 1858 3185 1909 sunt.
3209 1854 3383 1908 Porro
3406 1853 3557 1924 quod
3579 1851 3718 1906 dici-

2071 1949 2168 2000 tur
2192 1963 2210 1999 :
2235 1946 2305 2000 Et
2336 1945 2589 2017 irrigabo
2604 1950 2815 1999 terram
2848 1950 3052 2015 putore
3073 1943 3179 2013 [Αἱ.
3209 1941 3457 2013 paedore]
3477 1939 3715 2013 sangui-

2071 2033 2163 2088 nis
2193 2032 2279 2087 tui
2306 2050 2482 2104 super
2503 2037 2751 2102 montes,
2776 2032 2915 2099 sive,
2936 2030 3277 2103 irrigabitur
3295 2034 3452 2085 terra
3476 2029 3546 2083 de
3570 2033 3717 2084 ster-

2071 2122 2305 2177 coribus
2332 2122 2449 2177 tuis
2471 2138 2648 2192 super
2674 2125 2923 2186 montes,
2947 2124 3004 2175 et
3023 2118 3201 2175 valles
3218 2117 3625 2190 implebuntur
3643 2134 3717 2172 ex

2070 2215 2147 2280 te,
2180 2210 2323 2265 illud
2347 2210 2640 2281 significat
2669 2210 2823 2282 quod
2846 2208 3040 2265 omnis
3064 2207 3337 2280 superbia
3364 2210 3421 2261 et
3439 2221 3718 2278 arrogans

2072 2299 2478 2354 haereticorum
2511 2302 2729 2366 tumor,
2765 2314 2881 2352 non
2908 2301 3029 2352 tam
3061 2294 3220 2351 vitali
3249 2299 3307 2351 et
3336 2312 3502 2367 puro,
3536 2311 3716 2365 quam

2071 2386 2305 2458 putrido
2323 2393 2497 2458 atque
2524 2386 2723 2441 fetenti
2746 2384 3032 2458 sanguine
3054 2385 3439 2457 compleatur,
3454 2385 3625 2455 juxta
3647 2382 3718 2438 il-

2073 2477 2172 2531 lud
2208 2476 2360 2547 quod
2378 2477 2663 2548 scriptum
2685 2479 2805 2530 est:
2830 2476 2982 2529 Pone
3006 2489 3104 2529 eos
3131 2473 3282 2528 sicut
3301 2476 3527 2527 stercus
3547 2476 3717 2527 terraa

2071 2567 2191 2637 (Ps.
2226 2582 2436 2635 Lxxxu,
2470 2566 2578 2635 11).
2618 2566 2691 2619 De
2720 2580 2836 2636 quo
2868 2566 3108 2618 sanctus
3137 2579 3171 2617 a
3203 2561 3447 2616 Domino
3504 2560 3717 2616 libera-

2075 2660 2172 2709 tur
2205 2671 2217 2708 :
2252 2654 2361 2717 Qui
2392 2653 2638 2709 suscitat
2669 2653 2740 2708 de
2775 2658 2927 2707 terra
2954 2651 3209 2722 inopem,
3243 2655 3300 2705 et
3328 2649 3399 2705 de
3456 2653 3716 2705 stercore

2071 2742 2242 2814 erigit
2273 2759 2606 2814 pauperem.
2642 2741 2713 2796 Ut
2734 2740 2976 2796 collocet
3003 2756 3137 2795 eum
3169 2756 3300 2794 cum
3323 2738 3715 2811 principibus,

2080 2848 2214 2886 cum
2248 2830 2609 2902 principibus
2630 2829 2829 2901 populi
2863 2828 2953 2885 sui
2983 2829 3097 2899 (Ps.
3132 2844 3266 2891 cxu,
3295 2830 3351 2894 7,
3383 2827 3461 2897 8).
3519 2824 3718 2882 Valles

2068 2925 2265 2975 autem
2297 2919 2354 2974 in
2389 2919 2509 2973 ima
2539 2919 2849 2990 depressas,
2882 2923 2945 2973 ut
2975 2934 3155 2989 supra
3184 2916 3463 2987 diximus,
3495 2921 3597 2971 aut
3623 2915 3717 2970 in-

2069 3010 2231 3063 ferna
2254 3007 2713 3079 signiﬁcant,aut
2729 3006 3014 3061 humilem
3046 3005 3448 3061 haereticorum
3472 3021 3715 3060 sensum

2067 3101 2304 3169 propter
2337 3095 2691 3168 voluptatem
2724 3099 2779 3151 et
2809 3100 3070 3151 terrenas
3092 3112 3229 3167 opes
3258 3100 3470 3151 cuncta
3500 3096 3713 3151 facien-

2072 3186 2251 3240 tium.
2292 3186 2450 3249 Quod
2484 3190 2676 3239 autem
2702 3185 3015 3257 jungitur:
3051 3185 3118 3238 Et
3146 3185 3410 3256 operiam
3441 3201 3574 3239 cum
3613 3201 3717 3240 ex-

2071 3274 2321 3329 stinctus
2354 3274 2555 3343 fueris,
2589 3272 2821 3339 coelum,
2853 3277 2910 3328 et
2929 3274 3256 3345 nigrescere
3282 3273 3484 3329 faciam
3508 3271 3717 3328 stellas

2070 3363 2235 3433 ejus:
2272 3362 2452 3417 solem
2488 3363 2640 3417 nube
2672 3367 2862 3433 tegam
2893 3366 2950 3416 et
2979 3362 3117 3416 luna
3151 3379 3263 3417 non
3297 3361 3455 3417 dabit
3509 3360 3715 3416 lumen

2070 3468 2269 3518 suum,
2296 3450 2492 3506 omnia
2522 3449 2837 3505 luminaria
2865 3449 2988 3504 caeli
3023 3466 3283 3519 mmrere,
3314 3449 3400 3505 vel
3450 3450 3719 3505 tenebre-

2072 3556 2234 3595 scere
2246 3539 2454 3593 faciam
2475 3555 2651 3610 super
2671 3543 2746 3602 te,
2772 3542 2829 3594 et
2846 3538 2995 3594 dabo
3009 3538 3279 3594 tenebras
3302 3555 3478 3610 super
3497 3543 3719 3594 terram

2070 3634 2252 3694 tuam,
2287 3628 2366 3683 ait
2396 3627 2679 3683 Dominus
2709 3626 2885 3694 Deus,
2910 3625 2960 3681 si
2983 3627 3719 3699 sequamurlitteram,pe-

2070 3718 2230 3773 nitus
2260 3716 2509 3789 intelligi
2543 3733 2657 3771 non
2690 3720 2899 3788 potest.
2935 3716 3176 3782 Quando
3208 3717 3362 3771 enim
3404 3716 3717 3772 interfecto

2068 3806 2385 3876 Pharaone,
2414 3806 2533 3861 sive
2564 3806 2813 3861 dracone
2843 3804 2950 3875 sol,
2983 3809 3039 3861 et
3069 3804 3229 3876 luna,
3260 3810 3315 3861 et
3347 3804 3532 3861 stella:
3595 3821 3717 3859 non

2068 3896 2354 3951 dederunt
2384 3894 2580 3949 lumen
2599 3911 2797 3963 suum,
2829 3899 2884 3950 et
2913 3894 3124 3950 ccelum
3151 3898 3416 3966 opertum
3446 3897 3536 3950 est
3553 3897 3719 3949 tene-

2068 3984 2209 4051 bris,
2235 3984 2405 4055 juxta
2425 3982 2568 4038 illud
2591 3982 2881 4055 poeticum
2914 3984 3166 4055 (Virgit.,
3198 4000 3215 4038 ι
3247 3981 3495 4054 Georg):

2194 4125 2468 4188 Impiaque
2497 4128 2751 4173 aeternam
2782 4124 3080 4174 timuerunt
3108 4124 3302 4174 saecula
3351 4128 3584 4173 noctem.

2068 4290 2214 4357 Ergo
2246 4284 2356 4338 hoc
2386 4283 2698 4338 dicendum
2723 4288 2834 4351 est,
2865 4285 3020 4355 quod
3047 4284 3330 4340 exstincto
3390 4283 3719 4351 Pharaone,

2067 4374 2167 4445 qui
2204 4372 2663 4444 transfigurabat
2694 4388 2756 4427 se
2786 4372 2843 4426 in
2881 4371 3169 4445 Angelum
3197 4371 3371 4438 lucis,
3403 4375 3474 4427 de
3503 4388 3618 4444 quo
3650 4372 3722 4428 in

2068 4461 2180 4523 alio
2203 4461 2327 4516 loco
2349 4461 2633 4533 scriptum
2664 4465 2753 4515 est
2777 4476 2788 4513 :
2825 4460 2946 4515 Lux
2975 4460 3291 4532 impiorum
3314 4460 3728 4531 exstinguetur

2072 4550 2189 4622 (Job
2210 4550 2391 4621 xviii),
2424 4548 2636 4604 coelum
2686 4549 2804 4603 sive
2862 4549 2988 4605 coeli
3043 4549 3379 4621 operientur
3432 4546 3721 4603 tenebris.

318 4652 423 4707 pro
438 4652 552 4708 quo
576 4636 992 4708 interpretatus
1023 4640 1113 4690 est
1140 4634 1385 4705 Aquila:
1439 4635 1717 4691 Extrahes
1770 4636 1965 4692 Levia-
1994 4613 2041 4677 D
2074 4613 2154 4694 De
2179 4613 2395 4710 quibus
2417 4642 2472 4692 et
2494 4613 3425 4708 PaulusloquiturzEt.spiritualia
3445 4635 3728 4707 nequitiae

318 4724 460 4779 than
492 4724 550 4779 in
584 4723 781 4791 hamo,
816 4729 872 4779 et
898 4724 1140 4778 funibus
1169 4722 1472 4795 colligabis
1505 4723 1768 4795 linguam
1812 4726 1963 4795 ejus.

327 4812 665 4869 Extrahitur
705 4818 902 4869 autem
936 4812 1132 4878 draco,
1168 4813 1287 4866 sive
1319 4811 1632 4866 Leviathan
1690 4813 1760 4868 de
1818 4814 1966 4868 mari

319 4900 515 4968 hamo,
546 4901 633 4957 vel
666 4917 883 4972 sagena
917 4899 1172 4963 Domini,
1209 4905 1274 4953 ut
1304 4899 1668 4971 projiciatur,
1701 4901 1821 4955 sive
1870 4918 1963 4956 ex-

315 4988 591 5044 tendatur
622 5005 803 5061 super
824 4994 1063 5055 terram,
1087 4993 1362 5043 etomnes
1384 4988 1552 5059 spirae
1574 4989 1723 5058 ejus,
1748 4988 1964 5060 quibus

317 5093 457 5133 suas
487 5076 736 5132 insidias
766 5077 1116 5143 occultabat,
1152 5075 1493 5148 aperiantur
1520 5080 1577 5131 et
1598 5078 1969 5148 proferantur

317 5164 379 5220 in
418 5163 745 5238 publicum,
778 5169 834 5220 et
862 5166 919 5219 in
951 5171 1165 5220 terram
1190 5164 1560 5234 abjiciantur,
1587 5167 1848 5236 etjaceat
1867 5167 1967 5238 qui

320 5255 381 5309 in
417 5253 561 5309 caalo
590 5259 869 5325 posuerat
899 5270 963 5309 os
996 5270 1193 5316 suum,
1224 5258 1283 5307 et
1312 5270 1374 5307 se
1401 5252 1683 5309 Atissimo
1714 5254 1966 5310 similem

322 5359 453 5399 esse
474 5342 757 5413 jactabat.
791 5340 952 5395 Unde
983 5340 1284 5413 sequitur:
1308 5341 1375 5395 Et
1410 5341 1691 5407 habitare,
1725 5342 1844 5398 sive
1875 5361 1963 5399 se-

322 5432 459 5488 dere
499 5430 705 5486 laciam
739 5446 916 5501 super
943 5433 997 5484 te
1030 5428 1226 5484 omnia
1255 5428 1509 5484 volatilia
1539 5429 1665 5483 σαειί
1706 5436 1762 5485 et
1815 5437 1970 5486 satu-

315 5521 455 5575 rabo
478 5521 548 5574 de
580 5526 636 5574 te
667 5518 885 5574 bestias
917 5518 1199 5571 universa:
1227 5521 1413 5583 terrae,
1446 5519 1768 5574 secundum
1818 5519 1960 5575 illud

320 5609 476 5680 quod
511 5608 796 5679 scriptum
837 5610 961 5662 est:
1020 5606 1239 5660 Dedisti
1292 5622 1424 5660 eum
1480 5623 1671 5661 escam
1731 5609 1963 5680 populis

300 5695 640 5771 Ethiopum
671 5699 789 5767 (Ps.
828 5710 1026 5762 Lxxm,
1064 5693 1173 5765 14).
1210 5692 1318 5761 Qui
1349 5692 1436 5749 vel
1462 5693 1719 5752 volatilia
1748 5713 1961 5755 vocan-

2074 4728 2134 4781 in
2166 4726 2499 4782 coelestibus
2530 4726 2746 4796 (Ephes.
2780 4743 2858 4791 v1,
2907 4726 3017 4797 42).
3070 4727 3139 4781 Et
3170 4726 3500 4798 nigrescere
3548 4724 3731 4780 faciet

2074 4813 2360 4870 Dominus
2390 4812 2589 4867 stellas
2619 4814 2768 4883 ejus,
2800 4814 2888 4869 vel
2920 4814 3213 4881 draconis,
3233 4812 3320 4869 vel
3345 4812 3492 4869 eceli.
3526 4813 3728 4883 Super

2074 4919 2188 4974 quo
2218 4906 2275 4955 et
2302 4901 2488 4956 Judas
2517 4899 2832 4972 Apostolus
2885 4901 3124 4957 scribit:
3186 4901 3390 4957 Sidera
3436 4901 3722 4968 errantia,

2073 4991 2291 5062 quibus
2320 4989 2507 5059 caligo
2536 4989 2909 5044 tenebrarum
2952 4990 3011 5045 in
3041 4994 3340 5047 aeternum:
3385 4992 3723 5046 reservatur

2072 5079 2249 5148 (ludar:
2268 5078 2409 5148 xm).
2434 5075 2529 5132 Sol
2552 5094 2785 5148 quoque
2808 5079 2961 5133 nube
2987 5084 3228 5150 legetur,
3249 5077 3335 5134 sol
3359 5076 3717 5149 iniquitatis,

2074 5166 2174 5238 qui
2197 5165 2524 5221 contrarius
2548 5170 2637 5220 est
2654 5164 2760 5220 soli
2782 5166 3049 5236 justitiaa,
3075 5168 3229 5223 nube
3243 5172 3459 5232 autem,
3476 5165 3561 5220 vel
3585 5165 3718 5236 ipse

2073 5255 2320 5311 Domino
2343 5253 2654 5321 Salvatore,
2689 5253 2785 5325 qui
2801 5255 3103 5311 descendit
3123 5256 3182 5310 in
3205 5256 3513 5328 {Egyptum
3536 5269 3724 5325 super

2073 5345 2287 5399 nubem
2322 5344 2501 5397 levem
2542 5343 2665 5413 (15a.
2697 5345 2838 5413 xxx),
2873 5342 3031 5399 nullo
3055 5350 3424 5416 peccatorum
3456 5342 3718 5414 pondere

2071 5434 2506 5504 praegravatam,
2540 5430 2626 5485 vel
2660 5431 2958 5502 prophetis
2989 5437 3046 5487 et
3074 5433 3377 5505 apostolis,
3402 5432 3473 5486 de
3497 5429 3722 5503 quibus

2071 5520 2321 5591 legimus
2348 5519 2667 5573 :Mandabo
2692 5520 2948 5575 nubibus
2968 5538 3039 5576 ne
3053 5523 3256 5593 pluant
3277 5519 3723 5592 supereamim-

2072 5610 2233 5664 brem
2268 5610 2397 5679 (Isa.
2433 5624 2483 5677 v,
2516 5609 2593 5678 6).
2627 5608 2695 5662 Et
2726 5609 2783 5663 in
2807 5609 3053 5666 Psalmis
3084 5629 3095 5665 :
3129 5609 3357 5665 Veritas
3390 5613 3491 5664 tua
3528 5624 3723 5679 usque

2072 5698 2142 5754 ad
2167 5697 2353 5754 nubes
2384 5697 2499 5769 (Ps.
2530 5713 2699 5765 xxxv,
2732 5699 2810 5770 6).
2842 5698 2988 5758 Cum
3021 5703 3218 5758 autem
3246 5698 3334 5758 sol
3380 5695 3723 5771 iniquitatis
