3996 6182
265 425 374 498 309
837 433 1586 502 COMMENTARIORUM
1631 436 1708 498 IN
1755 434 2259 499 EZECHIELEM
2306 437 2451 500 LIB.
2500 439 2575 502 Χ.
2621 437 2790 501 CAP.
2835 432 3074 503 XXXII.
3541 428 3659 498 310

264 565 435 624 fuerit
451 567 820 640 obscuratus,
839 569 982 627 luna
1000 588 1176 645 quam
1194 571 1598 627 haereticorum
1616 570 1902 626 sentimus
1932 575 1986 639 Α
2014 569 2212 625 omnia
2225 571 2495 641 jumenta
2522 570 2700 640 illius,
2733 590 2858 644 quae
2884 577 3049 628 erant
3070 587 3248 644 super
3273 585 3456 644 aquas
3478 565 3665 644 pluri-i

264 656 598 725 Ecclesiam,
653 665 706 714 et
737 678 865 732 quae
897 679 931 716 a
961 662 1081 716 sole
1123 661 1276 716 383
1327 661 1652 731 iniquitatis
1701 660 1899 714 lumen
2012 675 2159 726 mas,
2195 664 2253 714 et
2285 677 2398 715 non
2433 662 2805 717 conturbabit
2835 678 2934 717 eas
2966 679 3066 734 pes
3098 660 3358 717 hominis
3391 657 3563 714 ultra.
3603 658 3664 716 Si

262 747 577 818 putabatur
596 749 876 820 accipere,
913 767 1026 805 non
1049 750 1210 804 dabit
1232 751 1427 804 lumen
1455 766 1650 814 suum,
1685 765 1788 803 nec
1810 745 1904 803 de-
2010 748 2165 802 enim
2213 749 2417 803 beatus
2463 751 2560 820 qui
2611 751 2859 805 seminat
2891 767 3066 822 super
3097 767 3302 821 aquas,
3337 748 3435 804 ubi
3468 749 3573 803 bos
3603 751 3662 804 et

261 836 431 906 cipiet
461 838 760 893 credentes
795 838 923 893 falsi
957 839 1212 893 nominis
1234 839 1492 892 scicntia.
1529 837 1737 892 Omnia
1757 854 1900 908 quo-
2009 835 2210 891 asinus
2230 837 2412 892 calcat
2433 840 2558 906 (Isa.
2587 839 2789 908 xxxu):
2815 856 2844 893 e
2871 838 3161 893 contrario
3180 837 3380 892 infelix
3402 837 3502 909 qui
3523 836 3660 892 sim-

261 940 366 994 que
397 923 714 979 luminaria
746 932 803 979 et
825 927 1106 997 quidquid
1135 927 1358 981 videtur
1382 927 1439 980 in
1466 927 1751 981 hmreticis
1773 942 1900 980 esse
2010 924 2189 994 plices
2219 926 2451 997 quidem
2484 945 2591 982 suo
2622 928 2774 982 ultra
2808 928 3020 999 poterit
3051 943 3242 982 errore
3271 927 3539 992 retinere,
3574 926 3659 982 ita

257 1012 549 1078 doctrinae,
603 1016 886 1069 exstincto
920 1017 1192 1084 dracone,
1247 1015 1581 1079 siccabitur,
1615 1015 1734 1069 sive
1765 1031 1897 1068 mae-
2009 1017 2074 1067 ut
2116 1031 2216 1084 pes
2260 1015 2517 1070 hominis
2567 1033 2681 1072 non
2713 1017 2894 1071 calcet
2924 1017 2984 1070 in
3017 1017 3121 1079 eis,
3156 1032 3271 1087 quo
3314 1032 3387 1070 ne
3416 1014 3653 1086 signum

257 1101 481 1168 rebunt,
527 1102 790 1174 principe
821 1104 1066 1174 perdito,
1113 1104 1194 1158 ita
1225 1109 1289 1158 ut
1319 1103 1442 1175 ipse
1472 1103 1754 1158 Dominus
1784 1108 1897 1157 ter-
2009 1102 2245 1172 quidem
2269 1104 2564 1174 sapientim
2583 1110 2755 1176 atque
2774 1104 3014 1160 rationis
3032 1104 3492 1176 aquas/Egyptian
3513 1103 3572 1158 in
3591 1119 3654 1160 se

256 1205 374 1244 ram
407 1189 808 1246 haereticorum
845 1192 1067 1262 operiat
1091 1193 1366 1258 tenebris,
1401 1192 1730 1264 ignorantia
1753 1191 1902 1246 scili-
2008 1189 2222 1244 habere
2243 1191 2568 1246 videantur.
2601 1193 2827 1265 Ungula
2857 1211 3007 1264 quoq
3021 1194 3509 1263 uejumentorum
3534 1209 3650 1247 non

257 1284 338 1332 cet
386 1278 671 1348 veritatis,
729 1285 791 1333 ut
833 1281 963 1334 caeci
998 1296 1179 1335 caecos
1209 1282 1422 1334 ducanl
1459 1281 1517 1334 in
1554 1282 1794 1350 foveam,
1844 1285 1900 1335 et
2006 1279 2269 1334 turbabit
2301 1297 2419 1346 eas,
2454 1286 2518 1335 ut
2556 1283 2626 1336 de
2655 1282 3088 1353 limpidissimis
3123 1287 3297 1353 atque
3327 1281 3654 1337 nitentibus

256 1366 610 1423 habitatores
645 1373 805 1422 terrae
834 1369 1144 1423 mittantur
1173 1370 1229 1422 in
1265 1371 1535 1424 tenebras
1565 1369 1896 1432 exteriores,
2009 1367 2181 1422 faciat
2206 1369 2473 1424 turbidas
2496 1375 2669 1442 atque
2694 1388 2976 1426 caenosas.
3003 1372 3164 1425 Tunc
3190 1371 3516 1425 redduntur
3538 1386 3653 1425 non

255 1454 348 1508 ubi
379 1460 470 1509 est
500 1456 673 1510 ﬂetus
701 1460 757 1511 et
779 1456 994 1511 stridor
1013 1457 1299 1511 dentium.
1336 1457 1471 1511 Post
1496 1458 1616 1511 haec
1645 1457 1859 1511 dicitur
1884 1473 1895 1510 :
2009 1456 2080 1510 ab
2113 1456 2244 1524 alio,
2280 1459 2379 1513 sed
2412 1460 2482 1513 ab
2510 1458 2637 1530 ipso
2669 1460 2934 1530 Domino,
2960 1477 3124 1531 aqua
3148 1459 3499 1530 purissimae,
3527 1475 3654 1529 quae

255 1543 316 1597 Et
337 1542 581 1598 irritabo
601 1560 696 1598 cor
719 1543 1068 1615 p0pulorum
1094 1546 1436 1609 multorum,
1461 1562 1594 1600 cum
1620 1547 1898 1600 induxero
2008 1546 2277 1601 draconis
2311 1548 2540 1602 fuerant
2569 1547 2966 1603 dominatione
3015 1549 3262 1603 turbatae
3289 1563 3302 1601 :
3335 1545 3421 1602 ita
3451 1551 3516 1602 ut
3545 1547 3655 1601 ﬂu-

251 1632 683 1694 contritionem,
745 1634 862 1688 sive
909 1633 1299 1704 captivitatem
1343 1639 1505 1689 tuam
1536 1635 1596 1689 in
1627 1635 1899 1705 gentibus
2009 1634 2174 1688 mina
2195 1651 2396 1690 earum
2425 1635 2700 1691 labantur
2718 1637 2885 1708 quasi
2905 1637 3198 1706 oleum,et
3215 1636 3335 1690 sint
3353 1634 3660 1691 verilumi-

248 1736 424 1791 super
453 1727 673 1776 terram
707 1738 885 1792 quam
920 1721 1128 1789 nescis,
1178 1728 1242 1777 ut
1271 1724 1371 1793 qui
1417 1723 1581 1793 prius
1613 1722 1897 1778 Pharaoni
2009 1723 2100 1778 nis
2148 1725 2593 1780 nutrimentum.
2645 1730 2774 1780 Haec
2804 1731 2999 1780 autem
3033 1726 3191 1793 ﬁent,
3246 1741 3379 1779 cum
3427 1723 3658 1779 dederit

243 1810 586 1879 servierant,
620 1811 950 1866 irascantur
979 1816 1181 1866 contra
1210 1828 1367 1877 eum,
1420 1813 1680 1867 videntes
1712 1813 1896 1883 capti-
2008 1811 2294 1868 Dominus
2345 1820 2560 1887 terram
2601 1815 2822 1887 rEgypti
2857 1813 3200 1880 desolatam,
3251 1817 3308 1868 et
3338 1811 3657 1884 perdiderit

241 1898 484 1952 vitatem
516 1899 648 1968 ejus
679 1899 750 1953 ad
783 1899 956 1953 aliam
991 1905 1227 1966 terram,
1261 1917 1437 1971 quam
1471 1902 1645 1956 draco
1678 1901 1896 1956 nescie-
1929 1942 1976 2006 B
2010 1900 2447 1958 multitudinem
2481 1885 2628 1972 eius,
2662 1885 2723 1958 et
2739 1885 3000 1974 percussi
3026 1903 3242 1957 fuerint
3263 1918 3469 1956 omnes
3495 1899 3660 1955 habi-

243 1985 334 2006 L_L
375 2003 495 2006 ____
554 1988 709 2006 “-,,,'l,
754 1992 881 2006 ,1,,_,
953 1988 1058 2006 \‘l,,
1104 1989 1118 2006 ι
1163 1989 1222 2006 ιγ,
1494 1988 1547 2006 1⁸
1607 2005 1612 2006 ,
1715 1990 1727 2006 1
2011 1995 2020 2006 ι
2073 1994 2082 2006 ι
2280 1990 2354 2006 ·11·
2550 1996 2558 2006 ι
2620 1991 2632 2002 θ
2678 1996 2685 2006 ι
2877 1992 2899 2006 n
2968 1995 2976 2006 ι
3130 1987 3142 2000 ¹
3385 1989 3395 1999 ³
3450 1993 3462 2006 ι
3593 1989 3652 2006 ,1

242 1985 336 2040 bat
365 2003 522 2055 esse,
553 1988 917 2057 perductam.
953 1988 1065 2044 Nec
1087 1989 1368 2043 debemus
1394 1988 1689 2061 ambigere
1715 1990 1899 2044 bonas
1929 1985 1976 2006 ”
2008 1994 2223 2044 tatores
2276 1990 2454 2062 illius,
2505 1996 2568 2047 ut
2618 1991 2730 2046 isto
2764 1992 3026 2062 profectu
3061 1987 3208 2045 scire
3241 1989 3470 2062 possint
3499 1989 3656 2060 quod

241 2091 364 2129 esse
397 2079 613 2142 terras,
664 2093 810 2147 quas
859 2077 1079 2131 Pharao
1113 2077 1352 2141 nesciat,
1402 2077 1617 2133 scilicet
1666 2079 1897 2149 quando
2006 2077 2130 2147 ipse
2162 2079 2237 2133 sit
2267 2079 2571 2134 Dominus.
2607 2081 2768 2146 Quod
2802 2084 2996 2134 autem
3019 2079 3330 2150 jungitur:
3375 2077 3656 2133 Planctus

240 2164 554 2235 captivitas
573 2163 892 2219 Pharaonis
915 2165 1027 2219 alia
1044 2165 1376 2237 captivitate
1396 2171 1674 2233 mutatur,
1695 2167 1765 2221 de
1781 2183 1898 2237 qua
2007 2171 2116 2232 est,
2141 2173 2198 2221 et
2223 2167 2501 2239 plangent
2521 2185 2654 2223 eum
2684 2168 2812 2222 ﬁlia:
2837 2169 3098 2239 gentium
3125 2183 3302 2238 super
3323 2168 3654 2238 Aigyptum,

241 2252 460 2307 dicitur
489 2254 562 2308 ad
597 2244 957 2308 Salvatorem
986 2272 997 2308 :
1032 2256 1366 2310 Ascendens
1399 2255 1456 2308 in
1481 2255 1682 2324 altum,
1717 2256 1896 2326 capti-
2007 2264 2060 2311 et
2079 2272 2254 2325 super
2277 2256 2714 2312 multitudinem
2739 2258 2866 2327 ejus
2888 2256 3165 2328 plangent
3185 2273 3340 2325 eum,
3361 2255 3443 2310 ait
3462 2255 3658 2310 Domi-

238 2357 374 2396 vam
406 2342 577 2396 duxit
603 2342 994 2413 captivitatem
1025 2359 1036 2397 :
1090 2343 1314 2413 accepit
1359 2344 1518 2413 (sive,
1548 2345 1717 2413 juxta
1751 2352 1896 2412 Apo-
2008 2361 2120 2398 nus
2157 2344 2325 2409 Deus,
2361 2345 2692 2416 perspicum
2717 2350 2805 2400 est
2827 2345 3056 2400 animas
3081 2345 3341 2400 omnium
3366 2343 3659 2415 gentium,

241 2429 466 2485 stolum
499 2431 714 2501 (Ephcs.
750 2447 824 2495 1v,
858 2431 934 2500 8),
965 2431 1144 2500 dedit)
1176 2431 1330 2486 dona
1358 2432 1695 2487 horninibus
1721 2433 1894 2499 (I’sal.
2007 2449 2133 2502 qua:
2184 2433 2346 2502 prius
2395 2450 2684 2505 oppressae
2738 2434 2968 2488 fuerant
3012 2432 3130 2488 sive
3161 2449 3362 2488 earum
3391 2431 3655 2503 gentium

242 2536 416 2584 van,
455 2519 568 2586 19).
620 2521 691 2574 Et
719 2523 1070 2590 stupesccre,
1129 2519 1340 2592 inquit,
1395 2521 1605 2574 faciam
1639 2537 1814 2591 super
1842 2525 1898 2575 te
2008 2536 2134 2590 quae
2168 2537 2536 2591 nequaquam
2570 2522 2628 2575 in
2653 2525 2896 2592 Egypto
2924 2520 3326 2583 morabantur,
3360 2518 3459 2572 sed
3483 2516 3544 2570 in
3568 2532 3654 2570 re-

239 2608 500 2679 populos
522 2607 762 2674 multos,
790 2609 972 2679 utqui
1001 2609 1162 2680 prius
1188 2609 1502 2664 Pharaonis
1524 2610 1896 2664 admiraban-
2007 2609 2177 2679 gione
2209 2609 2542 2677 viventium,
2593 2610 2961 2664 interfectum
3012 2609 3322 2662 draconem
3357 2605 3655 2677 plangere,

241 2703 337 2751 tur
369 2697 718 2768 potentiam,
753 2704 957 2768 postea
986 2714 1119 2752 eum
1151 2698 1515 2753 admirentur
1545 2699 1615 2753 de
1646 2715 1750 2753 suo
1782 2698 1899 2753 cul-
2006 2701 2064 2751 et
2094 2714 2328 2752 omnem
2359 2697 2801 2752 multitudinem
2825 2699 2987 2767 ejus:
3025 2713 3135 2750 non
3171 2712 3272 2767 spe
3294 2693 3523 2759 salutis,
3556 2693 3658 2748 sed

239 2787 401 2840 mine
433 2787 740 2841 cecidisse.
775 2787 960 2856 Reges
991 2803 1222 2856 quoque
1267 2787 1615 2857 populorum
1660 2787 1898 2842 horrore
2012 2787 2162 2856 quod
2197 2787 2267 2841 de
2298 2791 2459 2841 tanta
2490 2787 2749 2859 potentia
2776 2803 2882 2842 suo
2913 2785 3050 2840 vitio
3081 2790 3137 2840 et
3165 2783 3438 2855 superbia
3468 2782 3655 2853 dejec-

239 2875 428 2929 nimio
465 2875 867 2929 formidabant
898 2891 1074 2944 super
1102 2891 1258 2940 eum,
1292 2892 1543 2945 quorum
1577 2892 1757 2946 regna
1785 2877 1894 2930 Do-
2005 2878 2100 2928 tus
2133 2875 2208 2928 sit
2238 2875 2297 2928 in
2329 2880 2542 2930 mterna
2575 2875 2887 2947 supplicia.

236 2963 404 3017 mino
435 2962 709 3018 diabolus
740 2963 1020 3028 ostendit,
1054 2967 1110 3017 et
1139 2965 1210 3017 de
1241 2964 1456 3034 quibus
1478 2963 1534 3017 in
1561 2964 1784 3034 psalmo
1807 2965 1894 3018 di-
2076 2963 2260 3033 (Vers.
2287 2965 2371 3032 17,
2397 2967 2585 3036 seqq.)
2609 2989 2635 3014 ‹‹
2661 2966 2728 3019 Et
2752 2964 2971 3019 factum
2997 2967 3087 3016 est
3106 2961 3163 3016 in
3188 2960 3532 3016 duodecimo
3556 2976 3656 3014 an-

236 3051 435 3104 citnr:
472 3052 776 3105 Astierunt
799 3068 959 3122 reges
989 3056 1172 3118 terrae,
1208 3057 1263 3106 et
1293 3053 1587 3123 principes
1610 3069 1894 3107 convene-
2006 3073 2032 3098 ‹‹
2069 3066 2161 3116 no,
2196 3051 2252 3104 in
2287 3052 2492 3122 quinta
2521 3052 2749 3107 decima
2783 3050 3022 3115 mensis,
3056 3050 3275 3104 factum
3302 3052 3391 3104 est
3409 3047 3651 3103 verbum

238 3146 378 3195 runt
409 3140 472 3193 in
507 3156 694 3194 unum
728 3140 841 3210 (Ps.
874 3158 936 3204 ιι,
959 3143 1036 3207 2).
1068 3146 1186 3194 Hoc
1212 3146 1404 3194 autem
1433 3142 1528 3194 ﬁet
1548 3157 1680 3195 cum
1704 3142 1895 3196 volare
2009 3160 2034 3186 ‹‹
2070 3139 2296 3193 Domini
2327 3141 2396 3194 ad
2433 3157 2546 3207 me,
2579 3141 2778 3195 dicens
2809 3156 2821 3196 :
2857 3139 2960 3194 Fili
2992 3137 3273 3203 hominis,
3303 3153 3444 3192 cane
3478 3136 3652 3209 lugu-

239 3229 486 3299 cmperit
506 3228 738 3300 gladius
765 3228 989 3282 Domini
1014 3245 1190 3299 super
1218 3229 1395 3283 facies
1422 3245 1644 3298 eorum,
1679 3231 1894 3284 subau-
2006 3248 2033 3275 ‹‹
2068 3227 2167 3280 bre
2197 3245 2374 3299 super
2404 3229 2842 3284 multitudinem
2875 3229 3120 3300 Egypti,
3155 3231 3212 3282 et
3252 3226 3492 3281 detrahe
3518 3241 3650 3281 eam

240 3317 403 3372 ditur
435 3333 668 3388 regum,
701 3318 819 3372 sive
851 3317 1221 3388 populorum.
1272 3316 1515 3372 Gladius
1559 3324 1752 3372 autem
1785 3318 1895 3372 Do-
1929 3306 1970 3371 C
2008 3336 2035 3364 ‹‹
2071 3315 2280 3386 ipsam,
2332 3323 2387 3372 et
2439 3318 2588 3373 ﬁlias
2626 3319 2887 3390 gentium
2922 3317 3296 3372 robustarum
3328 3315 3399 3370 ad
3429 3318 3648 3370 terram

244 3406 386 3459 mini
421 3405 845 3478 intelligendus
877 3409 964 3460 est
993 3405 1194 3460 vivens
1228 3422 1417 3460 sermo
1446 3406 1561 3476 Dei,
1595 3412 1651 3460 et
1675 3407 1898 3473 efﬁcax,
2011 3426 2037 3452 (ι
2073 3404 2363 3469 ultimam,
2396 3422 2528 3461 cum
2566 3407 2655 3462 his
2686 3407 2784 3478 qui
2817 3405 3259 3461 descenduntin
3281 3404 3495 3458 lacum.
3530 3406 3654 3468 Quo

241 3500 299 3547 et
327 3498 548 3548 acutus
582 3510 758 3565 super
785 3511 1020 3548 omnem
1053 3493 1313 3566 gladium
1347 3511 1415 3549 ex
1446 3500 1692 3566 utraque
1740 3499 1901 3565 parte
2011 3516 2037 3542 «
2073 3493 2372 3564 pulchrior
2399 3511 2481 3560 es,
2524 3495 2832 3558 descende,
2863 3499 2920 3549 et
2949 3493 3138 3548 dormi
3171 3508 3306 3546 cum
3336 3491 3656 3546 incircum-

243 3589 513 3643 acutum,
537 3583 639 3652 qui
662 3582 816 3637 volat
837 3588 1013 3653 atque
1035 3583 1314 3636 discurrit
1337 3588 1394 3637 et
1417 3583 1757 3655 perstringit
1779 3600 1898 3638 cer-
2011 3604 2038 3631 «
2072 3581 2228 3636 cisis.
2263 3587 2321 3636 In
2354 3584 2544 3638 medio
2575 3583 3010 3638 interfectorum
3043 3581 3237 3652 gladio
3260 3581 3467 3635 cadent
3489 3597 3507 3634 :
3541 3577 3660 3651 gla-

239 3671 512 3736 nentium
539 3669 740 3725 oculos
762 3669 1074 3741 vultusque
1101 3672 1370 3736 deterret,
1399 3678 1460 3726 ut
1484 3673 1900 3742 obstupescen-
2012 3695 2036 3719 ‹‹
2073 3670 2206 3725 dius
2238 3672 2410 3726 datus
2441 3676 2562 3727 est:
2598 3676 2961 3726 attraxerant
2991 3686 3141 3736 eam,
3175 3673 3232 3724 et
3253 3685 3458 3724 omnes
3481 3684 3666 3738 popu-

239 3764 326 3814 tes
355 3776 545 3830 super
577 3759 752 3814 ruina
784 3759 1125 3826 Pharaonis,
1179 3777 1240 3815 se
1273 3761 1332 3814 in
1365 3760 1462 3815 illo
1511 3761 1744 3815 videant
1773 3777 1902 3815 esse
2013 3781 2039 3808 ‹‹
2072 3758 2157 3813 los
2172 3757 3575 3830 ejus.Loquentureiinpotintissimirobustorum
3593 3755 3666 3809 de

239 3847 522 3918 dejectos.
560 3848 633 3901 Et
667 3848 892 3902 Domini
939 3848 1176 3918 quidem
1208 3849 1459 3920 gladius,
1493 3850 1563 3903 de
1611 3867 1724 3920 quo
1755 3849 1900 3903 scri-
2013 3869 2039 3894 «
2073 3848 2264 3901 medio
2297 3847 2531 3917 inferni,
2583 3848 2682 3918 qui
2715 3863 2846 3902 cum
2897 3845 3347 3901 auxiliatoribus
3392 3844 3520 3914 ejus
3563 3843 3660 3914 [αι.

237 3943 409 4006 ptum
434 3940 558 3990 est:
586 3937 729 3990 Ecce
750 3936 844 3991 hic
866 3937 1092 4008 positus
1113 3937 1280 3993 estin
1305 3938 1532 3992 ruinam
1565 3943 1620 3992 et
1640 3953 1902 3993 resurrc-
2017 3957 2044 3985 ‹‹
2076 3935 2222 4006 suis]
2256 3936 2704 4001 descenderunt,
2749 3939 2805 3990 et
2835 3935 3201 3990 dormierunt
3231 3932 3384 3989 385
3417 3933 3495 4004 (α)
3525 3947 3659 3988 cum

240 4025 496 4080 ctionem
532 4023 856 4079 multorum
890 4025 1039 4094 (Luc.
1077 4043 1135 4090 II,
1168 4027 1285 4096 3i),
1316 4027 1581 4096 jacentes
1613 4025 1814 4093 elevat,
1849 4030 1906 4081 et
2014 4045 2042 4072 «
2076 4023 2525 4088 incircumcicis,
2558 4024 2996 4094 interfectisque
3025 4021 3239 4094 gladio.
3275 4021 3359 4076 Ibi
3391 4022 3578 4076 Assur
3607 4022 3665 4075 et

240 4113 393 4167 male
426 4116 679 4182 erectos,
709 4112 1042 4168 humilitate
1063 4119 1407 4168 commutat.
1440 4113 1684 4168 Gladius
1706 4119 1901 4168 autem
2015 4135 2043 4161 «
2075 4112 2267 4167 omnis
2299 4112 2614 4167 multitudo
2645 4113 2793 4182 ejus,
2827 4111 2886 4166 in
2918 4111 3166 4166 circuitu
3199 4109 3358 4166 illius
3388 4108 3658 4181 sepulcra

241 4202 394 4273 regis
430 4199 748 4272 Babylonis
777 4202 969 4256 veniet
997 4218 1175 4273 super
1205 4203 1518 4257 draconem
1547 4203 1902 4274 lEgyptium,
2017 4223 2044 4249 «
2079 4199 2258 4266 illius,
2293 4217 2496 4256 omnes
2527 4201 2836 4268 interfecti,
2869 4204 2926 4255 et
2956 4200 3052 4271 qui
3086 4200 3422 4255 ceciderunt
3445 4197 3662 4270 gladio,

238 4295 302 4342 ut
332 4289 390 4343 in
420 4289 643 4360 gladiis
673 4289 936 4358 fortium,
963 4290 1082 4344 sive
1103 4289 1430 4362 gigantium
1452 4290 1688 4361 dejiciat
1709 4291 1903 4345 Domi-
2016 4312 2043 4339 «
2077 4305 2327 4360 quorum
2362 4290 2503 4345 data
2527 4294 2665 4345 sunt
2697 4289 2968 4360 sepulcra
2993 4289 3052 4343 in
3075 4287 3413 4343 novissimis
3434 4286 3578 4341 laci:
3609 4290 3666 4340 et

243 4394 355 4433 nus
389 4376 841 4432 multitudinem
871 4380 1020 4448 ejus,
1055 4379 1155 4450 qui
1180 4395 1373 4450 regem
1401 4379 1627 4451 {Egypti
1651 4381 1906 4435 sectaba-
2016 4399 2043 4425 ‹‹
2074 4377 2226 4431 facta
2255 4385 2343 4432 est
2369 4377 2682 4432 multitudo
2712 4379 2841 4448 ejus
2873 4393 2976 4448 per
2996 4393 3203 4448 gyrum
3227 4374 3481 4447 sepulcri
3512 4374 3662 4444 ejus,

245 4471 357 4520 tur.
382 4465 910 4536 lnexpugnabiles,
937 4465 1143 4536 inquit,
1178 4467 1299 4521 sive
1322 4467 1655 4538 pestilentes
1677 4469 1745 4522 de
1766 4483 1904 4538 gen-
2016 4488 2043 4515 «
2077 4465 2328 4520 universi
2361 4465 2646 4521 interfecti
2681 4467 3074 4535 cadentesque
3120 4463 3313 4535 gladio
3354 4462 3454 4533 qui
3487 4461 3668 4515 dede-

240 4555 407 4609 tibus
454 4569 664 4608 omnes
694 4552 815 4623 isti,
841 4559 903 4608 ut
932 4555 1087 4609 384
1119 4554 1256 4609 mali
1291 4556 1361 4609 ad
1396 4555 1756 4627 puniendum
1788 4561 1906 4610 tra-
2018 4575 2045 4603 «
2076 4559 2206 4609 rant
2235 4555 2528 4625 quondam
2557 4554 2926 4608 formidinem
2948 4553 3008 4606 in
3031 4556 3185 4607 terra
3206 4549 3547 4606 viventium.
3574 4547 3661 4604 lbi

236 4643 466 4697 dantur
495 4643 824 4713 pejoribus,
858 4643 927 4697 de
960 4644 1177 4713 quibus
1200 4644 1480 4714 scriptum
1513 4649 1638 4698 est:
1675 4645 1905 4699 Immis-
1939 4667 1983 4730 Ι)
2017 4665 2044 4691 ‹‹
2078 4643 2261 4697 Aﬂlam
2283 4648 2338 4698 et
2359 4643 2550 4697 omnis
2573 4642 2887 4696 multitudo
2909 4641 3036 4730 ejus
3059 4654 3388 4730 perggyrum
3409 4635 3660 4730 sepulcri

234 4730 473 4786 sionem
510 4745 616 4800 per
644 4730 896 4800 Angelos
929 4732 1221 4802 pessimos
1267 4732 1378 4801 (Ps.
1429 4749 1632 4802 Lxxvu,
1676 4732 1786 4803 149).
1841 4734 1907 4787 Et
1939 4726 1973 4730 —
2019 4751 2046 4779 «
2081 4731 2240 4786 illius
2273 4731 2459 4802 [ναις.
2496 4731 2646 4801 sui]:
2681 4746 2885 4785 omnes
2918 4728 2976 4783 hi
3005 4726 3291 4782 interfecti
3314 4729 3669 4794 ruentesque

231 4818 610 4891 Apostolus:
664 4820 818 4883 Quos
851 4819 1085 4888 tradidi,
1133 4821 1343 4891 inquit,
1395 4821 1641 4889 Satana,
1684 4827 1748 4876 ut
1778 4821 1902 4875 dis-
2020 4841 2048 4869 «
2078 4818 2292 4889 gladio,
2327 4820 2427 4890 qui
2459 4819 2888 4874 descenderunt
2917 4814 3312 4871 incircumcisi
3347 4814 3418 4868 ad
3451 4816 3668 4868 terram

231 4913 374 4962 cant
406 4923 530 4961 non
559 4905 997 4978 blasphemare,
1045 4907 1129 4962 vel
1164 4908 1224 4962 in
1257 4909 1560 4963 interitum
1595 4911 1807 4981 carnis,
1842 4915 1905 4965 ut
2016 4931 2042 4956 ‹‹
2079 4907 2345 4961 ultimam
2375 4924 2387 4961 :
2425 4907 2522 4978 qui
2557 4911 2881 4978 posuerunt
2911 4910 3190 4960 terrorem
3215 4919 3388 4957 suum
3423 4900 3483 4956 in
3515 4904 3672 4956 terra

232 4995 493 5067 spiritus
525 4993 727 5050 salvus
762 4995 862 5049 ﬁat
916 4997 958 5066 (Ι
992 4997 1104 5051 Tim
1161 5014 1201 5061 ι,
1231 4998 1344 5066 20).
1396 4997 1540 5051 Cum
1573 5003 1767 5053 autem
1803 5015 1906 5070 per
2016 5017 2042 5043 ‹‹
2078 4995 2424 5049 viventium:
2453 4999 2509 5049 et
2530 4998 2906 5067 portaverunt
2928 4990 3312 5064 ignominiam
3342 5005 3508 5046 suam
3531 5005 3668 5044 cum

230 5083 662 5155 hujuscemodi
734 5084 1037 5140 ministros
1093 5085 1318 5155 dejecta‘
1397 5087 1569 5141 fuerit
1628 5088 1905 5158 superbia
2016 5107 2040 5132 ‹‹
2078 5083 2172 5137 his
2204 5082 2303 5154 qui
2337 5084 2701 5138 descendunt
2731 5083 2790 5136 in
2821 5081 3037 5135 lacum.
3089 5083 3151 5133 In
3185 5079 3374 5134 medio
3423 5077 3658 5133 interfe-

235 5173 496 5246 rEgypti,
553 5178 608 5226 et
656 5172 975 5228 multitudo
1025 5173 1184 5228 illius
1233 5173 1536 5246 dissipata,
1587 5177 1906 5248 perdentur
2017 5194 2043 5220 ‹‹
2079 5177 2304 5227 ctorum
2327 5175 2647 5242 posuerunt
2667 5169 2857 5225 cubile
2883 5169 3011 5239 ejus
3032 5167 3090 5222 in
3118 5167 3408 5224 universis
3429 5165 3662 5238 populis

310 5386 327 5454 ζ
336 5386 392 5455 ιι)
431 5389 512 5462 De
548 5400 708 5462 more
738 5383 1029 5462 Victorius
1059 5401 1193 5462 cum
1212 5386 1473 5462 _Vulgata_
1491 5392 1557 5462 et
1584 5387 1903 5462 _Hebraico,
2017 5385 2274 5456 amplius
2298 5403 2444 5457 opus
2469 5401 2581 5462 non
2605 5388 2765 5462 erat;
2792 5382 2973 5436 immo
2997 5380 3183 5462 magis
3206 5379 3584 5462 conveniebat
3601 5381 3672 5462 ut

241 5454 612 5532 ᾄοντῄἰετςωιι
642 5458 1020 5532 incitantur-iri
1046 5458 1325 5532 interfecti
1342 5454 1563 5532 bladz‘o._
1584 5459 1650 5512 Et
1672 5475 1902 5532 sensus,
2019 5454 2589 5532 exponeret—postea,
2617 5455 2859 5532 quinam
2893 5459 3089 5532 essent
3120 5454 3667 5532 incircumcisiOisti,

244 5528 469 5602 inquit,
493 5527 664 5602 ipsos
680 5527 1116 5602 potentissimos
1137 5523 1511 5602 robustorum
1533 5523 1904 5583 descendisse
2019 5523 2151 5602 curn
2176 5523 2388 5597 quibus
2406 5523 2659 5602 dormire
2681 5523 3667 5602 debebat_,poten-tissimi,.in_qui.en‘s,

242 5603 298 5669 et
320 5593 626 5669 dormisse
643 5593 1113 5669 incircumcisos,
1138 5599 1612 5669 interfectosque,
1634 5617 1746 5654 non
1771 5617 1905 5654 cum
2019 5593 2412 5665 robustorum,
2429 5599 2526 5669 qui
2544 5595 3342 5669 incircumcisidormierunt,
3361 5593 3672 5669 interiecti-

242 5667 687 5742 i_ncircum_cisis
721 5663 1175 5742 interfectisque.
1220 5671 1331 5724 Hoc
1370 5663 1524 5724 enim
1559 5663 1692 5724 cum
1727 5688 1906 5742 supra
2017 5686 2129 5742 que
2160 5678 2313 5723 sunt.
2346 5663 2639 5742 impressa
2669 5671 2865 5723 autem
2898 5665 3065 5721 lectio
3098 5664 3286 5737 magis
3321 5663 3466 5719 LXX
3487 5679 3669 5734 quam

246 5739 468 5794 dixerit
490 5737 614 5795 illis
629 5739 842 5806 verbis,
861 5737 1191 5795 Dormicum
1211 5742 1626 5810 incz'rcumcisz's,
1647 5737 1905 5814 repetere
2017 5737 2356 5812 Hieronymi
2385 5737 2491 5794 est.
