3996 6182
335 418 447 485 8H

1583 422 1646 487 S.
1694 422 2001 488 EUSEBII
2046 421 2490 487 HIERONYMI

3608 420 3725 486 312

334 575 366 608 «
400 556 529 627 ejus
549 572 562 611 :
586 553 644 611 in
669 553 915 612 circuitu
936 555 1064 629 ejus
1081 554 1653 630 sepulchrumillius.
1679 558 1893 614 Omnes
1914 556 1975 613 hi
2004 560 2058 626 Α
2086 558 2193 614 dio.
2228 559 2319 630 (Et
2345 558 2559 614 iterum
2590 557 2661 614 de
2689 557 3102 615 Theodotionis
3131 557 3399 615 Editione
3432 556 3542 613 sub
3573 559 3728 613 aste-

333 666 361 697 «
393 645 808 717 incircumcisi,
828 646 1230 718 interfectique
1250 647 1460 720 gladio.
1489 648 1773 703 Dederant
1791 648 1970 719 [Vulg.

335 756 363 786 (ι
397 734 710 806 Dederunt]
740 734 896 790 enim
926 740 1204 791 terrorem
1258 738 1429 808 [Vulg.
1476 736 1627 792 addit
1668 737 1867 805 suum]
1914 736 1974 790 in

337 846 366 874 «
397 826 551 878 terra
571 824 912 889 viventium,
932 828 988 880 et
1009 828 1386 897 portaverunt
1406 824 1786 897 ignominiam
1806 841 1973 879 suam

337 934 366 964 ι(
398 928 532 967 cum
554 912 647 967 his
670 912 769 985 qui
792 914 1154 969 descendunt
1174 915 1234 970 in
1257 913 1449 970 lacum
1471 932 1483 969 :
1508 915 1567 968 in
1591 914 1782 969 medio
1802 913 1976 968 inter-

339 1022 368 1052 «
402 1001 682 1057 fectorum
714 1000 888 1073 positi
918 1006 1074 1058 sunt.
1126 1002 1210 1057 Ibi
1242 1002 1476 1058 Mosoch
1526 1006 1581 1057 et
1624 1000 1873 1066 Thubal,
1922 1005 1979 1056 et

341 1111 371 1141 ‹‹
403 1078 597 1146 omnis
629 1089 942 1145 multitudo
974 1092 1101 1161 ejus
1132 1091 1192 1145 in
1223 1091 1471 1145 circuitu
1501 1088 1661 1145 illius
1711 1089 1979 1162 sepulcra

336 1200 365 1231 ‹‹
397 1179 545 1250 ejus.
569 1180 785 1234 Omnes
806 1178 864 1233 hi
888 1178 1302 1244 incircumcisi,
1336 1178 1737 1249 interfectique
1766 1179 1975 1233 caden-

343 1290 371 1319 «
403 1273 493 1325 tes
522 1266 734 1340 gladio,
768 1270 845 1340 (a)
874 1268 974 1340 qui
1006 1268 1292 1323 dederunt
1322 1267 1693 1323 formidinem
1724 1283 1888 1322 suam
1918 1267 1976 1321 in

340 1379 369 1410 α
399 1362 555 1414 terra
585 1358 921 1412 viventium.
974 1358 1041 1411 Et
1070 1372 1186 1411 non
1220 1356 1514 1411 dormient
1542 1373 1676 1411 cum
1709 1354 1975 1426 fortibus,

339 1469 369 1499 ‹‹
398 1446 878 1517 cadentibusque,
931 1449 988 1500 et
1035 1445 1488 1515 incircumcisis,
1534 1444 1634 1517 qui
1665 1445 1977 1501 descende-

333 1559 362 1587 ‹‹
394 1539 533 1591 runt
559 1536 630 1590 ad
665 1534 959 1590 infernum
990 1550 1123 1590 cum
1155 1535 1337 1590 armis
1364 1535 1509 1601 suis,
1560 1538 1616 1589 et
1658 1536 1981 1605 posuerunt

336 1646 366 1676 κ
394 1623 619 1698 gladios
639 1640 779 1678 suos
802 1623 910 1679 sub
933 1623 1223 1695 capitibus
1245 1624 1369 1679 suis
1392 1642 1404 1680 :
1437 1629 1494 1678 et
1516 1612 1981 1692 fuerunt'iniqui-

337 1735 366 1765 «
394 1716 546 1770 tates
566 1728 768 1768 eorum
788 1712 847 1767 in
871 1712 1106 1768 ossibus
1126 1729 1347 1775 eorum,
1375 1712 1513 1784 quia
1535 1716 1721 1768 terror
1741 1710 1978 1767 fortium

335 1825 364 1854 ‹‹
399 1802 536 1858 facti
568 1806 707 1858 sunt
735 1801 796 1855 in
830 1805 984 1857 terra
1007 1802 1347 1857 viventium.
1381 1803 1446 1856 Et
1465 1806 1527 1856 tu
1550 1816 1686 1872 ergo
1707 1800 1766 1855 in
1789 1799 1979 1855 medio

335 1913 367 1943 «
400 1890 944 1947 incircumcisorum
978 1890 1316 1956 contereris,
1348 1895 1404 1946 et
1433 1890 1689 1945 dormies
1720 1906 1851 1944 cum
1884 1889 1977 1943 in-

339 2002 368 2032 ‹‹
398 1979 656 2037 terfectis
685 1978 902 2051 gladio.
930 1979 1013 2034 Ibi
1034 1979 1309 2048 Idumma,
1332 1983 1389 2034 et
1417 1995 1580 2051 reges
1601 1979 1750 2049 ejus,
1774 1982 1831 2033 et
1856 1995 1983 2033 om-

340 2091 369 2121 «
402 2085 506 2125 nes
529 2069 706 2124 duces
723 2069 851 2139 ejus
874 2067 972 2138 qui
996 2068 1112 2123 dati
1133 2073 1424 2124 suntcum
1449 2067 1702 2124 exercitu
1725 2084 1832 2123 suo
1848 2084 1980 2122 cum

340 2180 370 2211 (ς
399 2157 716 2213 interfectis
747 2156 959 2230 gladio,
1014 2161 1070 2212 et
1096 2157 1197 2229 qui
1226 2174 1360 2212 cum
1389 2157 1819 2213 incircumcisis
1849 2158 1980 2212 dor-

341 2268 371 2298 ‹‹
401 2247 677 2313 mierunt,
712 2250 770 2301 et
799 2262 933 2302 cum
964 2246 1056 2301 his
1088 2247 1188 2318 qui
1220 2247 1646 2302 descenderunt
1675 2246 1851 2317 [Vulg
1884 2246 1982 2301 de-

341 2357 371 2388 «
402 2335 712 2406 scendunt]
726 2334 784 2388 in
799 2334 1014 2390 lacum.
1032 2335 1110 2390 Ibi
1132 2335 1423 2407 principes
1434 2335 1739 2406 Aquilonis
1755 2350 1977 2390 omnes:

337 2447 366 2476 α
399 2428 458 2480 et
491 2423 744 2479 universi
775 2423 999 2478 Sidonii
1047 2425 1182 2495 (sive
1222 2425 1546 2494 venatores)
1599 2424 1698 2496 qui
1748 2423 1980 2478 deducti

334 2535 364 2565 (τ
395 2517 535 2569 sunt
567 2528 700 2567 cum
733 2512 1051 2567 interfectis
1084 2516 1378 2584 paventes,
1428 2517 1485 2568 et
1516 2514 1573 2567 in
1605 2529 1711 2568 sua
1756 2512 1982 2567 fortitu-

340 2622 371 2654 ‹‹
399 2601 534 2658 dine
554 2601 628 2673 (b)
651 2601 900 2668 confusi,
925 2600 1063 2673 quia
1084 2601 1261 2674 [Vulg
1283 2602 1408 2673 qui]
1429 2601 1796 2658 dormierunt
1818 2600 1986 2656 incir-

343 2712 373 2741 «
405 2689 650 2748 cumcisi
695 2705 829 2744 cum
879 2689 1200 2745 interfectis
1246 2689 1460 2761 gladio,
1510 2694 1568 2745 et
1613 2693 1987 2761 portaverunt

343 2801 373 2830 ‹‹
405 2777 808 2834 confusionem
838 2794 1007 2833 suam
1039 2795 1171 2833 cum
1202 2777 1294 2832 his
1317 2777 1418 2849 qui
1439 2778 1800 2833 descendunt
1820 2777 1878 2832 in
1900 2777 1983 2832 la-

345 2889 374 2917 «
406 2883 562 2922 cum.
615 2865 769 2922 Vidit
813 2882 913 2922 eos
951 2866 1196 2937 Pharao,
1242 2870 1300 2922 et
1330 2866 1663 2922 consolatus
1694 2871 1783 2921 est
1812 2882 1987 2939 super

339 2977 367 3006 «
402 2955 675 3012 universa
704 2953 1083 3011 multitudine
1114 2971 1242 3021 sua,
1276 2971 1402 3026 quae
1432 2955 1734 3010 interfecta
1754 2960 1843 3011 est
1862 2955 1983 3028 gla-

343 3067 371 3097 «
404 3045 521 3113 dio,
573 3043 822 3109 Pharao,
864 3048 922 3099 et
951 3043 1145 3099 omnis
1175 3043 1461 3099 exercitus
1492 3044 1640 3114 ejus,
1676 3045 1758 3100 ait
1787 3044 1983 3103 Domi:

347 3155 376 3184 α
409 3150 523 3189 nus
546 3134 720 3189 Deus.
745 3131 893 3197 Quia
912 3132 1045 3187 dedi
1068 3133 1164 3205 lal.
1190 3132 1367 3204 deditI
1390 3136 1667 3188 terrorem
1696 3133 1762 3205 (c)
1788 3149 1983 3189 meum

346 3243 376 3272 «
407 3221 468 3276 in
516 3225 672 3277 terra
718 3220 1057 3286 viventium,
1108 3224 1165 3275 et
1193 3221 1467 3276 dormivit
1495 3221 1555 3275 in
1587 3222 1779 3278 medio
1811 3221 1983 3276 incir-

2084 648 2254 703 riscis
2311 647 2573 703 additum
2631 652 2750 703 est:
2812 649 2916 716 Qui
2972 648 3233 704 dederunt
3259 648 3507 719 sepulcra
3527 647 3643 719 ejus
3671 647 3735 700 in

2084 737 2346 792 lateribus
2376 738 2515 798 laci;
2643 740 2695 792 et
2722 736 2877 810 facta
2905 741 2984 792 est
3010 738 3352 808 congregatio
3381 738 3442 792 in
3486 736 3735 791 circuitu

2083 827 2321 896 sepulcri
2348 828 2482 893 eius.
2529 825 2604 899 δέ
2655 826 2849 881 Omnes
2896 828 2992 880 isti
3038 828 3332 894 vulnerati,
3386 825 3737 896 cadentesque

2083 915 2285 985 gladio.
2338 916 2475 970 Post
2505 932 2631 985 qum
2663 930 2908 986 posuere
2938 916 3344 987 Septuaginta)
3372 932 3384 969 :
3433 916 3541 983 Qui
3567 913 3733 969 dede-

2084 1011 2215 1058 runt
2244 1005 2491 1059 timorem
2513 1020 2674 1058 suum
2702 1005 2762 1057 in
2792 1008 2941 1058 terra
2967 1005 3116 1060 vitae.
3150 1004 3230 1059 lbi
3251 1005 3463 1073 ditem,
3490 1006 3537 1058 et
3557 1005 3735 1058 omnis

2084 1092 2344 1163 fortitudo
2364 1094 2480 1161 eius
2503 1093 2561 1146 in
2580 1093 2819 1147 circuitu
2833 1093 3072 1163 sepulcri
3085 1093 3220 1164 ejus,
3241 1108 3421 1148 omnes
3437 1092 3732 1158 vulnerati,

2085 1183 2139 1235 et
2165 1180 2413 1235 cadentes
2442 1180 2669 1251 gladio:
2700 1188 2749 1234 et
2780 1182 2875 1251 qui
2909 1180 3237 1236 descendunt
3265 1182 3646 1236 incircumcisi
3675 1181 3732 1234 in

2089 1272 2255 1325 terra?
2271 1268 2632 1341 profundum,
2654 1270 2751 1341 qui
2763 1268 3039 1324 dederunt
3052 1271 3318 1324 terrorem
3337 1285 3496 1324 suum
3512 1271 3572 1324 in
3589 1277 3738 1324 terra

2090 1358 2232 1423 vitae,
2266 1365 2318 1412 et
2345 1366 2663 1427 acceperunt
2694 1360 3023 1412 tormentum
3051 1374 3215 1412 suum
3241 1373 3370 1413 cum
3400 1357 3486 1412 his
3514 1358 3612 1429 qui
3641 1356 3735 1412 de-

2086 1445 2348 1501 scendunt
2365 1448 2420 1500 in
2434 1447 2643 1516 foveam
2661 1448 2721 1500 in
2738 1447 2868 1499 med
2874 1447 2928 1500 io
2942 1445 3372 1500 vulneratorum.
3389 1446 3597 1501 Ibidali
3608 1453 3738 1501 sunt

2087 1534 2314 1601 Mosoch,
2354 1541 2404 1589 et
2435 1534 2659 1601 Thubal,
2706 1538 2758 1587 et
2804 1536 2982 1588 omnis
3020 1534 3284 1604 fortitudo
3312 1550 3497 1589 eorum
3530 1537 3591 1590 in
3619 1537 3738 1590 cir-

2086 1626 2237 1679 cuitu
2265 1623 2508 1693 sepulcri
2535 1624 2669 1693 ejus,
2722 1638 2865 1678 omes
2896 1623 3043 1678 387
3099 1623 3376 1677 vulnerati
3422 1624 3559 1694 ejus,
3599 1625 3737 1679 uni-

2087 1714 2230 1767 versi
2258 1713 2653 1778 incircumcisi,
2703 1716 2752 1766 et
2782 1712 3055 1767 vulnerati
3099 1712 3304 1782 gladio,
3348 1713 3450 1783 qui
3475 1712 3738 1769 dederunt

2088 1810 2349 1856 terrorem
2375 1796 2537 1855 suum
2566 1815 2734 1870 super
2760 1803 2963 1855 terram
2994 1801 3141 1867 vitm,
3173 1804 3225 1856 et
3253 1815 3365 1855 non
3392 1800 3742 1857 dormierunt

2087 1906 2212 1945 cum
2241 1888 2554 1960 gigantibus
2579 1889 2677 1959 qui
2693 1888 3010 1943 ceciderunt
3036 1889 3102 1943 ab
3123 1897 3369 1945 aeterno:
3403 1891 3501 1960 qui
3518 1889 3739 1945 descen-

2089 1978 2283 2033 derunt
2332 1980 2393 2032 in
2442 1978 2726 2047 infernum
2769 1992 2894 2031 cum
2923 1979 3095 2032 armis
3126 1978 3320 2048 quibus
3349 1979 3641 2034 utebantur
3668 1978 3742 2033 ad

2093 2068 2254 2137 bella,
2288 2070 2339 2122 et
2363 2076 2663 2138 posuerunt
2692 2065 2902 2137 gladios
2930 2081 3052 2122 suos
3081 2068 3178 2121 sub
3221 2068 3493 2139 capitibus
3519 2070 3652 2135 suis,
3689 2072 3743 2123 et

2090 2158 2247 2227 factm
2262 2161 2389 2211 sunt
2409 2157 2729 2225 iniquitates
2749 2170 2937 2210 eorum
2956 2156 3011 2209 in
3028 2154 3238 2209 ossibus
3257 2172 3466 2227 eorum,
3484 2156 3614 2227 quia
3630 2159 3745 2211 ter-

2090 2251 2326 2300 ruerunt
2346 2246 2597 2316 gigantes
2626 2244 2685 2297 in
2705 2244 2821 2297 vita
2842 2259 2960 2297 sua.
2986 2242 3051 2298 Et
3071 2246 3131 2297 tu
3150 2245 3206 2297 in
3234 2242 3415 2299 medio
3442 2245 3739 2300 incircum-

2089 2335 2329 2389 cisorum
2356 2334 2679 2399 contereris,
2711 2334 2761 2386 et
2791 2331 3034 2387 dormies
3057 2348 3182 2386 cum
3211 2332 3515 2388 vulneratis
3533 2333 3739 2405 gladio.

2090 2423 2173 2477 Ibi
2198 2421 2387 2487 Edam,
2416 2429 2468 2476 et
2491 2436 2644 2490 reges
2660 2421 2798 2491 ejus,
2830 2427 2879 2475 et
2909 2436 3096 2475 omnes
3115 2422 3393 2492 principes
3420 2422 3611 2491 Assur,
3643 2424 3746 2493 qui

2090 2511 2355 2566 dederunt
2369 2509 2751 2581 fortitudinem
2780 2511 2897 2581 ejus
2918 2510 2979 2564 in
2999 2510 3227 2564 vulnere
3252 2508 3428 2581 gladii
3450 2527 3464 2566 :
3495 2512 3590 2566 isti
3616 2526 3743 2567 cum

2090 2600 2394 2655 vulneratis
2417 2599 2758 2654 dormierunt
2774 2614 2899 2653 cum
2920 2596 3004 2653 his
3025 2600 3120 2669 qui
3137 2597 3533 2655 descenderunt
3562 2601 3621 2655 in
3649 2603 3745 2672 fo-

2095 2704 2265 2745 veam.
2285 2690 2368 2744 Ibi
2382 2690 2659 2760 principes
2678 2688 2964 2759 Aquilonis
2985 2703 3168 2742 omnes
3188 2690 3439 2743 universi
3455 2691 3749 2758 magistra-

2093 2787 2180 2834 tus
2199 2779 2388 2844 Assur,
2411 2780 2507 2850 qui
2524 2776 2919 2833 descenderunt
2940 2776 3217 2833 vulnerati
3233 2793 3357 2833 cum
3387 2786 3595 2835 terrore
3620 2794 3743 2851 suo,

2092 2876 2142 2923 et
2171 2869 2231 2922 in
2259 2867 2585 2939 fortitudine
2612 2882 2711 2921 sua
2740 2867 2956 2936 con/usi
2982 2865 3328 2921 dormierunt
3367 2868 3748 2923 incircumcisi

2093 2973 2215 3011 cum
2235 2957 2535 3012 vulneratis
2553 2954 2756 3026 gladio,
2785 2962 2834 3009 et
2854 2954 3207 3009 abstulerunt
3225 2959 3556 3011 tormentum
3576 2972 3745 3012 suum

2092 3061 2218 3100 cum
2245 3044 2689 3101 descendentibus
2714 3046 2774 3099 in
2801 3049 3028 3114 foveam.
3068 3042 3280 3099 Videbit
3303 3059 3389 3100 eos
3419 3045 3657 3114 Pharao,
3692 3054 3747 3102 ct

2094 3134 2521 3190 consolationem
2549 3133 2776 3204 accipiet
2804 3147 2967 3202 super
2994 3135 3149 3187 omni
3175 3132 3501 3202 fortitudine
3522 3150 3744 3190 eorum:

2093 3224 2374 3278 vulnerati
2397 3222 2580 3291 gladio
2609 3221 2849 3286 Pharao,
2879 3225 2931 3275 et
2959 3223 3137 3276 omnis
3158 3221 3421 3293 fortitudo
3438 3224 3573 3294 ejus,
3606 3223 3753 3280 dicit

343 3331 371 3360 ‹‹
407 3309 800 3366 cumcisorum
831 3325 965 3364 cum
998 3308 1319 3364 interfectis
1341 3310 1494 3365 386
1517 3309 1732 3381 gladio,
1766 3310 1984 3366 Pharao
2016 3294 2059 3356 C
2097 3312 2360 3367 Dominus
2389 3311 2549 3367 Deus.
2584 3311 2723 3379 Quia
2752 3309 2901 3365 dedit
2926 3309 3281 3380 formidinem
3310 3312 3423 3382 ejus
3440 3322 3600 3382 super
3624 3314 3747 3366 ter-

344 3419 375 3450 «
405 3402 463 3456 et
509 3399 703 3455 omnis
750 3396 1063 3453 multitudo
1112 3399 1261 3467 ejus,
1312 3399 1393 3454 ait
1432 3399 1716 3455 Dominus
1751 3401 1925 3456 Deus.
1958 3422 1987 3449 ››

343 3487 597 3544 Multum
622 3488 680 3543 in
702 3487 811 3543 hoc
833 3487 956 3543 loco
979 3486 1361 3559 Septuaginta
1382 3488 1766 3560 interpretum
1788 3488 1985 3555 editio,

337 3582 400 3634 et
418 3578 619 3634 ordine
640 3582 696 3632 et
714 3575 1097 3632 translatione
1119 3576 1435 3642 discordat,
1460 3581 1518 3632 et
1540 3577 1806 3648 quaedam
1832 3577 1891 3631 in
1919 3593 1986 3632 ea

341 3667 412 3723 de
432 3664 826 3722 Theodotione
843 3665 1040 3721 addita
1061 3668 1216 3720 sunt.
1239 3665 1400 3720 Unde
1416 3681 1650 3721 necesse
1667 3665 1983 3722 habuimus

341 3758 400 3812 et
419 3754 608 3827 ipsam
631 3770 865 3827 ponere,
889 3770 1258 3826 nequaquam
1284 3757 1586 3825 parcentes
1606 3752 1979 3826 longitudini,

343 3848 402 3900 et
430 3842 677 3899 studiosi
711 3843 941 3897 lectoris
971 3841 1285 3914 diligentiae
1319 3841 1652 3898 servientes.

413 3930 573 3986 LXX.
625 3933 690 3986 Et
718 3932 925 4001 factum
954 3939 1029 3984 est
1057 3931 1119 3984 in
1148 3930 1462 3986 duodecimo
1509 3946 1655 3986 anno
1698 3933 1759 3985 in
1788 3933 1984 4003 quinta

338 4019 548 4075 decima
574 4021 819 4073 mensis:
866 4024 1039 4089 factus
1074 4023 1153 4074 est
1180 4035 1357 4074 sermo
1386 4020 1610 4074 Domini
1637 4020 1716 4075 ad
1740 4036 1863 4075 me:
1897 4020 1981 4075 di-

339 4121 492 4163 cens:
508 4108 623 4162 Fili
637 4107 820 4162 homin
829 4108 900 4177 is,
915 4107 1008 4175 pla
1017 4123 1114 4177 nge
1128 4123 1293 4177 super
1305 4108 1719 4163 multitudinem
1730 4110 1982 4180 zEgypti,

338 4202 392 4251 et
421 4193 682 4250 deducent
711 4194 860 4264 ﬁlias
900 4195 1018 4265 ejus
1055 4198 1239 4265 gentes
1284 4198 1529 4251 mortuas
1558 4198 1619 4251 in
1646 4198 1983 4267 profundum

337 4285 523 4351 terrae,
557 4282 627 4337 ad
657 4297 744 4339 eos
774 4284 870 4354 qui
892 4282 1223 4338 descendunt
1268 4284 1325 4337 in
1364 4285 1575 4354 foveam
1627 4284 1824 4354 (Porro
1872 4285 1982 4340 sub

340 4371 635 4429 asteriscis
665 4371 932 4427 additum
965 4375 1054 4427 est
1080 4389 1092 4426 :
1224 4372 1299 4426 De
1326 4388 1470 4443 aqua
1497 4372 1874 4442 pulcherrima
1898 4373 1983 4429 de-

336 4460 563 4523 scende;
583 4458 915 4532 ﬁetdormi
928 4476 1051 4515 cum
1067 4462 1463 4516 incircumcisis
1491 4463 1513 4520 Ξ
1564 4461 1818 4517 Rursum
1840 4463 1982 4518 ordo

337 4547 628 4620 sequitur)
653 4564 665 4603 :
699 4550 762 4603 In
792 4548 969 4604 medio
1000 4549 1409 4605 vulneratorum
1437 4550 1621 4619 gladio
1641 4550 1837 4606 cadent
1862 4567 1983 4606 cum

2097 3416 2219 3455 ram
2248 3402 2400 3467 vitae,
2439 3407 2490 3454 et
2517 3398 2750 3454 dormiet
2780 3398 2839 3453 in
2869 3398 3046 3453 medio
3078 3400 3586 3455 incircumcisorum
3611 3413 3749 3455 cum

2094 3489 2399 3544 vulneratis
2426 3486 2626 3559 gladio,
2658 3486 2877 3541 Pharao
2906 3495 2955 3542 et
2977 3490 3154 3542 omnis
3172 3487 3467 3543 multitudo
3484 3488 3622 3559 ejus,
3653 3488 3748 3544 di-

2094 3580 2168 3633 cit
2198 3578 2460 3632 Dominus
2489 3577 2652 3631 Deus.
2687 3575 2810 3630 Non
2844 3574 3066 3647 ignoro,
3102 3574 3468 3632 fastidiosam
3498 3576 3618 3631 fore
3649 3578 3754 3633 de-

2094 3665 2265 3722 licato
2286 3664 2486 3721 lectori
2508 3668 2740 3720 tantum
2762 3665 2914 3719 inter
2934 3664 3082 3720 duas
3103 3664 3389 3720 editiones
3409 3664 3752 3737 discrepan-

2090 3754 2376 3810 tiam.Sed
2408 3754 2548 3826 quid
2584 3752 2790 3809 faciam
2823 3752 3346 3809 calumniatoribus
3373 3754 3541 3822 meis,
3565 3754 3667 3826 qui
3691 3755 3748 3811 si

2092 3843 2313 3915 aliquid
2332 3842 2402 3899 de
2422 3843 2559 3899 LXX
2576 3842 2959 3916 interpretum
2976 3842 3355 3900 translatione
3372 3844 3746 3914 subtraxero,

2093 3949 2186 3989 me
2216 3932 2567 4005 sacrilegum
2598 3935 2656 3988 et
2685 3932 2905 4003 absque
2935 3932 3143 3988 timore
3166 3931 3395 3988 Domini
3416 3933 3751 3990 vociferan-

2092 4024 2208 4088 tur,
2243 4022 2494 4077 maxime
2523 4024 2778 4092 quicum
2801 4020 2860 4075 in
2886 4020 3018 4076 fidei
3038 4008 3281 4077 veritate
3301 4021 3662 4089 discordent,
3687 4026 3750 4079 et

2089 4109 2538 4166 Manichaeorum
2557 4113 2879 4181 sequantur
2897 4124 3141 4177 errores,
3162 4111 3220 4165 in
3243 4125 3308 4166 eo
3328 4110 3743 4182 imperitorum

2092 4198 2321 4253 animas
2339 4202 2725 4267 commovent,
2742 4197 2788 4253 si
2817 4198 2887 4253 de
2903 4199 3080 4253 veteri
3097 4198 3400 4270 quidpiam
3416 4192 3755 4256 monetrare

2092 4286 2391 4360 potuerint
2420 4289 2715 4342 mutatum
2749 4286 3187 4357 consuetudine,
3237 4286 3518 4343 libentius
3546 4303 3752 4345 errare

2092 4375 2415 4447 cupientes,
2448 4391 2627 4446 quam
2661 4374 2883 4447 aliquid
2916 4376 2988 4431 ab
3019 4374 3231 4431 temqu
3261 4392 3463 4432 verum
3494 4376 3751 4434 discere.

2090 4464 2160 4519 Et
2176 4462 2411 4519 interim
2428 4464 2599 4534 juxta
2614 4463 2923 4519 historiam
2945 4463 3294 4521 manifestus
3319 4469 3409 4521 est
3430 4479 3664 4521 sensus.
3686 4468 3757 4522 In

2090 4552 2294 4607 eodem
2327 4550 2486 4606 enim
2520 4567 2673 4608 anno
2702 4550 3069 4618 duodesimo,
3103 4556 3160 4607 et
3187 4552 3247 4608 in
3279 4554 3504 4622 eodem,
3538 4557 3603 4609 ut
3633 4570 3757 4627 pu-

334 4652 415 4703 eo,
436 4640 487 4692 d
505 4636 737 4693 dormiet
758 4640 935 4693 omnis
955 4638 1217 4710 fortitudo
1240 4640 1377 4710 ejus,
1401 4642 1451 4693 et
1469 4638 1653 4693 dicent
1673 4639 1772 4694 tibi
1794 4641 1983 4711 gigan-
2012 4657 2061 4722 Β
2090 4644 2308 4707 tamus,
2330 4655 2552 4710 mense,
2575 4640 2673 4696 sed
2701 4655 2815 4695 non
2836 4643 2897 4694 in
2918 4656 3056 4712 una,
3079 4643 3143 4696 ut
3163 4657 3362 4715 supra,
3387 4642 3628 4711 mensis,
3655 4660 3768 4700 ve-

334 4730 433 4794 tes,
468 4728 527 4781 in
554 4727 825 4798 profundo
852 4729 1045 4797 fovete,
1096 4726 1368 4794 descende,
1416 4743 1520 4798 quo
1544 4728 1740 4782 melior
1766 4743 1841 4795 es,
1889 4728 1977 4784 de-

332 4814 541 4887 scende,
567 4818 618 4871 et
636 4816 817 4872 dormi
834 4831 960 4872 cum
980 4817 1384 4872 incircumcicis
1404 4817 1463 4870 in
1482 4816 1657 4871 medio
1676 4818 1983 4874 vulnerato-

334 4918 461 4958 rum
507 4906 711 4975 gladio.
762 4905 846 4961 Ibi
880 4906 1067 4973 Assur,
1120 4909 1173 4960 et
1220 4905 1398 4960 omnis
1443 4908 1787 4976 congregatio
1839 4908 1977 4978 ejus.

335 4990 637 5062 (Quodque
658 4994 927 5066 sequitur
951 5012 963 5049 :
1013 5000 1068 5058 αξ-
1089 4994 1283 5050 Omnes
1296 4993 1575 5049 vulnerati
1593 4994 1672 5050 ibi
1690 4994 1807 5049 dati
1824 5003 1974 5063 sunt,

350 5083 405 5142 ιθ
422 5082 474 5133 et
492 5080 803 5150 sepulcrum
821 5084 936 5153 ejus
957 5084 1013 5138 in
1037 5081 1315 5155 profundo
1336 5083 1524 5152 foveae,
1572 5086 1626 5147 +
1652 5090 1703 5137 et
1724 5084 1872 5153 facta
1903 5086 1978 5138 est

331 5170 674 5240 congregatio
716 5172 881 5241 ejus:
930 5171 989 5226 in
1022 5170 1301 5227 Hebraico
1333 5187 1447 5225 non
1483 5170 1749 5242 habetur,
1801 5172 1896 5227 sed
1943 5189 1977 5228 a

332 5256 715 5329 Septuaginta
743 5257 1006 5313 additum
1039 5264 1148 5315 est.
1185 5260 1440 5313 Rursum
1475 5258 1743 5328 dicitur):
1777 5260 1840 5314 In
1870 5260 1974 5313 cir-

328 5348 481 5402 cuitu
502 5345 741 5419 sepulcri
760 5346 876 5418 cjus
898 5362 1081 5403 omnes
1104 5348 1386 5403 vulnerati
1408 5349 1502 5419 qui
1529 5347 1843 5403 ceciderant
1856 5348 1975 5419 gla-

2089 4745 2220 4783 rum
2253 4728 2313 4782 in
2343 4727 2553 4798 quinta
2581 4727 2807 4784 decima
2837 4728 2951 4799 die,
2983 4744 3359 4802 nequaquam
3391 4747 3572 4803 super
3587 4730 3755 4788 Pha-

2088 4834 2285 4885 raone,
2300 4817 2400 4872 sed
2416 4831 2594 4888 super
2608 4816 2963 4885 fortitudine,
2981 4817 3099 4873 sive
3119 4818 3500 4876 multitudine
3515 4819 3760 4894 Egypti

2087 4906 2360 4978 planctus
2391 4903 2734 4971 assumitur,
2767 4906 2869 4976 qui
2889 4906 3219 4962 detrahitur
3238 4907 3310 4962 de
3332 4909 3604 4981 superbia
3628 4926 3759 4967 sua.

2086 5010 2219 5049 cum
2233 4992 2521 5049 universis
2535 4991 2769 5048 ﬁliabus
2783 4993 3058 5062 suis,sive
3071 4995 3336 5067 gentium
3353 4997 3751 5055 robustarum

2085 5083 2157 5138 ad
2190 5087 2407 5138 terram
2439 5081 2733 5148 ultimam,
2782 5081 2840 5136 id
2875 5087 2982 5149 est,
3018 5083 3077 5138 in
3108 5084 3465 5156 profundum
3497 5086 3748 5159 inferni,

2084 5170 2415 5242 diciturque
2435 5170 2507 5225 ad
2526 5184 2719 5242 regem
2740 5170 2967 5242 Egypti
2988 5187 3001 5225 :
3027 5171 3149 5234 Quo
3170 5172 3375 5229 melior
3395 5190 3477 5246 es,
3494 5178 3562 5229 ut
3580 5190 3761 5231 mor-

2083 5262 2199 5313 tem
2230 5258 2506 5335 merearis
2533 5257 2815 5313 evadere?
2841 5259 2986 5314 Cum
3012 5260 3167 5316 enim
3196 5264 3403 5333 Assur,
3436 5267 3497 5318 et
3518 5262 3756 5335 Elam,

2082 5346 2140 5402 id
2162 5351 2272 5414 est,
2304 5333 2512 5418 Persae,
2535 5349 2593 5403 et
2609 5346 2867 5415 Mosoch,
2899 5347 2999 5419 qui
3022 5347 3485 5422 interpretantur
3504 5333 3753 5425 Capps;

2079 5523 2575 5602 tumtgstaturin
2610 5523 2870 5602 subnexa
2912 5524 3269 5602 expositione
3318 5528 3757 5602 Hieronymus-

2150 5596 2222 5677 (ι’)
2252 5594 2508 5651 Tametsi
2539 5594 2904 5677 ambiguain
2935 5594 3160 5653 Hebrao
3201 5614 3309 5654 vox
3333 5604 3447 5677 est,
3481 5594 3767 5677 vulgata

2081 5670 2475 5792 autpmtmeum
2496 5666 2756 5739 praefert;
2783 5666 3017 5738 Victor.,
3037 5684 3218 5742 suum,
3239 5685 3308 5726 ex
3326 5666 3520 5730 Graeco
3541 5666 3753 5746 αόἓοῦ,

2081 5752 2177 5794 ma
2206 5753 2261 5793 ιιι
2295 5779 2308 5792 .

401 5522 478 5595 (a)
507 5523 668 5595 idem
700 5524 833 5595 quia
863 5538 965 5593 pro
996 5524 1092 5593 qui
1122 5521 1330 5578 maluit
1359 5540 1428 5578 ex
1457 5522 1693 5578 Hebraeo
1717 5531 1801 5595 7:.

400 5593 474 5663 (b)
507 5593 958 5665 Rescripsimus,
984 5598 1115 5665 post
1136 5594 1479 5663 Victoriam,
1500 5593 1843 5664 fortitudine,
1869 5610 1972 5665 pro

328 5678 446 5733 quo
463 5669 585 5719 erat
599 5665 929 5736 formidine;
954 5681 1089 5736 nam
1114 5672 1320 5736 praeter
1336 5665 1565 5736 Vulgat.
1589 5668 1647 5719 et
1664 5665 1969 5720 Hebraeum

324 5736 568 5800 textum,
600 5734 685 5792 sic
715 5734 853 5792 olim
883 5739 941 5792 et
969 5734 1246 5793 Rabanus
1269 5734 1427 5806 legit,
1456 5734 1662 5808 sicque
1682 5752 1716 5793 a
1740 5752 1802 5794 se
1822 5736 1973 5809 posi-
