4006 6180
404 382 529 461 819

1646 392 1712 457 S.
1759 388 2066 458 EUSEBII
2108 390 2553 458 HIERONYMI

3678 384 3805 452 820

411 527 638 588 culator
665 527 859 584 autem
882 519 1163 582 Ecclesiae.
1195 521 1285 582 vel
1318 524 1648 599 episcOpus,
1698 524 1786 583 vel
1809 526 2049 599 presby-
2078 526 2134 595 Α
2162 526 2631 599 prOphetiaesse,
2656 542 2782 599 quis
2803 540 2987 597 supra
3003 523 3065 581 in
3086 539 3204 597 qua
3223 522 3438 580 dicitur
3460 538 3473 580 :
3496 518 3806 594 Numquid

409 620 518 687 ter,
550 616 688 689 quia
709 634 743 670 a
770 614 984 689 populo
1010 613 1228 673 electus
1257 621 1365 680 est,
1394 620 1451 671 et
1478 615 1910 687 Scripturarum
1941 614 2051 670 lec-

406 705 567 760 tione
583 721 962 777 cognoscens,
990 710 1048 760 et
1074 706 1396 777 prmvidens
1418 721 1544 777 qua:
1579 705 1773 760 futura
1789 704 1927 769 sint,
1948 720 2049 759 an-

410 794 641 851 nuntiet
686 792 920 866 populo,
972 798 1028 848 et
1080 794 1332 866 corrigat
1376 793 1836 865 delinquentem.
1889 792 2052 848 Unde

405 898 761 956 magnopere
783 882 1219 938 formidandum
1242 888 1428 953 est,ne
1456 882 1525 938 ad
1551 882 1659 938 hoc
1675 881 1931 937 ofﬁcium
1954 898 2047 936 ac-

407 973 686 1027 cedamus
717 969 943 1043 indigni
973 976 1030 1025 et
1059 971 1397 1042 assumptis
1423 971 1655 1041 p0pulo,
1680 969 2047 1040 negligentia

406 1076 513 1115 nos
545 1060 753 1114 demus
784 1064 959 1130 atque
988 1058 1223 1113 desidiae
1250 1076 1261 1114 :
1293 1063 1351 1114 et
1382 1058 1539 1130 quod
1589 1057 1679 1113 his
1739 1059 1907 1129 pejus
1937 1062 2045 1127 est,

404 1147 629 1205 deliciis
656 1148 961 1218 ventrique
990 1152 1046 1203 et
1077 1148 1195 1203 otio
1226 1147 1565 1213 servientes,
1622 1145 1906 1219 honorem
1941 1162 2048 1201 nos

404 1236 697 1309 accepisse
728 1240 1024 1308 putemus,
1058 1252 1171 1292 non
1195 1235 1608 1290 ministerium.
1632 1235 1933 1306 Siquidem
1957 1235 2043 1289 Fi-

401 1323 519 1380 lius
547 1323 805 1380 hominis
836 1341 949 1379 non
981 1323 1136 1378 venit
1182 1322 1525 1389 ministrari,
1579 1324 1679 1377 sed
1706 1322 2043 1378 ministrare

401 1413 615 1483 (Matth.
648 1430 739 1484 xx,
769 1412 898 1481 28):
932 1421 987 1467 et
1016 1412 1191 1484 pedes
1215 1410 1640 1484 discipulorum
1677 1410 1816 1466 lavit
1858 1415 2040 1478 (Joan.

402 1502 621 1572 xui),ut
647 1501 979 1557 ostenderet
1009 1516 1213 1556 omnes
1232 1501 1434 1556 sordes
1458 1500 1669 1556 etvitia
1686 1517 1719 1555 a
1745 1499 2045 1571 magistris

401 1590 463 1645 in
482 1588 785 1662 discipulis
817 1589 1026 1645 debere
1047 1588 1191 1645 dilui
1210 1593 1383 1660 atque
1412 1589 1669 1661 purgari.
1705 1594 1819 1644 Nec
1842 1589 2041 1644 statim

398 1681 1031 1753 respondeamus,quid
1066 1680 1304 1750 prodest
1333 1679 1614 1747 docere,si
1647 1678 1792 1733 nolit
1814 1678 2045 1734 auditor

399 1768 586 1825 facere
614 1768 769 1841 quod
819 1769 1089 1824 docueris
1110 1768 1138 1823 Ἰ
1184 1767 1602 1840 Unusquisque
1650 1768 1804 1822 enim
1836 1784 1904 1822 ex
1934 1784 2041 1823 suo

398 1857 596 1962 anim‘o
622 1860 796 1956 atque
812 1857 1005 1962 pfﬁcio
1014 1856 1449 1962 judicatur.Ti‘1‘
1454 1855 1503 1911 si
1533 1855 1763 1953 locutus
1786 1872 1901 1911 non
1925 1856 2042 1962 fue-
2072 1898 2120 1962 B

398 1947 481 2003 ris
510 1945 605 2001 ille
634 1945 685 2001 si
717 1944 918 2000 audire
962 1944 1487 2017 contempserit.De
1530 1943 1835 2017 magistris
1858 1943 2041 2016 negli-

401 2034 677 2107 gentibus
707 2031 983 2088 Salomon
1012 2031 1298 2103 loquitur:
1336 2030 1635 2103 Sapientia
1677 2032 2040 2099 abscondita,

402 2126 461 2180 et
516 2122 833 2177 thesaurus
880 2120 1163 2189 occultus,
1213 2137 1338 2192 qua:
1389 2119 1616 2176 utilitas
1675 2121 1731 2175 in
1776 2120 2044 2192 utrisque

402 2211 588 2284 (Eccli.
620 2228 714 2280 xx,
744 2209 855 2281 32).
877 2208 1015 2265 Tale
1061 2209 1200 2281 quid
1260 2210 1628 2281 signiﬁcatur
1677 2214 1734 2265 et
1761 2210 1822 2265 in
1853 2210 2042 2265 Evan-

401 2299 553 2374 gelio
584 2301 767 2369 (Marc.
803 2299 901 2370 IX),
928 2299 1083 2370 quod
1111 2298 1212 2369 qui
1244 2298 1726 2354 scandalizaverit
1757 2315 1941 2354 unum
1971 2298 2042 2353 de

401 2387 665 2444 minimis
690 2386 1248 2458 Ecclesia,expediat
1268 2387 1318 2442 ei
1346 2391 1411 2442 ut
1432 2386 1705 2459 alligetur
1735 2387 1806 2443 ad
1826 2385 2039 2443 collum

399 2478 530 2549 ejus
543 2474 1045 2546 molaasinaria,et
1065 2474 1375 2546 abjiciatur
1397 2475 1457 2530 in
1479 2475 2040 2548 profundum,quam

398 2565 459 2621 in
491 2563 726 2637 specula
755 2565 1133 2634 constitutus,
1156 2562 1429 2636 plurimis
1459 2568 1683 2621 noceat.

469 2652 652 2725 (νει-ε·
690 2652 756 2707 10
787 2652 981 2725 seqq.)
1009 2652 1083 2715 Tu
1119 2667 1270 2720 ergo,
1299 2650 1388 2720 ﬁli
1415 2650 1673 2719 hominis,
1724 2651 1815 2706 dic
1844 2650 1913 2706 ad
1941 2650 2040 2706 do-

398 2758 551 2797 mum
570 2741 845 2805 lsrael,sic
865 2741 1033 2795 locuti
1053 2742 1181 2795 estis
1201 2740 1440 2796 dicentes
1458 2740 1803 2811 :Iniquitates
1822 2748 2039 2812 nostrae,

396 2839 449 2886 et
476 2831 699 2902 peccata
720 2837 910 2884 nostra
928 2844 1092 2900 super
1110 2844 1207 2883 nos
1227 2836 1373 2893 sunt,
1396 2833 1447 2883 et
1464 2830 1521 2882 in
1543 2830 1678 2899 ipsis
1697 2844 1793 2883 nos
1812 2829 2040 2883 tabesci-

396 2933 542 2985 mus,
593 2916 855 2989 quomodo
900 2933 1026 2988 ergo
1074 2918 1256 2972 vivere
1301 2918 1650 2987 poterimus?
1683 2917 1779 2972 Dic
1816 2916 1886 2971 ad
1914 2932 2038 2972 eos:

406 3008 531 3064 Vivo
561 3021 677 3077 ego,
700 3004 839 3060 dicit
870 3006 1137 3060 Dominus
1192 3005 1368 3061 Deus:
1422 3005 1555 3061 Nolo
1585 2998 1811 3060 mortem
1858 3006 2039 3076 impii,

398 3094 491 3152 sed
510 3097 569 3150 ut
598 3098 905 3149 revertatur
935 3094 1138 3164 impius
1167 3110 1199 3148 a
1230 3094 1320 3148 via
1346 3109 1467 3160 sua,
1490 3097 1543 3149 et
1569 3095 1735 3148 vivat.
1772 3092 2043 3148 Converti-

402 3185 548 3240 mini
576 3183 655 3255 (α)
684 3199 719 3237 a
747 3183 853 3238 viis
883 3184 1079 3238 vestris
1099 3183 1345 3248 pessimis
1376 3198 1387 3236 :
1415 3182 1479 3237 Et
1510 3197 1679 3253 quare
1706 3182 2039 3253 moriemini,

2158 615 2356 672 volens
2385 616 2556 689 cupio
2597 620 2841 671 mortem
2894 613 3102 686 iniqui,
3154 613 3295 669 dicit
3342 612 3648 679 Dominus,
3686 609 3804 666 nisi

2158 705 2410 760 converti
2445 721 2580 760 eum
2612 722 2646 760 a
2674 704 2766 760 via
2794 721 2903 759 sua
2933 703 3089 759 mala
3117 701 3607 772 et'vivere(Supra
3636 717 3803 767 xvxu,

2156 794 2296 865 23)?
2315 794 2381 848 Et
2401 794 2458 849 in
2492 794 2608 849 ﬁne
2637 793 2899 864 ejusdem
2925 791 3235 864 prophetiae
3261 809 3275 847 :
3298 788 3717 846 Convertimini
3747 793 3806 844 et

2157 882 2340 939 redite
2361 884 2433 938 ab
2453 882 2743 939 universis
2764 881 3164 954 impietatibus
3181 880 3470 946 vestris,et
3490 895 3606 934 non
3628 883 3808 933 erunt

2155 971 2388 1027 vobisiu
2406 976 2760 1027 tormentum
2782 971 2854 1043 (b)
2882 968 3219 1041 iniquitates
3242 968 3425 1040 (Ibid.,
3452 967 3623 1038 8).lbi
3640 966 3804 1023 enim

2157 1059 2230 1115 ad
2259 1076 2359 1116 eos
2380 1076 2571 1115 sermo
2604 1060 2687 1129 ﬁt,
2722 1059 2821 1130 qui
2854 1058 3060 1115 volunt
3088 1074 3258 1130 agere
3288 1055 3713 1129 pmnitentiam,
3745 1060 3807 1111 et

2147 1148 2385 1220 justitia
2414 1153 2647 1221 peccata
2667 1147 2951 1218 delere,ut
2971 1163 3107 1203 cum
3134 1147 3347 1203 ﬁducia
3365 1149 3798 1202 convertantur.

2155 1242 2213 1293 et
2243 1236 2411 1308 pleno
2441 1237 2639 1292 animo
2669 1241 2846 1309 agant
2875 1235 3298 1308 paenitentiam.
3335 1234 3438 1289 Hic
3489 1238 3691 1289 autem
3725 1233 3798 1288 ad

2154 1324 2527 1405 eosloquitur
2546 1326 2647 1397 qui
2662 1323 3067 1398 magnitudine
3084 1322 3667 1396 peccatorum,immo
3692 1322 3801 1377 im-

2155 1414 2437 1485 pietatum
2480 1431 2744 1485 suarum,
2807 1415 3119 1486 desperant
3165 1412 3417 1469 salutem
3466 1415 3526 1467 et
3554 1411 3797 1467 dicunt:

2155 1503 2498 1574 Iniquitates
2519 1507 2812 1568 nostrae,et
2832 1505 3071 1575 peccata
3092 1505 3294 1558 nostra
3314 1517 3493 1572 super
3509 1516 3615 1556 nos
3631 1504 3797 1571 sunt,

2153 1594 2210 1648 et
2239 1591 2297 1646 in
2328 1591 2474 1664 ipsis
2504 1591 2860 1648 tabescimus
2888 1607 2899 1645 :
2935 1590 3227 1662 quomodo
3257 1605 3393 1661 ergo
3417 1588 3607 1645 vivere
3636 1593 3804 1660 poto-

2151 1680 2339 1736 rimus
2360 1679 2388 1734 ‘I
2420 1684 2486 1735 Et
2513 1684 2602 1736 est
2627 1695 2873 1736 sensus:
2908 1679 3054 1735 Cum
3086 1676 3266 1734 semel
3297 1677 3466 1733 nobis
3487 1693 3646 1733 mors
3668 1693 3802 1749 pro.

2151 1768 2343 1841 posita
2367 1768 2465 1836 sit,
2492 1774 2549 1824 et
2567 1768 2907 1824 vulneribus
2927 1767 3145 1824 nostris
3170 1766 3331 1822 nulla
3348 1766 3641 1821 medicina
3658 1782 3799 1838 pos-

2150 1856 2229 1912 sit
2259 1858 2563 1912 restituere
2594 1857 2928 1924 sanitatem,
2961 1856 3103 1924 quid
3130 1871 3367 1911 necesse
3395 1859 3484 1910 est
3505 1853 3797 1924 laborare,

2149 1950 2207 2001 et
2237 1946 2454 2002 frustra
2483 1946 2771 2017 consumi,
2804 1950 2860 2001 et
2888 1949 3236 2018 praesentem
3284 1944 3464 2000 vitam
3508 1959 3625 1999 non
3656 1959 3799 1999 cum

2151 2034 2552 2106 desperatione
2569 2034 2981 2107 transigere,ut
3002 2034 3208 2090 saltem
3230 2033 3337 2089 hac
3362 2032 3803 2104 fruamur,quia

2152 2122 2412 2177 futuram
2439 2123 2804 2195 perdidimus
2823 2123 2850 2178 ?
2878 2124 3103 2188 Quibus
3137 2122 3448 2195 respondet
3467 2121 3643 2192 Deus,
3675 2138 3797 2177 non

2149 2209 2296 2267 velle
2326 2228 2388 2266 se
2410 2216 2660 2268 mortem
2684 2212 2977 2284 impii,sed
3002 2215 3068 2267 ut
3088 2215 3410 2267 revertatur
3429 2214 3485 2266 et
3517 2210 3693 2265 vivat.
3728 2210 3802 2265 Et

2152 2298 2567 2371 apostropham
2598 2299 2736 2355 facit
2756 2300 2825 2354 ad
2858 2297 3071 2371 impios
3101 2298 3515 2369 desperantes:
3549 2295 3802 2352 Conver-

2150 2386 2341 2442 timini
2360 2403 2394 2441 a
2412 2386 2521 2442 viis
2536 2388 2745 2463 vestris
2767 2386 3060 2459 pessimis.
3084 2388 3270 2457 Atque
3317 2393 3378 2440 ul
3408 2385 3664 2440 sciamus
3693 2382 3797 2455 qui

2151 2475 2266 2531 sint
2302 2475 2466 2547 impii
2491 2477 2561 2531 ad
2587 2492 2733 2548 quos
2754 2474 3036 2547 loquitur,
3062 2490 3313 2546 sequens
3338 2489 3529 2529 sermo
3551 2472 3797 2527 demou-

2152 2568 2333 2619 strat:
2369 2564 2558 2628 Quare
2589 2563 2940 2631 moriemini,
2965 2563 3176 2619 domus
3200 2561 3422 2617 Israel?
3447 2560 3579 2617 Vita
3595 2565 3797 2616 autem

2151 2656 2210 2707 et
2240 2668 2397 2708 mors
2414 2652 2472 2706 in
2492 2652 2600 2708 hoc
2622 2652 2745 2709 loco
2765 2669 2878 2707 non
2903 2653 3024 2706 haec
3048 2650 3430 2724 signiﬁcatur,
3455 2666 3571 2722 qua
3587 2665 3798 2706 omnes

2152 2740 2449 2796 communi
2479 2757 2612 2795 cum
2643 2741 2846 2796 bestiis
2872 2739 2996 2814 lege
3019 2744 3238 2796 naturas
3281 2737 3369 2794 vel
3400 2738 3668 2807 vivimus,
3705 2737 3798 2794 vel

2152 2834 2337 2885 morte
2366 2828 2779 2898 dissolvimur;
2812 2830 2914 2884 sed
2968 2828 3068 2885 illa
3094 2829 3163 2885 de
3215 2845 3330 2900 qua
3359 2825 3646 2898 scriptum
3675 2831 3793 2895 est,

2151 2918 2395 2973 Placebo
2423 2919 2664 2974 Domino
2682 2918 2739 2973 in
2764 2917 2996 2990 regione
3018 2917 3332 2973 viventium
3352 2916 3522 2987 (Psal.
3548 2916 3793 2988 cxiv,9);

2151 3011 2226 3077 et,
2259 3007 2412 3063 398
2434 3007 2648 3062 Anima
2669 3024 2795 3078 qua:
2817 3006 3141 3079 peccaverit
3172 3006 3301 3079 ipsa
3331 3004 3633 3060 morietur.
3657 3004 3732 3059 Et
3762 3022 3797 3060 a

2151 3094 2389 3168 speciali
2413 3095 2865 3151 commonitione
2886 3096 3025 3167 quia
3040 3095 3213 3151 Israel
3233 3092 3798 3165 domuiloquebatur

2152 3185 2225 3239 ad
2247 3184 2576 3256 generalem
2601 3183 2812 3239 transit
2834 3183 3474 3257 disputationem,quod
3500 3182 3579 3253 etj
3590 3185 3794 3237 ustum

404 3272 598 3328 domus
627 3271 839 3326 Israel?
870 3272 943 3325 Tu
970 3271 1264 3342 itaque,ﬁli
1291 3272 1547 3335 hominis,
1566 3270 1654 3325 dic
1681 3270 1751 3326 ad
1775 3270 1916 3340 ﬁlios
1944 3286 2037 3341 ρο·
2071 3263 2113 3330 C
2153 3274 2455 3344 praeteritae
2487 3290 2601 3329 non
2625 3272 2846 3330 salvent
2893 3272 3161 3345 justitia,
3195 3272 3245 3328 si
3277 3272 3442 3328 novis
3472 3268 3798 3326 sceleribus

398 3361 525 3433 puli
560 3363 644 3415 tui
668 3376 680 3414 :
711 3360 941 3415 Iustitia
962 3360 1107 3432 justi
1120 3375 1227 3414 non
1261 3358 1516 3414 liberabit
1533 3375 1678 3425 eum,
1701 3360 1762 3413 in
1782 3375 2043 3430 quacum-

404 3465 508 3522 que
535 3448 622 3506 die
644 3450 988 3521 peccaverit;
1017 3453 1069 3504 et
1102 3449 1352 3520 impietas
1382 3449 1551 3520 impio
1574 3464 1680 3503 non
1723 3448 1940 3504 nocebit
1969 3449 2040 3514 ei,

403 3541 464 3598 in
494 3544 833 3612 quacumque
861 3538 955 3595 die
982 3554 1272 3595 conversus
1298 3538 1471 3610 fuerit
1499 3539 1566 3592 ab
1614 3538 1892 3609 impietate
1918 3552 2040 3607 sua,

399 3632 452 3686 et
472 3629 657 3701 justus
679 3643 791 3683 non
816 3628 1014 3700 poterit
1040 3629 1218 3683 vivere
1243 3626 1533 3698 iujustitia
1556 3643 1676 3696 sua,
1700 3628 1759 3681 in
1781 3640 2043 3697 quacum-

400 3734 507 3790 que
533 3716 623 3772 die
644 3718 968 3789 peccaverit.
998 3717 1180 3771 Etiam
1206 3716 1257 3771 si
1301 3714 1491 3771 dixero
1539 3716 1703 3783 iusto,
1761 3714 1903 3787 quod
1934 3715 2044 3770 vita

400 3807 579 3876 vivat;
611 3809 661 3862 et
692 3805 928 3876 conﬁsus
958 3807 1019 3861 in
1041 3806 1259 3875 justitia
1303 3820 1403 3860 sua
1442 3806 1636 3876 fecerit
1672 3805 2040 3877 iniquitatem,

404 3910 586 3954 Omnes
639 3894 885 3966 justitia?
948 3896 1065 3965 ejus
1130 3894 1391 3950 oblivioni
1480 3894 1782 3969 tradentur,
1868 3898 1917 3949 et
1982 3895 2045 3949 in

403 3984 700 4054 iniquitate
750 3998 853 4037 sua
908 3999 1074 4055 quam
1129 3986 1380 4054 operatus
1440 3985 1537 4049 est,
1597 3985 1655 4038 in
1714 3986 1833 4054 ipsa
1888 3983 2035 4038 897

400 4072 686 4126 morietur.
721 4069 821 4124 Sin
851 4072 1037 4124 autem
1063 4069 1253 4125 dixero
1300 4070 1491 4142 impio,
1535 4079 1708 4126 morte
1747 4072 2042 4133 morieris;

398 4164 452 4213 et
481 4158 652 4225 egerit
677 4158 1058 4227 paenitentiam
1086 4157 1152 4211 de
1196 4166 1411 4228 peccato
1456 4174 1572 4228 suo,
1622 4161 1915 4230 feceritque
1945 4160 2041 4230 ju-

400 4244 604 4300 dicium
638 4252 689 4299 et
708 4245 1012 4316 justitiam,
1045 4247 1248 4315 pignus
1298 4246 1597 4300 restituerit
1656 4245 1849 4319 [Vulg.
1883 4247 2045 4303 addit

400 4333 504 4391 ille
532 4333 779 4406 impius],
811 4334 1175 4404 rapinamque
1194 4331 1517 4402 reddiderit,
1540 4334 1601 4388 in
1618 4334 1895 4391 mandatis
1915 4337 2045 4393 vita?

402 4421 901 4493 ambulaverit,nec
917 4423 1111 4493 fecerit
1131 4420 1431 4493 quidquam
1459 4421 1864 4493 injustam,vita
1878 4425 2039 4490 vivet,

400 4520 589 4569 etnon
618 4513 909 4569 morietur.
944 4509 1141 4566 Omnia
1166 4514 1394 4582 peccata
1447 4508 1632 4583 [Vulg.
1682 4510 1846 4567 addit
1880 4514 2040 4584 eius],

332 4626 337 4631 ι
402 4616 521 4674 qum
546 4602 808 4672 peccavit,
838 4615 951 4656 non
978 4598 1395 4671 impulabuntur
1411 4599 1466 4654 ei
1487 4615 1500 4654 :
1517 4598 1788 4668 judicium
1810 4604 1859 4655 et
1871 4600 2040 4671 justi-
2073 4628 2119 4692 D

404 4690 545 4745 tiam
574 4690 722 4762 fecit,
755 4691 871 4745 vita
901 4690 1076 4744 vivet:
1102 4691 1178 4744 Et
1191 4687 1451 4743 dixerunt
1470 4687 1581 4757 ﬁlii
1598 4688 1885 4760 papulitui
1907 4689 2039 4745 :Non

402 4782 481 4834 est
508 4780 659 4849 aequi
682 4777 939 4851 ponderis
967 4778 1056 4832 via
1094 4777 1333 4848 Domini,
1363 4784 1417 4832 et
1446 4778 1695 4847 ipsorum
1723 4778 1816 4832 via
1839 4779 2046 4847 iniusta

407 4875 505 4922 est.
541 4866 675 4922 Cum
694 4867 843 4923 enim
858 4867 1134 4923 recesserit
1140 4867 1320 4938 justus
1342 4882 1373 4920 a
1383 4866 1609 4935 justitia
1627 4868 2046 4940 sua,feceritque

406 4954 749 5026 iniquitates,
781 4957 1047 5011 morietur
1074 4954 1135 5009 in
1162 4956 1259 5010 eis.
1293 4955 1508 5009 Etcum
1544 4958 1827 5011 recesserit
1845 4958 2046 5027 impius

409 5040 479 5095 ab
505 5042 1220 5118 impietatesuafeceritque
1238 5042 1510 5115 judicium
1534 5047 1587 5098 et
1600 5045 2049 5118 justitiam,vivet

406 5128 472 5183 in
499 5130 598 5183 eis.
631 5132 695 5185 Et
724 5132 908 5188 dicitis
925 5117 945 5188 7:
978 5134 1096 5189 Non
1126 5139 1204 5189 est
1230 5135 1378 5187 recta
1422 5132 1514 5187 via
1567 5117 1805 5189 Domini.
1841 5135 2044 5191 Unum-

411 5232 677 5290 quemque
696 5220 863 5290 juxta
890 5227 1009 5277 vias
1037 5221 1434 5293 suasjudicabo
1460 5220 1526 5276 de
1552 5221 1718 5290 vobis,
1751 5222 1939 5279 domus
1967 5225 2044 5279 Is-

409 5307 550 5364 rael.
582 5306 638 5362 Si
663 5305 1025 5380 negligenter
1052 5310 1338 5384 legamus,
1370 5309 1599 5366 videtur
1645 5310 1815 5366 nobis
1844 5312 2047 5368 eadem

414 5555 425 5565 .
482 5486 555 5611 (tl?
588 5484 1121 5567 Repetitﬂictorius
1142 5487 1971 5573 verbum-convertimini,quod
1992 5495 2051 5547 et

414 5572 470 5611 In
552 5557 737 5611 ebraao
768 5557 859 5611 bis
891 5556 1120 5611 legitur.
1152 5574 1500 5611 conversione
1528 5562 1868 5611 convertimz.

410 5556 737 5645 intlll‘e'b‘rieq
768 5556 859 5612 bis
891 5556 1500 5645 legitur,'conversione
1528 5556 1868 5645 convertimi.
2008 5634 2046 5645 υ

481 5626 561 5699 (b)
584 5626 915 5685 Praeferrem
938 5626 1073 5684 cum
1093 5628 1346 5686 Victorio
1364 5632 1674 5704 iniquitatis
1696 5631 1755 5688 in
1776 5634 2050 5705 gignendi

414 5712 553 5755 casu
584 5714 653 5761 ex
680 5699 879 5759 Graeco
908 5704 1067 5759 textu
1098 5696 1329 5764 ἀδικίας.

2155 3360 2329 3416 fuerit
2353 3366 2691 3433 occupatus,
2716 3365 2771 3417 et
2792 3365 3151 3434 peccatorem
3172 3358 3261 3417 vel
3280 3359 3522 3432 impium
3543 3356 3802 3429 antiqua

2152 3453 2390 3521 peccata
2415 3467 2527 3506 non
2589 3450 2854 3522 perdant,
2889 3450 2937 3505 si
2970 3449 3245 3522 operibus
3295 3447 3540 3520 justitia:
3566 3450 3803 3503 veteres

2152 3537 2478 3594 emendarit
2531 3555 2794 3594 errores:
2854 3537 3155 3611 Deumque
3214 3554 3327 3594 non
3389 3534 3683 3609 praeterita
3735 3535 3799 3592 in

2152 3627 2706 3700 utroquejudicare,
2730 3628 2829 3683 sed
2855 3627 3182 3700 praesentia.
3218 3625 3278 3683 Si
3307 3625 3526 3693 dixero,
3575 3625 3796 3697 inquit,

2143 3717 2328 3789 justo,
2360 3716 2477 3772 vita
2524 3716 2699 3785 vives,
2724 3720 2781 3772 et
2834 3716 2885 3772 ei
2933 3715 3173 3788 praemia
3215 3713 3461 3787 justitiaa
3494 3711 3796 3786 pollicitus

2153 3806 2337 3878 fuero,
2368 3805 2742 3878 conﬁsusque
2773 3804 2871 3860 ille
2921 3803 3260 3877 peccaverit,
3312 3818 3515 3859 omnes
3546 3800 3797 3873 justitia

2151 3896 2280 3967 ejus
2309 3894 2567 3969 pristinae
2600 3892 2875 3950 oblivioni
2905 3893 3228 3962 tradentur,
3275 3895 3333 3947 et
3379 3889 3648 3963 presenti
3681 3890 3797 3945 ini-

2149 3985 2371 4056 quitate
2400 3984 2719 4039 morietur:
2754 3999 2859 4039 nec
2891 3998 3021 4037 mea
3065 3987 3155 4037 est
3205 3982 3433 4036 mutata
3480 3979 3798 4046 sententia,

2151 4089 2286 4128 cum
2306 4089 2419 4127 non
2447 4070 2670 4143 possim
2694 4070 2751 4125 in
2771 4071 2839 4143 (c)
2857 4071 3059 4127 eodem
3084 4069 3319 4126 homine
3336 4071 3637 4141 peccatore
3660 4067 3795 4123 red-

2152 4162 2287 4217 dere
2318 4160 2470 4232 quod
2493 4160 2658 4230 justo
2689 4148 3095 4231 promiseram.
3128 4160 3170 4215 E
3202 4156 3490 4215 contrario
3518 4156 3568 4212 si
3592 4171 3806 4229 pecca-

2152 4247 2286 4315 tori,
2307 4252 2363 4303 et
2392 4247 2571 4319 impio
2603 4248 2763 4303 fuero
2796 4248 3190 4305 comminatus
3219 4252 3277 4304 et
3305 4246 3503 4303 dixero
3530 4263 3544 4300 :
3590 4244 3805 4301 Adhuc

2152 4340 2271 4391 tres
2301 4334 2445 4401 dies,
2471 4339 2529 4390 et
2555 4335 2758 4392 Ninive
2779 4336 3147 4393 subvertetur
3172 4354 3185 4405 ;
3208 4340 3266 4393 et
3287 4334 3386 4391 ille
3405 4332 3590 4408 egerit
3609 4333 3806 4406 poeni-

2150 4423 2710 4496 tentiam,honisque
2733 4426 3006 4497 operibus
3028 4430 3279 4483 veterem
3301 4421 3628 4480 emendarit
3648 4437 3814 4491 erro-

2153 4530 2296 4583 rem,
2327 4512 2407 4568 ita
2440 4517 2502 4568 ut
2525 4513 2814 4584 judicium
2868 4514 3059 4583 faciat,
3110 4520 3167 4572 et
3207 4513 3530 4587 justitiam,
3586 4511 3817 4584 pignus

2152 4602 2441 4669 restituat,
2473 4602 2858 4675 rapinamque
2884 4604 3104 4672 reddat,
3128 4604 3187 4659 in
3208 4602 3502 4659 mandatis
3524 4601 3651 4657 vita;
3673 4617 3812 4656 am-

2153 4691 2334 4764 bulet,
2364 4709 2469 4748 nec
2493 4691 2665 4748 faciat
2685 4692 3013 4764 quidquam
3046 4693 3337 4764 injustam
3362 4708 3375 4746 :
3409 4705 3601 4746 nonne
3627 4688 3812 4746 debet

2152 4782 2292 4848 vita,
2321 4797 2448 4852 quae
2479 4780 2746 4837 Christus
2776 4785 2864 4837 est
2892 4781 3103 4848 vivere,
3133 4786 3190 4837 et
3218 4794 3591 4852 nequaquam
3626 4777 3805 4847 mori,

2155 4886 2290 4926 cum
2321 4869 2697 4925 comminatio
2728 4870 3051 4943 peccatoris
3071 4870 3305 4941 justum
3330 4869 3539 4941 punire
3560 4882 3673 4922 non
3700 4866 3807 4922 de-

2154 4959 2289 5014 beat
2306 4958 2334 5013 ?
2346 4956 2484 5014 Tale
2497 4958 2635 5030 quid
2661 4957 2921 5030 loquitur
2940 4975 3132 5015 sermo
3149 4957 3385 5014 divinus
3407 4953 3808 5015 adleremiam

2157 5046 2391 5119 quando
2412 5046 2712 5102 descendit
2732 5046 2789 5103 in
2814 5048 3055 5103 domum
3078 5046 3264 5121 ﬁguli,
3288 5051 3345 5104 et
3366 5046 3534 5103 audit
3562 5043 3650 5100 vel
3670 5060 3812 5115 pro-

2157 5134 2360 5204 missa,
2392 5133 2480 5191 vel
2511 5134 3024 5192 comminationem
3051 5137 3148 5192 Dei
3181 5135 3239 5192 id
3256 5151 3446 5209 agere,
3480 5138 3547 5190 ut
3572 5130 3661 5189 vel
3693 5131 3809 5188 ho-

2157 5223 2346 5279 mines
2376 5226 2687 5295 provocent
2716 5224 2787 5279 ad
2820 5223 3092 5291 salutem,
3120 5224 3210 5281 vel
3241 5225 3572 5281 deterreant
3606 5238 3641 5276 a
3661 5236 3810 5292 pec-

2157 5316 2286 5369 cato
2316 5313 2549 5385 (Jerem.
2580 5312 2763 5384 xvm).
2796 5312 2956 5369 Unde
2973 5314 3075 5386 qui
3105 5314 3342 5371 dicunt:
3373 5311 3501 5369 Non
3522 5314 3611 5367 est
3629 5325 3814 5383 aequa

2230 5489 2300 5573 (c)
2331 5488 2667 5573 Itaﬁhaben‘t.
2686 5493 2744 5572 et
2772 5488 2981 5573 nostri,
3010 5495 3068 5548 et
3093 5507 3245 5573 quos
3262 5489 3481 5573 Yictor.
3503 5485 3815 5573 consuluit

2160 5560 2387 5636 codices
2419 5560 2755 5636 Florentini.
2789 5561 3053 5620 Martian.
3109 5560 3245 5636 post
3276 5561 3500 5618 Erasm.
3561 5560 3816 5615 retinuit

2158 5632 2333 5691 eidem
2358 5633 2591 5689 homini.
