3996 6182
366 180 483 244 323

1602 177 1667 236 S.
1714 174 2027 237 EUSEBII
2071 169 2515 234 HIERONYMI

3639 155 3760 217 324

369 315 696 377 sciendum,
719 312 796 384 (a)
820 310 973 384 quod
998 314 1126 366 octo
1148 309 1282 381 plus
1302 309 1389 365 vel
1414 310 1824 363 minusversus
1851 307 1922 361 ab
1945 323 2011 361 eo
2040 310 2096 373 Α
2126 305 2476 372 sceleratior,
2512 303 2667 374 quod
2699 300 2892 366 amici,
2924 304 2981 356 et
3019 296 3266 372 proximi
3314 291 3585 368 polluerit
3610 305 3760 384 uxo-

370 403 495 458 Ioco
522 418 693 473 quem
715 399 1019 473 posuimus
1044 415 1056 455 :
1096 399 1201 467 Qui
1230 399 1291 453 in
1315 399 1584 469 sanguine
1612 396 1926 461 comeditis,
1960 399 2011 449 et

367 492 547 547 oculos
566 497 764 545 vestros
781 488 969 543 levatis
991 487 1059 542 ad
1074 486 1454 542 immunditias
1474 490 1699 551 vestras,
1735 500 1920 555 usque
1940 484 2009 536 ad

367 595 503 634 eum
532 576 724 632 locum
756 575 854 630 ubi
888 576 1171 647 scriptum
1202 581 1291 630 est
1318 592 1330 629 :
1368 581 1501 632 "me
1524 574 1671 629 dices
1696 573 1765 627 ad
1795 588 1902 638 eos,
1935 573 2013 625 sic

366 667 510 722 dicit
537 666 797 721 Dominus
828 664 991 734 Deus,
1025 666 1082 719 in
1113 663 1255 719 LXX
1285 681 1398 719 non
1432 664 1700 726 habetur,
1734 661 1833 732 qui
1876 676 2009 714 cum

367 753 570 809 multis
601 752 753 819 aliis,
785 756 841 807 et
876 752 997 806 haec
1032 753 1550 823 praetermiserunt,
1575 751 1694 806 sive
1723 749 2011 819 interpre-

367 846 488 897 tata
508 842 580 897 ab
602 842 707 912 eis,
732 841 1086 913 scriptorum
1126 840 1406 912 paulatim
1435 838 1672 895 sublata
1692 842 1830 893 sunt
1850 835 2008 891 vitio.

368 933 437 987 Et
458 916 645 986 Latini
668 930 872 1000 nostri,
907 930 1087 985 immo
1109 928 1289 984 invidi
1320 928 1655 996 Christiani,
1680 930 1821 981 etut
1846 942 2009 997 aper-

369 1021 488 1076 tius
513 1020 819 1090 dicam,(b)
837 1018 1189 1074 Grunnianae
1220 1017 1486 1072 factionis
1506 1016 1784 1081 haeredes,
1810 1014 2010 1069 adver-

371 1127 503 1165 sum
526 1125 632 1164 nos
652 1108 885 1178 latrant,
909 1125 1014 1162 cur
1025 1108 1197 1177 juxta
1224 1106 1574 1161 Hebraicum
1606 1104 1970 1160 disseramus
1996 1120 2008 1157 :

370 1197 535 1268 quasi
556 1196 892 1273 nolentibus
914 1194 1214 1267 ingerendi
1239 1194 1356 1249 sint
1375 1193 1509 1263 cibi,
1533 1197 1589 1247 et
1621 1209 1734 1247 non
1758 1190 1849 1246 his
1870 1207 2010 1261 epu-

372 1285 439 1340 lze
462 1289 857 1357 praeparentur
878 1283 976 1355 qui
1000 1299 1097 1338 eas
1119 1298 1251 1337 cum
1273 1282 1595 1353 gratiarum
1630 1280 1858 1335 actione
1879 1295 2013 1334 sus-

371 1374 612 1445 cipiunt.
637 1372 799 1427 Certe
822 1371 869 1427 si
892 1371 1061 1426 nobis
1078 1386 1192 1425 non
1210 1369 1429 1424 habent
1446 1369 1615 1423 fidem
1628 1408 1641 1433 ,
1662 1366 1856 1439 legant
1867 1364 2012 1420 alias

370 1462 679 1527 editiones,
704 1458 942 1529 Aquilae,
978 1457 1334 1530 Symmachi,
1359 1461 1416 1512 et
1449 1455 1859 1511 'l‘heodotionis
1885 1472 1898 1523 ;
1922 1452 2010 1508 in-

369 1551 663 1619 terrogent
692 1547 959 1602 Hebraeos
990 1563 1104 1601 non
1131 1547 1311 1602 unius
1342 1545 1475 1614 loci,
1509 1560 1580 1599 ne
1609 1560 1707 1598 eos
1740 1559 1773 1597 a
1798 1558 1891 1597 me
1925 1558 2011 1597 rc-

368 1637 637 1708 demptos
662 1635 951 1706 jactitent,
985 1636 1085 1690 sed
1125 1634 1489 1689 diversarum
1536 1630 1967 1704 provinciarum
1995 1647 2008 1697 ;

367 1730 424 1781 et
452 1740 583 1780 cum
619 1723 799 1779 errori
832 1740 957 1779 meo
986 1722 1073 1778 vel
1117 1722 1423 1794 imperitiae
1475 1724 1716 1775 cunctos
1762 1718 2013 1772 viderint

369 1829 711 1877 consonare,
745 1816 885 1866 tunc
911 1828 972 1867 se
992 1810 1322 1883 intelligant
1344 1809 1591 1864 nimium
1616 1825 1745 1864 esse
1768 1807 2015 1879 pruden-

371 1909 478 1967 tes,
509 1906 566 1957 et
597 1900 786 1973 magis
808 1917 1018 1970 cupere
1046 1899 1300 1954 dormire
1340 1915 1517 1970 quam
1554 1898 1813 1963 discere;
1849 1895 2030 1953 habi-.

369 1996 608 2060 tentque
629 1990 687 2044 in
710 1986 1321 2061 septuagintacellulis
1340 1986 1714 2040 Alexandrini
1732 1983 1922 2051 Phari,
1943 2000 2014 2037 ne

368 2079 493 2135 vela
523 2079 767 2151 perdant
786 2078 858 2132 de
890 2076 1134 2132 navibus
1175 2081 1232 2131 et
1262 2077 1492 2130 funium
1525 2074 1879 2130 detrimenta
1908 2089 2013 2127 su-

370 2168 611 2241 spirent.
638 2168 763 2221 ι]ωο
776 2163 1216 2221 contrainvidos
1235 2182 1247 2218 :
1262 2180 1417 2219 nunc
1432 2163 1584 2235 quod
1601 2161 2014 2234 proposuimus

369 2257 748 2313 disseramus.
781 2259 977 2325 Capta,
1011 2258 1075 2308 ut
1103 2252 1378 2319 diximus,
1419 2251 1737 2307 Jerusalem
1770 2249 2015 2321 templo-

370 2361 483 2417 que
512 2346 815 2409 subverso,
839 2358 1124 2415 pauperes
1148 2346 1333 2413 terrae,
1357 2341 1427 2396 de
1447 2340 1660 2412 quibus
1700 2337 2014 2394 scribitJe-

369 2434 582 2489 remias
614 2433 834 2504 (Jerem.
866 2429 1080 2502 xxxrx),
1116 2429 1225 2485 soli
1271 2428 1452 2484 relicti
1497 2429 1724 2483 fuerant
1757 2429 1816 2481 in
1847 2427 2014 2482 Jeru-

370 2522 574 2605 salem,
607 2520 708 2593 qui
747 2521 944 2576 vineas
981 2524 1039 2575 et
1067 2535 1237 2591 agros
1260 2517 1533 2584 colerent,
1552 2523 1609 2573 et
1630 2518 1689 2571 in
1709 2515 1895 2571 ruinis
1925 2516 2016 2570 in-

371 2628 557 2668 censae
581 2610 743 2665 urbis
757 2609 1106 2664 habitarent.
1125 2612 1387 2678 Cumque
1407 2607 1687 2662 deberent
1708 2620 1876 2676 agere
1897 2621 2014 2674 poe-

371 2700 673 2756 nitentiam
702 2714 879 2769 super
898 2697 991 2752 his
1013 2705 1245 2767 propter
1266 2712 1392 2766 qua:
1429 2694 1732 2766 captivitas
1760 2697 2011 2758 venerat,

370 2788 597 2858 seipsos
628 2802 796 2841 cassa
837 2801 940 2856 spe
987 2783 1341 2854 decipientes
1391 2782 1812 2854 loquebantur:
1854 2781 2015 2836 Unus

371 2875 482 2929 fuit
520 2878 686 2946 pater
724 2876 920 2928 noster
944 2871 1263 2938 Abraham,
1296 2875 1353 2924 et
1380 2874 1577 2924 tamen
1622 2870 1767 2923 hanc
1799 2874 2013 2924 terram

372 2961 704 3018 haereditate
741 2959 1017 3033 possedit,
1058 2975 1174 3013 non
1199 2958 1351 3029 quod
1389 2958 1513 3029 ipse
1536 2956 1879 3030 possederit,
1913 2957 2014 3012 sed

370 3052 522 3123 quod
545 3032 893 3120 semenejus
928 3052 1144 3104 terram
1174 3045 1647 3119 repromissionis
1670 3047 1822 3101 402
1855 3061 2013 3101 acce-
2046 3032 2088 3098 C

372 3140 541 3213 perit.
567 3138 626 3194 Si
660 3137 837 3211 igitur
867 3136 962 3192 ille
995 3152 1149 3191 unus
1177 3136 1234 3189 in
1268 3138 1464 3190 tantos
1488 3134 1910 3206 multiplicatus
1931 3139 2020 3191 est

372 3226 639 3301 populos,
663 3242 770 3282 nos
792 3223 976 3280 multo
999 3223 1194 3296 plures
1218 3223 1316 3295 qui
1341 3221 1527 3279 relicti
1559 3223 1837 3278 sumusin
1865 3229 2021 3278 terra

372 3317 593 3383 Judaaa,
616 3319 673 3370 et
693 3313 1027 3369 habitamus
1049 3312 1108 3367 in
1131 3312 1378 3367 urbibus
1395 3311 1641 3367 desertis
1658 3328 1722 3365 ac
1740 3311 2017 3383 ruinosis,

376 3406 580 3478 utique
603 3402 789 3459 multo
811 3400 1066 3473 amplius
1091 3400 1638 3472 multiplicabimur,
1654 3404 1717 3455 ut
1731 3401 2021 3471 possidea-

377 3510 514 3550 mus
541 3496 737 3565 plures
770 3491 923 3563 quod
950 3506 1103 3545 unus
1129 3489 1224 3544 ille
1244 3488 1524 3561 possedit.
1543 3489 1765 3552 Quibus
1787 3506 2021 3561 respon-

378 3582 463 3637 dit
490 3581 775 3637 Dominus
803 3597 815 3635 :
848 3578 1139 3634 Abraham
1177 3594 1358 3632 unum
1402 3577 1515 3631 fide
1546 3577 1877 3649 possedisse
1907 3583 2019 3632 ter-

378 3687 503 3726 ram
534 3667 1028 3742 repromissionis.
1055 3666 1310 3721 Credidit
1349 3667 1503 3722 enim
1542 3666 1833 3721 Abraham
1868 3672 2017 3736 Deo;

378 3765 436 3816 et
466 3763 798 3832 reputatum
835 3763 924 3813 est
953 3757 1005 3812 ei
1036 3757 1107 3812 ad
1132 3755 1428 3826 justitiam
1461 3755 1673 3824 (Cenes.
1708 3773 1799 3826 xv,
1832 3757 1907 3827 8).
1946 3756 2022 3812 Is-

377 3853 469 3909 tos
502 3852 698 3903 autem
742 3844 1172 3912 incredulitate,
1224 3850 1282 3901 et
1326 3844 1643 3900 sceleribus
1687 3850 2020 3917 occupatos,

377 3935 554 3992 etiam
588 3935 635 3990 si
661 3934 859 4006 plures
880 3933 1019 4001 sint,
1045 3932 1343 4004 possidere
1365 3949 1478 3988 non
1508 3949 1696 4004 posse.
1717 3934 2023 4005 Simulque

379 4027 685 4078 enumerat
708 4022 844 4093 quid
866 4022 1141 4077 facientes
1163 4021 1461 4076 offendant
1483 4026 1685 4092 Deum,
1708 4038 1807 4077 sex
1828 4023 2024 4078 videli-

379 4116 470 4167 cet
489 4126 702 4182 genera
722 4115 1115 4181 peccatorum.
1145 4108 1253 4173 Qui
1283 4108 1341 4162 in
1375 4109 1662 4181 sanguine
1693 4111 2022 4178 comeditis,

379 4204 436 4255 et
460 4197 659 4255 oculos
680 4203 901 4254 vestros
920 4197 1123 4253 levatis
1144 4199 1215 4253 ad
1240 4197 1669 4265 immunditias,
1696 4197 1804 4254 hoc
1825 4202 1931 4267 est,
1953 4199 2024 4255 ad

379 4287 536 4343 idola
565 4291 780 4354 vestra,
812 4290 871 4342 et
892 4286 1239 4357 sanguinem
1275 4285 1540 4353 I‘unditis,
1571 4286 1679 4342 hoc
1701 4292 1807 4355 est,
1834 4288 2024 4343 homi-

2122 411 2264 449 rem.
2295 394 2363 447 Et
2392 409 2524 447 enm
2558 391 2694 459 hac,
2729 389 2938 461 inquit,
2971 387 3218 456 faciatis,
3265 379 3628 441 arbitramini
3657 392 3766 433 vos

2118 488 2333 538 terram
2357 480 2692 537 hereditate
2718 483 3043 534 retenturos
3064 476 3092 530 ‘?
3124 473 3431 547 Responde
3452 470 3631 542 igitur
3654 467 3766 531 eis,

2120 588 2152 625 o
2172 570 2473 642 propheta,
2490 572 2546 624 et
2563 568 2711 623 hanc
2722 583 2897 638 super
2908 583 3006 621 eos
3023 582 3089 620 ex
3107 581 3235 619 meo
3259 574 3526 617 sermone
3562 569 3770 629 prome

2122 646 2495 714 sententiam.
2520 658 2657 712 Juro
2690 673 2792 728 per
2817 654 3248 726 memetipsum,
3283 649 3437 722 quod
3466 647 3567 719 qui
3596 643 3768 700 habi-

2121 748 2317 804 tantin
2342 747 2693 813 ruinosis,et
2710 744 3031 817 parietinis,
3052 740 3245 814 gladio
3272 739 3486 795 cadant
3509 754 3521 791 :
3565 739 3621 790 et
3655 730 3762 804 qui

2120 837 2178 891 in
2210 836 2366 908 agris
2396 840 2552 898 sunt,
2588 836 2705 889 sive
2738 834 2796 887 in
2829 848 3055 904 campo,
3088 828 3347 886 abestiis
3365 826 3754 882 devorentur:

2120 929 2175 980 et
2197 924 2295 996 qui
2318 925 2374 978 in
2406 922 2675 991 muratis,
2703 922 2822 977 sive
2849 923 2907 976 in
2931 919 3215 993 prasidiis
3235 934 3302 973 ac
3320 912 3640 988 speluncis,
3659 907 3766 965 Dei

2120 1015 2266 1069 iram
2298 1013 2479 1067 vitare
2512 1028 2627 1066 non
2661 1011 2907 1082 possint,
2959 1009 3057 1064 sed
3113 1008 3263 1085 fame
3318 1003 3663 1066 moriantur,
3704 1001 3769 1053 et

2120 1101 2475 1174 pestilentia.
2498 1101 2567 1154 Et
2596 1100 2766 1164 dabo,
2790 1098 3003 1170 inquit,
3032 1100 3244 1151 terram
3269 1093 3533 1149 Judmam
3556 1089 3614 1143 in
3633 1085 3771 1143 soli-

2119 1190 2405 1254 tudinem,
2439 1193 2495 1244 et
2544 1187 2771 1243 deﬁciet
2820 1185 3071 1256 superba
3118 1181 3395 1238 fortitudo
3452 1179 3601 1249 ejus,
3635 1191 3768 1247 quis

2121 1279 2416 1350 quondam
2444 1278 2632 1332 fuerat
2663 1275 2962 1330 fortitudo.
2996 1271 3273 1344 Superbis
3321 1273 3516 1325 autem
3548 1264 3773 1321 resistit

2120 1368 2295 1433 Deus,
2320 1371 2377 1421 et
2401 1364 2720 1420 homilibus
2745 1364 2843 1418 dat
2865 1363 3111 1435 gratiam
3136 1359 3346 1432 (Jacob.
3394 1374 3470 1423 ιν,
3492 1356 3568 1426 6).
3601 1354 3762 1408 Mon-

2120 1460 2208 1510 tes
2241 1470 2492 1526 quoque,
2526 1456 2579 1508 et
2611 1452 2806 1507 omnia
2839 1453 3200 1519 deserentur,
3235 1453 3291 1503 et
3322 1445 3635 1526 intentam
3666 1457 3772 1497 ve-

2121 1544 2284 1599 nient
2314 1540 2712 1605 solitudinem,
2761 1544 2826 1594 ut
2875 1538 3076 1594 nullus
3124 1554 3227 1610 per
3271 1553 3370 1592 eos
3400 1535 3677 1597 transeat,
3711 1532 3775 1585 et

2121 1638 2262 1688 tunc
2288 1646 2657 1701 nequaquam
2679 1626 3042 1684 conﬁdentia
3069 1624 3446 1681 multitudine
3467 1639 3571 1677 sua
3594 1618 3774 1692 pauci

2122 1722 2220 1791 qui
2234 1721 2637 1774 remanserant
2661 1760 2673 1785 ,
2694 1717 2793 1771 sed
2818 1718 3169 1787 cognoscent
3184 1712 3518 1770 solitudinis
3536 1707 3767 1780 magni-

2120 1817 2323 1871 tudine
2352 1816 2505 1886 quod
2536 1831 2638 1887 ego
2670 1814 2781 1869 sim
2815 1812 3119 1879 Dominus,
3154 1812 3253 1883 qui
3287 1810 3417 1865 dedi
3452 1813 3669 1864 terram
3700 1805 3769 1859 in

2124 1905 2417 1961 desertum
2440 1907 2775 1975 propterom
2786 1919 2888 1957 nes
2901 1900 3365 1956 abominationes
3379 1914 3528 1970 quas
3541 1893 3773 1968 operati

2123 1994 2260 2050 sint.
2293 1993 2421 2047 Haec
2452 1991 2606 2046 dicta
2651 1991 2768 2046 sint
2800 1991 3078 2045 adversus
3109 2005 3207 2045 eos
3239 1988 3360 2059 qui,
3411 1989 3581 2058 capta
3611 1983 3773 2039 408

2122 2081 2446 2137 Jerusalem
2460 2080 2734 2150 omnique
2745 2080 2775 2135 J
2783 2080 3014 2134 udaeoru
3026 2095 3078 2132 m
3095 2078 3328 2149 regione
3338 2080 3581 2141 vastata,
3597 2070 3775 2145 pauci

2125 2170 2467 2227 habitabant
2488 2169 2545 2223 in
2570 2168 2846 2235 ruinosis,
2874 2171 2929 2223 et
2961 2168 3019 2221 in
3051 2166 3296 2221 desertis
3326 2165 3573 2220 urbibus
3600 2160 3777 2215 villu-

2123 2260 2334 2331 lisque.
2358 2259 2521 2313 Nunc
2546 2256 2846 2312 veniamus
2864 2256 2935 2310 ad
2960 2254 3364 2327 tropoIOgiam,
3389 2253 3779 2323 etjuxtacon-

2126 2346 2498 2404 suetudinem
2529 2349 2812 2409 nostram,
2840 2344 3019 2398 latam
3041 2342 3497 2414 disputationem
3522 2338 3777 2411 stringa-

2128 2454 2260 2492 mus
2290 2435 2485 2507 potius
2517 2450 2694 2505 quam
2728 2433 3109 2487 disseramus.
3146 2430 3347 2485 Omnis
3368 2428 3677 2484 haereticus
3707 2425 3777 2481 in

2125 2524 2428 2598 parietinis
2450 2522 2694 2589 habitat,
2728 2525 2783 2575 et
2804 2519 3047 2576 desertis
3088 2525 3144 2575 et
3184 2518 3481 2591 possidere
3514 2533 3577 2572 se
3601 2518 3778 2589 putat

2124 2619 2341 2668 terram
2375 2609 2570 2675 Israel,
2596 2610 2886 2680 dicitque:
2914 2608 2975 2663 Si
2998 2608 3285 2663 Abraham
3326 2606 3438 2662 ﬁde
3476 2621 3584 2661 sua
3614 2620 3779 2660 unus

2126 2702 2299 2756 homo
2332 2700 2389 2754 in
2421 2702 2645 2754 tantam
2672 2698 2832 2753 venit
2860 2697 3301 2761 beatitudinem,
3332 2700 3395 2750 ut
3416 2711 3616 2750 semen
3638 2693 3778 2764 ejus

2125 2788 2615 2861 multiplicaretur
2636 2787 2977 2841 sicutarena
2994 2784 3193 2849 maris,
3214 2784 3603 2839 etsicutastra
3615 2780 3773 2837 caeli:

2126 2877 2359 2949 quando
2391 2875 2579 2948 magis
2633 2892 2740 2930 nos
2797 2873 2994 2946 plures
3039 2879 3256 2929 terram
3292 2871 3487 2938 Israel,
3519 2871 3627 2926 hoc
3657 2874 3775 2940 est,

2125 2964 2488 3021 cernentium
2523 2968 2722 3033 Deum,
2756 2967 2812 3017 et
2840 2962 3105 3017 Judaeam
3154 2959 3539 3016 confessionis
3570 2958 3780 3013 Domi-

2129 3054 2270 3108 nicae
2304 3051 2781 3125 possidebimus?
2833 3050 3055 3114 Quibus
3108 3047 3404 3120 respondit
3448 3047 3776 3102 Dominus:

2129 3142 2229 3197 llle
2254 3140 2512 3212 possedit
2532 3145 2745 3195 terram
2773 3138 2903 3193 ﬁdei
2930 3137 3172 3205 merito;
3216 3141 3409 3192 vestra
3425 3140 3616 3191 autem
3641 3134 3784 3189 infi-

2128 3230 2357 3297 delitas,
2400 3229 2581 3283 immo
2608 3227 2976 3299 blasphemia
2999 3230 3214 3281 terram
3244 3224 3440 3294 Israel,
3468 3224 3521 3278 id
3553 3230 3643 3278 est
3664 3224 3782 3278 Ec-

2129 3318 2367 3374 clesiam
2391 3316 2689 3389 possidere
2706 3333 2821 3371 non
2852 3314 3081 3387 poterit.
3116 3314 3379 3369 Primum
3403 3312 3553 3368 enim
3574 3328 3784 3367 come-

2130 3408 2269 3463 ditis
2300 3406 2358 3461 in
2390 3405 2696 3477 sanguine,
2746 3404 3111 3460 etfundentes
3151 3419 3353 3459 eorum
3400 3402 3779 3474 sanguinem,
3820 3384 3833 3394 ’

2129 3512 2276 3567 quos
2298 3493 2721 3553 scandalizatis.
2747 3492 2963 3548 Deinde
2991 3491 3190 3547 oculos
3211 3497 3432 3546 vestros
3471 3488 3677 3545 levatis
3698 3488 3780 3545 ad

2130 3582 2537 3639 immunditias
2557 3581 2643 3636 vel
2667 3581 3131 3637 abominationes
3149 3585 3393 3647 vestras,
3423 3596 3570 3651 quas
3591 3579 3663 3634 de
3684 3594 3783 3634 ve-

2130 3678 2249 3728 stro
2272 3672 2468 3727 animo
2491 3670 2811 3727 conﬁxistis
2833 3686 2845 3724 :
2871 3686 3004 3724 cum
3023 3668 3341 3725 debueritis
3362 3668 3581 3723 imitari
3596 3666 3782 3722 eccle-

2130 3760 2432 3816 siasticum
2488 3759 2701 3824 virum,
2756 3764 2813 3814 ct
2867 3758 3095 3813 dicere:
3145 3758 3228 3811 Ad
3264 3762 3318 3813 te
3359 3757 3538 3812 levavi
3569 3754 3778 3811 oculos

2133 3866 2312 3916 meos,
2347 3849 2446 3920 qui
2482 3848 2712 3903 habitas
2746 3846 2800 3902 in
2835 3845 2976 3902 ccelo
3018 3849 3128 3912 (Ps.
3162 3847 3380 3918 cxxm).
3416 3845 3605 3901 Tertio
3636 3861 3781 3899 san-

2130 3939 2369 4010 guinem
2403 3936 2666 4002 funditis,
2701 3953 2816 3991 non
2846 3935 3204 3990 viviﬁcantcs
3226 3951 3324 3990 eos
3348 3951 3496 4006 quos
3520 3933 3785 3989 seduxis-

2131 4027 2228 4091 tis,
2263 4027 2362 4081 sed
2394 4024 2829 4098 interﬁcientes.
2880 4024 2993 4079 Nec
3040 4023 3203 4079 vobis
3252 4023 3472 4079 sufﬁcit
3518 4022 3632 4078 tria
3663 4021 3785 4078 ista

2133 4114 2358 4181 fecisse,
2385 4114 2483 4169 sed
2508 4113 2677 4168 statis
2703 4112 2761 4167 in
2784 4111 3002 4185 gladiio
3041 4112 3270 4183 vestris,
3310 4112 3413 4167 hoc
3433 4115 3545 4178 est,
3578 4127 3788 4183 perse-

2134 4204 2347 4259 veratis
2386 4202 2446 4257 in
2498 4201 2776 4273 pravitate
2825 4200 3146 4268 sententias,
3200 4204 3257 4256 et
3304 4200 3489 4272 parati
3539 4199 3683 4255 estis
3713 4200 3791 4255 ad

2134 4290 2339 4359 caedes,
2363 4294 2422 4346 et
2445 4289 2663 4345 fecistis
2688 4288 3173 4357 abominationes,
3220 4305 3288 4344 ea
3318 4292 3557 4361 agentes
3586 4287 3647 4342 in
3681 4304 3795 4343 cu-

382 4377 603 4433 cidium
629 4374 1002 4448 perpetratis:
1029 4374 1313 4446 numquid
1336 4374 1449 4431 ista
1472 4374 1748 4431 facientes
1765 4376 2026 4447 poteritis
2056 4398 2102 4462 D
2137 4379 2356 4434 bilibus
2378 4396 2503 4450 quae
2528 4384 2698 4450 turpe
2718 4383 2808 4434 est
2828 4377 3010 4449 loqui,
3037 4382 3094 4433 et
3134 4393 3370 4432 uxorem
3412 4376 3658 4449 proximi
3694 4392 3795 4432 ve-

380 4470 596 4522 terram
619 4464 956 4519 haereditate
983 4462 1226 4518 retinere
1243 4464 1271 4518 ?
1291 4463 1405 4518 Nec
1428 4462 1537 4518 hoc
1567 4462 1706 4519 estis
1739 4464 2024 4520 scelerum

382 4546 507 4609 ﬁne'
531 4551 804 4617 contenti,
832 4553 929 4607 sed
969 4550 1138 4606 statis
1173 4550 1232 4605 in
1273 4550 1483 4624 gladiis
1513 4552 1720 4607 vestris
1743 4552 2020 4623 quotidie,

382 4642 566 4716 parati
600 4658 666 4697 ac
687 4641 1093 4706 occidendum,
1116 4644 1173 4695 et
1192 4639 1492 4695 imitantes
1518 4641 1691 4708 Esau,
1728 4641 1827 4712 qui
1846 4641 2023 4713 stetit,

381 4738 436 4788 et
466 4732 606 4788 vixit
638 4731 694 4785 in
730 4729 923 4802 gladio
951 4746 1079 4795 suo,
1115 4728 1304 4784 facitis
1347 4730 1815 4785 abominationes
1842 4732 2025 4787 incre-

381 4819 614 4883 dibiles,
649 4817 916 4873 videlicet
948 4815 1261 4871 libidinum
1306 4816 1720 4887 turpitudines,
1755 4823 1810 4872 et
1840 4835 2027 4874 unus-

388 4907 635 4978 quisque
666 4922 906 4962 uxorem
937 4904 1182 4977 proximi
1217 4904 1306 4959 sui
1355 4904 1595 4977 polluit;
1647 4911 1712 4961 ut
1754 4906 1813 4962 in
1857 4923 1923 4963 eo
1954 4907 2031 4963 sit

387 5119 731 5191 desiderari,
762 5120 1202 5176 rescribendum
1235 5119 1534 5176 contendit
1576 5119 1710 5176 duos
1750 5121 1817 5175 ad
1853 5120 2030 5191 parti-

385 5192 566 5249 tionis
593 5190 885 5246 hodiernae
919 5192 1121 5259 instar,
1168 5208 1283 5247 non
1333 5191 1819 5255 animadvertens,
1854 5192 2033 5247 fuisse

388 5263 530 5321 olim
550 5262 703 5343 apud
718 5263 996 5343 saeculum
1016 5265 1052 5317 Il
1065 5264 1570 5343 ieronnymianum
1582 5262 1897 5343 versiculos
1912 5279 2035 5343 per-

429 5353 566 5392 uam
589 5333 997 5403 brevissimus,
1030 5340 1095 5388 ut
1135 5333 1315 5391 ferm'e
1345 5352 1412 5390 ex
1464 5333 1580 5390 illis
1620 5339 1768 5401 octo,
1802 5335 2034 5391 duobus

439 5407 649 5478 ulgatzs
679 5404 990 5478 divisionis
1020 5407 1429 5478 respondeant.

460 5424 496 5462 ll
542 5424 649 5463 aue
679 5424 982 5462 GlVlSlODlS
1020 5424 1429 5478 respondeant.

460 5424 539 5573 ςαῗ
565 5475 818 5539 Consule
846 5475 1266 5539 Bibliotheoam
1297 5477 1554 5538 divinam
1584 5476 1642 5537 S.
1676 5476 2033 5555 Hieronymi,

2134 4467 2240 4523 stri
2268 4466 2581 4539 polluistis,
2607 4466 3063 4523 ecclesiasticam
3097 4465 3364 4521 videlicet
3394 4465 3797 4537 conversatio-

2134 4574 2289 4624 nem,
2316 4556 2574 4628 quotidie
2597 4557 2667 4611 de
2711 4554 3013 4626 complexu
3038 4554 3250 4609 Christi
3288 4554 3561 4626 deceptos
3584 4570 3795 4626 rapere

2136 4644 2495 4700 festinantes.
2534 4645 2760 4698 Etcum
2795 4643 2916 4698 haec
2964 4642 3237 4713 feceritis,
3282 4642 3502 4715 putatis
3524 4660 3623 4698 vos
3671 4648 3795 4699 ter-

2135 4749 2260 4786 ram
2314 4731 2489 4787 Israel
2545 4731 2879 4787 haereditate
2929 4731 3239 4786 tenturos?
3270 4731 3493 4796 Quibus
3524 4730 3795 4803 loquitur

2137 4820 2469 4891 Deus,quod
2491 4821 2850 4892 quicumque
2864 4820 2920 4874 in
2936 4819 3192 4875 ruinosis
3206 4819 3608 4876 haereticorum
3624 4819 3797 4875 babi-

2137 4909 2344 4965 taverit
2363 4908 2789 4976 conciliabulis,
2814 4908 3006 4980 gladio
3043 4908 3214 4963 cadat
3256 4908 3682 4977 Ecclesiastico,
3716 4908 3797 4964 de

2140 5124 2249 5180 hoc
2281 5127 2387 5194 est,
2448 5127 2591 5178 tom.
2651 5122 2692 5189 Ι,
2752 5122 3025 5178 editionis
3076 5127 3310 5191 nostris,
3362 5123 3462 5179 ubi
3511 5120 3801 5195 leguntur

2142 5200 2268 5251 octo
2298 5210 2520 5263 versus,
2546 5211 2795 5263 quorum
2833 5194 2923 5249 hic
2955 5212 3266 5250 numerum
3318 5195 3537 5250 indicat
3582 5194 3803 5249 doctor

2141 5267 2432 5394 Egregvilus.
2467 5266 2529 5321 In
2556 5265 2805 5338 Vulgata
2834 5270 3035 5321 nostra
3063 5268 3177 5322 duo
3210 5270 3438 5322 tantum
3472 5280 3802 5321 numeran-

2171 5356 2259 5394 ur.
2351 5354 2480 5392 ΑΜ.

2213 5378 2601 5484 ξῦίῖῆἔέῖρυὶί
2634 5407 2827 5465 Ruﬁni
2858 5411 3153 5466 notantur.
