3996 6182
192 219 302 278 325

757 182 1503 284 COMMENTARlORUM
1553 221 1627 281 IN
1674 215 2174 282 EZECHIELEM
2218 211 2363 277 me.
2412 219 2514 278 x1.
2563 219 2733 278 CAP.
2782 219 3053 280 xxxnv.

3456 215 3572 284 326

188 368 300 422 quo
333 351 619 424 scriptum
650 359 773 409 est:
808 354 994 409 Gladii
1025 354 1309 426 ancipites
1332 356 1390 409 in
1425 355 1698 410 manibus
1729 371 1822 410 eo-
1852 356 1907 418 Α
1939 351 2141 423 quinta
2171 351 2661 421 meusis,quando
2691 350 2848 406 venit
2876 353 2976 422 qui
3000 354 3227 424 fugerat
3255 355 3324 410 de
3343 355 3576 410 Jerusa-

187 457 309 494 rum
361 441 478 511 (Ps.
531 458 712 507 cxux,
751 444 828 509 6).
884 443 952 497 Et
983 443 1041 497 in
1099 442 1407 514 Evangelio
1459 461 1471 496 :
1524 448 1648 498 Non
1697 443 1826 498 veni

186 545 387 601 pacem
420 531 675 600 mittere,
707 533 807 586 sed
856 530 1116 602 gladium
1147 532 1353 599 (Matth.
1388 533 1464 603 Χ).
1501 533 1571 586 Et
1599 549 1823 598 servus,

186 618 276 688 qui
305 634 372 671 se
395 615 641 672 luxuriae
663 618 838 672 tradit
870 625 962 687 ;et
993 620 1130 686 otio,
1153 619 1462 685 dividetur,
1481 621 1539 674 id
1571 625 1678 685 est,
1699 637 1827 674 mu-

186 721 352 760 crone
376 705 642 776 ferietur,
664 713 720 761 et
749 724 883 777 pars
913 709 1040 779 ejus
1062 713 1312 780 ponetur
1334 725 1464 763 cum
1492 708 1829 763 inﬁdelibus

187 796 328 862 (Luc.
361 794 494 863 ΧΠ).
529 795 594 847 Et
623 794 721 864 qui
752 794 810 849 in
843 811 981 866 agro
1030 796 1147 850 sive
1178 796 1235 850 in
1267 813 1474 867 campo
1505 801 1611 864 est,
1633 796 1830 851 bestiis

185 882 449 936 tradetur
473 882 547 936 ad
579 883 998 950 devorandum,
1015 901 1159 955 quas
1181 885 1464 956 prepbeta
1482 885 1661 939 vitare
1682 885 1829 939 desi-

186 973 416 1032 derans.
449 971 832 1042 deprecatur:
856 973 937 1027 Ne
968 973 1164 1028 tradas
1195 974 1399 1028 bestiis
1421 973 1677 1027 animam
1703 989 1832 1027 con-

185 1062 444 1114 ﬁtentem
478 1058 583 1113 tibi
611 1059 721 1130 (Ps.
749 1078 940 1126 LXXIII,
968 1061 1077 1131 19).
1113 1061 1220 1124 Qui
1243 1067 1438 1116 autem
1466 1062 1524 1115 in
1548 1061 1833 1132 prasidiis

183 1155 232 1202 et
267 1151 328 1203 in
363 1149 617 1202 muratis
639 1149 826 1209 est,de
855 1149 1072 1220 quibus
1097 1152 1384 1221 scriptum
1411 1154 1533 1204 est:
1565 1150 1833 1205 Civitates

183 1238 383 1291 firmas
417 1236 684 1292 ascendit
708 1238 929 1307 justus,
953 1243 1010 1292 et
1042 1239 1328 1293 destruxit
1353 1238 1710 1293 munitiones
1740 1254 1834 1293 ea-

183 1342 335 1388 rum,
367 1327 429 1379 in
471 1325 692 1396 quibus
725 1326 1095 1381 confidebant
1144 1326 1308 1397 impii
1342 1328 1521 1394 (Prov.
1556 1344 1670 1392 xm,
1701 1327 1832 1398 2‘2)‘;

181 1416 336 1469 εισι
356 1420 416 1470 et
435 1415 775 1468 versaturin
800 1413 1418 1485 speluncis,dequibus
1436 1416 1677 1470 dicitur:
1694 1416 1837 1469 Scri-

180 1509 348 1574 ptum
381 1508 492 1569 est,
525 1507 741 1557 Domus
763 1502 951 1558 Patris
986 1504 1096 1558 mei
1129 1504 1340 1558 domus
1372 1503 1650 1558 orationis
1676 1520 1838 1558 voca-

179 1593 339 1646 bitur
371 1609 386 1646 :
421 1608 525 1645 vos
549 1597 747 1646 autem
779 1592 998 1646 fecistis
1031 1609 1157 1647 eam
1180 1593 1517 1663 speluncam
1543 1592 1835 1647 latronum

179 1681 396 1744 {.llatili.
431 1697 553 1746 xxx,
585 1680 676 1749 33)
725 1697 736 1733 ε
791 1680 899 1735 iste
953 1680 1442 1752 lamepsermonis
1496 1680 1749 1745 Domini,
1783 1685 1838 1736 et

182 1777 338 1839 peste
372 1768 685 1836 morietur,
708 1773 764 1822 et
787 1767 1020 1822 dabitur
1042 1768 1233 1822 omnis
1257 1773 1409 1823 terra
1435 1768 1836 1823 hiereticorum

185 1858 228 1910 in
268 1856 685 1920 solitudinem,
711 1857 793 1911 ita
823 1860 887 1910 ut
917 1857 1218 1929 frangatur
1238 1873 1436 1911 eorum
1467 1857 1759 1928 superbia,
1784 1863 1840 1912 et

179 1945 530 2016 redigantur
560 1950 789 2000 montes
822 1945 878 1998 in
930 1945 1328 2009 solitudinem,
1364 1945 1461 2016 qui
1495 1946 1606 1999 sibi
1640 1945 1840 2000 altitu—

181 2035 380 2088 dinem
413 2034 675 2088 scientize
710 2034 1146 2104 promittebant.
1169 2034 1275 2097 Qui
1302 2038 1529 2088 montes
1563 2039 1844 2090 vocantur

183 2121 377 2191 Israel.
423 2122 569 2188 quia
598 2122 707 2176 sub
739 2121 950 2176 Christi
984 2123 1221 2176 nomine
1271 2123 1542 2193 deceptos
1576 2139 1841 2194 quosque

176 2212 582 2283 supplantant
614 2229 628 2265 :
670 2209 984 2281 nullusque
1013 2227 1115 2280 per
1143 2227 1241 2265 eos
1291 2211 1582 2277 transibit,
1619 2228 1722 2266 nec
1753 2211 1841 2265 di-

175 2317 299 2355 cere
339 2298 568 2370 pot-erit
596 2299 750 2370 quod
781 2299 1006 2369 Moyses
1041 2317 1052 2353 :
1084 2299 1400 2354 Transiens
1428 2299 1634 2354 videbo
1664 2299 1840 2354 visio-

173 2405 304 2443 nem
342 2389 513 2443 hanc
538 2403 813 2459 magnam
837 2388 1034 2456 (Exod.
1061 2405 1145 2454 ιιι,
1179 2389 1267 2458 1);
1300 2387 1658 2442 habitatores
1682 2388 1838 2442 enim

169 2481 313 2531 sunt
358 2491 780 2548 perversorum
829 2475 1142 2540 montium,
1173 2493 1286 2531 non
1319 2476 1628 2546 peregrini,
1663 2481 1718 2530 et
1746 2492 1840 2530 ac-

166 2565 303 2620 colae
345 2584 362 2619 :
409 2569 479 2618 ut
509 2581 641 2619 cum
673 2563 795 2618 haec
829 2564 981 2634 passi
1023 2564 1256 2634 fuerint,
1291 2569 1430 2618 tunc
1462 2568 1838 2635 cognoscant,

165 2656 324 2725 quod
358 2655 505 2724 ipse
527 2653 602 2708 sit
619 2653 921 2723 Dominus,
947 2653 1044 2723 qui
1068 2653 1293 2708 dederit
1314 2658 1528 2708 terram
1551 2669 1754 2707 eorum
1779 2651 1838 2706 in

165 2742 574 2798 solitudinem
622 2745 857 2812 propter
906 2741 1370 2796 abominationes
1415 2758 1562 2812 quas
1619 2739 1839 2810 operati

163 2837 328 2887 sunt.
372 2829 664 2901 Sequitur
695 2846 707 2882 :
745 2830 959 2884 Eadem
986 2829 1223 2900 quidem
1256 2830 1369 2894 die,
1389 2835 1444 2883 et
1466 2829 1667 2883 eodem
1691 2833 1839 2882 tem-

161 2939 330 2993 pore.
367 2920 496 2973 hoc
527 2923 634 2984 est,
665 2918 1010 2974 duodecimo
1059 2934 1234 2983 anno,
1267 2918 1492 2971 decimo
1525 2933 1744 2983 mense,
1779 2917 1837 2971 in

1937 440 2071 507 lem,
2106 445 2162 494 et
2209 439 2444 510 quando
2491 438 2720 494 locutus
2751 443 2842 495 est
2890 441 3172 512 propheta
3221 443 3294 498 ad
3343 459 3440 499 eos
3471 445 3574 516 qui

1937 533 2100 582 erant
2131 528 2187 581 in
2236 531 2391 582 terra
2416 527 2639 591 Judaaa,
2674 531 2730 582 et
2777 534 3002 582 mternae
3033 532 3420 600 possessionis
3462 534 3575 588 sibi

1938 633 2101 688 spem
2134 615 2578 687 pollicebantur,
2613 616 2852 683 etjubet
2883 618 3173 688 prophetas
3197 624 3258 674 ut
3289 621 3444 676 dicat
3473 639 3574 693 po-

1939 704 2074 776 pulo
2105 704 2203 774 qui
2237 704 2296 757 in
2329 701 2618 770 Babylone
2647 708 2930 767 versatur,
2964 711 3024 758 et‘
3052 706 3274 762 habitat
3321 725 3452 764 cum
3487 727 3574 778 eo,

1939 798 1996 847 et
2026 798 2231 863 arguat
2260 808 2358 845 eos
2388 808 2562 862 super
2583 792 2810 846 insidiis
2841 793 3293 866 blandientibus,
3318 798 3417 869 qui
3449 815 3580 870 pro-

1943 882 2124 952 pheta:
2157 880 2330 934 verba
2359 880 2561 934 audire
2592 880 2946 947 desiderant,
2978 899 3092 937 non
3126 883 3196 936 ad
3247 885 3454 940 animae
3486 905 3579 943 sa-

1942 969 2144 1035 lutem,
2169 968 2270 1022 sed
2306 968 2377 1022 ad
2409 968 2640 1022 aurium
2661 968 3036 1040 voluptatem.
3063 971 3160 1025 Isti
3199 973 3358 1042 iuxta
3379 992 3582 1033 muros

1943 1058 2242 1120 sedebant,
2265 1056 2395 1110 etin
2419 1056 2583 1111 ostiis
2605 1058 2914 1112 domorum
2940 1075 2951 1112 :
2978 1075 3348 1132 nequaquam
3365 1064 3422 1118 in
3445 1082 3582 1120 sen-

1943 1161 2074 1199 sum
2108 1145 2397 1216 prophetze
2417 1145 2631 1200 intrare
2653 1146 2985 1218 cupientes;
3014 1149 3113 1203 sed
3137 1155 3340 1206 mutuo
3365 1170 3423 1207 se
3445 1154 3583 1209 hor-

1943 1238 2142 1288 tantur
2161 1239 2216 1286 et
2241 1233 2478 1288 dicunt:
2512 1233 2714 1288 Venite
2741 1241 2795 1288 et
2823 1237 3132 1293 audiamus
3163 1240 3263 1310 qui
3296 1241 3372 1296 sit
3394 1259 3584 1298 sermo

1944 1321 2247 1393 egrediens
2277 1338 2310 1376 a
2343 1322 2624 1389 Domino;
2657 1329 2714 1377 et
2747 1323 2830 1377 sic
2859 1325 3100 1380 veniunt
3131 1329 3300 1398 quasi
3331 1331 3583 1402 populus

1946 1411 2045 1482 qui
2081 1410 2442 1481 ingrediatur
2470 1411 2785 1466 Ecclesiam
2818 1413 2939 1483 Dei,
2965 1419 3020 1468 et
3051 1417 3256 1470 sedent
3281 1433 3474 1474 coram
3507 1425 3582 1489 te,

1947 1498 2196 1571 populus
2229 1516 2414 1569 meus,
2447 1499 2547 1570 qui
2580 1517 2772 1554 meum
2829 1517 2957 1556 esse
2987 1519 3048 1558 se
3079 1504 3242 1569 dicit,
3277 1510 3331 1560 et
3379 1508 3587 1563 nolunt

1947 1590 2134 1642 facere
2151 1589 2304 1658 quod
2325 1589 2653 1642 audierunt.
2683 1589 3017 1644 Istiusmodi
3040 1591 3466 1649 mihividentur
3487 1613 3589 1651 eo-

1949 1693 2078 1730 rum
2105 1676 2348 1734 similes.
2367 1676 2466 1746 qui
2485 1676 2866 1732 theatralibus
2885 1678 3168 1734 luduntur
3184 1683 3586 1740 carminibus:

1947 1770 2003 1818 et
2031 1763 2119 1818 vel
2150 1765 2440 1836 tragoedos
2472 1764 2738 1830 audiunt,
2769 1766 2855 1820 vel
2906 1769 3218 1839 comcedos,
3252 1775 3308 1824 et
3339 1772 3418 1825 ibi
3449 1789 3581 1828 cum

1948 1851 2239 1923 voluptate
2257 1851 2601 1923 palpantur:
2631 1854 2711 1907 ita
2740 1859 2953 1910 utcum
2979 1858 3198 1927 egressi
3221 1858 3438 1914 fuerint
3460 1866 3586 1933 ate,

1952 1941 2230 2012 replicent
2267 1958 2352 2006 ea,
2386 1945 2442 1995 et
2491 1942 2817 2008 decantent,
2849 1948 2905 1998 et
2934 1944 3089 1998 dulci
3140 1962 3284 2000 sono
3317 1965 3378 2003 se
3428 1950 3589 2005 deci-

1951 2030 2131 2100 piant.
2165 2030 2232 2084 Et
2279 2029 2538 2098 audient,
2571 2029 2764 2101 inquit
2795 2032 2970 2087 verba
2999 2037 3100 2088 tua
3148 2039 3204 2090 et
3233 2053 3346 2091 non
3378 2039 3592 2094 lacient

1950 2135 2036 2172 ea.
2068 2116 2235 2172 Tales
2266 2123 2405 2171 sunt
2437 2135 2622 2189 usque
2655 2119 2825 2174 hodie
2871 2122 3039 2176 multi
3069 2122 3128 2178 in
3162 2124 3454 2193 Ecclesiis,
3489 2128 3590 2198 qui

1949 2206 2113 2261 aiunt
2145 2223 2156 2259 :
2190 2206 2392 2260 Venite
2421 2207 2730 2262 audiamus
2762 2207 2926 2264 illum
2959 2215 3014 2265 et
3068 2211 3256 2278 illum,
3291 2216 3440 2270 mira
3468 2216 3593 2272 elo-

1950 2294 2191 2364 quentia
2218 2294 2646 2365 praedicationis
2679 2314 2796 2351 suae
2828 2299 3001 2354 verba
3033 2299 3354 2358 volventem
3383 2321 3394 2357 :
3419 2304 3588 2376 plau-

1949 2400 2166 2454 susque
2197 2389 2580 2451 commovent,
2614 2391 2671 2439 et
2698 2385 3108 2454 vociferantur,
3132 2395 3188 2444 et
3209 2391 3438 2461 jactant
3466 2411 3587 2449 ma-

1949 2490 2082 2540 nus,
2151 2477 2206 2526 et
2280 2489 2405 2542 qua:
2483 2473 2755 2543 operibus
2825 2475 3216 2546 neglexerant,
3276 2486 3590 2552 postquam

1950 2561 2251 2615 advenisse
2296 2561 2671 2629 cognoverint
2718 2565 2977 2630 (necesse
3025 2570 3113 2620 est
3159 2567 3314 2621 enim
3360 2571 3590 2626 evenire

1949 2649 2105 2719 quod
2136 2649 2416 2720 propheta
2443 2651 2540 2704 Dei
2573 2667 2837 2707 sermone
2861 2654 3239 2725 pronuntiat),
3272 2660 3411 2712 tunc
3441 2657 3588 2713 inci-

1949 2738 2108 2808 pient
2137 2739 2477 2809 approbare,
2506 2744 2564 2793 et
2597 2756 2787 2810 nosse,
2814 2742 2964 2812 quod
2999 2748 3208 2798 cuncta
3230 2761 3355 2816 qua:
3389 2746 3590 2802 audie-

1949 2831 2099 2890 rant,
2135 2844 2247 2882 non
2298 2827 2512 2881 iuerint
2561 2828 2816 2884 hominis
2845 2832 3036 2898 verba,
3071 2833 3171 2886 sed
3203 2833 3457 2904 Domini,
3489 2836 3590 2906 qui

1950 2932 2051 2988 per
2072 2915 2435 2987 prophetam,
2459 2921 2515 2971 et
2545 2916 2731 2972 virum
2755 2919 3212 2976 ecclesiasticum
3234 2921 3464 2979 locutus
3481 2928 3589 2980 est.

1234 3179 1652 3270 LIBER
1742 3177 2103 3270 UNDE
2113 3176 2252 3268 CI
2252 3177 2360 3267 M
2372 3177 2550 3270 US.

232 3511 405 3567 405
421 3507 611 3563 «£06
664 3506 1017 3562 Undecimus
1067 3506 1126 3560 in
1161 3505 1513 3561 Ezechielem
1565 3505 1837 3576 explana-
1869 3508 1910 3572 (Σ
1951 3505 2247 3576 ignobilis,
2279 3505 2350 3560 ad
2383 3507 2794 3577 Imperaterem
2825 3509 3106 3575 scribens,
3141 3518 3318 3582 super
3346 3510 3452 3566 hac
3485 3529 3592 3566 na-

166 3602 414 3655 tionum
473 3596 622 3650 liber
669 3597 726 3649 in
762 3608 1020 3650 extrema
1077 3595 1167 3649 sui
1200 3600 1363 3665 parte
1411 3599 1610 3648 contra
1639 3595 1757 3662 Gog
1787 3599 1842 3649 et

167 3689 390 3761 Magog
427 3685 769 3739 vaticinium
794 3684 1134 3749 continebit,
1159 3689 1214 3738 et
1236 3699 1422 3753 usque
1446 3683 1515 3736 ad
1539 3685 1838 3738 exordium

173 3777 443 3832 civitatis
468 3775 527 3828 in
543 3779 739 3828 monte
755 3771 969 3844 positae,
993 3777 1050 3826 et
1063 3771 1260 3842 templi
1278 3772 1333 3824 in
1348 3788 1414 3826 ea
1427 3771 1522 3825 siti
1540 3771 1836 3842 veniet(a).

171 3867 350 3929 Quem
417 3863 497 3924 si,
529 3861 838 3932 adjuvante
871 3859 1132 3929 Domino,
1166 3865 1224 3913 et
1272 3877 1380 3914 sua
1411 3860 1687 3930 mysteria
1717 3860 1838 3914 dis-

171 3963 441 4018 serente,
479 3955 715 4023 potuero
759 3951 828 4004 ad
878 3949 1095 4003 calcem
1128 3965 1316 4020 usque
1372 3950 1706 4020 perducere,
1741 3948 1838 4001 diu

171 4045 312 4098 mihi
330 4037 844 4109 eritmultumque
859 4038 1472 4104 dubitandum,utrum
1491 4037 1560 4092 ad
1580 4036 1842 4108 spiritale

173 4132 480 4203 templum
504 4128 744 4182 debeam
767 4127 992 4182 mittere
1011 4143 1245 4192 manus,
1265 4144 1333 4181 an
1352 4131 1547 4197 aperte
1572 4125 1841 4198 ignoran-

173 4223 314 4275 tiam
352 4216 633 4274 confiteri
668 4233 680 4268 :
715 4215 1035 4286 praesertim
1068 4232 1201 4270 cum
1231 4219 1287 4270 et
1318 4215 1470 4286 apud
1504 4215 1759 4281 Judzeos,
1785 4219 1843 4269 et

173 4311 326 4380 apud
367 4322 490 4360 nos
537 4320 712 4374 super
754 4303 1228 4374 interpretatione
1259 4305 1386 4374 ejus
1417 4304 1636 4375 grande
1665 4303 1839 4358 silen-

171 4399 320 4451 tium
353 4395 448 4450 sit
481 4410 493 4447 :
531 4392 661 4446 aliis
686 4392 742 4446 in
767 4391 964 4445 futuro
987 4396 1250 4462 tempore
1271 4392 1689 4446 exstruendum
1713 4407 1840 4447 esse

173 4482 610 4540 censentibus:
636 4480 763 4534 aliis
787 4481 938 4535 bono
953 4480 1188 4552 quidem
1205 4480 1530 4549 animo,sed
1547 4480 1836 4551 imperito,

174 4572 518 4629 scientibus
553 4569 879 4640 spiritualia
909 4585 1036 4624 esse
1070 4585 1196 4639 quae
1227 4569 1522 4637 dicuntur,
1559 4574 1614 4624 et
1647 4574 1837 4623 tamen

173 4664 303 4733 ipsa
337 4659 704 4733 spiritualia,
733 4658 1024 4729 quomodo
1049 4657 1257 4711 disseri
1287 4657 1553 4722 debeant,
1579 4658 1836 4712 nescien-

175 4755 362 4805 tibus.
402 4749 476 4804 Et
506 4747 763 4815 interim,
795 4752 862 4801 ut
890 4746 1190 4817 praesentis
1222 4745 1413 4817 operis
1451 4762 1590 4800 cura
1619 4763 1725 4800 nos
1755 4750 1841 4800 te-

177 4849 338 4908 neat,
374 4837 560 4904 scias,
595 4854 626 4891 o
663 4837 822 4907 virgo
852 4835 1063 4890 Christi
1114 4835 1516 4899 Eustochium,
1550 4836 1836 4889 orandum

179 4929 286 4983 tibi
318 4943 458 4982 esse
490 4941 596 4996 pro
649 4924 836 4980 nobis.
869 4924 932 4978 In
966 4922 1268 4995 prophetia
1321 4921 1666 4976 difﬁcillima
1694 4922 1840 4977 illud

181 5015 446 5069 breviter
475 5012 782 5078 admoneo,
813 5011 968 5082 quod
999 5011 1074 5080 (b)
1105 5010 1191 5064 vir
1221 5012 1429 5064 nostra:
1461 5009 1643 5064 mtatis
1681 5008 1836 5063 haud

263 5174 339 5240 ζα)
371 5170 557 5226 Addit
586 5170 978 5234 Martianaus,
1010 5173 1141 5240 post
1171 5168 1478 5240 Erasmum
1505 5170 1836 5240 Jerusalem,

186 5235 370 5312 quam
396 5258 599 5296 vocem
621 5243 756 5310 jure
777 5235 1088 5312 Victorius,
1113 5239 1341 5312 duobus
1363 5238 1563 5312 Brixiae
1593 5255 1732 5312 mss.
1751 5256 1839 5312 eo-

187 5309 445 5378 dieibus,
463 5309 754 5382 tertiaque
775 5311 928 5383 typis
942 5327 1039 5365 exc
1052 5327 1167 5383 uso,
1182 5309 1660 5383 suifragantibus,
1682 5309 1834 5366 dele-

185 5381 709 5453 vit.)3am,inquit,
732 5381 940 5453 praeter
968 5381 1122 5452 quod
1157 5381 1484 5453 infra,_cap.
1505 5398 1596 5453 xe,
1623 5382 1839 5453 deseri-

187 5455 350 5509 bitnr
371 5450 759 5521 tantummod
782 5450 1670 5508 autem—deterrenaJeerusalem
1695 5452 1841 5507 illud

190 5526 634 5606 interpretatur,
655 5526 706 5584 si
727 5523 1064 5604 ponendum
1087 5526 1212 5584 erat
1235 5537 1601 5608 n9men,non
1614 5521 1838 5595 hic-,sed

1948 3595 2102 3648 tione
2133 3594 2369 3649 dixerit:
2395 3595 2518 3667 Gog
2547 3595 2917 3663 iste,Gothus
2944 3603 3066 3664 est;
3102 3599 3196 3654 cui
3229 3616 3346 3670 qua
3368 3601 3592 3656 ratione

1949 3683 2176 3754 possint
2197 3685 2394 3738 omnia
2416 3701 2542 3756 qua:
2567 3686 2623 3739 in
2657 3703 2724 3741 ea
2756 3687 2971 3756 scripta
2996 3692 3133 3741 sunt
3161 3689 3438 3758 coaptari,
3475 3706 3588 3744 non

1950 3776 2037 3826 est
2068 3788 2284 3837 meum,
2314 3773 2413 3826 sed
2446 3790 2648 3827 eorum
2680 3773 2779 3844 qui
2813 3773 2920 3828 hoc
2951 3779 3176 3846 putant,
3210 3775 3516 3831 disserere.

2023 3932 2182 4002 (Cap.
2217 3931 2481 4003 XXXIV.)
2530 3934 2590 3987 Et
2628 3936 2834 4004 factum
2881 3942 2956 3988 est
2985 3936 3208 3988 verbum
3259 3937 3478 3991 Domini
3520 3936 3591 3992 ad

1948 4036 2051 4087 me,
2067 4021 2249 4074 dicens
2275 4039 2293 4074 :
2321 4023 2434 4077 Fili
2462 4022 2720 4086 hominis,
2738 4023 3094 4094 prapheta,de
3121 4026 3429 4094 pastoribus
3448 4025 3592 4096 (sive

1949 4109 2019 4164 ad
2073 4113 2334 4180 pastores)
2385 4111 2574 4182 Israel,
2629 4113 2907 4183 propheta,
2957 4121 3007 4168 et
3052 4113 3196 4169 dices
3243 4115 3545 4186 pastoribus
3575 4134 3594 4170 :

1953 4203 2085 4254 Haec
2112 4199 2247 4253 dicit
2295 4200 2559 4255 Dominus
2604 4202 2742 4256 Deus
2777 4219 2789 4256 :
2828 4203 2908 4256 Va:
2935 4204 3244 4273 pastoribus
3273 4204 3447 4258 Israel
3493 4206 3594 4276 qui

1943 4288 2246 4358 pascebant
2267 4291 2594 4360 semetipsos.
2619 4290 2787 4358 (Sive:
2816 4291 2854 4347 0
2869 4297 3108 4362 pastores
3130 4292 3593 4363 Israel,numquid

1945 4385 2178 4448 pascunt
2204 4386 2439 4441 pastores
2484 4381 2798 4450 semetipsos
2819 4381 2862 4448 .9)
2909 4380 3099 4436 Nonne
3123 4398 3311 4452 greges
3353 4398 3590 4452 pascun-

1948 4474 2039 4520 tur
2068 4483 2102 4520 a
2126 4469 2431 4536 pastoribus
2451 4471 2476 4520 ?
2507 4466 2663 4537 (Sive
2691 4484 2872 4522 nonne
2901 4485 3020 4524 oves
3040 4479 3264 4539 pascunt
3285 4475 3524 4542 pastores
3543 4470 3588 4541 .9)

1950 4555 2054 4609 Lac
2081 4555 2454 4623 comedebatis,
2487 4559 2536 4608 et
2568 4555 2709 4609 lanis
2740 4557 3151 4626 operiebamini,
3185 4563 3234 4614 et
3264 4558 3404 4630 quod
3442 4574 3589 4613 cras-

1946 4661 2070 4697 sum
2099 4652 2216 4698 erat
2243 4643 2565 4698 occidebatis
2598 4662 2615 4696 :
2645 4660 2858 4714 gregem
2877 4649 3063 4699 autem
3089 4663 3270 4700 meum
3289 4663 3394 4701 non
3411 4663 3592 4718 pasce,

1951 4733 2105 4786 batis.
2143 4731 2292 4798 Quod
2322 4733 2605 4800 inﬁrmum
2634 4735 2745 4802 fuit
2766 4749 2877 4787 non
2907 4733 3183 4788 solidaslis
3214 4736 3354 4800 (sive
3370 4737 3588 4805 confor-

1949 4820 2161 4889 tastis):
2193 4822 2244 4873 et
2272 4819 2411 4890 quod
2438 4829 2834 4890 aagrotumgzon
2862 4824 3094 4876 sanastis
3112 4840 3130 4875 :
3153 4823 3292 4894 quod
3319 4822 3589 4895 fractum,

1946 4925 2056 4962 non
2100 4908 2389 4976 alligastis,
2421 4916 2475 4961 et
2519 4908 2661 4978 quod
2713 4910 2980 4980 abjectum
3010 4918 3132 4965 erat
3176 4910 3316 4980 (sive
3345 4911 3591 4983 errabat)

1947 5012 2056 5051 non.
2076 4995 2373 5049 reduxistis
2391 5012 2412 5056 ;
2442 4996 2584 5066 quod
2606 4999 2866 5068 perierat,
2888 5015 2999 5053 non
3017 5000 3287 5070 quaesistis
3311 5017 3329 5052 :
3350 4999 3442 5054 sed
3465 5015 3590 5056 cum

1948 5173 2126 5232 supra
2154 5155 2489 5232 ponendum
2522 5161 2665 5232 erat,
2686 5157 2794 5232 hoc
2814 5159 2986 5212 modo
3011 5176 3022 5214 :
3056 5160 3120 5212 Et
3148 5176 3318 5232 usque
3335 5161 3405 5216 ad
3428 5177 3587 5216 exor-

1946 5227 2106 5310 diuni
2126 5227 2360 5308 trinitatis
2388 5228 2687 5282 Jerusalem
2716 5231 2775 5281 in
2802 5238 2981 5284 monte
3007 5232 3212 5302 positae,
3224 5227 3285 5287 ἐι
3316 5233 3509 5304 templi
3527 5235 3589 5287 in

1947 5315 2011 5353 ea
2039 5303 2134 5352 siti
2164 5303 2360 5352 veniet.

1966 5441 1971 5442 γ
2019 5369 2093 5439 (b)
2123 5373 2176 5421 S.
2229 5368 2593 5442 Ambrosius,
2627 5367 2726 5423 lib.
2761 5386 2802 5424 ιι
2852 5371 2922 5426 de
2954 5371 3088 5426 Fide
3131 5373 3202 5428 ad
3243 5372 3584 5442 Gratianum

1945 5441 2298 5514 Augustum,
2328 5456 2379 5496 c.
2415 5439 2499 5500 16.
