4006 6180
461 186 580 251 327

1717 188 1785 250 S.
1828 184 2143 253 EUSEBII
2186 184 2638 253 HIERONYMI

3718 197 3819 262 328

459 322 785 383 austeritate
804 318 1159 392 imperabatis
1187 318 1286 390 eis,
1308 321 1360 374 et
1388 335 1513 374 eum
1535 321 1781 392 potentia
1805 320 1949 389 (sive
1965 320 2105 391 quod
2134 324 2189 388 Α
2215 326 2268 377 et
2293 322 2547 377 cornibus
2574 321 2767 376 vestris
2798 317 3148 375 ventilabatis
3174 317 3361 375 omnia
3396 321 3604 391 inﬁrma
3627 341 3819 402 pecora,

454 414 593 484 forte
640 418 777 477 erat,
808 409 1092 480 afﬂixistis
1138 407 1371 477 labore).
1404 410 1469 462 Et
1515 408 1783 480 dispersae
1809 417 1941 464 sunt
1989 425 2109 465 oves

455 516 608 565 meae,
641 515 700 555 eo
728 499 873 569 quod
885 513 995 553 non
1023 499 1160 552 esset
1181 502 1378 568 pastor
1396 496 1542 565 (sive
1558 498 1850 569 pastores),
1885 501 1934 553 et
1952 500 2109 567 factas

455 596 584 643 sunt
613 589 674 642 in
702 587 1106 641 devorationem
1132 585 1387 640 omnibus
1412 585 1597 641 bestiis
1611 587 1754 656 agri,
1777 590 1829 641 et
1848 585 2109 657 dispersae

453 679 599 731 sunt.
644 676 981 730 Erraverant
1026 690 1210 744 greges
1256 676 1366 729 mei
1412 674 1554 745 (sive
1597 675 1738 745 oves)
1787 676 1848 728 in
1894 677 2106 730 cunctis

452 764 745 829 montibus,
770 771 819 818 et
848 765 910 817 in
936 764 1193 817 universo
1215 763 1350 817 colle
1379 763 1611 831 excelso,
1634 771 1685 816 et
1712 778 1875 833 super
1891 777 2105 818 omnem

386 844 391 849 i
455 863 655 932 faciem
683 864 846 917 terra:
897 860 1130 932 dispersi
1157 868 1287 915 sunt
1325 876 1508 931 greges
1540 862 1650 915 mei
1694 859 1840 929 (sive
1889 861 2031 932 oves)
2056 869 2108 916 et

452 964 563 1005 non
578 953 701 1007 erat
722 951 819 1022 qui
832 950 1136 1021 requireret
1151 966 1169 1002 :
1188 965 1298 1003 non
1314 956 1452 1015 erat,
1480 950 1724 1019 inquam,
1747 948 1843 1018 qui
1865 949 2108 1019 require-

456 1042 539 1094 ret
569 1037 713 1109 (sive
741 1040 836 1109 qui
866 1037 1191 1107 reduceret).
1223 1037 1535 1108 Propterei,
1568 1052 1599 1091 o
1622 1039 1886 1107 pastores,
1921 1036 2107 1092 audite

455 1127 683 1182 verbum
715 1127 943 1182 Domini
971 1144 992 1180 :
1030 1127 1150 1181 Vivo
1179 1140 1293 1196 ego,
1324 1125 1457 1179 dicit
1488 1126 1756 1180 Dominus
1786 1126 1944 1193 Deus,
1977 1125 2108 1197 quia

451 1231 552 1285 pro
583 1230 644 1270 eo
672 1214 814 1286 quod
840 1215 976 1285 facti
1001 1222 1129 1269 sunt
1152 1229 1340 1282 greges
1367 1214 1479 1268 mei
1504 1212 1659 1283 (sive
1691 1213 1830 1283 oves)
1864 1214 1922 1267 in
1955 1214 2105 1283 rapi-

454 1320 605 1373 nam,
630 1308 684 1358 et
712 1319 830 1358 oves
858 1316 997 1359 mea:
1016 1304 1077 1357 in
1104 1302 1511 1357 devorationem
1534 1302 1781 1357 omnium
1810 1302 2108 1356 bestiarum

455 1402 598 1471 agri,
632 1415 692 1455 eo
722 1400 872 1470 quod
898 1415 1010 1454 non
1039 1406 1174 1454 esset
1199 1402 1384 1469 pastor
1413 1398 1555 1468 (sive
1591 1398 1853 1469 pastores)
1889 1416 1902 1453 :
1932 1413 2110 1469 neque

454 1491 605 1543 enim
653 1490 987 1559 quaesierunt
1032 1496 1276 1558 pastores
1302 1486 1492 1559 qulg.
1543 1487 1705 1542 addit
1734 1489 1863 1558 meil
1890 1502 2109 1557 gregem

454 1592 656 1643 meum,
707 1576 803 1632 sed
845 1577 1137 1647 pascebant
1180 1577 1329 1633 407
1378 1579 1622 1647 pastores
1667 1577 2008 1645 semetipsos,
2055 1579 2107 1631 et

452 1680 644 1757 greges
669 1681 815 1721 meos
862 1681 975 1720 non
1024 1665 1335 1736 pascebant.
1389 1666 1701 1735 Propterea,
1726 1672 1985 1735 pastores,
2014 1680 2109 1718 au-
2138 1691 2185 1757 Β

454 1752 568 1808 dite
595 1754 819 1810 verbum
848 1754 1067 1810 Domini
1099 1769 1112 1807 :
1146 1754 1260 1810 ha’e
1303 1753 1436 1808 dicit
1462 1753 1727 1809 Dominus
1762 1757 1902 1808 Deus
1932 1771 1948 1806 :
1978 1753 2110 1807 Ecce

454 1867 547 1921 ego
599 1853 714 1921 ipse
758 1867 921 1922 super
943 1859 1185 1923 pastores
1232 1852 1516 1921 requiram
1542 1866 1762 1921 gregem
1810 1865 1997 1905 meum
2043 1849 2108 1905 de

452 1955 625 1995 manu
654 1954 863 2007 eorum,
895 1943 947 1995 et
974 1955 1182 1994 cessare
1209 1954 1293 1995 eos
1320 1939 1546 2009 faciam,
1580 1942 1639 1993 ut
1668 1939 1818 1993 ultra
1848 1955 1958 1994 non
1981 1953 2106 2009 pas-

454 2031 583 2083 cant
608 2044 823 2099 gregem
850 2044 1033 2083 meum
1076 2027 1268 2100 [Vulg.
1300 2032 1451 2083 tacet
1481 2044 1676 2100 meum
1702 2046 1714 2095 ;
1756 2044 1854 2083 nec
1877 2031 2108 2099 pascant

458 2117 697 2186 amplius
738 2119 984 2187 pastores
1029 2118 1345 2187 semetipsos
1385 2116 1525 2187 (sive
1572 2117 1733 2186 oves),
1766 2119 1817 2171 et
1864 2115 2107 2171 liberabo

456 2221 670 2276 gregem
698 2222 886 2260 meum
916 2204 1057 2276 (sive
1086 2208 1229 2273 oves)
1258 2205 1326 2259 de
1354 2220 1454 2260 ore
1484 2220 1694 2270 eorum,
1724 2211 1778 2259 et
1808 2220 1919 2259 non
1947 2208 2110 2259 erunt

460 2293 614 2348 ultra
662 2296 745 2348 eis
774 2295 835 2348 in
880 2310 1077 2349 escam.
1112 2293 1252 2361 Quia
1281 2293 1398 2350 haec
1425 2293 1558 2349 dicit
1609 2295 1871 2349 Dominus
1918 2294 2056 2347 Deus
2086 2310 2105 2347 .·

452 2392 584 2446 Ecce
654 2407 749 2461 ego
797 2392 910 2464 ipse
958 2391 1239 2462 requiram
1267 2407 1387 2446 oves
1431 2406 1601 2457 meas,
1633 2394 1684 2445 et
1736 2390 1964 2445 visitabo
2014 2406 2106 2445 eas

453 2482 596 2535 sicut
617 2481 806 2535 visitat
830 2488 1028 2551 pastor
1053 2496 1268 2550 gregem
1295 2495 1456 2534 suum
1486 2480 1546 2532 in
1576 2479 1664 2534 die
1690 2478 1905 2550 quando
1933 2480 2106 2550 fuerit

453 2571 513 2624 in
542 2568 722 2624 medio
764 2571 946 2624 ovium
996 2584 1224 2624 suarum
1270 2569 1671 2639 dissipatarum
1719 2568 1861 2638 (sive
1890 2567 2107 2638 quando

449 2658 619 2729 fuerit
646 2658 846 2726 caligo,
874 2662 925 2711 et
953 2658 1123 2712 nubes
1144 2658 1203 2711 in
1234 2657 1411 2711 medio
1432 2658 1621 2712 ovium
1640 2673 1869 2711 suarum
1883 2672 2105 2728 separa-

449 2746 654 2817 tarum)
688 2762 701 2799 :
734 2747 812 2800 sic
838 2746 1068 2801 visitabo
1088 2761 1210 2800 aves
1243 2761 1408 2809 meas,
1432 2753 1484 2800 et
1518 2745 1755 2801 liberabo
1780 2761 1871 2801 eas
1899 2745 1965 2799 de
1987 2761 2101 2801 om-

452 2834 612 2888 nibus
642 2834 799 2898 locis,
829 2834 891 2887 in
920 2834 1115 2903 quibus
1142 2832 1396 2903 dispersae
1413 2834 1641 2903 fuerant
1670 2835 1731 2887 in
1754 2834 1842 2889 die
1860 2834 2022 2887 nubis
2051 2840 2106 2888 et

449 2929 723 3001 caliginis.
756 2930 821 2984 Et
865 2929 1088 2985 educam
1139 2946 1230 2984 eas
1280 2929 1422 3000 (sive
1467 2931 1574 2995 eos)
1601 2930 1666 2984 de
1710 2931 1929 3002 populis
1960 2931 2101 2997 (sive

449 3017 522 3114 de.
564 3017 867 3114 gentibus),
899 3022 951 3074 et
996 3019 1330 3114 congregabo
1384 3034 1472 3074 eas
1520 3018 1662 3089 (sive
1691 3023 1798 3089 eos)
1846 3018 1910 3075 de
1936 3021 2099 3075 terris
2132 3049 2172 3114 Ο

452 3106 595 3178 (sive
625 3106 981 3178 regionibus),
1012 3115 1064 3163 et
1094 3106 1353 3161 inducam
1380 3123 1473 3162 eas
1494 3107 1635 3179 (sive
1666 3109 1774 3179 eos)
1802 3107 1862 3162 in
1894 3117 2101 3164 terram

447 3212 626 3259 suam,
659 3204 710 3251 et
735 3212 959 3267 pascam
989 3212 1080 3250 eas
1109 3195 1255 3263 (sive
1284 3196 1393 3267 eos)
1423 3197 1483 3249 in
1513 3197 1789 3252 montibus
1818 3198 2006 3261 Israel,
2040 3199 2096 3253 in

449 3295 584 3348 rivis
611 3296 661 3349 et
690 3295 751 3348 in
779 3295 985 3349 cunctis
1014 3293 1231 3348 sedibus
1260 3297 1440 3349 terrae.
1472 3295 1535 3349 In
1561 3297 1783 3366 pascuis
1810 3295 2100 3351 uberrimis

446 3398 669 3452 pascam
695 3397 785 3437 eas
815 3381 957 3452 (sive
986 3382 1120 3452 eos),
1154 3386 1206 3437 et
1249 3383 1308 3436 in
1338 3383 1613 3437 montibus
1655 3384 1888 3438 excelsis
1916 3384 2099 3439 Israel

447 3474 606 3526 erunt
634 3487 836 3542 pascua
864 3486 1061 3525 earum
1095 3471 1238 3541 (sive
1268 3471 1436 3527 ovilia
1466 3471 1669 3544 eorum)
1706 3488 1718 3526 :
1753 3472 1833 3526 ibi
1860 3474 2097 3544 requies-

443 3564 562 3616 cent
594 3562 655 3616 in
682 3560 865 3615 herbis
896 3560 1220 3621 viventibus,
1245 3569 1297 3615 et
1328 3561 1387 3614 in
1417 3564 1631 3630 pascuis
1647 3561 1949 3632 pinguibus
1968 3578 2094 3633 pas-

443 3655 635 3703 centur
660 3664 827 3718 super
854 3650 1060 3702 montes
1091 3647 1278 3702 Israel.
1311 3647 1418 3717 Ego
1442 3662 1668 3718 pascam
1697 3662 1816 3702 oves
1845 3664 2012 3717 meas,
2046 3656 2101 3704 et

442 3760 539 3814 ego
568 3761 660 3801 eas
688 3745 950 3800 accubare
969 3746 1178 3815 faciam
1199 3744 1340 3816 (sive
1358 3746 1731 3815 requiescere).
1756 3744 1890 3800 dicit
1908 3745 2093 3801 Domi-

444 3850 548 3889 nus
582 3834 738 3890 Deus.
774 3833 923 3902 Quod
951 3834 1207 3903 perierat,
1240 3834 1540 3903 requiram,
1574 3841 1625 3887 et
1656 3834 1799 3903 quod
1828 3834 2096 3904 abjectum

440 3925 643 3994 fuerat,
677 3921 937 3990 alligabo,
970 3924 1021 3976 et
1065 3921 1204 3992 quod
1251 3921 1537 3990 inﬁrmum
1584 3931 1720 3991 erat,
1750 3921 2094 3977 eonsolidabo

443 4011 589 4079 (sive
616 4010 952 4080 con/ortabo)
987 4025 1000 4064 :
1034 4018 1087 4064 et
1114 4010 1252 4081 quod
1278 4012 1483 4080 pingue
1510 4013 1560 4065 et
1589 4012 1749 4081 forte,
1770 4010 2094 4081 custodiam,

444 4111 495 4161 et
519 4123 742 4177 pascam
775 4107 900 4162 illas
930 4108 990 4160 in
1011 4106 1225 4178 judicio
1254 4106 1395 4177 (sive
1422 4123 1546 4161 cum
1565 4106 1818 4178 judicio).
1858 4112 1958 4162 Vos
1987 4125 2090 4163 au-

442 4197 569 4262 tem,
602 4209 791 4263 greges
834 4196 947 4249 mei
976 4194 1118 4265 (sive
1162 4210 1281 4250 oves
1309 4194 1492 4266 mese),
1528 4196 1645 4251 haec
1673 4195 1806 4251 dicit
1835 4196 2095 4251 Dominus

440 4282 582 4338 Deus
615 4300 628 4338 :
665 4284 798 4338 Ecce
825 4299 921 4351 ego
942 4281 1131 4353 judico
1159 4284 1304 4337 inter
1350 4299 1525 4353 recns,
1558 4292 1608 4339 et
1642 4300 1823 4355 pecus,
1855 4287 2092 4340 arietum

2216 408 2382 465 donec
2428 410 2875 481 dispergerentur
2917 411 3094 479 foras.
3137 405 3366 462 Salvabo
3408 424 3607 479 gregem
3646 430 3825 484 meum,

2216 498 2368 553 408
2398 506 2451 553 et
2478 512 2590 553 non
2632 498 2739 552 erit
2767 497 2917 552 ultra
2948 497 3009 550 in
3057 496 3340 565 rapinam,
3371 503 3421 550 et
3437 496 3674 567 judicabo
3699 503 3826 559 inter

2212 603 2373 659 pecus
2401 591 2452 642 et
2479 601 2641 658 pecus
2672 586 2818 656 (sive
2849 587 2996 640 inter
3024 583 3264 640 arietem
3292 586 3340 639 et
3368 586 3629 657 arietem).
3658 590 3719 644 Et
3745 608 3827 646 su-

2213 677 2421 732 scitabo
2467 691 2632 746 super
2676 691 2798 731 eas.
2835 672 3028 746 [Vulg.
3057 688 3124 728 ea
3153 672 3248 727 hic
3299 676 3467 744 atque
3510 674 3667 749 iniral
3704 680 3829 746 (sive

2214 764 2322 835 eos)
2349 771 2627 834 pastorem
2655 779 2830 819 unum
2857 764 2955 833 qui
2982 764 3178 833 pascat
3202 777 3290 816 eas
3324 761 3463 831 (sive
3488 764 3614 834 eos),
3640 781 3831 823 servum

2213 868 2396 907 meum
2437 851 2607 907 David
2640 868 2653 907 :
2690 853 2802 921 ipse
2826 859 3013 922 pascet
3062 866 3149 906 eas
3179 848 3322 919 (sive
3350 856 3457 921 eos)
3491 869 3503 907 :
3532 856 3584 906 et
3611 854 3713 924 ipse
3738 858 3831 912 erit

2214 942 2295 995 eis
2324 942 2385 996 in
2407 945 2705 1012 pastorem.
2728 945 2836 1011 Ego
2866 944 3055 995 autem
3089 941 3357 995 Dominus
3376 955 3464 994 ero
3482 942 3558 995 eis
3584 942 3641 995 in
3664 943 3826 1011 Deum,

2213 1037 2265 1084 et
2290 1045 2475 1085 servus
2512 1045 2668 1084 meus
2715 1028 2893 1084 David
2918 1030 3174 1099 princeps
3223 1029 3283 1082 in
3313 1027 3483 1083 medio
3510 1044 3703 1086 eorum.
3732 1033 3827 1103 Ego

2215 1118 2476 1172 Dominus
2502 1118 2709 1172 locutus
2738 1133 2880 1173 sum.
2903 1117 2964 1171 Et
2992 1117 3199 1187 faciam
3218 1131 3340 1171 cum
3374 1117 3454 1170 eis
3480 1124 3690 1186 pactum
3709 1118 3826 1188 (sive

2217 1209 2625 1274 testamentum)
2647 1207 2820 1276 pacis,
2850 1212 2901 1260 et
2925 1220 3137 1259 cessare
3154 1204 3360 1273 faciam
3381 1203 3575 1258 bestias
3595 1206 3827 1275 pessimos

2214 1294 2283 1349 de
2311 1297 2482 1362 terra,
2513 1302 2564 1349 et
2590 1295 2687 1365 qui
2714 1294 3037 1349 habitabant
3057 1290 3245 1364 [Vulg.
3273 1291 3538 1362 habitanti
3569 1294 3627 1347 in
3651 1292 3827 1350 deserto

2218 1384 2400 1437 securi
2427 1382 2698 1438 dormient
2728 1384 2784 1435 in
2818 1381 3068 1436 saltibus.
3103 1382 3166 1435 Et
3193 1395 3399 1451 ponam
3426 1396 3511 1435 eos
3541 1382 3599 1435 in
3624 1382 3831 1439 circuitu

2215 1472 2373 1527 collis
2410 1473 2519 1526 mei
2550 1470 2990 1537 benedictionem,
3021 1478 3073 1524 et
3101 1468 3370 1524 deducam
3398 1467 3538 1539 (sive
3565 1468 3711 1540 dabo)
3737 1473 3829 1525 im-

2220 1560 2368 1615 brem
2399 1562 2458 1613 in
2505 1568 2741 1631 tempore
2767 1574 2883 1627 suo,
2912 1558 3124 1629 pluviae
3172 1556 3558 1614 benedictionis
3582 1563 3750 1614 erunt.
3777 1559 3830 1613 Et

2215 1648 2367 1703 dabit
2398 1649 2616 1717 lignum
2645 1649 2772 1715 agri
2802 1646 2947 1717 (sive
2974 1645 3183 1701 dabunt
3209 1646 3362 1716 ligna
3388 1646 3710 1717 camporum)
3726 1647 3830 1715 fru-

2214 1741 2365 1792 ctum
2392 1753 2573 1803 suum,
2606 1740 2658 1791 et
2685 1738 2838 1791 terra
2868 1734 3020 1791 dabit
3040 1750 3261 1805 germen
3290 1750 3452 1789 suum
3481 1734 3619 1807 (sive
3635 1733 3831 1808 fortitu-

2215 1826 2452 1897 dinem):
2486 1829 2538 1880 et
2566 1825 2888 1896 erunt(sive
2918 1823 3266 1891 habitabunt)
3281 1824 3343 1878 in
3376 1832 3523 1878 terra
3541 1840 3638 1879 sua
3654 1823 3831 1894 absque

2216 1916 2409 1970 timore
2423 1914 2566 1982 (sive
2597 1917 2656 1968 in
2683 1930 2774 1984 spe
2791 1913 2995 1984 pacis):
3019 1920 3071 1968 et
3098 1914 3270 1967 scient
3296 1914 3434 1982 quia
3453 1927 3547 1980 ego
3571 1913 3825 1979 Dominus,

2215 2019 2345 2057 cum
2371 2005 2678 2059 contrivero
2706 2006 2924 2057 catenas
2956 2001 3098 2071 (sive
3125 2003 3395 2072 torquem)
3419 2002 3549 2072 jugi
3575 2017 3763 2066 eorum,
3788 2002 3829 2056 et

2213 2108 2406 2148 eruero
2427 2108 2515 2147 eos
2535 2091 2600 2147 de
2631 2108 2799 2147 manu
2822 2091 3219 2162 imperantium
3236 2090 3350 2145 sibi
3378 2090 3518 2160 (sive
3544 2092 3737 2146 servire
3754 2104 3830 2145 eos

2212 2180 2582 2252 facientium).
2607 2180 2672 2235 Et
2698 2196 2807 2235 non
2838 2187 3001 2234 erunt
3021 2178 3173 2234 ultra
3202 2178 3261 2233 in
3281 2180 3540 2249 rapinam
3565 2179 3827 2247 gentibus:

2213 2286 2387 2339 neque
2432 2269 2615 2325 bestiae
2648 2278 2811 2325 terra?
2855 2268 3192 2323 devorabunt
3218 2283 3307 2323 eos
3356 2286 3375 2322 :
3424 2267 3517 2323 sei
3544 2267 3829 2322 habitabant

2213 2357 2542 2428 conﬁdenter
2569 2358 2712 2426 (sive
2745 2360 2802 2412 in
2834 2357 2943 2429 spe)
2975 2358 3174 2428 absque
3201 2358 3319 2412 ullo
3351 2364 3576 2413 terrore.
3601 2357 3660 2411 Et
3683 2356 3830 2410 susci-

2212 2446 2335 2502 tabo
2355 2449 2432 2502 eis
2460 2462 2681 2514 germen
2704 2448 3049 2501 nominatum
3077 2445 3219 2516 (sive
3238 2443 3647 2517 plantationem
3660 2445 3829 2515 pacis:

2211 2539 2261 2591 et
2290 2551 2395 2589 non
2428 2539 2589 2589 erunt
2620 2535 2768 2590 ultra
2800 2534 3082 2589 imminuti
3110 2533 3251 2605 (sive
3276 2533 3593 2605 pereuntes)
3620 2532 3760 2607 fame
3782 2532 3831 2586 in

2211 2632 2377 2691 terra,
2396 2640 2572 2694 neque
2596 2624 2895 2695 portabunt
2924 2623 3166 2693 amplius
3185 2623 3488 2694 opprobria
3513 2623 3761 2693 gentium.
3780 2619 3830 2674 Et

2209 2714 2383 2767 scient
2410 2715 2539 2782 quia
2568 2728 2663 2780 ego
2691 2728 2814 2766 sum
2842 2712 3103 2768 Dominus
3133 2712 3275 2766 Deus
3307 2727 3502 2767 eorum
3529 2726 3647 2766 cum
3672 2710 3760 2775 eis,
3786 2713 3828 2763 et

2211 2802 2316 2871 ipsi
2335 2800 2575 2872 populus
2612 2817 2765 2855 meus
2793 2800 2983 2855 domus
3021 2800 3212 2865 Israel,
3243 2799 3384 2854 dicit
3415 2800 3668 2854 Dominus
3696 2800 3833 2852 Deus.

2216 2891 2313 2943 Vos
2334 2899 2517 2945 autem
2538 2906 2722 2958 greges
2736 2892 2865 2957 mei,
2888 2905 3024 2957 gres:
3047 2887 3237 2961 qulg.
3258 2904 3475 2961 gregesl
3496 2902 3700 2960 pascuae
3718 2897 3834 2940 mea

2210 2977 2353 3049 (sive
2381 2978 2527 3049 oves)
2548 2980 2798 3032 homines
2826 2979 2971 3048 estis,
2996 2982 3049 3033 et
3076 2994 3175 3048 ego
3204 2978 3477 3032 Dominus
3501 2978 3637 3032 Deus
3664 2977 3830 3038 vester,

2211 3067 2344 3121 dicit
2378 3069 2641 3122 Dominus
2668 3066 2825 3121 Deus.
2861 3066 3022 3138 Saepe
3054 3065 3400 3121 commonui
3431 3064 3728 3121 editionem
3757 3073 3832 3115 me

2211 3162 2520 3228 utramque
2537 3153 3158 3225 miscere,utlibrorum
3175 3155 3359 3210 vitem
3378 3153 3830 3227 magnitudinem,

2208 3243 2269 3298 in
2300 3244 2392 3299 his
2437 3245 2759 3315 dumtaxat,
2794 3261 2920 3316 quae
2954 3260 3070 3299 non
3124 3242 3392 3300 multum
3438 3261 3472 3299 a
3519 3257 3578 3297 se
3606 3237 3834 3295 transla-

2207 3333 2362 3389 tione
2385 3333 2739 3389 discordant.
2761 3333 2898 3388 Post
2928 3336 3158 3403 captam
3176 3332 3533 3401 Jerusalem,
3551 3332 3838 3402 postquam

2206 3423 2574 3477 annuntiavit
2594 3422 2651 3476 in
2687 3421 2974 3493 Babylone
2995 3420 3095 3493 qui
3128 3422 3389 3492 fugerat,
3415 3421 3636 3477 locutus
3664 3419 3752 3472 est
3777 3414 3839 3469 de

2205 3508 2296 3564 his
2319 3511 2419 3581 qui
2450 3509 2867 3565 habitabantin
2900 3509 3155 3565 ruinosis
3178 3509 3547 3573 Jerusalem,
3571 3511 3625 3562 et
3650 3501 3837 3560 deinde

2205 3600 2278 3654 ad
2308 3615 2406 3654 eos
2439 3600 2536 3670 qui
2570 3599 2630 3653 in
2661 3598 2993 3669 captivitate
3025 3597 3222 3669 positi,
3244 3597 3639 3654 nihilominus
3667 3607 3836 3665 perse-

2205 3687 2485 3743 verabant
2514 3687 2572 3741 in
2610 3687 2850 3757 malitia,
2885 3687 3179 3759 propheta:
3212 3687 3402 3742 verba
3446 3685 3644 3741 audire
3670 3679 3841 3737 nolen-

2204 3781 2292 3830 tes
2327 3793 2339 3830 :
2376 3792 2530 3830 nunc
2560 3777 2631 3831 ad
2665 3780 2948 3848 pastores,
2983 3776 3038 3829 id
3072 3780 3180 3842 est,
3210 3776 3288 3830 ad
3321 3775 3618 3847 principes
3647 3784 3840 3827 sermo-

2205 3879 2337 3917 nem
2371 3862 2587 3935 dirigit,
2620 3879 2865 3934 quorum
2888 3862 3026 3917 vitio
3049 3879 3203 3928 oves,
3236 3861 3303 3917 id
3332 3868 3445 3927 est,
3470 3858 3669 3935 populi
3698 3853 3842 3912 dissi-

2204 3952 2321 4023 pati
2380 3956 2537 4006 sunt.
2571 3952 2639 4006 Et
2683 3951 2792 4007 hoc
2830 3952 3175 4018 notandum,
3212 3952 3381 4022 quod
3437 3968 3472 4005 a
3523 3945 3840 4005 duodecimo

2203 4057 2375 4106 anno,
2410 4040 2633 4096 decimo
2658 4056 2881 4107 mense,
2905 4040 3111 4112 quinta
3136 4040 3370 4096 mensis
3394 4034 3840 4111 transmigratio-

2202 4129 2440 4196 nis,sive
2462 4128 3198 4200 captivitatisJechoniaa,et
3213 4128 3321 4200 qui
3344 4145 3483 4183 cum
3500 4144 3567 4183 eo
3582 4124 3726 4197 capti
3747 4122 3844 4177 fue-

2201 4221 2546 4289 rant,usque
2562 4218 2633 4271 ad
2648 4217 2990 4273 vicesimum
3005 4222 3061 4273 et
3073 4218 3357 4289 quintum
3377 4208 3840 4286 annum,quaudo

2202 4306 2354 4360 409
2424 4322 2600 4377 super
2655 4310 2912 4361 montem
2989 4306 3151 4362 urbis
3208 4304 3522 4361 aedificatae
3582 4301 3843 4373 templum

441 4375 494 4427 et
522 4371 822 4427 hircorum.
838 4372 1025 4427 Nonne
1042 4374 1177 4427 satis
1205 4372 1355 4427 vobis
1374 4375 1490 4427 erat
1506 4389 1716 4444 pascua
1738 4373 1877 4429 bona
1895 4372 2086 4447 qulg.

2208 4393 2538 4461 exstruitur,
2564 4398 2621 4449 et
2642 4392 3008 4450 incredibilia
3026 4392 3297 4449 Ecclesia:
3324 4396 3698 4450 sacramenta
3716 4403 3845 4460 pan-

435 4485 700 4541 pascuam
721 4469 937 4541 bonaml
966 4469 1184 4542 depasci
1202 4472 1227 4523 .9
1244 4471 1473 4541 Insuper
1497 4476 1548 4524 et
1572 4472 1837 4542 reliquias
1855 4488 2090 4543 pascua-

439 4574 567 4613 rum
594 4560 902 4613 vestrarum
929 4557 1339 4614 conculcabatis
1369 4559 1559 4631 [ναις.
1594 4561 1799 4614 εοησαι(
1813 4562 1967 4633 astis[
1990 4576 2093 4631 pe-

439 4646 600 4703 dibus
627 4649 836 4715 vestris,
867 4650 1058 4702 etcum
1087 4648 1447 4719 purissimam
1468 4664 1671 4719 aquam
1701 4648 1972 4716 biberetis,
1996 4664 2090 4703 re-

442 4735 652 4807 liquam
700 4735 928 4808 pedibus
976 4739 1168 4792 vestris
1215 4735 1517 4791 turbabatis
1547 4736 1655 4808 1A1.
1689 4736 1992 4810 turbastisl.
2027 4739 2091 4793 Et

438 4850 558 4891 oves
586 4851 718 4891 meae
747 4836 833 4890 his
883 4851 1002 4905 qum
1031 4836 1344 4890 conculcata
1372 4835 1595 4907 pedibus
1630 4837 1818 4891 vestris
1845 4838 2089 4907 fuerant,

437 4923 829 4994 pascebantur,
861 4927 913 4979 et
941 4938 1065 4994 quae
1088 4923 1252 4995 pedes
1283 4924 1446 4979 vestri
1456 4924 1837 4994 turbaverant,
1870 4926 1988 4981 haec
2009 4926 2089 4980 bi»

442 5012 655 5066 bebant.
708 5012 1009 5083 Propterea
1055 5012 1169 5067 haec
1214 5012 1351 5067 dicit
1399 5013 1662 5068 Dominus
1708 5015 1845 5068 Deus
1893 5013 1963 5067 ad
2002 5030 2091 5070 eos

442 5097 637 5171 qulg.
667 5114 778 5171 vos1
811 5116 824 5155 :
857 5101 988 5156 Ecce
1034 5116 1129 5169 ego
1158 5102 1271 5172 ipse
1298 5100 1477 5156 iudico
1500 5101 1643 5156 inter
1668 5117 1828 5171 pecus
1856 5104 2089 5172 pingue,

441 5194 490 5242 et
519 5187 874 5243 macilentum
925 5189 1067 5260 (sive
1096 5191 1241 5245 inter
1283 5204 1444 5260 pecus
1482 5191 1622 5261 forte
1649 5194 1705 5245 et
1732 5190 2037 5262 inﬁrmum)
2072 5207 2086 5247 :

435 5292 538 5349 pro
559 5292 620 5333 eo
636 5275 777 5348 quod
793 5277 1125 5346 lateribus,et
1137 5278 1654 5351 humeris(a)vestris
1678 5278 1988 5350 impingeba
1997 5280 2087 5347 tis,

2201 4483 2439 4551 duntur,
2466 4481 2667 4537 nullus
2689 4483 2746 4537 in
2774 4483 2965 4538 medio
2996 4499 3205 4553 annus,
3229 4474 3603 4555 nullumque
3636 4486 3845 4549 tempus

2200 4576 2288 4627 est
2337 4570 2629 4643 positum;
2662 4571 2762 4626 sed
2813 4570 3160 4643 simpliciter
3212 4571 3443 4627 dicitur
3477 4588 3490 4626 :
3530 4572 3734 4626 Factus
3771 4564 3846 4620 est

2200 4677 2391 4716 sermo
2418 4659 2638 4714 Domini
2663 4660 2734 4713 ad
2772 4660 3102 4727 me,dicens
3138 4677 3151 4715 :
3188 4660 3303 4715 Fili
3326 4656 3847 4727 bominis,loquere

2199 4749 2270 4804 ad
2303 4747 2434 4804 illas
2465 4753 2523 4803 et
2563 4749 2633 4803 ad
2664 4746 2816 4815 illos,
2854 4752 2919 4803 ut
2948 4747 3274 4821 intelligere
3306 4749 3643 4804 debeamus
3672 4740 3847 4800 omnia

2200 4854 2323 4908 qua:
2353 4835 2921 4908 legunturtredecim
2955 4836 3145 4903 anuis,
3175 4836 3442 4892 diversis
3465 4836 3626 4892 dicta
3646 4838 3849 4902 tempo-

2200 4925 2361 4980 ribus
2390 4943 2402 4992 ;
2427 4929 2485 4980 et
2508 4929 2702 4980 tamen
2727 4929 2886 4980 certa
2906 4924 3060 4980 inter
3080 4941 3141 4979 se
3162 4925 3362 4996 spatia
3388 4930 3727 4996 temporum
3748 4930 3847 4972 non

2199 5014 2430 5069 habere.
2460 5014 2545 5067 Ad
2581 5017 2841 5085 pastores
2874 5018 3070 5069 autem
3104 5012 3286 5069 Israel
3321 5029 3529 5069 sermo
3580 5007 3852 5081 dirigitur:

2199 5120 2346 5174 quos
2375 5102 2465 5157 vel
2496 5118 2681 5174 reges,
2705 5101 2791 5156 vel
2826 5100 3404 5173 principes,Scribas
3432 5107 3492 5157 et
3521 5098 3849 5157 Pharisaeos,

2198 5208 2263 5246 ac
2296 5190 2610 5264 magistros
2640 5189 2867 5245 Judaiei
2893 5188 3092 5261 p0puli
3122 5189 3423 5246 debemus
3456 5186 3738 5259 accipere.
3766 5176 3852 5236 Vel

2197 5284 2349 5336 certe
2380 5280 2438 5334 in
2468 5277 2812 5351 Evangelico
2845 5277 3080 5351 populo,
3114 5276 3851 5351 episcopos,presbyteross

518 5490 594 5572 (a)
623 5487 905 5550 Additum
936 5492 1143 5563 vestris,
1176 5491 1330 5568 quod
1366 5495 1593 5553 tantum
1624 5492 1704 5552 sit
1731 5508 1910 5571 penes
1940 5491 2096 5570 LXX,
2126 5492 2416 5556 Victorius
2446 5490 2746 5570 expunxit.
