3996 6182
287 299 405 361 333

845 294 1595 361 COMMENTARIORUM
1642 297 1719 356 IN
1768 292 2271 355 EZECHIELEM
2320 294 2470 355 LIB.
2515 294 2617 357 ΧΙ.
2665 297 2833 357 CAP.
2881 296 3124 359 XXXV.

3569 294 3688 360 334

290 431 471 486 vinus
500 429 571 485 de
628 428 970 485 hominibus
999 433 1109 497 est,
1144 429 1215 484 ad
1240 445 1388 501 quos
1438 428 1613 483 dicit:
1647 428 1762 499 Ego
1802 442 1934 482 sum
1963 428 2020 491 Α
2049 427 2204 498 quod
2235 426 2492 493 additur,
2524 429 2582 481 et
2611 432 2950 484 manentem
2980 428 3039 483 in
3073 443 3160 504 eo,
3185 426 3299 483 nisi
3318 428 3390 483 ab
3420 426 3552 484 aliis
3572 445 3689 485 non

295 518 588 575 Dominus
614 518 770 574 Deus
790 522 1000 584 vester,
1034 518 1175 574 dicit
1204 518 1489 573 Dominus
1520 516 1694 572 Deus.

348 607 514 678 (Cap.
546 605 774 678 XXXV.)
805 608 871 661 Et
896 611 1076 677 factus
1104 609 1183 661 est
1237 622 1415 661 sermo
1460 606 1684 660 Domini
1744 604 1814 659 ad
1852 619 1938 659 me

272 694 507 750 diem:
542 695 651 749 Fili
696 694 956 765 hominis,
1010 711 1154 766 pone
1208 694 1352 767 (sive
1409 694 1676 761 converte)
1734 692 1936 765 faciem

277 787 435 837 tuam
464 783 753 838 adversum
808 790 1045 838 montem
1104 782 1246 852 Seir,
1310 786 1358 837 et
1388 782 1734 853 pr0phetabis
1761 782 1828 835 de
1875 795 1935 835 eo

272 873 421 944 (sive
450 871 523 927 ad
548 871 698 942 eum)
728 875 779 926 et
806 872 956 927 dices
985 871 1093 940 illi,
1126 872 1238 925 haec
1274 871 1408 925 dicit
1438 872 1701 925 Dominus
1754 871 1893 925 Deus
1914 886 1932 923 :

270 965 411 1016 Ecce
435 976 533 1031 ego
560 960 635 1016 ad
681 963 912 1025 te,mons
936 961 1082 1026 Seir,
1116 963 1169 1014 et
1187 959 1479 1014 extendam
1509 975 1735 1014 manum
1753 973 1933 1012 meam

270 1065 443 1121 super
471 1053 543 1115 te,
573 1056 626 1104 et
650 1048 787 1104 dabo
816 1057 864 1103 te
892 1048 1209 1118 desolatam,
1240 1052 1404 1119 atque
1436 1047 1726 1103 desertum.
1763 1046 1927 1103 Urbes

279 1143 406 1192 tuas
430 1138 701 1194 demoliar
738 1136 881 1207 (sive
922 1138 984 1191 in
1024 1136 1252 1192 urbibus
1299 1139 1406 1192 tuis
1445 1138 1652 1206 faciam
1676 1135 1928 1191 solitudi-

270 1226 419 1297 nem)
443 1244 456 1281 :
490 1231 544 1282 et
573 1230 635 1281 tu.
663 1226 904 1281 desertus
932 1228 1063 1292 eris,
1085 1230 1138 1280 et
1156 1227 1312 1291 scies,
1338 1226 1469 1297 quia
1492 1241 1586 1295 ego
1605 1227 1711 1279 sim
1733 1223 1926 1295 [Vulg.

270 1319 425 1371 tacet
451 1314 583 1385 sim]
615 1316 883 1369 Dominus
906 1329 986 1369 :eo
1014 1314 1153 1386 quod
1169 1315 1346 1383 fueris
1367 1315 1628 1369 inimicus
1654 1314 1929 1385 sempiter-

267 1421 395 1470 nus,
428 1405 480 1459 el
511 1404 845 1459 concluseris
870 1403 1016 1473 ﬁlios
1038 1404 1210 1458 Israel
1262 1405 1322 1457 in
1362 1419 1532 1458 manu
1563 1401 1676 1472 [Αι.
1708 1403 1927 1473 manus)

268 1492 448 1560 gladii
474 1492 623 1563 (sive
650 1500 701 1547 et
728 1490 994 1547 assederis
1021 1493 1211 1546 domui
1241 1492 1408 1547 Israel
1443 1491 1829 1561 fraudulenter
1866 1493 1926 1546 in

268 1598 439 1636 manu
466 1580 694 1651 gladii),
726 1582 787 1635 in
810 1584 1049 1650 tempore
1102 1580 1420 1649 afflictionis
1465 1596 1675 1646 eorum,
1706 1582 1767 1634 in
1795 1589 1926 1636 tem-

262 1685 405 1741 pore
430 1670 750 1741 iniquitatis
762 1671 1044 1724 extremae.
1066 1668 1359 1739 Propterea
1379 1669 1497 1735 vivo
1522 1684 1636 1737 ego,
1663 1667 1796 1724 dicit
1818 1670 1923 1725 Do-

2048 531 2372 585 numquam
2389 516 2698 571 recederet.
2717 516 2991 589 Alioquin
3016 521 3071 572 et
3091 518 3163 573 ad
3179 520 3408 588 Moysen
3429 516 3693 589 loquitur

2048 606 2200 657 Deus
2229 620 2241 657 :
2283 604 2556 658 Auferam
2589 605 2658 661 de
2689 604 2898 677 spiritu
2930 604 3031 677 qui
3057 609 3146 661 est
3174 605 3236 659 in
3290 610 3347 660 te
3394 604 3582 677 (Num.
3609 622 3689 675 x1,

2048 692 2137 757 17)
2163 709 2175 746 :
2205 708 2381 762 quem
2415 692 2617 764 utique
2650 710 2764 748 non
2795 693 3175 758 haberet,nisi
3208 693 3279 749 ad
3293 710 3477 749 euma
3500 694 3694 750 Domi-

2045 796 2119 834 no
2150 779 2572 836 descendisset.
2607 782 2812 837 Omnis
2852 786 3047 838 autem
3080 782 3255 838 istius
3286 782 3525 855 capituli
3558 800 3690 855 pro-

2044 868 2241 939 phetia
2266 873 2355 924 est
2383 874 2585 925 contra
2616 876 2874 927 montem
2934 872 3081 938 Seir,
3116 870 3371 926 filiorum
3422 871 3692 929 videlicet

2041 958 2195 1013 Esau
2228 962 2285 1012 et
2310 958 2515 1025 Edom,
2535 959 2845 1031 quiGrzeca
2874 964 2930 1015 et
2958 966 3157 1015 nostra
3172 959 3377 1032 lingua
3391 960 3690 1032 appellan-

2040 1050 2140 1101 tur
2168 1046 2434 1113 Idumaai,
2468 1063 2533 1102 eo
2566 1049 2719 1119 quod
2751 1052 3010 1121 tempore
3032 1048 3396 1104 necessitatis
3425 1053 3483 1104 et
3512 1065 3692 1122 angu-

2041 1135 2186 1205 stiae,
2215 1136 2451 1207 quando
2480 1136 2511 1192 J
2520 1138 2666 1193 udas
2700 1138 3039 1210 capiebatur
3064 1156 3096 1193 a
3126 1137 3479 1210 Babyloniis,
3503 1138 3689 1194 insul-

2038 1224 2289 1279 taverint
2313 1224 2416 1293 eis,
2452 1229 2508 1280 et
2536 1227 2717 1297 ejecto
2750 1226 2963 1298 populo
2992 1227 3355 1296 Judaeorum,
3388 1226 3500 1282 sibi
3525 1230 3691 1298 puta-

2035 1312 2223 1367 verint
2250 1316 2465 1368 terram
2488 1315 2763 1370 traditam
2808 1316 2878 1370 ad
2912 1316 3423 1387 possidendum,et
3454 1331 3570 1370 non
3595 1330 3687 1370 so-

2034 1399 2157 1455 lum
2182 1417 2296 1456 non
2311 1402 2679 1473 susceperint
2691 1405 2783 1457 41
2796 1404 2843 1458 6
2859 1402 3471 1475 fratres(a)suos,filios
3483 1398 3688 1458 videli-

2035 1492 2124 1543 cet
2144 1489 2322 1544 Jacob
2350 1490 2481 1555 ;sed
2504 1491 2791 1561 persecuti
2809 1492 2947 1561 sint,
2972 1496 3029 1547 et
3058 1491 3523 1547 concluserintin
3560 1507 3688 1547 ma-

2035 1594 2145 1633 nus
2154 1577 2331 1650 gladii
2344 1577 2525 1634 .Unde
2538 1580 3696 1653 manifestiusinterpretatusestSymma-

2046 1666 2572 1739 chus,Sanguinem
2591 1671 2748 1723 tuum
2759 1668 3241 1737 odisti,etsanguis
3250 1675 3686 1740 persequeturte.

264 1761 452 1813 minus
483 1762 661 1824 Deus,
691 1758 953 1828 quoniam
982 1758 1245 1827 sanguini
1273 1756 1486 1811 tradam
1515 1760 1567 1811 te
1604 1756 1749 1824 (sive
1796 1773 1923 1829 quo-
1952 1784 2001 1850 B
2031 1753 2420 1826 Prophetatur
2442 1758 2637 1810 autem
2661 1757 2815 1827 quod
2839 1755 3039 1827 etipse
3061 1757 3380 1829 capiendus
3403 1757 3563 1825 sit,et
3582 1774 3679 1813 re-

255 1849 424 1902 m’am
454 1848 521 1901 in
547 1848 821 1917 sanguine
836 1846 1093 1917 peccasti)
1122 1853 1174 1900 et
1204 1847 1429 1916 sanguis
1467 1849 1518 1899 te
1543 1848 1918 1916 persequitur:

252 1942 461 1992 etcum
489 1937 820 2005 sanguinem
847 1934 1046 2001 oderis,
1091 1935 1319 2003 sanguis
1358 1936 1707 2006 persequitur
1756 1939 1825 1991 te.
1857 1936 1924 1990 Et

253 2025 402 2080 dabo
429 2033 671 2080 montem
700 2023 821 2079 Seir
866 2022 1169 2078 desolatum
1196 2030 1247 2077 et
1276 2022 1566 2090 desertum,
1592 2032 1643 2078 et
1674 2026 1925 2094 auferam

252 2113 321 2169 de
350 2128 418 2169 eo
447 2117 671 2169 euntem
696 2115 747 2167 et
777 2111 1090 2168 redeuntem
1117 2110 1260 2180 (sive
1291 2112 1535 2166 homines
1564 2119 1613 2167 et
1622 2112 1919 2183 jumenta).

250 2204 321 2258 Et
347 2202 599 2274 implebo
618 2203 826 2256 montes
846 2201 967 2271 ejus
988 2201 1290 2256 occisorum
1320 2215 1546 2255 suorum
1570 2199 1713 2272 (sive
1732 2200 1923 2255 vulne-

247 2291 515 2360 ratum):
550 2293 612 2344 in
665 2290 896 2345 collibus
955 2290 1084 2357 tuis,
1149 2293 1199 2343 et
1244 2290 1307 2342 in
1335 2289 1571 2343 vallibus
1602 2290 1734 2353 tuis,
1766 2296 1925 2359 atque

251 2380 609 2435 torrentibus
626 2379 907 2450 interfecti
923 2377 1106 2448 gladio
1116 2377 1330 2432 cadent.
1358 2378 1422 2431 In
1434 2376 1763 2432 solitudines
1785 2393 1926 2432 sem-

244 2471 526 2541 piternas
552 2468 781 2523 tradam
810 2471 880 2537 te,
893 2470 944 2521 et
972 2467 1218 2521 civitates
1248 2470 1362 2522 tuée
1390 2481 1501 2520 non
1531 2465 1927 2521 habitabantur

253 2566 311 2613 et
342 2558 540 2611 scietis
566 2555 710 2623 (sive
732 2555 890 2626 scies)
954 2555 1103 2611 415
1168 2556 1430 2624 quoniam
1468 2569 1564 2623 ego
1593 2570 1717 2608 sum
1748 2555 1925 2609 Domi-

249 2662 378 2700 nus
414 2643 610 2716 (Vulg.
644 2643 806 2699 addit
835 2643 1021 2713 Deus]:
1047 2658 1111 2698 eo
1141 2642 1285 2714 quod
1313 2643 1554 2697 dixeris:
1584 2641 1710 2698 duae
1744 2650 1925 2711 gentes

249 2744 311 2791 et
343 2734 486 2790 dum
514 2735 676 2789 teme
705 2732 847 2804 (sive
876 2730 1143 2801 regiones)
1173 2746 1308 2785 mete
1336 2735 1519 2798 erunt,
1542 2734 1591 2785 et
1614 2730 1930 2786 ha’reditate

242 2821 561 2895 possidebo
588 2837 696 2889 eas,
717 2836 843 2875 cum
872 2821 1137 2876 Dominus
1173 2828 1306 2877 esset
1336 2821 1433 2874 ibi.
1484 2820 1780 2890 Propterea
1809 2822 1929 2875 vivo

252 2927 396 2983 ego,
422 2910 560 2965 dicit
576 2911 843 2965 Dominus
861 2911 1001 2964 Deus
1026 2926 1039 2963 :
1065 2911 1192 2979 quia
1216 2909 1422 2978 faciam
1428 2909 1600 2980 juxta
1619 2910 1763 2963 iram
1783 2909 1929 2979 (sive

256 3000 663 3067 inimicitiam)
688 3007 873 3053 tuam:
903 3006 955 3053 et
1010 2996 1304 3052 secundum
1360 2998 1537 3052 zelum
1567 3001 1741 3060 tuam,
1772 3014 1931 3069 quem

253 3088 482 3160 fecisti,
513 3086 629 3142 odio
655 3087 858 3141 habens
874 3102 981 3153 eos,
1002 3092 1054 3141 et
1074 3096 1240 3141 notus
1261 3086 1479 3157 afﬁcior
1509 3086 1609 3141 tibi
1630 3085 1823 3158 (Vulg.
1828 3102 1928 3157 per

252 3281 408 3322 nus.
442 3263 639 3319 Audivi
656 3266 914 3319 universa
940 3265 1232 3335 oppropria
1281 3267 1376 3319 tua
1416 3263 1558 3334 (sive
1601 3279 1783 3319 vocem
1814 3264 1926 3318 bla-

247 3355 634 3428 phemiarum
652 3353 897 3422 tuarum)
919 3365 1045 3422 quae
1065 3352 1274 3407 locutus
1301 3367 1375 3418 es,
1402 3350 1542 3421 (sive
1562 3353 1693 3423 quia
1723 3353 1927 3407 locutus

250 3446 343 3513 es)
380 3442 453 3497 de
482 3441 755 3495 montibus
776 3441 964 3505 Israel,
995 3440 1201 3506 dicens,
1235 3440 1436 3496 deserti
1470 3440 1627 3496 nobis
1658 3441 1772 3496 dati
1804 3448 1930 3496 sunt

256 3533 337 3589 ad
376 3528 774 3596 devorandum,
807 3535 859 3585 et
879 3530 1295 3584 ‘insurreacistis
1342 3528 1533 3602 [Vulg.
1584 3531 1927 3602 surrexistis]

254 3635 448 3693 super
465 3634 557 3674 me
583 3634 675 3674 ore
703 3618 1020 3689 vestro(sive
1051 3617 1338 3688 magniﬁce
1365 3618 1570 3673 locutus
1591 3634 1644 3673 es
1662 3635 1827 3690 super
1845 3636 1933 3675 me

256 3726 366 3769 ore
400 3708 559 3779 tuo):
599 3710 651 3761 et
677 3707 974 3777 derogastis
1021 3706 1308 3762 adversum
1352 3723 1441 3762 me
1465 3706 1608 3778 (sive
1648 3710 1934 3779 vociferati

254 3800 413 3856 estis
439 3799 635 3852 contra
662 3795 769 3865 me)
798 3795 961 3851 verba
990 3804 1205 3851 vestra:
1255 3811 1352 3865 ego
1401 3796 1609 3851 audivi.
1644 3798 1772 3854 Haec
1798 3797 1934 3853 dicit

258 3886 552 3943 Dominus
581 3888 724 3938 Deus
749 3900 761 3938 :
794 3884 1033 3939 latante
1052 3886 1309 3940 universa
1329 3886 1564 3955 terra,in
1579 3886 1935 3941 solitudinem

262 3986 318 4032 te
354 3974 654 4043 redigam:
684 3973 851 4027 sicuti
878 3974 1095 4043 gavisus
1132 3989 1187 4028 es
1231 3989 1395 4043 super
1418 3973 1734 4029 haereditate
1747 3974 1935 4030 domus

260 4063 477 4131 Israel,
500 4077 562 4116 eo
590 4061 736 4134 quod
754 4062 924 4130 fuerit
944 4061 1208 4133 dissipata
1228 4078 1249 4123 ;
1264 4064 1343 4117 sic
1360 4063 1567 4133 faciam
1586 4063 1687 4118 tibi
1710 4080 1728 4116 :
1762 4064 1935 4119 Dissi-

256 4159 445 4225 patus
470 4149 621 4217 (sive
642 4150 905 4219 desertus)
955 4150 1083 4219 eris,
1133 4166 1287 4205 mons
1329 4149 1489 4205 Seir:
1521 4156 1573 4206 et
1603 4153 1780 4207 omnis
1811 4152 1934 4208 Idu-

264 4254 446 4303 maea,
477 4244 531 4291 et
551 4237 747 4303 scient,
770 4238 901 4308 quia
928 4252 1023 4306 ego
1050 4252 1175 4291 sum
1230 4237 1511 4291 Dominus.
1560 4236 1706 4292 Illud
1740 4242 1936 4293 autem

266 4327 444 4400 quod
488 4324 551 4379 in
584 4324 730 4379 LXX
761 4324 1025 4379 additum
1058 4329 1166 4391 est,
1199 4332 1250 4379 et
1302 4334 1704 4393 consumentur,
1736 4327 1793 4381 in
1827 4331 1937 4382 He-

266 4414 485 4471 braico
518 4429 635 4468 non
666 4412 934 4467 habetur.
969 4412 1029 4467 Si
1088 4429 1319 4484 semper
1362 4413 1423 4467 in
1455 4415 1756 4487 prophetis
1786 4428 1941 4472 esset

2036 1843 2326 1915 digendus
2359 1844 2417 1897 in
2451 1843 2797 1901 solitudines
2822 1844 3231 1917 sempiternas,
3257 1850 3313 1900 et
3355 1862 3550 1901 rerum
3573 1846 3690 1902 fine

2035 1935 2348 2002 cognoscat
2371 1948 2497 1987 esse
2520 1933 2775 2003 iudicem
2799 1937 3077 1999 Deum,eo
3100 1934 3255 2005 quod
3293 1933 3533 1990 dixerit:
3554 1938 3687 1989 Duae

2030 2025 2252 2093 gentes,
2284 2025 2341 2076 et
2372 2022 2497 2075 duae
2528 2022 2793 2094 regiones
2812 2039 2952 2077 meae
2985 2026 3122 2078 sunt
3146 2040 3160 2090 ;
3184 2021 3272 2078 vel
3293 2023 3686 2078 Idumaeorum

2031 2113 2088 2164 et
2115 2110 2473 2179 Judaeorum,
2505 2109 2592 2165 vel
2624 2115 2777 2166 certe
2805 2112 2964 2166 Judte
2994 2115 3050 2166 et
3084 2110 3282 2177 Israel,
3313 2111 3567 2167 duarum
3600 2112 3686 2167 vi-

2032 2195 2239 2251 delicet
2266 2201 2322 2252 et
2339 2198 2538 2253 decem
2561 2198 2845 2254 tribuum.
2864 2200 2932 2254 Et
2947 2198 3178 2255 locutus
3198 2215 3260 2254 es
3280 2200 3351 2254 de
3373 2200 3674 2257 montibus

2032 2285 2230 2351 Israel,
2263 2286 2496 2342 dicens:
2521 2286 2748 2343 Deserti
2781 2287 2953 2343 nobis
2981 2288 3101 2343 dati
3133 2290 3273 2343 sunt
3301 2288 3373 2342 ad
3404 2289 3686 2344 devoran-

2034 2374 2198 2444 dum,
2231 2392 2345 2430 non
2379 2376 2757 2431 considerans
2790 2376 2944 2447 quod
2960 2376 3079 2432 haec
3096 2376 3494 2432 contraDeum
3520 2377 3676 2433 blas-

2033 2463 2267 2535 phemia
2281 2465 2375 2519 red
2388 2465 2653 2520 undaret.
2670 2464 2833 2519 Unde
2854 2466 3152 2535 sequitur:
3174 2467 3688 2522 Latanteuniversa

2035 2560 2202 2619 terra,
2238 2554 2299 2607 in
2328 2553 2683 2609 solitudinem
2713 2562 2766 2608 te
2786 2553 3051 2621 redigam.
3078 2554 3149 2608 Et
3170 2557 3260 2608 est
3276 2569 3487 2609 sensus
3514 2570 3526 2608 :
3551 2569 3686 2608 cum

2036 2641 2227 2698 omnis
2256 2645 2410 2697 terra
2436 2642 2639 2705 Judzea
2670 2642 2949 2716 receperit
2994 2641 3308 2713 pristinum
3343 2646 3589 2707 statum,
3620 2646 3687 2697 tu

2035 2739 2404 2815 permanebis
2434 2738 2493 2793 in
2526 2734 2843 2791 solitudine
2874 2730 3232 2802 sempiterna
3256 2746 3269 2785 :
3291 2730 3573 2801 Quodque
3594 2730 3682 2785 in-

2036 2833 2221 2887 fertur
2246 2848 2259 2885 :
2292 2830 2469 2884 Sicuti
2495 2828 2715 2898 gavisus
2746 2840 2800 2879 es
2835 2838 3001 2892 super
3030 2819 3346 2875 Iaereditate
3375 2820 3571 2874 domus
3600 2825 3684 2875 Is-

2035 2922 2171 2991 rael,
2198 2937 2257 2976 eo
2286 2919 2423 2991 quod
2453 2918 2624 2990 fuerit
2653 2915 2936 2985 dissipata,
2976 2912 3057 2965 sic
3083 2911 3290 2980 faciam
3316 2909 3438 2973 tibi,
3471 2909 3530 2962 in
3549 2908 3687 2963 LXX

2041 3027 2156 3066 non
2187 3006 2562 3072 babetur,sed
2587 3005 2695 3059 sub
2719 3000 3016 3058 asteriscis
3038 2999 3110 3054 de
3129 2997 3548 3053 Theodotionis
3568 2996 3687 3053 edi-

383 3088 482 3152 ³ίὲ
513 3086 629 3142 στίίο
655 3087 858 3141 habens
874 3102 981 3153 εοδν
1002 3092 1054 3141 ετ
1074 3096 1240 3141 ποίαις
1261 3086 1479 3157 (ll-ﬁda"
1509 3086 1609 3141 ιίίη
1630 3085 1928 3158 [vnlg-Per
2000 3110 2001 3113 ‘
2039 3100 2199 3155 tione
2220 3097 2487 3153 additum
2506 3098 2612 3150 est.
2638 3092 2842 3148 Omnis
2856 3093 3053 3145 autem
3073 3086 3270 3141 iraDei
3295 3086 3432 3140 illuc
3455 3085 3686 3157 proﬁcit

383 3176 407 3247 ]
433 3192 557 3232 Cum
573 3176 889 3247 Ϊυάίοαυενο
921 3179 989 3240 ιθ,
1017 3178 1069 3231 ετ
1099 3177 1235 3231 εείεδ
1264 3176 1397 3246 quia
1434 3191 1530 3243 890
1570 3191 1691 3230 sum
1737 3176 1925 3231 Ποτηί·
1957 3149 2000 3216 C
2038 3192 2240 3243 contra
2272 3190 2529 3241 montem
2561 3181 2707 3247 Seir,
2734 3184 2799 3235 ut
2837 3195 2971 3234 cum
3020 3176 3194 3231 fuerit
3240 3174 3584 3246 dissipatus,
3625 3177 3684 3229 et

256 3191 407 3247 ϐας]
433 3192 557 3232 cum
573 3191 889 3247 Juaicavero
921 3191 989 3240 ιθ,
1017 3191 1069 3231 ει
1099 3191 1235 3231 86263
1264 3191 1397 3246 quia
1434 3191 1530 3243 ego
1570 3191 1691 3230 sum
1737 3191 1925 3231 νοτηι-

2038 3192 2240 3243 contra
2272 3190 2529 3241 montem
2561 3181 2707 3249 Seir,
2734 3184 2799 3235 ut
2837 3195 2971 3234 cum
3020 3176 3194 3231 fuerit
3240 3174 3584 3246 dissipatus,
3625 3177 3684 3229 et

2037 3277 2181 3349 ipse,
2212 3279 2268 3330 et
2297 3274 2569 3329 universa
2597 3271 2854 3326 Idumaca
2884 3269 3257 3339 cognoscant,
3290 3264 3430 3337 quia
3451 3263 3577 3336 ipse
3607 3262 3686 3318 sit

2038 3363 2341 3419 Dominus.
2375 3366 2505 3416 Haec
2528 3361 2699 3432 juxta
2747 3355 3079 3424 historiam,
3131 3358 3187 3409 et
3226 3368 3465 3408 sensum
3493 3350 3684 3423 magis

2039 3468 2217 3524 quam
2238 3452 2415 3506 verba
2437 3448 2656 3505 cursim
2675 3445 2940 3501 dixerim.
2961 3442 3247 3498 Transibo
3265 3441 3334 3495 ad
3359 3455 3681 3517 anagogen,

2039 3547 2097 3597 et
2118 3540 2312 3596 studio
2330 3537 2630 3594 brevitatis
2654 3550 2839 3607 pauca
2860 3530 3269 3602 perstringam.
3295 3529 3467 3596 Pone,
3498 3526 3688 3597 inquit

2040 3630 2159 3686 sive
2180 3632 2447 3684 converte
2464 3625 2671 3681 faciem
2706 3628 2867 3677 tuam
2896 3620 3207 3675 adversum
3249 3620 3506 3672 montem
3538 3613 3685 3680 Seir,

2041 3720 2111 3774 Et
2140 3717 2539 3789 signiﬁcanter
2579 3713 2677 3779 ait,
2726 3713 2991 3774 converte,
3027 3708 3097 3762 ab
3132 3705 3248 3760 alia
3282 3703 3591 3776 prophetia
3618 3702 3693 3758 ad

2043 3806 2218 3863 aliam
2251 3799 2884 3877 prophetiam.Faciam
2907 3800 3103 3851 autem
3133 3810 3249 3849 non
3278 3791 3558 3863 corporis,
3590 3790 3696 3847 sed

2044 3893 2249 3961 animi,
2269 3893 2339 3947 de
2357 3908 2473 3962 qua
2501 3889 2644 3944 dicit
2664 3892 2720 3943 et
2744 3884 3058 3958 Apostolus
3083 3901 3095 3938 :
3118 3883 3236 3938 Nos
3268 3885 3465 3936 autem
3483 3894 3688 3934 omnes

2045 3982 2295 4039 revelata
2315 3977 2733 4051 facie,gloriam
2755 3967 3547 4043 Dominicontemplantes(ll
3567 3968 3688 4024 Cor.

2046 4090 2131 4137 ιιι,
2160 4072 2264 4140 18).
2290 4069 2457 4123 Mons
2480 4072 2674 4122 autem
2690 4066 2836 4130 Seir,
2869 4062 2970 4134 qui
2991 4060 3410 4131 interpretatur
3443 4055 3694 4127 hispidus

2046 4165 2102 4217 et
2127 4162 2355 4232 pilosus,
2389 4154 2680 4212 contraria
2710 4151 2986 4209 fortitudo
3030 4148 3366 4221 accipienda
3409 4150 3518 4212 est,
3566 4160 3693 4217 quae

2046 4244 2561 4320 praesidebatgenti
2579 4243 2830 4298 filiorum
2849 4241 3086 4306 Esau,et
3105 4254 3166 4293 se
3187 4241 3389 4291 contra
3408 4233 3694 4307 populum

2047 4320 2219 4405 Jud'a,
2252 4335 2311 4389 id
2334 4338 2442 4400 est,
2476 4328 2864 4387 confessionis
2917 4331 2975 4382 et
3048 4342 3194 4381 verte
3236 4323 3367 4378 ﬁdei
3412 4324 3690 4377 erexerat.

2051 4424 2212 4489 Quod
2246 4423 2296 4477 si
2328 4422 2585 4494 prudens
2613 4419 2793 4474 lector
2819 4410 3476 4488 opposuerit,quomodo
3502 4409 3561 4464 in
3580 4409 3695 4464 isto

270 4519 482 4561 ὕει’ωο
518 4502 638 4571 θεῖ,
669 4505 727 4555 et
747 4502 892 4572 ,ἱυεθ
918 4501 979 4556 in
1012 4506 1241 4571 Ρθθῐοτθ
1259 4517 1461 4557 eorum
1483 4502 1723 4558 haberet
1742 4503 1936 4577 hOSpi-
1964 4512 2010 4576 D
2038 4512 2163 4568 loco
2185 4511 2447 4575 Seir,boc
2470 4513 2578 4571 est,
2604 4506 2880 4577 hispidus
2910 4511 2966 4559 et
2995 4502 3238 4574 pilosus,
3262 4496 3695 4571 intelligaturin

270 4593 462 4657 tium,
486 4605 801 4661 nunquam
825 4595 944 4644 tam
970 4589 1176 4645 crebro
1198 4589 1459 4645 Ezechiel
1482 4593 1813 4662 poneretzEt
1830 4593 1942 4650 fac-

274 4688 387 4736 tus
401 4685 489 4736 est
504 4696 699 4735 sermo
713 4677 940 4734 Domini
958 4678 1030 4733 ad
1046 4694 1139 4733 me
1152 4678 1493 4733 dicens.Sed
1508 4679 1647 4749 quia
1658 4680 1729 4735 ob
1742 4679 1945 4738 huma-

278 4784 427 4824 nam
457 4767 863 4840 fragilitatem,
897 4772 954 4821 et
981 4766 1111 4822 vitae
1138 4766 1319 4838 hujus
1349 4768 1746 4836 necessitates,
1767 4768 1945 4843 inter-

282 4859 432 4913 dum
464 4856 775 4912 recedebat
796 4857 867 4911 ab
899 4855 1004 4923 eis,
1040 4860 1345 4927 propterea
1386 4855 1640 4911 Joannes
1686 4857 1948 4930 Baptista

284 4946 587 5017 loquitur:
616 4944 726 5008 Qui
747 4942 910 4999 misit
926 4959 1021 4998 me
1068 4944 1383 5015 baptizare,
1427 4944 1553 5015 ipse
1593 4945 1741 4999 dixit
1761 4948 1944 5003 mihi:

284 5035 486 5105 Super
502 5049 680 5105 quem
712 5032 928 5087 videris
944 5031 1227 5103 Spiritum
1249 5037 1519 5087 sanctum
1540 5031 1600 5087 in
1621 5034 1813 5105 specie
1849 5052 1948 5091 co-

286 5123 512 5178 lumbae
539 5122 991 5177 descendentem
1014 5125 1071 5175 et
1100 5125 1435 5176 manentem
1491 5121 1551 5175 in
1582 5136 1670 5191 eo,
1704 5122 1829 5194 ipse
1863 5128 1953 5180 est

288 5210 746 5283 (Joan.1,33).Nu
756 5226 995 5281 mquam
1009 5210 1164 5266 enim
1180 5210 1482 5282 proprium
1498 5211 1801 5269 essetian
1811 5214 1952 5270 risto

372 5386 448 5457 (ιι)
482 5386 921 5459 Legimuscum
937 5386 1213 5452 Victoria,
1231 5388 1303 5443 ad
1334 5404 1478 5444 mss.
1503 5389 1770 5445 codicum
1790 5396 1951 5448 vetu-

292 5457 669 5529 stiorumque
690 5457 1014 5513 editionum
1039 5459 1614 5514 ﬁdem.Martiauaaus
1628 5477 1760 5515 cum
1782 5463 1951 5519 Eras-

2053 4600 2264 4655 malam
2288 4601 2674 4670 partem,cum
2698 4592 2851 4647 Elias
2867 4606 3100 4663 quoque
3118 4589 3207 4644 vir
3234 4587 3460 4659 pilosus
3504 4587 3699 4640 dictus

2054 4690 2132 4744 sit
2151 4688 2243 4760 (IV
2272 4688 2399 4755 Reg.
2426 4686 2465 4756 ι)
2487 4703 2499 4738 :
2515 4679 3231 4751 breviterrespondebo,de
3243 4679 3394 4731 Esau
3411 4675 3699 4746 scriptum

2054 4793 2205 4842 esse,
2232 4775 2384 4846 quod
2411 4773 2576 4827 rufus
2598 4770 2859 4839 tuerit,et
2899 4767 3067 4840 quasi
3090 4766 3260 4837 pellis
3300 4762 3551 4835 bispidis
3577 4762 3696 4830 (Ge-

2054 4881 2171 4921 nes.
2202 4864 2333 4933 xxv)
2358 4879 2371 4914 :
2402 4862 2473 4916 de
2504 4860 2629 4914 Elia
2656 4875 2790 4913 vero
2820 4858 2974 4929 quod
2997 4855 3083 4910 vir
3105 4858 3338 4909 tantum
3362 4850 3608 4923 pilosus.
3631 4854 3699 4905 In

2056 4954 2206 5009 Esau
2240 4950 2337 5022 qui
2371 4946 2786 5020 sanguinarius
2819 4950 2875 5001 et
2926 4948 3225 5008 cruentus,
3267 4939 3403 5013 pelli
3452 4939 3698 5012 hispidae

2056 5042 2205 5097 417
2274 5040 2666 5109 comparatur,
2721 5032 3056 5089 mortalium
3103 5046 3367 5103 operum,
3400 5032 3459 5085 et
3516 5028 3700 5101 ipsius

2059 5128 2264 5185 mortis
2297 5125 2576 5181 indicium
2613 5128 2722 5191 est,
2741 5123 2799 5176 in
2813 5120 2936 5176 Elia
2962 5119 3257 5175 virilitatis
3288 5122 3699 5190 argumentum

2057 5216 2444 5283 Quamobrem
2477 5216 2533 5268 et
2562 5210 2841 5267 habitatio
2872 5210 3001 5280 ejus
3032 5209 3092 5264 in
3124 5207 3439 5265 solitudine
3475 5210 3533 5263 et
3562 5221 3700 5261 con-

2062 5394 2198 5452 ﬁliis
2226 5394 2396 5459 Esau,
2431 5406 2543 5445 non
2578 5389 2649 5443 de
2679 5388 2806 5458 ipso
2836 5386 3216 5459 EsauLcujus
3247 5384 3580 5459 frater_er_at
3602 5379 3700 5459 Ja-

2063 5450 2189 5533 cob,
2224 5450 2414 5521 sermo
2446 5463 2531 5515 fit.
2566 5450 2751 5533 Erant
2773 5463 2969 5514 autem
2998 5450 3337 5533 illi'fratres
3365 5452 3470 5508 lilii
3499 5450 3698 5529 Jacob,

294 5530 794 5613 tuoincommodo
816 5532 1953 5613 sensu,susceperint_[ilios,‘vidgl‘iceuacqb
2064 5529 2261 5613 utpote
2290 5552 2359 5593 ex
2387 5533 2617 5591 duobus
2647 5531 2758 5589 orti
2784 5529 3101 5608 germanis.

294 5603 500 5684 fratris
526 5603 636 5679 sui,
663 5601 776 5677 sed,
808 5607 918 5663 etc.
952 5601 1863 5683 Nam,inquitlaudatusVictor.,
1883 5607 1956 5668 de
