3996 6182
280 380 389 405 ’ὶιὴ

261 404 389 474 33?

825 408 1571 475 COMMENTARIORUM
1616 411 1693 471 IN
1740 410 2237 472 EZECHIELEM
2285 410 2428 472 LIB.
2472 410 2573 475 XI.
2620 414 2790 477 CAP.
2837 413 3106 478 XXXVI.

3548 368 3670 475 es

263 563 294 593 α
320 559 451 615 quae
483 541 845 616 depopulata
874 548 1033 616 sunt,
1065 552 1121 601 et
1149 544 1524 600 subsannata:
1576 544 1710 618 (szve
1765 561 1906 598 con-
1938 546 1992 610 Α
2021 542 2216 599 brium
2239 545 2446 600 essetis
2478 545 2703 601 cunctis
2725 546 3036 618 gentibus:
3062 549 3369 619 propterea
3389 546 3511 603 haec
3527 546 3670 603 dicit

257 655 284 683 α
317 632 589 703 culcatze)
612 651 645 688 a
664 634 769 705 (Al.
798 634 874 704 et)
898 634 1137 705 reliquis
1156 633 1430 707 gentibus
1446 650 1549 705 per
1578 633 1907 690 circuitum.

258 746 279 772 ι
312 723 635 794 Propterea
658 722 777 777 haec
810 724 952 778 dicit
974 723 1255 779 Dominus
1306 723 1495 779 Deus:
1530 723 1817 787 Quoniam
1850 724 1907 779 in

253 833 282 861 α
311 811 454 883 igne
485 810 591 866 zeli
615 812 730 866 mei
750 811 982 867 locutus
1005 829 1136 867 sum
1172 813 1240 867 de
1266 811 1504 883 reliquis
1537 812 1829 883 gentibus,
1854 818 1911 867 et

251 923 279 949 α
312 901 389 955 de
418 902 680 955 Idumaza
707 902 999 971 universa,
1035 901 1133 973 qui
1188 901 1364 970 [Vulg.
1427 902 1574 972 quae]
1624 903 1910 957 dederunt

249 993 523 1045 aterram
553 1005 749 1044 meam
801 988 913 1045 sibi
964 990 1019 1043 in
1065 989 1460 1045 hmreditatcm
1510 1006 1645 1044 cum
1695 990 1907 1061 gaudio

246 1101 275 1128 α
308 1078 419 1148 (ΑΙ.
450 1075 695 1150 gladio),
729 1083 785 1132 et
814 1083 934 1134 toto
967 1079 1159 1146 corde,
1181 1083 1238 1134 et
1265 1096 1333 1135 ex
1362 1079 1579 1146 animo,
1614 1084 1670 1133 et
1716 1080 1902 1151 ejece-

245 1190 274 1215 ιι
306 1172 450 1222 runt
480 1183 614 1221 eam
650 1171 715 1221 nt
742 1171 1041 1224 vastarent
1070 1168 1207 1240 (sive
1238 1184 1376 1223 cum
1408 1168 1541 1223 odio
1572 1168 1904 1240 despicien—

242 1278 273 1306 ιι
301 1262 395 1311 tes
427 1256 686 1320 animas,
718 1262 783 1311 ut
822 1255 1229 1313 subverterent
1259 1273 1358 1312 eas
1414 1256 1473 1311 in
1530 1256 1900 1328 vastatione).

243 1370 271 1394 τι
304 1346 533 1402 Idcirco
566 1345 652 1400 ait
682 1345 702 1413 [
712 1347 865 1414 Vulg.
899 1350 1041 1402 tacet
1078 1347 1203 1418 ait],
1228 1346 1547 1402 vaticinare
1578 1364 1754 1418 super
1782 1351 1901 1401 ter-

243 1457 271 1483 α
300 1450 429 1488 ram
462 1434 675 1501 Israel,
712 1440 768 1490 et
790 1434 950 1490 dices
972 1435 1273 1490 montibus
1296 1439 1351 1490 et
1373 1433 1644 1500 collibus,
1660 1435 1824 1507 jugis
1848 1440 1903 1490 et

247 1545 273 1571 ει
301 1523 583 1593 vallibus,
615 1523 740 1578 haec
770 1523 911 1579 dicit
941 1524 1225 1580 Dominus
1266 1524 1459 1579 Deus:
1495 1523 1635 1577 Ecce
1667 1540 1773 1596 ego
1841 1523 1900 1578 in

252 1633 283 1660 ιι
309 1611 428 1666 zelo
452 1629 613 1678 meo,
642 1617 701 1667 et
734 1614 791 1667 in
823 1614 1017 1668 furore
1049 1629 1176 1668 meo
1206 1613 1437 1667 locutus
1465 1629 1619 1679 sum,
1644 1629 1710 1667 eo
1742 1614 1896 1684 quod

255 1723 283 1749 cr
316 1700 718 1757 confusionem
751 1704 887 1773 (sive
916 1701 1249 1773 opprobria)
1281 1701 1545 1774 gentium
1602 1702 1895 1757 sustinue-

250 1814 275 1838 α
301 1789 448 1846 ritis.
470 1791 701 1846 Idcirco
722 1791 845 1847 hzec
868 1790 1007 1846 dicit
1038 1791 1191 1848 420
1224 1790 1507 1845 Dominus
1548 1790 1701 1845 Deus
1763 1791 1899 1862 (sive

247 1900 270 1928 ι
298 1879 530 1934 Adonai
563 1880 873 1952 Dominus)
899 1898 911 1935 :
939 1881 1055 1953 Ego
1086 1880 1267 1977 levavi
1285 1880 1432 1977 (sive
1488 1880 1711 1949 levabo)
1777 1899 1897 1936 ma-
1927 1913 1973 1977 Β

236 1990 263 2017 «ι
299 1985 453 2023 num
479 1985 679 2025 meam
704 1974 790 2025 :ut
812 1973 1015 2041 gentes
1030 1986 1156 2041 quae
1175 1969 1234 2023 in
1248 1968 1497 2024 circuitu
1528 1975 1715 2025 vestro
1734 1975 1893 2036 sunt,

233 2078 259 2105 «ι
293 2055 449 2127 ipsa:
480 2056 891 2113 confusionem
926 2058 1059 2128 (sive
1086 2056 1496 2131 ignominiam)
1530 2075 1697 2113 suam
1756 2076 1887 2130 por-

232 2168 251 2192 σ
290 2149 449 2200 tent.
480 2145 606 2201 Vos
637 2152 856 2208 autem.
882 2150 1107 2202 montes
1166 2146 1368 2215 Israel,
1422 2163 1618 2202 ramos
1674 2152 1898 2203 vestros

224 2258 247 2283 ιι
282 2236 441 2304 (sive
467 2252 615 2289 uvas
640 2236 887 2306 vestras)
929 2236 1288 2306 germinetis,
1349 2240 1405 2290 et
1456 2236 1711 2290 fructum
1769 2253 1899 2291 ves-

220 2343 249 2370 ει
285 2326 466 2376 trum
499 2324 758 2380 efferatis
789 2324 1002 2396 populo
1036 2341 1163 2380 meo
1195 2323 1404 2380 Israel:
1438 2341 1616 2397 prope
1631 2328 1719 2381 est
1742 2323 1897 2380 enim

215 2432 245 2459 α
282 2415 360 2466 ut
394 2412 617 2467 veniat.
654 2414 938 2478 Quoniam
971 2430 1101 2469 ecce
1130 2430 1234 2486 ego
1266 2414 1337 2468 ad
1367 2431 1491 2481 vos,
1524 2418 1582 2469 et
1597 2419 1901 2469 convertar

220 2517 244 2548 ι
278 2500 363 2555 ad
392 2517 509 2555 vos
539 2502 675 2573 (sive
702 2503 1013 2574 respiciam
1046 2503 1197 2572 vos),
1228 2507 1284 2558 et
1315 2502 1721 2568 arabimini,et
1750 2502 1900 2559 acci-

212 2612 239 2638 ‹‹
286 2589 493 2661 pictis
523 2596 868 2658 sementem,
902 2596 958 2646 et
989 2590 1393 2662 multiplicabo
1425 2591 1483 2645 in
1516 2591 1681 2646 vobis
1709 2590 1899 2647 homi-

210 2701 238 2727 κ
280 2694 439 2746 nes,
473 2695 828 2751 omnemque
859 2680 1104 2734 domum
1138 2679 1335 2747 Israel,
1370 2683 1429 2734 et
1477 2679 1901 2736 habitabuntur

210 2790 237 2813 α
278 2767 601 2828 civitates.
632 2772 687 2822 et
715 2768 957 2824 ruinosa
987 2768 1480 2824 instaurabuntur
1512 2768 1646 2839 (sive
1704 2768 1897 2825 deser-

213 2878 241 2904 κ
280 2862 355 2909 ta
393 2856 898 2928 adificabuntur).
926 2857 994 2911 Et
1025 2856 1256 2928 replebo
1284 2873 1386 2912 vos
1446 2855 1785 2911 hominibus
1843 2861 1899 2912 et

211 2966 243 2994 α(
267 2944 617 3016 jumentis,
648 2950 705 3001 et
725 2944 1296 3016 multiplicabuntur,
1330 2949 1385 3000 et
1415 2952 1693 3011 crescent,
1718 2952 1773 3001 et
1795 2946 1897 3002 ha-

210 3056 241 3082 u
282 3032 505 3087 bitare
531 3050 631 3089 vos
661 3034 868 3089 faciam
904 3034 1056 3088 sicut
1084 3051 1118 3089 a
1141 3033 1448 3106 principio,
1480 3033 1765 3107 bonisque
1797 3036 1897 3089 do-

208 3146 243 3173 ‹‹
278 3122 468 3176 nabo
488 3123 804 3194 majoribus
828 3140 1003 3194 quam
1039 3122 1328 3178 habuistis
1359 3124 1431 3177 ab
1452 3123 1619 3178 initio
1645 3127 1731 3179 :et
1751 3125 1898 3179 scie-

204 3240 238 3267 «
284 3216 382 3272 tis
423 3212 565 3283 quia
594 3229 695 3285 ego
725 3228 857 3268 sum
892 3212 1192 3267 Dominus.
1225 3212 1296 3266 Et
1327 3212 1615 3267 adducam
1650 3212 1895 3285 (sivege-

2020 632 2303 690 Dominus
2333 633 2508 703 Deus,
2535 651 2648 689 non
2682 635 2874 691 solum
2898 636 3082 692 monti
3104 636 3252 703 Seir,
3276 636 3378 692 sed
3409 640 3466 691 et
3494 653 3663 693 mon-

2018 722 2179 777 tibus
2218 724 2346 794 ejus
2396 727 2452 777 et
2504 723 2770 792 collibus,
2831 726 3211 794 torrentibus,
3270 723 3661 798 vallibusque,

2007 812 2165 867 ‘32]
2206 817 2262 866 et
2291 812 2539 867 desertis
2563 817 2740 885 atque
2770 812 3034 879 vastatis,
3067 818 3123 868 et
3152 813 3398 870 urbibus
3454 813 3661 870 dereli-

2018 900 2125 955 ctis
2151 917 2162 955 :
2198 901 2474 973 quoniam
2501 902 2634 974 igne
2663 901 2969 967 zelisui,et
2984 902 3292 958 adversum
3306 918 3510 959 omnes
3531 904 3661 976 qui-

2018 989 2149 1044 dem
2173 994 2394 1061 gentes,
2428 991 2527 1045 sed
2556 992 2843 1064 praecipue
2873 995 3075 1047 contra
3092 992 3408 1049 Idumaeam
3430 990 3661 1049 locutus

2015 1078 2113 1143 sit,
2137 1095 2263 1150 quae
2289 1095 2422 1134 cum
2445 1079 2687 1146 caateris,
2711 1080 2920 1153 inquit,
2943 1081 3217 1153 gentibus
3237 1081 3427 1137 tenuit
3444 1085 3658 1138 terram

2015 1183 2205 1222 meam
2226 1169 2284 1222 in
2300 1170 3093 1241 possessionem,etpossedit
3110 1168 3389 1243 gladio,et
3399 1173 3520 1226 toto
3532 1186 3660 1226 cor-

2014 1255 2085 1311 de
2116 1257 2395 1327 possedit,
2430 1261 2495 1311 ut
2524 1255 3125 1326 ejicerethabitatores
3147 1259 3661 1332 deea,terramque

2012 1349 2287 1400 vastaret.
2314 1345 2623 1417 Propterea
2644 1346 2901 1419 loquere,
2926 1347 3522 1422 ait,propheta,super
3542 1353 3659 1406 ter-

2013 1451 2137 1489 ram
2172 1434 2369 1499 Israel,
2393 1440 2447 1490 et
2478 1435 2638 1490 dicas
2679 1436 3005 1499 montibus,
3037 1441 3093 1492 et
3114 1436 3383 1507 collibus,
3406 1442 3461 1493 et
3491 1438 3660 1510 jugis

2010 1527 2136 1596 (pro
2170 1523 2387 1595 quibus
2445 1522 2825 1596 Septuaginta
2870 1523 2989 1586 ταὶς
3046 1525 3239 1586 νάπαις
3290 1525 3659 1598 interpretati

2010 1614 2305 1683 sunt,quzc
2338 1628 2443 1667 nos
2472 1628 2757 1668 nemorosa
2786 1613 3176 1687 intelligimus
3207 1615 3432 1686 loca)_et
3488 1614 3655 1670 valli—

2009 1701 2138 1755 bus.
2168 1702 2298 1755 Haec
2326 1700 2466 1755 dicit
2495 1701 2781 1757 Dominus
2812 1702 2965 1759 Deus
2991 1720 3003 1759 :
3036 1702 3095 1758 in
3126 1703 3268 1774 zelo,
3302 1708 3361 1759 et
3389 1703 3448 1759 in
3464 1705 3659 1761 furore

2009 1806 2138 1845 meo
2168 1790 2490 1862 ,opprobrii
2520 1791 2694 1846 vestri
2728 1791 2883 1847 ultor
2901 1792 3169 1860 existam,
3204 1798 3260 1847 et
3302 1792 3501 1849 levabo
3532 1811 3656 1850 ma-

2008 1896 2151 1934 num
2186 1896 2401 1945 meam,
2444 1884 2509 1934 ut
2536 1884 2738 1951 gentes
2771 1898 2897 1953 quae
2932 1882 2990 1936 in
3022 1881 3271 1937 circuitu
3288 1887 3478 1938 vestro
3497 1893 3656 1950 sunt,

2011 1968 2396 2040 ignominiam
2429 1973 2487 2023 et
2518 1968 2921 2026 confusionem
2944 1986 3114 2026 suam
3139 1974 3370 2042 portent
3392 1990 3406 2028 :
3431 1988 3531 2028 vos
3553 1989 3655 2028 au-

2007 2062 2147 2123 tem,
2185 2074 2216 2112 ο
2250 2062 2479 2113 montes
2503 2058 2701 2126 Israel,
2735 2060 3059 2115 secundum
3094 2059 3411 2132 pristinum
3433 2063 3657 2116 statum

2008 2145 2349 2217 germinetis
2380 2146 2653 2217 virgulta,
2687 2135 3000 2220 ramosque
3033 2148 3299 2217 mittatis,
3332 2148 3470 2217 sive,
3488 2149 3657 2219 juxta

2010 2234 2170 2300 LXX,
2201 2236 2448 2308 aﬂeratz's
2470 2253 2621 2307 uvas,
2648 2236 2865 2307 quibus
2897 2235 3148 2308 populus
3171 2254 3338 2293 meus
3360 2242 3658 2294 saturetur

2009 2323 2206 2379 Israel.
2241 2324 2402 2388 Quod
2432 2341 2547 2381 non
2580 2324 2794 2396 putetis
2826 2330 2956 2397 post
2980 2324 3475 2399 longumtempus
3496 2327 3653 2382 futu-

2008 2430 2162 2483 rum,
2197 2430 2375 2485 prope
2406 2417 2514 2478 est,
2539 2413 2739 2478 instat,
2764 2417 2820 2468 et
2844 2413 3034 2469 veniet
3063 2418 3320 2485 tempus.
3352 2422 3435 2470 Ac
3465 2432 3538 2471 ne
3556 2432 3655 2472 vo-

2006 2499 2097 2556 bis
2127 2501 2396 2555 videatnr
2416 2500 2522 2556 hoc
2557 2517 2685 2557 esse
2712 2500 2970 2572 difﬁcile,
3002 2502 3127 2574 ipse
3156 2518 3262 2574 ego
3304 2502 3535 2558 veniam
3580 2504 3653 2559 ad

2007 2607 2129 2655 vos,
2162 2595 2218 2645 et
2247 2589 2345 2661 qui
2378 2607 2411 2645 a
2446 2589 2610 2645 vobis
2642 2606 3019 2660 recesseram,
3042 2592 3423 2648 convertarad
3444 2609 3567 2662 vos,
3590 2595 3658 2649 ut

2008 2678 2318 2750 pristinam
2352 2678 2642 2733 culturam
2674 2678 2990 2751 recipiatis,
3026 2684 3084 2735 et
3139 2685 3399 2736 semente
3456 2682 3656 2738 omnia

2007 2766 2427 2839 compleantur,
2461 2768 2543 2823 ita
2575 2772 2637 2823 ut
2666 2766 2835 2822 multi
2868 2769 2927 2823 in
2957 2768 3124 2824 vobis
3146 2769 3268 2824 sint
3285 2768 3577 2837 homines,
3599 2775 3657 2826 et

2009 2854 2344 2911 babitentur
2373 2856 2658 2923 civitates,
2693 2873 2820 2929 quae
2850 2854 3014 2929 prius
3045 2857 3352 2913 destructa:
3401 2858 3652 2915 fuerant.

2006 2946 2075 3000 Et
2104 2962 2216 2999 non
2251 2944 2441 3000 solum
2476 2945 2746 3000 homines
2764 2944 3170 3018 multiplicabo
3196 2947 3318 3002 :sed
3347 2948 3650 3018 etjumen-

2005 3037 2065 3088 ta
2079 3050 2239 3103 aaque
2264 3032 2815 3106 multiplicabuntur
2829 3042 2885 3089 et
2898 3034 3519 3104 crescent,ethabitare
3541 3037 3648 3108 [AL

2006 3121 2278 3193 habitari]
2301 3138 2403 3177 vos
2424 3121 2631 3178 faciam
2658 3122 2812 3178 sicut
2838 3140 2872 3178 a
2895 3122 3442 3197 principio,quando
3456 3125 3652 3198 Moyse

2007 3211 2173 3279 duce,
2208 3216 2371 3266 trans
2402 3211 2714 3267 Jordanem
2748 3213 2877 3267 dua:
2918 3217 2974 3266 et
2995 3212 3175 3268 semis
3197 3213 3387 3269 tribus
3418 3214 3652 3287 accepe-

205 3330 235 3356 α
272 3282 550 3372 ῃθτείὺο)
608 3282 783 3373 super
840 3318 941 3356 vos
989 3300 1277 3372 homines,
1340 3300 1623 3372 populum
1695 3318 1893 3356 meum
1926 3282 1969 3348 (ἶ
2009 3304 2147 3354 runt
2173 3299 2626 3371 possessionem,
2660 3304 2824 3356 trans
2853 3301 3170 3357 Jordanem
3214 3302 3397 3374 (Num.
3447 3306 3648 3372 χχχιι),

212 3418 240 3445 α
265 3391 506 3457 Israel,
537 3396 595 3445 et
614 3390 947 3445 haereditate
969 3390 1353 3461 possidebunt
1384 3394 1438 3445 te
1481 3390 1615 3461 (sive
1633 3390 1779 3461 vos),
1841 3394 1897 3445 et

206 3508 239 3535 α
269 3484 409 3540 eris
440 3482 583 3550 (sive
602 3479 785 3548 eritis)
816 3479 876 3534 in
908 3479 1339 3551 possessionem
1364 3479 1545 3550 (Vulg.
1589 3479 1897 3535 haeredita-

212 3595 242 3621 α
276 3572 475 3637 tem),
508 3573 571 3623 et
602 3585 715 3622 non
747 3568 926 3623 addes
951 3567 1122 3634 ultra,
1148 3571 1210 3622 ut
1234 3568 1457 3640 absque
1479 3567 1561 3622 eis
1576 3568 1658 3623 sis
1680 3570 1812 3639 (sive
1842 3572 1899 3623 et

217 3682 241 3709 ι
278 3677 418 3716 non
461 3657 693 3712 addetis
722 3655 896 3723 ultra,
931 3660 995 3711 ut
1026 3657 1248 3727 absque
1279 3655 1479 3711 liberis
1510 3674 1609 3711 vos
1641 3656 1898 3727 faciant),

218 3773 245 3799 cs
280 3749 439 3804 Hac
474 3744 917 3800 dicitDominus
952 3751 1102 3799 Deus
1128 3745 1254 3799 :Pro
1286 3762 1352 3800 eo
1380 3745 1903 3817 quod(a)dixerunt

218 3862 245 3885 α
285 3839 367 3893 de
408 3834 586 3890 vobis
615 3835 747 3905 (sive
776 3834 924 3904 tibi),
978 3833 1304 3888 devoratrix
1360 3834 1665 3889 hominum
1727 3852 1788 3889 es
1845 3839 1903 3889 et

222 3952 251 3975 α
286 3925 613 3981 snﬂ'ocans
643 3927 875 3996 gentem
898 3927 1058 3978 tuam
1088 3940 1101 3977 :
1154 3927 1459 3994 propterea
1489 3922 1757 3978 homines
1787 3940 1901 3977 non

220 4041 248 4064 α
285 4012 595 4071 comedas
636 4011 908 4084 amplius,
942 4017 999 4067 et
1029 4015 1261 4084 gentem
1293 4016 1456 4067 tuam
1504 4029 1619 4067 non
1671 4011 1906 4067 necabis

224 4129 255 4155 α
292 4104 500 4166 ultra,
523 4099 609 4155 ait
637 4100 922 4155 Dominus
951 4100 1106 4155 Deus
1131 4116 1143 4154 :
1179 4117 1284 4155 nec
1316 4100 1577 4155 auditam
1610 4099 1817 4155 faciam
1846 4101 1905 4155 in

225 4218 255 4241 ε
281 4198 346 4248 te
374 4191 533 4262 {sive
561 4188 622 4244 in
650 4188 838 4256 vobis)
872 4188 1124 4262 amplius
1147 4189 1547 4244 confusionem
1581 4190 1684 4258 (vel
1742 4189 1907 4263 igno-

224 4306 255 4331 ι
292 4279 596 4345 miniam(
625 4277 911 4350 gentium,
943 4283 999 4332 et
1040 4277 1353 4350 opprobria
1401 4276 1753 4349 populorum
1811 4296 1908 4335 ne-

224 4396 257 4421 «
292 4382 625 4443 quaquam
676 4367 940 4438 portabis
993 4367 1127 4437 (sive
1184 4366 1536 4438 portahitis),
1568 4370 1624 4422 et
1675 4372 1908 4439 gentem

226 4484 257 4508 σ
294 4466 485 4514 tuam
521 4471 639 4510 non
666 4455 901 4510 amittes
931 4454 1184 4526 amplius
1215 4456 1349 4526 (sive
1380 4472 1523 4527 gens
1543 4460 1646 4509 tua
1692 4458 1915 4528 absque

228 4573 261 4599 ι
296 4544 526 4604 liberis
551 4544 705 4599 ultra
737 4561 854 4600 non
886 4545 1037 4616 erit),
1071 4545 1214 4599 dicit
1245 4545 1526 4600 Dominus
1556 4546 1725 4600 Deus.
1759 4567 1786 4594 »
1813 4546 1916 4601 Su-

2006 3391 2062 3443 et
2091 3389 2202 3443 sub
2233 3388 2373 3443 Jesu
2407 3388 2525 3443 ﬁlio
2552 3389 2723 3459 Nave,
2757 3388 2882 3444 aliae
2915 3406 3119 3445 novem
3152 3394 3212 3445 et
3242 3391 3425 3446 semis
3456 3391 3650 3446 tribus
3730 3426 3734 3430 -

1970 3506 1990 3521 ο
2006 3480 2221 3531 terram
2245 3477 2507 3542 Judaeam
2532 3478 3169 3549 possederunt(Jos.1,et
3186 3482 3312 3548 xm)
3337 3479 3651 3552 :bonisque

2008 3581 2107 3619 vos
2120 3563 2349 3620 donabo
2363 3564 2549 3620 multo
2564 3567 2678 3637 maj
2688 3565 3094 3637 oribus,quam
3107 3567 3476 3623 habuistisab
3490 3566 3653 3624 initio

2010 3652 2357 3725 priusquam
2391 3654 2758 3727 captivitates
2788 3655 2980 3710 varias
3006 3656 3333 3711 sentiretis.
3396 3658 3467 3711 Et
3521 3672 3656 3712 cum

2010 3741 2120 3797 hoc
2152 3742 2316 3797 vobis
2348 3743 2700 3810 fecero,tunc
2723 3743 3084 3814 cognoscetis
3099 3745 3249 3815 quod
3283 3759 3389 3816 ego
3411 3745 3524 3800 sim
3546 3744 3658 3800 Do-

2018 3829 2245 3886 minus.
2283 3832 2349 3886 Et
2380 3831 2739 3903 impleberis,
2764 3830 3024 3903 inquit,o
3051 3837 3207 3888 terra
3228 3832 3426 3905 Israel,
3449 3832 3663 3905 populo

2016 3936 2166 3985 meo,
2192 3919 2292 3991 qui
2317 3925 2372 3974 te
2394 3919 2731 3975 haereditate
2752 3922 3024 3978 tenturus
3045 3926 3152 3988 est,
3187 3926 3245 3978 et
3263 3921 3378 3978 eris
3411 3921 3496 3978 eis
3526 3937 3666 3994 pos-

2010 4008 2227 4076 sessio,
2262 4013 2319 4063 et
2351 4025 2466 4063 non
2499 4009 2678 4065 addes
2699 4008 2874 4080 ultra,
2899 4014 2964 4065 ut
2992 4011 3213 4082 absque
3234 4010 3373 4067 ﬁliis
3396 4010 3500 4067 sis.
3524 4014 3670 4066 Cum

2019 4103 2217 4154 autem
2250 4098 2675 4170 multiplicatus
2702 4099 2878 4154 fuerit
2905 4104 3095 4155 vester
3115 4098 3429 4171 habitator,
3454 4116 3486 4155 o
3503 4116 3672 4156 mon-

2017 4197 2106 4243 tes
2132 4186 2329 4255 Israel,
2354 4191 2494 4242 tunc
2526 4204 2896 4259 nequaquam
2948 4187 3144 4244 dicent
3194 4187 3421 4244 inimici
3474 4188 3671 4254 vestri,

2019 4280 2224 4331 contra
2246 4277 2528 4348 vos,quod
2558 4276 2830 4333 homines
2851 4277 3158 4346 devoratis,
3192 4281 3247 4333 et
3293 4277 3669 4348 absquelibe-

2021 4364 2106 4420 ris
2130 4364 2207 4420 sit
2228 4369 2417 4420 vestra
2441 4366 2755 4438 possessio;
2781 4365 2881 4421 sed
2902 4381 2932 4420 e
2956 4366 3244 4421 contrario
3267 4364 3674 4438 multiplicetis

2024 4455 2178 4511 422
2202 4454 2469 4509 homines
2494 4470 2508 4508 :
2531 4454 2996 4526 etlargissimam
3016 4453 3235 4524 prolem
3256 4458 3449 4509 vestra
3479 4457 3672 4527 poste-

2024 4542 2165 4598 ritas
2188 4543 2487 4615 germinet.
2514 4543 2628 4597 Nec
2651 4543 2874 4611 audies,
2903 4530 3112 4614 inquit,
3129 4542 3402 4615 amplius,
3428 4560 3532 4598 nec
3550 4558 3679 4598 sus-

226 4654 345 4710 pra
382 4632 641 4707 ponitur
673 4633 975 4706 propheta:
1004 4632 1205 4698 facies,
1240 4633 1362 4688 sive
1411 4634 1764 4689 convertitur
1819 4634 1918 4688 ad-
1950 4651 2000 4714 Ι)
2029 4631 2248 4687 tinebis
2278 4631 2679 4687 confusionem
2720 4630 3008 4701 gentium,
3030 4632 3131 4688 sed
3163 4648 3266 4687 nec
3280 4632 3516 4687 amittes
3536 4647 3676 4703 gen-

226 4739 495 4782 versum
519 4727 785 4778 montem
815 4721 1083 4778 Scirzhic
1106 4721 1264 4778 filius
1290 4722 1820 4794 hominisloquitur
1850 4724 1920 4777 ad

244 4819 520 4879 montes,
555 4810 677 4866 sive
709 4829 886 4884 super
916 4815 1149 4867 montes
1176 4810 1480 4883 Israel,qui
1505 4812 1794 4882 jubentur
1825 4810 1925 4867 Dci

242 4904 470 4959 audire
500 4916 858 4957 sermonem.
894 4901 963 4955 Et
990 4905 1053 4954 ut
1082 4916 1400 4971 parumper
1426 4901 1691 4955 differam
1731 4905 1924 4971 tropo-

250 4993 511 5065 logiam,
543 4990 725 5044 totius
757 4990 827 5043 ad
864 4992 1093 5043 montes
1117 4987 1289 5042 Israel
1323 4988 1638 5059 prophetiae
1681 4988 1929 5045 breviter

250 5082 355 5138 hic
384 5094 610 5135 sensus
632 5082 757 5133 est:
791 5078 940 5144 Quia
964 5076 1266 5132 insultavit
1293 5076 1457 5132 vobis
1487 5076 1785 5147 inimicus,
1818 5078 1927 5132 hoc

263 5172 383 5235 est,
414 5184 595 5223 mons
615 5165 761 5235 Seir,
793 5170 850 5220 et
869 5165 1092 5237 putavit
1134 5164 1288 5236 quod
1341 5164 1401 5218 in
1448 5169 1753 5235 perpetum
1803 5165 1928 5236 ipse

256 5274 361 5313 vos
388 5256 814 5329 possideret,et
844 5254 1185 5309 altitudines
1205 5253 1498 5326 quondam
1518 5252 1747 5307 Domini
1772 5270 1930 5308 nunc

258 5348 535 5401 desertas
571 5344 818 5399 cessisse
850 5343 961 5399 sibi
994 5342 1053 5397 in
1079 5341 1565 5407 haereditatem,et
1597 5359 1711 5397 non
1737 5341 1931 5397 solum

260 5435 442 5500 dixit,
464 5434 569 5489 sed
600 5437 658 5488 et
691 5432 990 5504 aliquanto
1008 5436 1266 5502 tempore
1288 5448 1388 5486 vos
1411 5431 1675 5503 possedit
1708 5448 1720 5487 :
1747 5431 1934 5486 intan-

261 5530 399 5580 tum
434 5527 499 5578 ut
522 5522 774 5593 superbe
798 5520 1137 5592 loqueretur
1159 5523 1360 5574 contra
1388 5535 1509 5587 vos,
1548 5520 1703 5591 quod
1728 5536 1937 5591 oppro-

2031 4724 2148 4775 tem
2173 4724 2357 4785 tuam,
2392 4724 2455 4774 ut
2470 4719 2787 4789 aliquando
2805 4720 3100 4776 sustineas
3115 4717 3681 4793 captivitatem,quia

2033 4807 2318 4865 Dominus
2348 4807 2576 4863 locutus
2599 4812 2707 4877 est,
2741 4808 2870 4864 Haec
2899 4811 3352 4883 παραφραστικῶς
3385 4822 3544 4864 more
3571 4808 3677 4862 Ju-

2037 4896 2200 4951 daico
2228 4894 2565 4963 dixerimus,
2600 4912 2727 4968 quis
2760 4896 2845 4952 illi
2875 4900 3213 4968 exspectant
3241 4895 3300 4951 in
3323 4895 3484 4953 mille
3500 4911 3683 4952 anno-

2041 5002 2173 5060 rum
2205 5000 2404 5057 regno,
2439 4985 2674 5057 quando
2706 4985 2994 5040 civitatem
3027 4984 3354 5041 Jerusalem
3412 4988 3688 5042 asserunt

2038 5074 2347 5131 exstruend
2360 5090 2474 5139 am,
2507 5078 2564 5129 et
2590 5073 2898 5145 templum,
2929 5073 3165 5145 quodin
3189 5074 3302 5129 ﬁne
3322 5073 3502 5147 hujus
3520 5074 3685 5130 volu-

2039 5163 2223 5218 minis
2266 5161 2640 5229 describitur,
2674 5165 2729 5217 et
2761 5178 2953 5217 rerum
3000 5162 3267 5218 omnium
3325 5162 3689 5230 felicitatem,

2040 5269 2293 5325 quorum
2323 5249 2587 5307 nonnulli
2619 5251 2981 5305 arbitrantur
3037 5251 3148 5307 sub
3200 5250 3513 5307 Zorobabel
3567 5250 3689 5306 haec

2040 5340 2222 5396 fuisse
2243 5339 2669 5411 completa.Sed
2693 5341 2985 5410 quomodo
3000 5344 3155 5395 stare
3175 5341 3384 5412 poterit
3402 5340 3511 5394 hoc
3533 5340 3688 5410 quod

2046 5429 2298 5484 dicitur:
2335 5427 2817 5499 Etbabitare(Al.
2845 5428 3118 5502 habitari)
3143 5445 3243 5485 vos
3273 5427 3483 5484 faciam
3540 5426 3696 5482 sicut

2045 5536 2079 5575 a
2107 5518 2415 5591 principio,
2446 5517 2731 5588 bonisque
2760 5517 2989 5573 donabo
3020 5517 3364 5589 majoribus,
3378 5532 3554 5588 quam
3587 5515 3692 5572 ha-

338 5665 512 5737 (a)In
543 5660 785 5749 instanti
823 5661 1015 5749 dicunt
1039 5677 1173 5718 cum
1188 5659 1437 5734 Vulgata
1464 5661 1820 5734 Hebrasoque
1851 5665 2011 5717 textu
2050 5659 2362 5733 legendum
2394 5659 2608 5715 Victor.
2642 5660 2976 5729 constituit;
3010 5677 3146 5717 nam
3176 5659 3442 5717 dixerunt
3461 5675 3532 5717 ex

286 5734 450 5791 eam
482 5751 616 5793 esse
638 5734 973 5791 arbitratur.
