3996 6184
374 363 492 423 343

1628 364 1694 423 S.
1739 362 2052 425 EUSEBII
2094 363 2536 426 HlERONYMl

3651 362 3777 429 314

378 495 651 559 randum,
687 494 838 565 quod
870 509 968 547 cor
997 508 1232 560 novum,
1267 497 1324 548 et
1353 492 1595 566 spiritus
1635 510 1817 548 novus
1848 494 2016 550 detur
2044 494 2098 560 Α
2128 497 2460 553 Invenietur
2488 497 2645 554 enim
2677 515 2711 551 a
2739 498 2910 554 domo
2942 497 3141 566 Israel,
3174 498 3273 569 qui
3303 497 3486 553 multo
3507 501 3775 571 tempore

380 601 482 656 per
499 582 838 638 effusionem
861 586 915 636 et
930 583 1324 653 aspersionem
1349 600 1533 654 aquae.
1560 583 1800 648 Quando
1823 588 2016 638 autem

381 688 478 727 cor
507 688 721 726 novum
755 671 957 725 datum
990 671 1163 725 fuerit
1204 681 1257 726 et
1316 673 1557 742 spiritus
1615 688 1818 739 novus,
1878 676 2017 726 tunc

385 760 680 815 auferetur
710 759 781 814 de
812 760 980 814 corde
1009 759 1253 814 Judaico
1283 760 1474 814 omnis
1507 760 1742 827 duritia,
1778 777 1903 831 quae
1936 759 2016 815 la-

380 849 498 921 pidi
533 852 924 920 comparatur,
957 853 1021 902 ut
1051 865 1152 919 pro
1183 848 1410 920 lapideo
1440 849 1610 904 corde
1641 850 1716 903 sit
1763 866 1862 905 cor
1889 866 2018 904 car—

380 953 580 1004 neum,
613 936 784 992 molle
815 942 872 992 et
901 941 1166 992 tenerum
1202 939 1356 1008 quod
1417 938 1690 1010 spiritum
1723 938 1820 993 Dei
1867 938 1926 992 in
1958 955 2020 994 se

379 1025 566 1098 possit
591 1027 864 1098 recipere,
889 1029 944 1081 et
976 1026 1212 1082 inscribi
1244 1027 1451 1082 litteris
1474 1026 2022 1083 salutaribus.Tunc

381 1113 772 1170 ambulabunt
817 1114 876 1168 in
919 1115 1219 1185 praeceptis
1273 1116 1524 1185 Domini,
1582 1119 1638 1169 et
1690 1116 2022 1171 custodient

371 1202 598 1274 judicia
623 1205 772 1273 ejus,
805 1207 860 1258 et
896 1203 1244 1259 habitabunt
1295 1205 1352 1258 in
1405 1210 1560 1260 terra
1613 1203 2016 1270 confessionis,

381 1318 560 1372 quam
593 1301 830 1356 dederat
859 1301 1127 1372 patribus
1158 1319 1355 1356 eorum
1387 1301 1701 1367 Abraham,
1734 1302 1917 1372 Isaac,
1966 1308 2023 1357 et

381 1390 582 1458 Jacob,
617 1394 671 1444 et
703 1389 926 1444 cunctis
960 1389 1178 1444 sanctis
1209 1407 1275 1445 ac
1305 1390 1623 1461 prophetis,
1657 1395 1713 1444 et
1760 1396 1931 1446 erunt
1960 1391 2019 1445 in

378 1478 662 1550 populum
703 1478 824 1548 Dei,
859 1482 914 1532 et
944 1478 1203 1533 Doninus
1234 1478 1342 1534 erit
1370 1479 1454 1534 eis
1507 1479 1565 1532 in
1626 1479 1832 1546 Deum,
1866 1481 2020 1551 quod

383 1567 659 1639 praesenti
691 1570 952 1638 tempore
999 1567 1431 1638 comprobatur.
1495 1567 1758 1639 Cumque
1815 1567 2020 1624 salvati

378 1653 847 1714 fuerint.voca’oit
874 1654 1158 1708 Dominus
1189 1655 1634 1721 frumentum,ct
1665 1656 2019 1727 multiplica-

375 1739 462 1794 bit
492 1739 660 1795 illud.
694 1740 817 1795 Nisi
857 1741 1010 1796 enim
1045 1758 1293 1814 granum
1324 1741 1499 1796 tritici
1533 1743 1747 1798 cadens
1775 1744 1832 1797 in
1865 1749 2020 1800 terra

378 1833 676 1883 mortuum
709 1829 900 1895 fuerit,
929 1829 1120 1900 ipsum
1155 1829 1344 1884 solum
1379 1835 1577 1886 manet
1607 1832 2016 1904 (Joan.x11,24).

378 1917 448 1970 Et
480 1933 850 1989 nequaquam
894 1917 1193 1989 patientur
1234 1918 1447 1973 famem
1497 1920 1696 1990 (Amos.
1733 1938 1850 1989 γιιι,
1886 1922 1974 1993 11)
2009 1939 2021 1976 :

382 2021 499 2060 non
535 2007 749 2060 famem
784 2006 1037 2076 panis-et
1070 2006 1226 2062 sitim
1273 2025 1456 2079 aquae,
1513 2009 1612 2062 sed
1649 2011 1862 2065 famem
1922 2028 2023 2065 au-

379 2093 573 2147 diendi
607 2111 934 2149 sermonem
993 2095 1115 2160 Dei,
1153 2113 1329 2167 quam
1362 2113 1572 2167 passus
1603 2103 1690 2152 est
1733 2097 1828 2153 ille
1858 2100 1956 2170 qui
1993 2117 2025 2154 a

375 2181 542 2236 Patre
572 2183 883 2254 profectus,
918 2200 1149 2238 omnem
1182 2202 1358 2255 quam
1405 2191 1704 2257 acceperat
1747 2188 2020 2243 substan-

378 2271 521 2325 tiam
553 2271 861 2342 dissipavit
895 2290 906 2328 :
940 2273 1175 2341 quando
1236 2274 1388 2329 4128
1449 2274 1621 2329 famis
1679 2276 2022 2331 necessitate

378 2363 639 2431 cogente,
673 2377 984 2432 porcorum
1015 2366 1218 2433 pastus
1262 2367 1351 2417 est
1408 2362 1636 2434 siliquis
1696 2365 1846 2435 (Luc.
1902 2369 2017 2439 xv).

378 2457 544 2511 Tunc
575 2457 1063 2529 multiplicabitur
1089 2459 1312 2514 fructus
1338 2458 1620 2532 ligni,hoc
1651 2466 1757 2532 est,
1793 2462 2020 2534 sapien-

376 2544 568 2612 tia3,de
600 2562 714 2617 quo
747 2546 1028 2618 scriptum
1063 2547 1431 2626 estzhignum
1463 2549 1596 2604 vita:
1626 2555 1716 2604 est
1745 2551 2022 2607 omnibus

380 2633 481 2706 qui
507 2635 812 2706 requirunt
840 2651 967 2691 eam
1000 2635 1181 2707 (Prov.
1219 2654 1300 2701 ιιι,
1335 2638 1426 2704 18)
1457 2654 1470 2692 :
1506 2642 1560 2692 et
1580 2639 1881 2710 genimina
1898 2642 2018 2712 agri

377 2723 438 2778 in
470 2723 922 2780 similitudinem
952 2725 1150 2788 .lacob,
1180 2727 1351 2795 cujus
1382 2727 1524 2780 odor
1545 2731 1668 2781 erat
1691 2728 1860 2800 quasi
1882 2731 2023 2785 odor

376 2812 497 2882 agri
533 2810 810 2883 pleni,cui
841 2812 1136 2867 benedixit
1168 2813 1447 2868 Dominus
1481 2815 1876 2887 (Oeneaxxvn,
1906 2821 2017 2886 27).

376 2902 494 2952 Nec
528 2898 677 2954 ultra
707 2901 1024 2971 portabunt
1045 2901 1421 2972 opprobrium
1457 2903 1626 2957 famis
1657 2905 1714 2958 in
1748 2907 2022 2977 gentibus

380 2986 534 3060 quod
569 2986 856 3058 hodieque
881 2986 1213 3043 Judmorum
1236 2989 1454 3061 patitur
1475 2991 1850 3048 incredulitas
1885 2996 2020 3050 :sed

381 3079 696 3147 postquam
728 3075 1149 3132 beatitudinem
1195 3078 1410 3132 fuerint
1460 3081 1777 3147 consecuti,
1826 3083 2019 3138 imita-

384 3165 607 3219 buntur
635 3163 977 3236 Apostolum
1007 3167 1108 3237 qui
1130 3167 1423 3222 dicitzNon
1446 3185 1577 3223 sum
1601 3168 1816 3240 dignus
1831 3173 2021 3228 vocari

383 3221 714 3323 Apostolus,
747 3253 884 3325 quia
914 3221 1413 3325 persecutussum
1845 3221 2022 3332 Dei-(l
2055 3221 2097 3288 Ε

385 3340 513 3394 Cor.
547 3343 796 3409 xv,9).Et
829 3345 1294 3399 recordabuntur
1322 3344 1544 3400 viarum
1577 3351 2020 3420 suarumpessi-

380 3444 632 3499 marum,
665 3435 722 3485 et
746 3431 1076 3488 studiorum
1105 3449 1217 3487 non
1252 3434 1558 3502 bonorum,
1590 3436 1805 3506 quibus
1837 3439 2019 3493 offen-

376 3518 582 3573 derant
615 3520 792 3574 Deum
830 3538 842 3575 :
878 3524 934 3576 et
963 3520 1358 3593 displiccbunt
1389 3523 1472 3578 eis
1503 3523 1843 3596 iniquitates
1875 3544 2013 3597 suae,

295 3607 298 3610 ’
373 3620 430 3670 et
459 3615 677 3672 scelera
706 3635 814 3674 sua
843 3618 1059 3690 quibus
1091 3619 1254 3690 prius
1285 3622 1782 3677 erraverant.Haec
1817 3627 2013 3678 autem

370 3704 568 3760 omnia
598 3705 929 3761 tributurus
951 3711 1039 3762 est
1074 3707 1496 3774 Dominus,non
1528 3715 1766 3781 pr0pter
1794 3728 1892 3766 eos
1913 3712 2012 3784 qui

367 3793 602 3865 proprio
634 3811 825 3851 errore
853 3795 1151 3866 perierunt
1184 3814 1196 3863 ;
1232 3797 1329 3852 sed
1366 3803 1602 3869 propter
1632 3817 1842 3856 nomen
1876 3819 2008 3856 san-

367 3888 526 3938 ctum
559 3900 760 3950 suum,
793 3884 957 3939 Unde
986 3887 1515 3956 provocatdomum
1547 3889 1744 3956 Israel,
1782 3895 1843 3945 ut
1872 3909 2008 3946 con-

362 3971 643 4026 fundatur
666 3976 722 4026 et
738 3973 1043 4028 erubescat
1063 3991 1241 4045 super
1261 3976 1554 4045 prioribus
1575 3978 1812 4046 vitiis,et
1833 3997 2004 4035 suum

359 4059 651 4130 intelligat
680 4059 1026 4116 Creatorem.
1061 4067 1380 4134 Postquam
1413 4070 1607 4121 autem
1640 4069 2008 4124 mundaverit

359 4147 720 4202 credentium
735 4164 802 4203 ex
817 4149 1038 4206 Judzeis
1051 4151 1335 4223 populum
1359 4153 1429 4207 ab
1445 4153 1860 4225 iniquitatibus
1878 4157 2003 4212 suis

356 4242 411 4289 et
441 4234 688 4289 habitari
725 4237 923 4292 fecerit
954 4239 1127 4294 urbes
1170 4240 1459 4305 Ecclesiae,
1505 4247 1563 4297 et
1592 4244 2004 4301 instauraverit

355 4323 596 4380 ruinosa
627 4341 754 4397 quae
789 4325 845 4381 in
906 4329 1216 4400 synagogis
1286 4331 1676 4400 conciderant,
1739 4338 1796 4388 et
1846 4338 2001 4391 terra

353 4414 741 4469 confessionis
774 4414 948 4470 fuerit
986 4417 1212 4472 exculta
1269 4420 1631 4476 cmremoniis
1691 4421 1807 4489 Dei,
1870 4440 1999 4495 quae

354 4503 651 4572 quondam
681 4503 808 4560 visa
836 4510 925 4560 est
969 4506 1230 4562 desolata
1281 4509 1554 4565 omnibus
1603 4513 1842 4578 sanctis,
1900 4514 1996 4582 qui

2129 587 2406 657 quresitus
2439 586 2647 650 fuerat,
2681 591 2737 641 et
2769 605 2882 642 non
2913 588 3204 642 inventus.
3239 589 3308 642 Et
3337 591 3648 658 postquam
3679 587 3774 643 in-

2127 676 2346 730 venerit
2365 675 2942 746 eum,multiplicabit
2961 693 3057 731 eos
3080 677 3233 731 sicut
3254 692 3533 731 ovesznon
3561 677 3774 732 bruto-

2129 783 2260 820 rum
2294 765 2704 831 animantium,
2739 767 2840 821 sed
2871 783 3004 820 oves
3035 765 3498 835 hominum,quae
3530 766 3779 821 rationis

2129 855 2628 924 confessionisque
2687 859 2822 908 sunt
2877 854 3081 925 plena),
3144 854 3296 910 sicut
3344 869 3480 908 oves
3539 859 3779 910 sanctas

2130 948 2186 1000 et
2216 960 2418 1015 greges
2446 942 2793 1004 Jerusalem,
2853 943 2912 997 in
2971 960 3087 1013 qua
3118 943 3349 1014 proprie
3391 942 3491 997 Dei
3556 942 3777 1012 cultus,

2130 1037 2187 1089 et
2221 1034 2364 1088 visio
2423 1032 2582 1103 pacis
2634 1037 2741 1102 est,
2802 1031 2859 1086 in
2919 1031 3389 1087 solemnitatibus
3448 1032 3578 1100 ejus
3621 1033 3778 1088 429

2130 1123 2362 1195 quando
2394 1121 2756 1176 comedimus
2786 1137 2989 1191 azyma
3035 1119 3386 1175 sinceritatis
3425 1125 3483 1175 et
3515 1120 3779 1175 veritatis

2130 1223 2174 1275 (Ι
2210 1221 2327 1275 Cor.
2352 1220 2428 1290 v),
2462 1224 2518 1273 et
2547 1219 2691 1291 Agni
2722 1217 2998 1273 carnibus
3028 1218 3320 1272 vescimur
3351 1221 3407 1272 et
3445 1234 3650 1272 cruore
3679 1235 3780 1288 po-

2128 1314 2344 1372 tamur,
2379 1313 2435 1363 et
2463 1308 2523 1361 in
2553 1310 2775 1378 septem
2808 1307 3276 1362 hebdomadibus
3305 1309 3363 1360 et
3393 1305 3451 1360 in
3503 1305 3778 1360 taberna-

2131 1397 2279 1452 culis
2306 1397 2482 1466 hujus
2514 1395 2709 1451 saeculi
2745 1395 3044 1450 Dominioa
3084 1395 3231 1450 festa
3292 1394 3677 1459 celebramus,
3711 1399 3782 1449 ut

2131 1487 2398 1541 civitates
2428 1486 2724 1556 quondam
2771 1485 3013 1539 desertae
3061 1482 3244 1554 plenae
3295 1483 3443 1537 ﬁant
3491 1483 3776 1554 gregibus

2129 1574 2458 1639 hominum,
2492 1577 2548 1628 et
2580 1574 2687 1628 hac
2716 1572 2939 1627 ratione
2970 1571 3509 1643 cognoscant,quod
3542 1571 3668 1641 ipse
3694 1572 3782 1626 sit

2129 1663 2431 1729 Dominus,
2456 1662 2552 1734 qui
2587 1667 2794 1717 cuncta
2825 1661 3314 1732 praestiteritHaac
3331 1661 3500 1731 juxta
3515 1660 3780 1715 historiae

2127 1753 2452 1818 veritatem,
2486 1752 2853 1820 immojuxta
2883 1750 3197 1821 prophetiae
3231 1750 3406 1804 ﬁdem
3437 1767 3449 1804 :
3479 1749 3780 1818 quomodo

2055 1859 2102 1922 B
2131 1840 2382 1912 populus
2418 1839 2588 1895 Israel
2623 1840 2965 1894 restituatur
2995 1839 3054 1893 in
3087 1840 3378 1910 integrum
3439 1841 3680 1902 statum,
3713 1841 3777 1892 et

2135 1929 2390 2000 reliquiae
2423 1927 2621 2000 populi
2643 1928 3002 1982 Judzsorum.
3026 1927 3302 1998 Apostolo
3330 1926 3510 1981 Paulo
3534 1927 3784 1980 docente

2133 2019 2307 2088 (Rom.
2338 2035 2414 2084 1x,
2451 2018 2559 2088 14),
2593 2016 2768 2071 salvae
2785 2016 2903 2070 sint
2933 2016 2993 2070 in
3014 2015 3310 2087 Apostolo,
3336 2014 3475 2070 etin
3503 2013 3784 2068 omnibus

2134 2109 2233 2179 qui
2267 2124 2334 2162 ex
2363 2107 2581 2160 Judaeis
2613 2106 2671 2160 in
2707 2105 2994 2175 principio
3035 2105 3431 2170 crediderunt,
3491 2107 3546 2158 et
3589 2118 3784 2172 usque

2133 2195 2306 2251 hodie
2337 2197 2581 2250 redeunt
2605 2196 2674 2248 ad
2707 2194 3043 2257 Ecclesiam,
3097 2193 3349 2249 breviter
3403 2192 3619 2247 dixisse
3649 2192 3781 2246 suf-

2133 2285 2305 2340 ficiat.
2337 2284 2503 2339 Nunc
2531 2283 2866 2354 tropologiae
2890 2284 3090 2337 eadem
3114 2282 3393 2337 brevitate
3423 2281 3779 2352 aperiendus

2131 2377 2219 2430 est
2248 2390 2476 2429 sensus.
2511 2371 2875 2442 Quicumque
2905 2372 2976 2425 de
3008 2372 3182 2425 domo
3212 2375 3300 2426 est
3329 2369 3526 2434 Israel,
3558 2372 3615 2424 et
3645 2383 3777 2422 cer-

2131 2463 2219 2517 nit
2249 2478 2447 2532 pacem
2504 2461 2738 2524 Christi,
2773 2476 2899 2530 quae
2931 2463 3242 2529 exsuperat
3265 2475 3498 2514 omnem
3531 2473 3779 2513 sensum

2129 2551 2355 2606 habitat
2384 2551 2442 2604 in
2473 2555 2629 2604 terra
2659 2565 2786 2614 sua,
2818 2549 2926 2603 hoc
2953 2548 3343 2614 est,Eeclesia,
3365 2546 3455 2602 vel
3490 2547 3547 2602 in
3580 2546 3780 2602 carnis

2130 2648 2404 2719 hospitio,
2437 2648 2591 2718 quod
2625 2647 2675 2701 ei
2718 2663 2752 2701 a
2777 2651 2890 2700 Deo
2920 2645 3198 2701 traditum
3249 2648 3354 2700 est.
3418 2645 3518 2700 Sin
3577 2647 3780 2699 autem

2129 2736 2402 2808 polluerit
2435 2740 2748 2804 utramque
2779 2738 2994 2789 terram
3027 2735 3086 2788 in
3117 2733 3226 2787 viis
3256 2733 3346 2788 sui
3380 2731 3676 2805 pessimis,
3720 2736 3782 2788 et

2128 2825 2517 2881 immunditiis
2533 2824 2797 2880 mulieris
2814 2826 3188 2878 menstruataa
3204 2822 3378 2877 fuerit
3403 2824 3779 2893 comparatus

2130 2914 2376 2971 effundit
2408 2915 2557 2969 Deus
2589 2912 3053 2985 indignationem
3087 2928 3256 2966 suam
3287 2927 3464 2981 super
3509 2926 3778 2980 eum,pro

2129 3003 2434 3074 sanguine,
2467 3002 2553 3057 vel
2584 3000 2803 3066 suo,vel
2834 3016 3058 3064 eorum,
3086 3017 3231 3071 quos
3263 2997 3773 3065 scandalizaverit,

2131 3100 2184 3148 et
2212 3091 2478 3147 effuderit
2509 3106 2688 3161 super
2715 3095 2953 3152 terram,
2991 3093 3048 3143 et
3087 3088 3376 3159 perversis
3406 3087 3776 3159 cogitationi-

2134 3182 2246 3236 bus
2277 3180 2493 3252 quibus
2524 3179 2732 3250 pollujt
2760 3195 2909 3234 eam.
2938 3179 3102 3232 Tunc
3128 3178 3499 3248 dispergetur
3539 3177 3598 3230 in
3631 3191 3776 3248 gen-

2134 3273 2312 3340 tes,ut
2343 3268 2659 3324 incredulis
2689 3270 3103 3338 cozsquetur,et
3132 3265 3506 3321 ventilabitur
3534 3264 3590 3319 in
3619 3268 3780 3320 terra

2129 3358 2317 3412 instar
2346 3356 2667 3428 palearum,
2701 3361 2765 3410 ut
2797 3373 2830 3410 a
2860 3355 3151 3410 frumento
3178 3353 3442 3409 Ecclesia:
3469 3355 3780 3424 separetur

2129 3446 2504 3515 etjudicetur
2533 3445 2859 3500 secundum
2888 3444 3012 3498 vias
3043 3460 3201 3499 suas.
3235 3443 3397 3506 Quod
3456 3441 3505 3497 si
3552 3456 3656 3495 nec
3686 3440 3777 3496 sic

2126 3534 2372 3591 senserit
2403 3538 2700 3606 peccatum
2735 3549 2930 3597 suum,
2963 3533 3064 3589 sed
3096 3531 3370 3604 polluerit
3399 3546 3612 3586 nomen
3634 3546 3766 3584 san-

2123 3627 2283 3678 ctum
2315 3624 2442 3692 ejus
2475 3623 2668 3677 dicent
2697 3638 2899 3676 omnes
2932 3621 3084 3676 inter
3114 3637 3262 3692 quos
3279 3618 3594 3675 habitarit:
3621 3619 3765 3673 Ecce

2123 3711 2372 3784 populus
2404 3711 2526 3777 Dei,
2559 3727 2690 3765 ecce
2721 3709 2821 3781 qui
2851 3726 3123 3780 egressus
3155 3713 3246 3764 est
3292 3709 3364 3764 de
3417 3712 3575 3763 terra
3611 3708 3763 3777 ejus,

2120 3800 2302 3855 immo
2334 3799 2647 3870 projectus.
2681 3798 2782 3852 Sin
2811 3801 3007 3853 autem
3057 3797 3282 3868 egerint
3338 3795 3762 3868 paenitentiam,

2119 3902 2176 3952 et
2217 3897 2619 3952 sanctiﬁcatus
2651 3896 2811 3951 fuero
2843 3896 2900 3950 in
2936 3895 3129 3950 medio
3158 3910 3381 3963 eorum,
3415 3898 3554 3948 tunc
3575 3893 3767 3949 omnis

2117 3986 2426 4057 gentilium
2457 3985 2629 4040 turba
2661 3989 2989 4056 cognoscet;
3025 3983 3176 4054 quod
3204 3998 3310 4053 ego
3339 3999 3439 4038 eos
3466 3981 3669 4036 tollam
3697 3981 3770 4037 de

2116 4074 2374 4145 terris,in
2407 4090 2554 4145 quas
2581 4073 2828 4143 dispersi
2862 4073 3107 4135 erant,et
3139 4072 3417 4126 reducam
3453 4069 3512 4124 in
3544 4073 3766 4126 terram

2115 4163 2401 4232 Ecclesiae,
2426 4167 2481 4217 et
2506 4163 2800 4217 effundam
2822 4177 3000 4232 super
3019 4160 3152 4216 illos
3173 4175 3554 4231 nequaquam
3576 4175 3767 4230 aquas

2112 4252 2394 4323 Baptismi
2423 4251 2827 4316 salutaris,sed
2861 4266 3043 4320 aquas
3075 4248 3354 4304 doctrinae
3384 4251 3441 4303 et
3469 4248 3764 4304 sermonis

2109 4341 2214 4396 Dei
2243 4359 2260 4394 :
2293 4344 2350 4395 et
2382 4339 2678 4394 mundabo
2705 4339 2836 4394 illos
2868 4339 2940 4393 ab
2965 4337 3241 4393 omnibus
3292 4336 3764 4407 inquinamentis

2109 4429 2254 4494 suis,
2287 4433 2343 4483 et
2373 4428 2444 4483 ab
2477 4428 2765 4482 universis
2789 4426 2962 4482 idolis
2993 4431 3166 4498 atque
3197 4425 3494 4481 erroribus
3532 4440 3662 4496 quae
3697 4425 3760 4479 in

2108 4534 2214 4572 suo
2237 4517 2409 4572 corde
2440 4515 2880 4571 simulaverant.
2922 4519 2991 4570 Et
3043 4515 3215 4581 dabo,
3273 4513 3485 4586 inquit,
3541 4513 3628 4569 eis
3658 4529 3761 4568 cor

351 4594 593 4685 terrenae
625 4594 1084 4685 conversationis
1116 4613 1290 4668 opera
1322 4603 1689 4669 praetereunt:
1713 4605 1852 4656 tunc
1875 4619 1998 4657 om-
2031 4589 2077 4652 D
2108 4614 2505 4685 novumauod
2539 4630 2641 4685 per
2663 4616 2962 4684 peccatum
2987 4611 3444 4683 perdiderant,et
3476 4608 3757 4680 spiritum

349 4696 454 4735 nes
481 4680 680 4736 dicent
714 4700 726 4738 :
760 4682 1060 4746 Quomodo
1093 4689 1248 4741 terra
1275 4687 1477 4742 Judaaa
1526 4705 1651 4760 quae
1693 4692 1993 4761 quondam

348 4778 536 4834 fuerat
564 4761 806 4851 inculta,
839 4797 994 4836 nunc
1024 4781 1198 4838 habet
1255 4784 1702 4842 similitudinem
1737 4790 1990 4859 paradisi

347 4867 447 4922 Dei
481 4885 494 4936 ;
528 4871 586 4922 et
630 4868 893 4924 civitates
923 4870 1136 4925 Judzeze
1168 4889 1294 4942 quae
1353 4873 1591 4929 deserta
1650 4876 1880 4932 fuerant
1937 4884 1992 4933 et

347 4954 724 5023 destitutam
753 4974 861 5013 sua
884 4959 1290 5015 incredulitate
1313 4963 1759 5030 sutfossze,nunc
1790 4972 1988 5022 erectae

343 5045 400 5098 et
430 5044 672 5098 munita
706 5051 846 5101 sunt
871 5048 929 5102 in
962 5049 1326 5104 confessione
1378 5061 1431 5106 et
1488 5053 1724 5107 nomine
1755 5053 1987 5108 Domini

342 5130 657 5187 Salvatoris
686 5133 714 5188 ?
744 5133 825 5189 ita
873 5140 935 5191 ut
964 5135 1155 5193 omnis
1215 5144 1482 5195 creatura
1539 5147 1867 5213 cognoscat,
1928 5151 1986 5198 et

341 5219 750 5278 multitudines
772 5225 1148 5294 Angelorum,
1184 5244 1309 5298 quae
1355 5235 1566 5284 terram
1601 5231 1869 5284 ambiunt
1901 5232 1982 5286 Is-

338 5309 637 5382 rael,quod
672 5311 957 5368 Dominus
987 5315 1304 5386 dissipatas
1331 5317 1699 5372 mdiﬁcaverit
1721 5319 1981 5374 civitates

335 5403 391 5453 et
421 5398 672 5455 incultas
704 5400 1049 5471 plantavorit
1080 5405 1366 5475 regiones,
1400 5411 1455 5460 et
1486 5408 1638 5477 quod
1686 5407 1980 5478 pollicitus

336 5487 522 5543 fuerat
555 5506 654 5560 per
681 5489 1014 5562 prophetas,
1048 5510 1221 5565 opere
1277 5496 1647 5567 conpleverit.
1708 5501 1822 5550 Nec
1873 5497 1981 5552 hoc

334 5576 440 5631 erit
465 5576 827 5634 liberalitatis
858 5597 974 5635 suae
1007 5581 1065 5636 in
1101 5584 1384 5655 populum
1437 5603 1609 5656 quem
1672 5585 1980 5641 salvaverit

332 5670 661 5737 contentus,
694 5686 934 5726 munere
967 5689 980 5741 ;
1015 5674 1114 5727 sed
1149 5673 1331 5730 multo
1372 5676 1596 5744 majora
1654 5676 1972 5746 praestabit.

2105 4708 2328 4759 rectum
2360 4704 2650 4758 tnnovabc
2695 4702 2752 4756 in
2813 4701 3088 4756 cordibus
3135 4715 3358 4754 eorum.
3393 4699 3460 4754 Et
3490 4699 3756 4752 auferam

2103 4809 2202 4846 cor
2230 4791 2551 4863 lapideum,
2585 4808 2683 4846 cor
2720 4789 2988 4845 videlicet
3044 4786 3452 4854 incredulum;
3488 4791 3545 4841 et
3599 4787 3756 4842 dabo

2099 4897 2197 4934 cor
2225 4879 2788 4944 carneum,molle,et
2818 4883 3082 4933 tenerum
3110 4895 3122 4943 ;
3149 4877 3303 4946 quod
3338 4876 3434 4930 Dei
3467 4879 3759 4948 praecepta

2099 4967 2383 5039 suscipiat
2413 4986 2426 5036 ;
2462 4969 2617 5022 430
2642 4969 2724 5022 ita
2755 4974 2821 5022 ut
2847 4965 3151 5021 ambulent
3172 4965 3230 5020 in
3250 4963 3555 5036 praeceptis
3577 4964 3754 5034 meis,

2098 5061 2155 5111 et
2178 5056 2391 5112 faciant
2413 5056 2637 5127 judicia
2672 5074 2684 5122 ;
2719 5072 2846 5127 quae
2879 5055 3042 5125 prius
3073 5053 3464 5126 neglexerant,
3493 5056 3551 5108 et
3579 5052 3753 5107 habi-

2094 5150 2216 5200 tent
2249 5146 2306 5200 in
2337 5151 2493 5201 terra
2523 5163 2699 5218 quam
2726 5145 2994 5200 dederam
3022 5145 3283 5214 patribus
3304 5159 3529 5208 eorum,
3563 5142 3755 5214 magi-

2093 5237 2230 5290 stris
2260 5235 2526 5290 videlicet
2557 5240 2728 5306 atque
2751 5233 3171 5289 doctoribuszet
3192 5248 3428 5288 rursum
3453 5231 3529 5287 sit
3553 5247 3752 5303 popu-

2092 5323 2184 5378 lus
2219 5325 2334 5392 Dei,
2367 5328 2424 5379 et
2457 5325 2737 5379 Dominus
2771 5322 2854 5377 eis
2884 5326 3144 5376 vertatur
3202 5324 3261 5376 in
3319 5322 3529 5385 Deum,
3563 5310 3748 5392 q’uem

2090 5412 2254 5479 prius
2285 5413 2662 5468 offenderant.
2697 5413 2861 5465 'I‘unc
2894 5411 3285 5465 salvabuntur
3335 5411 3406 5465 ab
3450 5409 3749 5466 universis

2090 5501 2573 5572 miquinamentis
2604 5500 2812 5561 suis,et
2843 5498 3330 5573 multiplicabitur
3358 5499 3442 5554 eis
3474 5499 3744 5553 frumen-

2086 5593 2210 5643 tum
2245 5591 2314 5644 de
2345 5607 2460 5661 quo
2490 5588 2741 5645 efficitur
2770 5587 3022 5643 caelestis
3056 5589 3243 5659 panis:
3278 5592 3334 5643 et
3364 5605 3478 5642 non
3505 5586 3743 5658 patien-

2082 5684 2178 5734 tur
2209 5677 2365 5736 ultra
2411 5679 2627 5735 famem
2667 5676 2958 5735 sermonis
2990 5676 3087 5733 Dei
3114 5695 3126 5734 :
3161 5680 3219 5733 et
3240 5675 3745 5750 multiplicabitur
