4006 6180
400 383 520 453 847

1653 385 1717 447 8.
1765 378 2076 446 EUSEBII
2123 377 2567 448 HIERONYMI

3680 373 3801 444 348

399 520 741 580 Christianis
773 518 1047 586 creditur,
1065 517 1163 574 Dei
1187 534 1313 574 esse
1337 534 1690 583 sermonem,
1716 517 1834 571 haec
1853 516 2042 572 solent
2070 519 2123 583 Α
2154 518 2418 584 habetur,
2440 519 2677 589 grandis
2699 519 3013 587 exercitus;
3037 534 3222 592 eoque
3238 516 3563 591 completur
3577 522 3802 589 tempo-

399 612 590 667 dicere
623 628 636 665 :
672 612 840 665 Facta
868 614 957 664 est
985 625 1163 681 super
1180 608 1521 680 prophetam
1555 623 1765 663 manus
1790 606 2042 674 Domini,

398 700 508 756 hoc
538 706 645 765 est,
679 698 981 765 Dominus,
1017 703 1189 770 atque
1219 698 1502 764 Salvator,
1538 715 1639 768 per
1668 713 1844 768 quem
1878 697 2045 751 Pater

397 794 606 845 cuncta
619 792 891 860 operatus
903 787 1388 843 est.0mniaenim
1402 787 1705 858 peripsum
1723 787 1870 840 facta
1884 789 2040 850 sunt,

400 884 458 934 et
472 877 734 948 sineipso
754 878 967 932 factum
984 883 1072 932 est
1087 876 1229 931 nihil
1255 877 1407 947 quod
1423 877 1641 930 factum
1656 875 2041 943 est(a).Etedu

395 966 478 1022 xit
508 983 624 1034 me,
656 967 809 1022 433
860 967 1070 1037 inquit,
1105 966 1163 1019 in
1210 965 1419 1035 spiritu
1470 964 1721 1029 Domini,
1757 963 2039 1017 subaudi-

394 1060 513 1123 tur,
545 1072 755 1111 manus
790 1055 1037 1110 Domini.
1074 1055 1281 1109 Eduxit
1310 1059 1503 1108 autem
1536 1069 1669 1107 eum
1695 1052 1752 1106 in
1784 1052 1994 1123 spiritu
2023 1067 2035 1105 :

394 1162 511 1202 non
543 1146 603 1200 in
635 1162 892 1216 corpore,
928 1145 1029 1198 sed
1061 1150 1221 1198 extra
1251 1160 1484 1214 corpus,
1519 1147 1576 1196 et
1606 1141 1802 1213 posuit
1848 1140 2036 1211 illum,

396 1234 518 1291 sive
540 1232 763 1288 dimisit
784 1233 841 1287 in
870 1233 1061 1287 medio
1092 1233 1305 1302 campi,
1330 1231 1429 1301 qui
1454 1230 1661 1301 plenus
1684 1235 1807 1284 erat
1831 1229 2037 1284 huma—

394 1323 487 1379 nis
540 1324 773 1379 ossibus
802 1341 823 1375 .°
856 1339 959 1376 nec
990 1338 1123 1377 eum
1175 1326 1264 1375 est
1294 1337 1466 1391 passa
1521 1322 1903 1389 requiescere,
1936 1319 2036 1373 sed

392 1411 528 1467 fecit
572 1427 709 1466 ossa
755 1410 953 1464 omnia
992 1409 1257 1474 circuire,
1302 1426 1427 1479 quae
1481 1425 1595 1462 non
1627 1412 1792 1462 erant
1840 1414 2041 1478 operta

393 1499 591 1564 humo,
625 1499 726 1553 sed
776 1516 951 1569 super
999 1515 1274 1570 campum
1318 1497 1577 1567 jacentia
1628 1515 1640 1551 :
1693 1512 1794 1550 nec
1846 1495 2037 1550 solum

391 1587 596 1657 multa,
630 1588 729 1642 sed
760 1586 943 1641 multa
968 1587 1167 1650 nimis,
1195 1592 1251 1641 et
1281 1593 1514 1658 propter
1544 1585 1826 1656 temporis
1848 1590 2039 1638 vetus-

387 1680 567 1731 tatem
623 1676 788 1731 arida
834 1660 1102 1747 siccaque
1141 1675 1529 1742 vehementer,
1565 1678 1621 1727 et
1667 1672 1811 1726 nihil
1866 1672 1926 1726 in
1977 1688 2038 1725 se

388 1764 654 1820 humoris
668 1764 959 1819 habentia.
976 1764 1241 1834 Cumque
1259 1763 1673 1833 interrogasset
1690 1778 1825 1817 eum
1845 1777 2036 1815 sermo

388 1853 645 1919 divinus,
679 1859 880 1907 utrum
910 1854 1229 1908 aestimaret
1277 1852 1397 1906 beec
1428 1868 1563 1905 ossa
1594 1867 1762 1921 posse
1792 1849 1980 1904 vivere
2007 1848 2035 1903 ?
2068 1887 2113 1951 Β

387 1941 741 2013 respondit:
790 1941 1034 1995 Domine
1084 1942 1257 2007 Deus,
1310 1946 1371 1994 tu
1425 1940 1597 2006 nosti,
1652 1938 1751 2009 qui
1803 1938 2033 2008 plenam

386 2029 569 2085 habes
601 2028 905 2084 scientiam
954 2030 1307 2084 futurorum.
1343 2028 1610 2100 Dixitque
1643 2028 1713 2082 ad
1760 2044 1894 2081 cum
1928 2031 2032 2081 Do-

387 2118 584 2173 minus
617 2134 629 2171 :
665 2119 995 2173 Vaticinare
1012 2118 1082 2173 de
1113 2117 1366 2184 ossibus,
1386 2118 1507 2172 sive
1537 2134 1714 2188 super
1734 2134 1867 2169 ossa
1891 2116 2030 2184 haec,

386 2211 443 2262 et
471 2206 630 2262 dices
661 2207 732 2262 ad
764 2224 867 2262 ea:
898 2207 1045 2262 Ossa
1078 2206 1263 2271 arida,
1288 2206 1483 2262 audite
1514 2207 1753 2261 verbum
1783 2204 2029 2259 Domini.

386 2300 451 2351 In
471 2312 585 2367 quo
599 2296 934 2351 mirandum
958 2297 1251 2368 quomodo
1276 2296 1345 2350 ad
1361 2312 1494 2351 ossa
1508 2295 1672 2349 arida
1683 2294 1759 2350 sit
1780 2294 2029 2363 locutus,

386 2400 513 2456 qua;
545 2389 678 2440 ante
708 2401 938 2451 nervos,
968 2401 1195 2451 carnes,
1228 2389 1286 2440 et
1316 2389 1530 2449 cutem,
1554 2388 1611 2439 et
1640 2383 1915 2455 spiritum
1945 2382 2030 2436 vi-

383 2474 731 2540 viﬁcantem,
764 2473 861 2529 Dei
890 2478 1130 2546 possent
1149 2473 1351 2528 audire
1366 2489 1716 2529 sermonem.
1743 2472 2031 2527 Primum-

386 2578 500 2635 que
532 2579 666 2618 ossa
696 2579 829 2616 cum
863 2561 993 2617 aliis
1024 2562 1259 2617 ossibus
1282 2577 1587 2616 nervorum
1614 2559 1861 2614 vinculis
1879 2557 2035 2613 colli-

384 2656 600 2725 gantur
632 2668 644 2705 :
680 2652 890 2707 deinde
912 2651 1233 2723 implentur
1263 2649 1558 2716 carnibus,
1589 2654 1646 2703 et
1676 2648 1930 2719 desuper
1959 2648 2031 2703 ob

384 2739 884 2812 pulchritudinem
912 2740 1245 2794 extenditur
1265 2738 1574 2807 cutis,quee
1602 2738 1892 2791 nudarum
1916 2752 2035 2791 car—

385 2827 550 2883 nium
568 2827 790 2898 operiat
809 2826 1126 2882 fceditatern
1152 2844 1163 2891 ;
1185 2832 1239 2881 et
1260 2831 1399 2880 tunc
1421 2825 1716 2896 accipiunt
1735 2823 2029 2896 spiritum,

386 2915 488 2987 qui
518 2914 704 2969 vivere
732 2931 799 2969 ea
832 2914 1020 2981 faciat,
1055 2920 1112 2969 et
1143 2931 1430 2986 posquam
1463 2912 1729 2982 vixerint,
1758 2919 1899 2968 tunc
1930 2928 2029 2967 co-

386 3008 691 3076 gnoscant,
725 3003 882 3073 quod
938 3003 1062 3074 ipse
1094 3004 1172 3057 sit
1216 3003 1520 3058 Dominus.
1558 3004 1790 3056 Dicente
1836 3002 2032 3072 itaque

386 3092 669 3164 prepheta
690 3092 843 3163 quod
869 3091 919 3146 ei
950 3092 1138 3147 fuerat
1159 3092 1532 3163 imperatum,
1553 3091 1751 3146 statim
1770 3094 1857 3145 est
1881 3091 2033 3146 facta

386 3180 719 3247 commotio,
752 3196 1001 3252 ossaque
1032 3181 1089 3234 in
1123 3198 1291 3235 suam
1316 3185 1452 3236 sunt
1478 3180 1765 3251 applicata
1794 3196 2027 3252 compa-

2154 626 2232 663 re:
2247 609 2450 663 Emitte
2474 610 2750 679 spiritum
2772 613 2939 663 tuum
2959 615 3015 665 et
3034 611 3475 675 creabuntur,et
3491 606 3802 664 renovabis

2154 697 2359 752 faciem
2384 702 2569 752 terrm.
2586 698 2746 762 Quod
2780 702 2973 753 autem
2996 698 3293 769 sequitur:
3313 698 3382 752 Et
3402 697 3546 752 dixit
3568 698 3640 752 ad
3663 712 3759 753 me
3786 713 3799 750 :

2154 786 2257 841 Fili
2276 786 2550 853 hominis,
2567 803 2701 841 ossa
2724 786 2843 841 haec
2871 788 3140 842 universa
3154 788 3366 842 domus
3384 792 3470 842 est
3490 786 3688 855 Israel,
3710 785 3805 840 vi—

2152 875 2320 929 detur
2351 875 2535 931 facere
2554 876 3028 946 quastionemeo
3047 877 3198 948 quod
3217 891 3328 931 non
3346 877 3418 930 de
3435 875 3694 947 generali
3711 891 3799 931 re-

2151 964 2528 1031 surrectione,
2546 966 2643 1020 sed
2665 966 2893 1036 proprie
2916 965 2987 1020 de
3009 966 3431 1020 resurrectione
3455 964 3686 1020 dicatur
3702 965 3803 1021 do-

2150 1067 2283 1105 mus
2308 1050 2638 1122 Israel,qua:
2661 1052 2843 1107 dicat:
2866 1059 3163 1107 Aruerunt
3179 1069 3313 1108 ossa
3335 1056 3618 1123 nostra,et
3628 1052 3802 1123 periit

2148 1157 2281 1211 spes
2332 1145 2552 1205 nostra,
2584 1146 2641 1195 et
2673 1141 2888 1195 abcissi
2920 1158 3127 1196 sumus
3161 1158 3192 1195 a
3224 1146 3376 1197 terra
3426 1146 3646 1206 nostra,
3677 1140 3800 1197 sive

2148 1229 2385 1284 omnino
2408 1229 2843 1300 desperavimus
2860 1246 2871 1284 :
2888 1230 3104 1301 quibus
3124 1230 3236 1285 ista
3253 1230 3598 1297 dicentibus,
3618 1230 3795 1286 tertio

2150 1316 2405 1373 Ezechiel
2416 1318 2761 1389 prephetare
2774 1335 2899 1374 com
2910 1318 3226 1389 pellitur,et
3239 1319 3428 1375 dicere
3438 1319 3673 1376 ossibus
3688 1319 3801 1375 ari-

2147 1407 2237 1462 dis
2261 1425 2272 1460 :
2296 1408 2424 1461 Haec
2455 1407 2595 1461 dicit
2629 1407 2908 1462 Dominus
2932 1409 3109 1463 Deus:
3135 1409 3273 1463 Ecce
3294 1425 3399 1481 ego
3421 1409 3675 1480 aperiam
3701 1414 3800 1464 tu-

2149 1495 2341 1551 mulos
2373 1505 2609 1551 vestros.
2632 1497 2691 1550 In
2725 1513 2839 1568 quo
2873 1497 3183 1567 quaeritur:
3211 1497 3272 1551 Si
3303 1498 3490 1570 aperit
3511 1498 3799 1565 tumulos,

2147 1585 2440 1656 quomodo
2473 1601 2651 1656 supra
2682 1585 2892 1639 dixerit
2924 1602 2936 1638 :
2974 1587 3151 1640 Erant
3179 1590 3373 1641 autem
3409 1586 3589 1641 multa
3627 1585 3803 1642 valde

2147 1691 2323 1744 super
2354 1673 2558 1729 faciem
2591 1672 2802 1743 campi,
2836 1674 3105 1745 siccaque
3137 1674 3524 1731 vehementer.
3557 1679 3623 1729 Et
3649 1677 3800 1730 edu-

2146 1779 2296 1829 cam,
2322 1762 2531 1833 inquit,
2558 1778 2659 1816 vos
2682 1762 2752 1816 de
2773 1761 3060 1833 sepulcris
3081 1764 3311 1828 vestris,
3331 1764 3583 1835 populus
3603 1780 3798 1836 meus,

2147 1852 2471 1906 secundum
2503 1850 2669 1918 illud,
2703 1851 2857 1921 quod
2907 1852 3194 1922 scriptum
3224 1856 3311 1907 est
3340 1852 3398 1907 in
3431 1852 3743 1925 Evangelia
3782 1872 3798 1909 :

2148 1941 2317 1994 Venit
2347 1940 2526 2006 hora;
2563 1941 2794 2010 quando
2817 1939 2918 2010 qui
2947 1940 3003 1994 in
3021 1940 3349 2011 sepulchris
3372 1946 3528 2009 sunt,
3547 1944 3801 2000 audient

2141 2045 2340 2085 vocem
2376 2028 2501 2082 Filii
2531 2028 2656 2093 Dei,
2691 2033 2747 2083 et
2775 2029 3016 2083 exibunt
3043 2030 3143 2100 qui
3166 2030 3320 2085 bona
3350 2037 3593 2103 egerunt
3622 2032 3680 2088 in
3709 2051 3806 2089 re-

2143 2120 2562 2173 surrectionem
2614 2116 2741 2169 vita:
2791 2118 3007 2187 (Joann.
3058 2135 3111 2188 ν,
3161 2122 3237 2184 2).
3272 2120 3341 2174 Et
3388 2121 3644 2176 iterum:
3683 2123 3804 2188 Qui

2143 2206 2436 2261 audierint
2464 2204 2653 2260 vivent
2674 2206 2875 2276 (Ibid.).
2902 2206 2971 2259 Et
3000 2206 3073 2270 si,
3098 2205 3248 2262 sicut
3276 2209 3382 2277 (Al.
3409 2210 3493 2280 ut)
3524 2209 3805 2265 nonnulli

2143 2295 2521 2363 arbitrantur,
2556 2295 2628 2348 de
2670 2294 2926 2365 generali
2960 2296 3380 2352 resurrectione
3425 2298 3568 2353 dicit
3597 2314 3804 2355 sermo

2142 2383 2397 2449 divinus,
2422 2382 2562 2453 quid
2589 2398 2822 2437 necesse
2845 2383 2954 2437 fuit
2983 2382 3314 2454 specialiter
3332 2385 3445 2441 dici
3479 2402 3493 2440 :
3527 2387 3599 2442 Et
3618 2387 3803 2442 indu-

2143 2482 2269 2527 cam
2299 2488 2399 2526 vos
2432 2472 2490 2525 in
2521 2478 2738 2526 terram
2774 2470 2972 2536 Israel,
2995 2487 3129 2526 cum
3161 2473 3217 2526 in
3248 2475 3407 2528 omni
3438 2475 3577 2530 orbe
3610 2480 3805 2531 terra-

2142 2577 2273 2615 rum
2307 2576 2607 2631 resurgere
2624 2560 2871 2615 debeant
2893 2562 3109 2615 mortui
3130 2578 3198 2617 ex
3222 2562 3309 2618 his
3332 2562 3474 2618 locis
3491 2563 3547 2619 in
3571 2564 3804 2636 quibus

2142 2648 2354 2721 sepulti
2396 2648 2578 2704 sunt?
2607 2650 2890 2719 Cumque,
2916 2649 3017 2715 ait,
3043 2650 3292 2706 eduxere
3313 2668 3415 2707 vos
3445 2654 3517 2710 de
3546 2654 3809 2712 tumulis

2140 2738 2369 2804 vestris,
2404 2741 2462 2791 et
2491 2738 2702 2792 dedero
2733 2736 3008 2809 spiritum
3040 2740 3313 2794 meumin
3346 2742 3533 2809 vobis,
3558 2748 3616 2798 et
3635 2743 3806 2800 vixe~

2141 2826 2291 2891 ritis,
2326 2832 2466 2881 tunc
2509 2826 2870 2897 requiescere
2912 2844 3013 2882 vos
3062 2828 3270 2884 faciam
3310 2846 3489 2902 super
3536 2831 3800 2889 humum

2143 2920 2394 2970 vestram
2422 2933 2435 2982 ;
2468 2920 2533 2969 ut
2555 2919 2865 2987 postquam
2897 2917 3297 2987 requieveritis
3321 2919 3381 2973 in
3411 2925 3564 2977 terra
3590 2922 3803 2994 Israel,

2141 3006 2280 3058 tunc
2312 3004 2700 3075 cognoscatis,
2723 3004 2876 3075 quod
2910 3005 3035 3076 ipse
3065 3006 3177 3061 sim
3210 3008 3514 3075 Dominus,
3539 3010 3637 3082 qui
3664 3027 3805 3082 pro-

2142 3091 2324 3147 missa
2346 3109 2475 3147 mea
2503 3108 2675 3162 opere
2696 3092 3127 3162 compleverim.
3145 3094 3253 3157 Qui
3274 3111 3409 3167 ergo
3441 3096 3511 3151 de
3532 3099 3806 3169 generali

2143 3181 2564 3235 resurrectione
2598 3180 2716 3235 haec
2748 3179 2903 3234 dicta
2954 3180 3308 3253 intelligunt,
3342 3182 3482 3239 illud
3515 3188 3673 3256 quod
3714 3188 3804 3243 vi-

388 3285 542 3342 gem,
596 3269 834 3325 astricta
885 3270 1095 3336 nervis,
1139 3270 1312 3341 plena
1358 3271 1652 3336 carnibus,
1696 3268 1843 3340 pelle
1892 3285 2026 3324 coo-
2063 3250 2104 3316 (ἶ
2146 3269 2517 3323 deturfacere
2542 3268 2954 3338 quaestionem:
2982 3250 3265 3325 Ossahaec
3284 3250 3548 3327 universa
3569 3274 3810 3333 domus

388 3361 554 3430 perta
586 3374 599 3412 :
623 3358 1017 3429 jacebantque
1048 3358 1308 3414 humana
1338 3376 1580 3430 corpora
1612 3356 1880 3430 spiritum
1916 3374 2032 3412 non

387 3445 683 3502 habentia.
720 3447 936 3502 Idcirco
959 3448 1242 3519 propheta
1272 3446 1620 3501 vaticinatur
1641 3447 1711 3500 ad
1735 3444 2031 3517 spiritum,

388 3540 447 3592 et
477 3535 594 3591 ait:
633 3537 758 3591 Haec
786 3535 927 3591 dicit
954 3536 1231 3591 Dominus
1264 3537 1421 3591 Deus
1455 3554 1467 3590 :
1500 3538 1543 3589 A
1576 3539 1827 3606 quatuor
1847 3533 2032 3588 ventis

385 3623 540 3694 veni,
572 3623 813 3696 spiritus
843 3641 854 3678 :
889 3642 922 3678 a
952 3631 1203 3695 quatuor
1223 3623 1497 3680 vedelicet
1519 3623 1720 3677 mundi
1746 3622 1951 3694 plagis,
1970 3626 2036 3676 ut

388 3714 681 3787 quomodo
716 3714 775 3769 in
817 3715 1008 3786 prima
1036 3713 1367 3769 conditione
1398 3712 1672 3783 hominis,
1708 3711 2034 3767 insufflavit

387 3806 541 3858 Deus
574 3802 631 3857 iu
658 3802 865 3858 faciem
896 3805 1044 3874 ejus,
1067 3807 1123 3858 et
1153 3803 1343 3858 factus
1363 3807 1451 3857 est
1482 3802 1542 3856 in
1565 3800 1824 3855 animam
1847 3800 2038 3854 viven-

388 3896 506 3947 tem
537 3891 747 3963 (Genes.
783 3910 844 3958 ιι,
876 3894 932 3962 7)
971 3911 983 3948 :
1017 3893 1101 3948 sic
1133 3897 1190 3947 et
1222 3892 1479 3947 secunda
1520 3889 1798 3955 conditio,
1832 3889 1888 3943 id
1922 3893 2030 3959 est,

388 3980 734 4035 resurrectio
782 3986 1167 4048 mortuorum,
1202 3981 1541 4036 insufﬂante
1579 3980 1811 4049 spiritu,
1845 3977 2033 4033 viviﬁ-

390 4072 555 4122 cetur
576 4084 588 4121 :
611 4068 710 4138 qui
739 4068 1038 4139 ingressus
1062 4074 1150 4123 est
1175 4069 1437 4124 humana
1458 4069 1611 4123 434
1641 4084 1901 4138 corpora,
1921 4072 2035 4121 sta-

388 4157 615 4227 timque
659 4156 943 4227 vixerunt,
976 4162 1377 4228 steteruntque
1426 4174 1603 4229 super
1648 4157 1822 4226 pedes
1871 4172 2030 4210 suos.

391 4243 555 4301 Unde
571 4248 626 4298 et
640 4246 984 4301 resurrectio
1001 4246 1217 4301 dicitur
1238 4250 1625 4311 mortuorum,
1643 4244 2034 4317 congregatio,

390 4332 511 4389 sive
535 4331 791 4389 Ecclesia
821 4333 1008 4389 multa
1037 4335 1209 4405 (Psat.
1232 4350 1354 4402 CIII,
1388 4335 1498 4404 30),
1532 4338 1590 4388 et
1621 4337 1683 4388 ut
1714 4333 1772 4388 in
1798 4334 2035 4389 llebrmo

463 4492 540 4618 ει)
571 4492 917 4550 Constanter
948 4493 1337 4576 Hieronymus
1385 4492 1540 4547 hunc
1570 4492 1814 4548 Joannis
1844 4492 2036 4548 locum

534 4564 642 4618 hac
672 4564 1297 4618 legitinternunctione
1316 4582 1383 4618 ac
1414 4581 1611 4618 sensu.
1644 4564 1871 4618 quoties
1902 4573 2036 4618 eum

391 4564 1297 4637 subbaclegitinterpunctione
1316 4582 1383 4620 ac
1414 4581 1611 4637 sensu,
1632 4564 1871 4637 quoties
1902 4573 2036 4637 eum

390 4636 614 4719 laudat,
647 4635 849 4719 laudat
894 4635 1028 4719 vero
1080 4638 1314 4719 szepius,
1349 4636 1581 4719 tametsi
1631 4635 1902 4719 lectorem
1932 4635 2042 4690 hac

390 4708 462 4763 de
492 4724 554 4763 re
574 4713 744 4762 antea
763 4726 876 4763 non
897 4708 1333 4764 admonuimus.
1358 4708 1537 4762 Vetus
1557 4712 1751 4762 autem
1776 4713 1867 4761 est
1891 4723 2044 4777 quaa-

392 4780 505 4834 stio
524 4780 649 4851 jam
671 4780 743 4833 ab
762 4780 889 4851 ipso
912 4782 970 4836 S.
998 4781 1182 4835 Patris
1206 4798 1321 4834 aevo
1346 4780 1582 4851 agitata,
1611 4783 1805 4851 utrum
1832 4779 2045 4844 verbis,

392 4849 535 4922 quod
560 4849 896 4922 [actum—est,
931 4852 1342 4923 subjungenda
1370 4849 1489 4923 sint
1511 4867 1625 4923 una
1657 4850 1822 4923 serie,
1853 4852 1912 4923 in.
1932 4852 2046 4919 ipso

394 4921 509 4975 vita
538 4930 656 4977 erat
677 4941 689 4978 :
711 4940 783 4976 an
813 4923 965 4979 alius
995 4940 1063 4978 ex
1084 4921 1177 4977 his
1208 4921 1821 4977 sensusinchoandus.
1852 4921 2044 4975 Hiero-

396 5008 631 5061 nymus,
672 5000 737 5048 ut
764 4995 941 5061 vides,
977 4994 1127 5049 hanc
1158 4994 1397 5049 alteram
1432 4991 1736 5046 lectionem
1771 4992 2045 5047 continuo

397 5062 672 5136 praetulit,
706 5081 883 5135 quam
915 5083 983 5122 ex
1015 5065 1257 5136 antiqua
1289 5064 1537 5134 Vulgata
1570 5063 2045 5136 interpretatione

399 5134 778 5205 expressisse,
812 5154 926 5193 non
959 5134 1203 5193 dubium
1238 5141 1345 5191 est.
1367 5136 1511 5190 Cum
1543 5151 1607 5189 eo
1640 5135 1861 5189 faciunt
1892 5141 2043 5188 vetc-

396 5203 489 5260 res
523 5203 880 5280 aliiPatres,
905 5216 959 5264 et
1006 5226 1140 5263 eum
1194 5206 1652 5280 primisGrteci;
1689 5205 2047 5280 dissentiunt

395 5274 672 5350 veroalii,
700 5277 885 5332 Latini
908 5281 1122 5350 pariter
1150 5274 1209 5335 et
1239 5278 1437 5344 Graeci,
1459 5276 1672 5350 quibus
1703 5276 1816 5350 legi
1836 5276 2043 5350 placet,

401 5347 549 5422 Quod
595 5349 803 5422 factum
846 5346 945 5422 est,
980 5353 1035 5405 in
1070 5353 1186 5422 ipso
1215 5353 1329 5406 vita
1368 5346 1505 5405 erat.
1539 5346 1933 5422 Verum—hanc
1965 5346 2045 5402 le-

2144 3362 2234 3413 est
2267 3356 2462 3423 lsrael,
2495 3358 2567 3411 ad
2600 3362 2939 3412 sanctorum
2991 3360 3470 3415 resurrectionem
3500 3362 3808 3437 referunt,

2143 3447 2214 3501 de
2246 3462 2362 3516 qua
2409 3446 2558 3501 435
2594 3450 2649 3499 et
2702 3444 3015 3515 Apostolus
3043 3446 3301 3502 Joannes
3350 3449 3409 3502 in
3439 3450 3811 3524 Apocalypsi

2142 3534 2403 3605 loquitur
2433 3552 2445 3588 :
2484 3534 2694 3588 Beatus
2743 3538 2800 3588 et
2829 3538 3089 3599 sanctus,
3124 3536 3223 3606 qui
3271 3535 3445 3592 habet
3474 3544 3708 3609 partem
3744 3542 3810 3596 in

2144 3623 2568 3679 resurrectione
2598 3621 2806 3694 prima,
2832 3639 3007 3693 super
3034 3640 3170 3678 eum
3197 3626 3457 3681 secunda
3484 3643 3642 3683 mors
3678 3646 3808 3685 non

2144 3712 2320 3768 habet
2350 3716 2696 3784 potestatem
2729 3712 2909 3783 (Apoc.
2941 3729 3033 3778 xx,
3066 3714 3121 3782 6)
3157 3731 3169 3768 :
3203 3714 3357 3784 quod
3392 3714 3659 3771 videlicet
3681 3718 3815 3774 alia

2144 3806 2502 3871 sanctorum,
2536 3800 2647 3855 alia
2689 3808 3054 3871 peccatorum
3096 3800 3174 3855 sit
3224 3805 3590 3859 resurrectio.
3624 3805 3813 3864 Unde

2142 3897 2199 3949 et
2229 3893 2289 3947 in
2314 3891 2540 3963 psalmo
2563 3889 2749 3962 primo
2772 3889 2985 3944 dicitur
3016 3908 3029 3945 :
3062 3889 3184 3945 Non
3210 3898 3517 3964 resurgent
3536 3893 3715 3965 impii
3741 3897 3810 3952 in

2134 3982 2380 4054 judicio,
2406 3996 2593 4051 neque
2617 3983 2947 4050 peccatores
2970 3979 3026 4032 in
3050 3979 3291 4035 consilio
3313 3981 3637 4050 justorum.
3659 3985 3813 4041 Ter-

2143 4087 2266 4125 ram
2291 4075 2484 4124 autem
2509 4068 2682 4123 Israel
2702 4083 2878 4137 quam
2899 4068 3340 4140 resurgentibus
3362 4070 3649 4128 Dominus
3673 4074 3818 4145 pol-

2144 4158 2369 4223 licetur,
2390 4155 2549 4210 illam
2577 4173 2705 4212 esse
2727 4155 3097 4223 confirmant,
3121 4157 3192 4211 de
3212 4174 3329 4228 qua
3349 4159 3638 4231 scriptum
3663 4167 3770 4219 est
3802 4181 3818 4218 :

2144 4248 2301 4302 Beati
2361 4246 2553 4311 mites,
2597 4244 2872 4316 quoniam
2931 4244 3046 4315 ipsi
3105 4246 3491 4317 possidebunt
3547 4253 3817 4320 terram,

2145 4334 2351 4408 (Matth.
2382 4351 2436 4401 v,
2470 4335 2546 4403 4).
2599 4334 2668 4389 Et
2700 4350 2711 4389 :
2746 4333 2991 4388 Placebo
3039 4333 3285 4390 Domino
3316 4336 3377 4391 in
3426 4336 3669 4409 regione
3725 4341 3829 4397 vi-

2147 4494 2370 4566 nefarie
2397 4510 2465 4566 ex
2496 4492 2601 4566 hoc
2630 4494 2789 4566 textu
2824 4492 2893 4546 iis
2926 4508 3053 4563 quae
3085 4492 3234 4548 facta
3263 4500 3421 4566 sunt,
3446 4514 3516 4553 an
3530 4513 3840 4556 numera-

2151 4569 2310 4623 bant.
2345 4564 2655 4638 Qrthodoxi
2714 4581 2828 4638 una
2863 4579 3104 4638 omnes,
3138 4567 3292 4637 quod
3328 4564 3451 4638 par'
3479 4573 3624 4636 erat,
3685 4588 3838 4628 sese

2152 4638 2331 4713 impie
2362 4636 2500 4691 huic
2530 4634 2874 4706 expositioni
2898 4634 3256 4713 objecerunt,
3281 4634 3349 4693 ea
3378 4634 3841 4713 tamen,r‘quam

2157 4707 2422 4783 quisque,
2448 4712 2618 4783 antea
2664 4713 3066 4783 usurpaverat,
3101 4707 3346 4763 lectione
3393 4707 3667 4783 retenta:
3706 4714 3845 4770 Hoc

2155 4777 2340 4836 unum
2368 4779 2590 4834 Fideles
2609 4782 2805 4832 monet
2819 4777 3286 4848 Augustinus,ne
3307 4797 3443 4836 cum
3466 4782 3843 4842 Manichmis

2156 4853 2237 4907 ita
2267 4851 2698 4924 distinguerent
2729 4849 2872 4924 quod
2902 4852 3110 4920 factum
3154 4859 3230 4924 est
3259 4854 3319 4906 in
3350 4855 3486 4924 ipso,
3519 4856 3639 4908 vita
3673 4867 3841 4924 erat,

2156 4924 2254 5000 sed
2289 4938 2421 5000 cum
2458 4920 2708 5000 Ecclesia
2750 4920 3026 4989 legerent,
3059 4922 3196 4991 quod
3223 4920 3433 5000 factum
3462 4929 3561 4988 est,
3594 4928 3661 5000 ίῃ
3705 4920 3845 5000 ipso

2154 4997 2266 5050 vita
2290 4997 2427 5048 erat.
2460 4997 2739 5046 Caeterum
2788 5008 3223 5063 quamcumque
3255 4996 3591 5063 praeferrent
3623 4996 3846 5056 hia—re-

2154 5066 2249 5120 tici
2284 5062 2469 5132 στίξιν,
2504 5063 2624 5118 sive
2671 5063 2948 5117 orationis
2980 5062 3440 5133 distinctionem,
3471 5066 3621 5122 falso
3680 5086 3846 5128 eam

2155 5155 2221 5193 ac
2244 5141 2460 5192 temere
2482 5151 2587 5189 suo
2619 5133 3573 5203 sensui,accommodare,ostendit
3592 5138 3848 5199 S.Am-

2154 5208 2388 5264 brosius
2420 5205 2520 5260 lib.
2546 5206 2693 5280 uide
2721 5203 2849 5280 Fide
2874 5223 2894 5259 .·
2927 5228 2953 5280 ις
2988 5206 3171 5280 Unde,
3196 5208 3487 5280 inquiens,
3524 5226 3633 5265 nec
3664 5213 3846 5271 illud

2152 5280 2492 5344 verendum,
2520 5277 2671 5353 quod
2706 5275 2895 5353 solept
2922 5277 3119 5333 Ariani
3146 5275 3855 5353 Servarinterpretatione

2154 5347 2803 5429 componere,:di.centes
2827 5348 3207 5429 factumesse
3224 5352 3318 5406 Dei
3341 5347 3596 5429 Verbum
3623 5373 3645 5408 :
3680 5358 3858 5429 quia

401 5420 657 5474 ctionem
690 5419 887 5473 Ariani
918 5439 984 5477 ac
1015 5419 1411 5478 Macedoniam
1448 5422 1507 5474 in
1539 5419 1873 5474 brereticum
1907 5435 2043 5474 sen-

399 5506 532 5545 sum
563 5492 1006 5561 detorquebant,
1031 5498 1094 5548 ut
1123 5512 1254 5548 cum
1288 5493 1406 5547 htBC
1437 5492 1625 5547 verba.
1662 5490 1809 5559 Quod
1838 5494 2046 5561 factum

400 5565 485 5635 est_
506 5562 562 5614 in
596 5564 709 5633 ipso
743 5564 854 5618 vita
884 5570 1022 5630 erat,
1048 5582 1081 5618 a
1113 5564 1571 5635 prmcedentibus
1595 5562 2045 5635 distincta,pro-

400 5631 589 5704 priam
619 5631 967 5690 Sententiam
1008 5631 1345 5706 (redderent,
1380 5637 1449 5689 de
1496 5635 1676 5706 Verbo
1708 5650 1773 5688 ac
1822 5631 2041 5706 Spiritu

402 5707 603 5760 sancto
635 5712 833 5763 essent
875 5705 1273 5780 intelligenda,
1307 5722 1452 5779 quas
1484 5705 1713 5763 divinas
1742 5705 2043 5778 pereonas,

2154 5419 2439 5506 scriptum
2463 5425 2569 5506 est,
2597 5419 2895 5506 inquiunt,
2913 5422 3068 5490 quod
3101 5423 3316 5506 factum
3339 5429 3432 5479 est
3459 5424 3519 5479 in
3542 5422 3687 5506 ipso
3704 5419 3858 5486 .vita

2157 5491 2475 5571 est,'etc....
2510 5491 2746 5571 Deinde
2781 5491 2935 5571 unde
2980 5499 3230 5571 possunt
3277 5495 3501 5571 docere,
3536 5491 3620 5571 sic
3684 5517 3859 5571 pm-

2157 5560 2461 5621 nuntiasse
2493 5560 2945 5637 evangelistam:
2973 5560 3233 5637 plerique
3261 5567 3418 5623 enim
3450 5560 3603 5623 dccti
3632 5560 3713 5626 et
3743 5573 3859 5629 Fi-

2155 5636 2311 5716 deles
2335 5637 2419 5716 sic
2444 5633 2825 5716 pronuntiant
2850 5633 3096 5716 :‘Orrinia
3123 5633 3447 5716 per‘ipsum
3468 5639 3618 5716 facta
3646 5650 3857 5716 sunt,

2157 5713 2214 5765 et
2242 5708 2368 5764 sine
2397 5706 2524 5780 ipso
2554 5706 2773 5763 factum
2795 5710 2884 5763 est
2913 5706 3060 5764 nihil
3091 5706 3247 5781 quod
3276 5706 3499 5769 factum
3520 5714 3629 5768 est.
3678 5735 3719 5765 »
