4006 6180
377 384 497 452 ΒΜ

1625 392 1688 449 S.
1736 378 2044 451 EUSEBII
2090 384 2531 450 HIEHONYMI

3779 278 3801 305 δ

376 541 408 574 κ
437 522 497 578 in
529 520 634 593 eis,
663 526 720 578 et
749 538 846 578 ero
877 522 962 578 eis
995 522 1167 593 Deus,
1184 522 1369 595 etipsi
1395 528 1566 578 erunt
1584 522 1729 577 mihi
1749 522 2020 595 populus.
2052 540 2109 606 Α
2137 522 2167 576 .I
2179 522 2290 575 uda
2317 528 2371 576 et
2402 521 2575 576 Israel
2637 522 2939 577 adversum
3002 539 3064 577 se
3121 520 3398 578 habuisse
3434 518 3775 593 certamina,

373 630 405 662 α
435 611 506 666 Et
534 610 719 665 scient
749 614 954 681 gentes
986 610 1124 681 quia
1153 627 1257 682 ego
1297 611 1581 667 Dominus
1631 612 2023 666 sanctiﬁcator

370 719 399 749 ‹‹
436 698 632 768 Israel,
668 715 802 753 cum
838 698 1012 753 fuerit
1037 700 1424 755 sanctificatio
1458 715 1587 754 mea
1618 699 1676 753 in
1710 699 1900 753 medio
1933 716 2023 753 eo-

371 807 400 838 ι(
433 804 563 842 rum
598 787 655 841 in
685 794 1070 859 perpetuum.
1123 788 1299 843 LXX:
1360 794 1415 843 et
1472 792 1657 843 tactus
1712 794 1800 844 est
1830 805 2021 843 sermo

370 898 400 927 α
432 876 662 932 Domini
694 878 765 931 ad
792 893 905 943 me,
927 877 1163 932 dicens:
1192 883 1254 932 Et
1275 884 1357 942 tu,
1380 878 1459 932 fili
1480 878 1757 943 hominis,
1782 894 2020 932 assume

372 986 394 1014 ι
428 965 536 1021 tibi
566 966 789 1037 virgam
828 983 1026 1031 unam,
1060 973 1116 1022 et
1139 967 1525 1037 scribe‘super
1545 983 1670 1021 eam
1694 966 1939 1033 Judam,
1963 972 2021 1021 et

370 1074 399 1103 «
431 1053 581 1110 filios
613 1054 788 1110 Israel
812 1056 911 1125 qui
938 1056 1187 1127 appositi
1217 1061 1355 1111 sunt
1378 1056 1451 1120 ei,
1480 1061 1535 1109 et
1557 1055 1780 1127 virgam
1812 1073 2018 1111 secun-

368 1163 398 1194 «
429 1143 566 1198 dam
596 1160 867 1199 assumes
902 1145 1027 1212 tibi,
1061 1149 1117 1200 et
1149 1145 1370 1200 scribes
1403 1162 1580 1217 super
1609 1161 1735 1200 eam
1777 1144 2017 1216 Joseph,

370 1252 401 1283 «
433 1233 657 1304 virgam
692 1232 985 1304 Ephraim,
1019 1238 1076 1289 et
1106 1250 1314 1289 omnes
1346 1233 1495 1289 filios
1522 1235 1696 1290 Israel
1721 1236 1820 1306 qui
1846 1252 2019 1306 appo-

375 1342 402 1374 α
433 1321 530 1377 siti
557 1328 696 1378 sunt
725 1323 798 1388 ei,
834 1328 891 1377 et
921 1324 1241 1394 conjunges
1269 1340 1366 1377 eas
1400 1324 1643 1378 invicem
1680 1324 1780 1378 tibi
1814 1323 1871 1378 in
1902 1324 2014 1377 vir-

367 1432 396 1461 «
429 1427 564 1481 gam
601 1427 801 1477 unam,
837 1417 900 1465 ut
930 1411 1164 1482 capnles
1196 1428 1314 1475 eas,
1339 1418 1395 1467 et
1415 1417 1587 1467 erunt
1610 1414 1669 1467 in
1693 1429 1868 1467 manu
1894 1418 2011 1467 tua.

368 1520 397 1549 ‹‹
431 1500 500 1553 Et
529 1499 637 1554 erit
670 1501 903 1571 quando
932 1500 1188 1556 dixerint
1216 1501 1320 1555 tibi
1345 1501 1448 1555 filii
1474 1502 1647 1557 Israel
1675 1501 2011 1573 loquentes:

370 1609 390 1635 ε
434 1588 559 1642 Non
592 1588 815 1643 indicas
849 1590 1018 1644 nobis
1049 1589 1191 1661 quid
1218 1590 1336 1644 sint
1358 1591 1469 1645 ista
1495 1592 1597 1645 tibi
1620 1595 1647 1645 Υ
1670 1592 1733 1643 Et
1754 1591 1912 1645 dices
1941 1591 2010 1645 ad

369 1696 396 1729 α
426 1692 526 1730 eos
552 1694 563 1731 :
586 1680 717 1732 Haec
748 1678 890 1732 dicit
920 1678 1203 1733 Dominus
1254 1678 1445 1734 Deus:
1512 1680 1653 1735 Ecce
1712 1695 1813 1749 ego
1845 1696 2010 1735 assu-

366 1781 586 1820 «mam
645 1766 724 1837 (a)
784 1767 843 1820 in
900 1768 1121 1821 tribum
1180 1768 1332 1823 438
1362 1768 1576 1839 Josepli
1639 1786 1740 1839 per
1768 1785 2008 1823 manum

362 1876 390 1904 «
425 1854 701 1925 Ephraim
734 1854 923 1911 tribus
957 1856 1154 1922 Israel,
1190 1872 1315 1927 qua:
1348 1856 1638 1927 adjuncta:
1670 1863 1807 1912 sunt
1839 1858 1911 1923 ei,
1955 1861 2010 1911 et

367 1963 396 1993 ‹‹
425 1942 576 1998 dabo
607 1960 706 1998 eos
736 1960 940 1999 omnes
971 1960 1148 2015 super
1177 1945 1397 1999 tribum
1427 1948 1595 2017 Juda,
1652 1949 1709 2000 et
1736 1950 1907 2000 erunt
1950 1947 2009 2000 in

366 2050 396 2081 «
426 2032 650 2103 virgam
673 2036 933 2097 unam,et
955 2038 1127 2087 erunt
1149 2050 1267 2088 una
1289 2035 1346 2087 in
1376 2052 1550 2089 manu
1574 2035 1821 2089 Juda.l~2t
1837 2041 2011 2089 erunt

364 2120 747 2192 «virgzequas
765 2120 1116 2192 inscripsisti
1134 2121 1287 2178 sicin
1333 2138 1508 2177 manu
1550 2128 1859 2178 tuacoram
1902 2125 2006 2179 eis:

362 2229 392 2257 «
425 2211 482 2262 et
512 2207 670 2263 dices
700 2209 805 2274 eis,
839 2208 960 2264 haec
991 2211 1135 2265 dicit
1164 2212 1449 2266 Dominus
1501 2211 1688 2267 Deus:
1723 2213 1866 2266 Ecce
1904 2229 2009 2284 ego

362 2317 391 2346 ‹‹
421 2313 726 2352 assumam
740 2314 975 2354 omnem
993 2300 1231 2355 domum
1250 2300 1425 2356 Israel
1440 2303 1506 2356 de
1523 2303 1711 2357 medio
1724 2302 2007 2371 gentium,

367 2403 389 2433 ι
421 2386 494 2443 ad
528 2402 677 2458 quas
705 2388 953 2459 ingressi
992 2393 1133 2443 sunt
1158 2406 1171 2443 :
1199 2399 1257 2444 et
1286 2392 1651 2463 congregabo
1674 2407 1772 2446 eos
1795 2408 1864 2446 ex
1884 2408 2008 2445 om-

360 2495 389 2524 ‹‹
422 2473 596 2531 nibus
614 2475 715 2548 qui
734 2476 794 2531 in
817 2476 1085 2533 circuitni
1124 2478 1253 2549 ejus
1286 2484 1509 2549 sunt,et
1530 2480 1805 2535 inducam
1824 2496 1921 2536 eos
1948 2480 2006 2535 in

360 2585 390 2613 «
423 2566 640 2619 terram
671 2564 866 2634 Israel,
900 2571 958 2621 et
988 2568 1138 2622 dabo
1194 2584 1293 2623 eos
1354 2568 1411 2623 in
1474 2573 1705 2641 gentem
1742 2587 1916 2625 unam
1950 2569 2009 2625 in

366 2671 393 2705 α
418 2656 575 2708 terra
604 2670 732 2709 mea
762 2654 820 2709 in
856 2655 1162 2711 montibus
1194 2657 1392 2722 Israel,
1426 2663 1482 2712 et
1538 2659 1807 2730 princeps
1860 2676 2011 2713 unus

364 2763 393 2791 ‹‹
426 2743 535 2797 erit
564 2743 827 2797 omnium
861 2745 1110 2799 istorum
1144 2745 1203 2799 in
1237 2762 1454 2816 regem.
1489 2748 1557 2801 Et
1588 2764 1700 2801 non
1720 2751 1891 2802 erunt
1922 2748 2011 2802 ul-

364 2849 392 2878 «
422 2834 514 2885 tra
544 2830 603 2884 in
634 2831 783 2885 duas
807 2837 1011 2902 gentes
1038 2852 1049 2887 :
1084 2849 1189 2888 nec
1222 2834 1553 2889 dividentur
1594 2835 1745 2889 ultra
1803 2837 1863 2890 in
1896 2837 2010 2891 duo

361 2938 390 2966 «
424 2922 696 2985 regna,ut
727 2934 842 2972 non
877 2919 1209 2989 polluantur
1239 2921 1390 2976 ultra
1422 2923 1479 2976 in
1509 2922 1681 2977 idolis
1712 2924 1836 2978 suis
1866 2927 1922 2978 et
1950 2924 2009 2978 in

363 3027 391 3055 «
423 3005 797 3061 otfendiculis
819 3008 960 3079 suis,
985 3014 1041 3063 et
1063 3008 1119 3063 in
1147 3011 1421 3066 omnibus
1445 3011 1841 3082 impietatibus
1864 3012 2006 3068 suis.

362 3115 391 3143 ‹‹
426 3093 495 3148 Et
524 3110 726 3149 eruam
759 3112 858 3151 eos
878 3090 946 3151 ex
962 3096 1235 3153 omnibus
1258 3098 1671 3170 iniquitatibus
1694 3116 1915 3168 eorum,
1950 3101 2011 3157 in

363 3204 390 3231 «
425 3182 643 3253 quibus
674 3191 1141 3254 peccaverunt,et
1163 3188 1461 3243 mundabo
1483 3206 1581 3244 eos
1602 3193 1658 3244 et
1680 3196 1849 3244 erunt
1868 3189 2010 3245 mihi

2041 1901 2087 1965 B

370 3290 399 3323 α
426 3269 486 3325 in
512 3271 816 3343 populum,
851 3279 907 3328 et
950 3290 1055 3346 ego
1087 3292 1184 3331 ero
1216 3276 1299 3331 eis
1354 3276 1413 3331 in
1448 3277 1652 3333 Deum.
1714 3279 1781 3333 Et
1811 3270 2085 3336 servusC

369 3381 390 3408 ι
428 3374 597 3415 meus
625 3360 803 3417 David
836 3363 1104 3435 princeps
1136 3364 1193 3418 in
1228 3365 1418 3421 medio
1450 3383 1673 3432 eorum,
1721 3372 1777 3423 et
1807 3373 2007 3440 pastor

363 3469 392 3498 «
426 3464 582 3505 unus
599 3450 709 3505 erit
729 3451 992 3507 omnium
1014 3453 1431 3525 istorum,quia
1453 3456 1507 3509 in
1532 3456 1837 3527 praeceptis
1859 3457 2005 3512 meis

364 3558 395 3587 «
426 3537 899 3606 ambulabunt,et
919 3541 1147 3611 judicia
1178 3559 1307 3597 mea
1336 3544 1688 3610 custodient,
1718 3549 1773 3599 et
1798 3545 2008 3600 facient

363 3648 392 3676 ‹‹
424 3643 512 3682 ea.
547 3628 613 3683 Et
642 3628 996 3685 habitabunt
1026 3630 1083 3684 in
1114 3635 1269 3686 terra
1300 3649 1405 3686 sua
1463 3649 1636 3703 quam
1668 3633 1797 3687 dedi
1840 3649 2006 3687 servo

364 3736 392 3765 ει
428 3731 559 3772 meo
587 3717 785 3784 Jacob,
819 3718 917 3773 ubi
940 3717 1349 3775 habitaverunt
1381 3726 1573 3791 patres
1593 3727 1888 3789 eorum,et
1908 3722 2007 3776 ha-

366 3823 394 3857 α
426 3805 697 3861 bitabunt
720 3806 778 3862 in
810 3824 878 3863 ea
908 3807 1019 3879 ipsi
1054 3812 1108 3862 et
1142 3808 1243 3863 filii
1276 3826 1504 3876 eorum,
1537 3813 1593 3865 et
1624 3809 1726 3864 Iilii
1751 3810 2004 3865 ﬁliorum

364 3910 622 3949 «eorum
677 3912 862 3968 usque
921 3897 979 3950 in
1013 3897 1460 3969 sempiternum.
1498 3903 1564 3954 Et
1598 3900 1768 3954 David
1804 3916 2006 3954 servus

369 4004 399 4032 «
429 3994 618 4049 meus,
652 3984 924 4056 princeps
952 4002 1153 4042 eorum
1189 3991 1299 4043 erit
1322 3989 1378 4042 in
1404 3995 1771 4061 perpetuum.
1797 3989 1863 4044 Et
1892 3989 2008 4043 dis-

364 4090 393 4118 «
429 4085 641 4139 ponam
665 4072 749 4124 eis
766 4076 1182 4128 testamentum
1210 4075 1390 4147 pacis,
1415 4081 1831 4131 testamentum
1853 4094 2005 4132 sem-

364 4177 392 4204 ‹‹
427 4154 720 4226 piternum
754 4159 863 4212 erit
893 4176 1028 4214 cum
1063 4160 1147 4216 eis
1174 4179 1186 4217 :
1222 4167 1279 4217 ct
1308 4163 1458 4218 dabo
1490 4180 1611 4229 eos,
1642 4169 1699 4219 et
1731 4163 2008 4235 multipli-

366 4264 395 4294 «
427 4242 571 4298 cabo
602 4260 719 4309 eos,
755 4250 813 4301 et
843 4262 1058 4317 ponam
1090 4254 1294 4305 sancta
1324 4266 1454 4305 mea
1475 4251 1533 4305 in
1583 4252 1774 4307 medio
1804 4268 2008 4307 eorum

364 4355 393 4382 ‹‹
424 4332 485 4388 in
517 4338 885 4406 perpetuum,
915 4340 971 4391 et
999 4337 1112 4392 erit
1131 4338 1573 4395 tabernaculum
1598 4357 1793 4396 meum
1821 4342 1876 4395 in
1901 4341 2005 4411 eis,

363 4443 391 4472 «
425 4426 482 4477 et
510 4438 606 4477 ero
639 4423 724 4478 eis
759 4428 929 4489 Deus,
980 4430 1036 4480 et
1093 4426 1205 4497 ipsi
1238 4435 1405 4483 erunt
1463 4428 1603 4482 mihi
1639 4428 1907 4500 populus.
1941 4429 2007 4485 Et

363 4532 392 4560 ‹‹
427 4510 613 4567 scient
628 4517 830 4583 gentes
847 4513 987 4584 quia
1002 4531 1107 4586 ego
1126 4531 1257 4569 sum
1282 4516 1564 4571 Dominus
1588 4516 1687 4589 qui
1709 4518 2008 4574 sanctifico

364 4621 393 4649 «
428 4615 550 4669 eos,
584 4616 718 4656 cum
750 4603 966 4657 fuerint
997 4609 1199 4659 sancta
1233 4620 1360 4659 mea
1387 4605 1446 4659 in
1480 4606 1670 4661 medio
1720 4622 1920 4662 eorum
1947 4608 2006 4661 in
2038 4639 2085 4703 Β

362 4712 391 4739 ι(
424 4694 795 4762 perpetuum.
822 4712 848 4740 »ι
881 4692 1103 4763 Regum
1130 4698 1328 4749 narrat
1349 4693 1589 4749 historia
1611 4694 1708 4767 (111
1732 4696 1853 4767 Reg.
1882 4696 2006 4768 xu),

364 4779 476 4834 sub
507 4779 765 4836 Roboam
789 4779 907 4836 filio
929 4779 1259 4837 Salomonis
1282 4782 1585 4839 duodecim
1611 4782 1799 4839 tribus
1829 4783 2011 4840 fuisse

361 4867 600 4935 divisas,
633 4874 691 4923 et
719 4870 887 4938 duas,
928 4870 1037 4925 hoc
1067 4874 1175 4937 est,
1208 4871 1425 4927 Judam
1458 4876 1514 4928 et
1546 4873 1845 4943 Benjamin
1877 4891 2009 4930 cum

367 4955 576 5011 Levitis
599 4974 663 5013 ac
685 4960 1088 5015 sacerdotibus
1111 4964 1340 5016 secutas
1362 4976 1489 5016 esse
1517 4960 1905 5034 Roboam,qui
1922 4979 2009 5018 re-

365 5043 566 5113 gnavit
590 5045 651 5098 in
682 5046 1097 5113 Jerusalem,et
1123 5064 1369 5121 regnum
1394 5049 1523 5119 ejus
1545 5050 1900 5120 appellatum
1925 5056 2014 5107 est

364 5130 545 5185 Juda.
587 5132 747 5188 Alias
772 5153 900 5192 vero
932 5139 1131 5193 decem
1166 5139 1355 5193 tribus
1386 5154 1512 5209 quae
1547 5138 1851 5194 dixerunt:
1886 5140 2009 5196 Non

364 5224 455 5275 est
485 5219 656 5275 nobis
686 5237 820 5291 pars
849 5224 908 5279 in
964 5226 1163 5290 David,
1199 5243 1388 5299 neque
1447 5226 1753 5283 baareditas
1784 5228 1845 5282 in
1894 5228 2013 5283 filio

364 5309 461 5364 Sai
523 5308 630 5381 [Αἰ.
689 5308 897 5378 Jesse],
950 5314 1259 5371 Jeroboam
1320 5315 1439 5371 filio
1471 5316 1695 5371 Nabath
1757 5317 1829 5371 de
1859 5317 2013 5373 tribu

368 5398 664 5471 Ephraim,
686 5399 784 5471 qui
810 5400 918 5454 fuit
946 5402 1351 5477 IiliusJoseph,
1371 5404 1722 5460 submisisse
1741 5404 2013 5465 cervices.

368 5492 425 5541 et
454 5488 704 5543 servisse
725 5488 775 5541 ei
805 5504 817 5541 :
844 5487 1242 5563 apellatasque
1268 5510 1335 5547 ex
1360 5509 1572 5565 magna
1602 5498 1762 5564 parte
1813 5494 2014 5566 populi

368 5574 609 5645 antiquo
642 5575 877 5631 nomine
907 5576 1113 5645 Israel;
1145 5585 1201 5633 et
1231 5579 1416 5635 multo
1473 5586 1737 5653 tempore
1768 5598 2013 5654 regnum

2135 611 2504 683 propriisque
2543 611 2810 685 paruisse
2873 612 3108 684 regibus
3140 612 3234 683 (IV
3284 613 3409 682 Reg.
3455 612 3628 682 xxv):
3661 610 3776 682 pri-

2132 717 2375 771 masque
2406 702 2604 756 decem
2637 701 2824 755 tribus
2857 706 3055 773 captas
3108 701 3181 756 ab
3218 699 3491 773 Assyriis,
3540 701 3691 757 439
3723 705 3781 756 et

2133 795 2264 860 post
2295 789 2659 861 aliquantum
2694 790 2977 861 temporis
3021 806 3119 844 eas
3177 807 3304 861 quae
3335 788 3782 861 appellabantur

2130 878 2345 946 Juda,a
2365 878 2645 933 Lhaldazis
2666 880 2719 933 in
2748 878 3100 951 Babylonem
3124 879 3331 934 ductas
3354 895 3483 933 esse
3497 879 3778 950 captivas,

2129 971 2188 1021 et
2220 966 2438 1021 tribum
2469 967 2621 1022 Juda
2689 971 2819 1038 post
2860 984 3047 1023 annos
3105 968 3499 1039 septuaginta,
3523 967 3780 1039 antiquze

2130 1059 2299 1109 terra:
2328 1056 2616 1110 redditam
2642 1074 2655 1111 :
2689 1056 2887 1110 decem
2920 1060 3114 1111 autem
3137 1056 3327 1111 tribus
3350 1072 3475 1126 quae
3495 1056 3783 1110 vocaban-

2129 1148 2228 1197 tur
2261 1143 2653 1215 Israel,usque
2673 1144 2847 1199 hodie
2870 1145 2927 1199 in
2948 1143 3781 1214 montibus,urbibusqueMe-

2127 1232 2332 1287 dorum
2368 1232 2585 1288 servire
2607 1233 2865 1305 captivas
2888 1236 2978 1304 (IV
3002 1236 3130 1307 Reg.
3180 1236 3332 1301 xxv).
3365 1237 3631 1288 Praesens
3662 1232 3777 1305 igi-

2126 1325 2222 1375 tur
2254 1321 2556 1393 prophetia
2589 1321 2709 1377 haec
2740 1340 2807 1377 ex
2836 1339 2931 1378 ore
2969 1322 3191 1377 Domini
3245 1321 3571 1393 pollicetur,
3619 1322 3775 1393 quod

2127 1414 2439 1481 utrumque
2464 1412 2570 1465 sibi
2588 1411 3227 1483 jungaturimperium,
3255 1411 3360 1466 hoc
3386 1416 3491 1475 est,
3527 1426 3777 1482 regnum

2121 1498 2309 1563 Judzn,
2333 1504 2389 1554 et
2411 1517 2656 1570 regnum
2686 1500 2855 1555 Israel
2882 1519 2894 1568 ;
2920 1500 3273 1571 tollaturque
3290 1499 3453 1571 virga
3474 1498 3776 1570 Ephr‘aim,

2124 1586 2221 1658 qui
2257 1588 2327 1642 de
2348 1588 2563 1659 Joseph
2592 1589 2769 1660 stirpe
2793 1594 3108 1661 generatas
3125 1593 3233 1652 est,
3250 1604 3383 1643 cum
3409 1586 3653 1659 reliquis
3676 1587 3779 1641 tri-

2122 1676 2335 1746 bubus,
2369 1694 2493 1748 qua:
2526 1678 2574 1731 ei
2600 1679 2827 1732 sociatae
2851 1683 3007 1748 sunt,
3026 1676 3565 1749 etjungaturvirga
3593 1676 3775 1746 Juda,

2124 1769 2187 1818 ut
2214 1781 2585 1837 nequaquam
2620 1771 2855 1821 vocetur
2882 1768 3037 1822 Juda
3064 1772 3119 1821 et
3152 1764 3349 1830 Israel,
3384 1765 3484 1819 sed
3518 1780 3635 1819 uno
3672 1781 3780 1820 no-

2124 1854 2277 1907 mine
2311 1853 2679 1925 appellentur
2699 1856 2854 1910 Juda
2878 1871 2890 1910 ε
2916 1859 2971 1910 et
2994 1856 3103 1910 sub
3134 1856 3319 1925 figura
3342 1852 3777 1925 prOphetaa,qui

2119 1943 2477 2014 praeceditin
2537 1949 2672 2016 typo
2737 1944 2960 1998 Domini
3021 1942 3355 2007 Salvatoris,
3401 1958 3779 2013 nequaquam

2119 2031 2348 2085 duabus
2381 2032 2673 2097 manibus,
2709 2033 2808 2086 sed
2844 2049 2958 2086 una
2986 2031 3196 2086 Christi
3230 2034 3540 2086 teneantur
3558 2046 3772 2085 manu.

2121 2119 2267 2174 Dicit
2298 2122 2451 2175 enim
2485 2137 2545 2176 se
2575 2137 2876 2177 assumere
2903 2120 3054 2175 ﬁlios
3080 2119 3252 2175 Israel
3276 2120 3346 2174 de
3371 2119 3562 2174 medio
3586 2120 3782 2175 natio-

2119 2209 2360 2274 num,ad
2387 2226 2533 2280 quas
2566 2209 2775 2281 captivi
2790 2210 2966 2289 'ducti
2998 2208 3136 2279 sint,
3170 2213 3227 2262 et
3255 2208 3639 2262 reducturum
3673 2223 3779 2263 eos

2120 2297 2178 2351 in
2212 2302 2422 2352 terram
2455 2303 2512 2352 et
2542 2298 2597 2352 in
2636 2304 2861 2353 montes
2894 2298 3094 2368 Israel,
3129 2298 3198 2351 de
3229 2296 3448 2368 quibus
3478 2312 3666 2367 supra
3699 2296 3778 2351 le-

2118 2386 2346 2458 gimus:
2382 2391 2439 2442 et
2464 2387 2874 2459 appellandam
2899 2403 3074 2441 unam
3106 2383 3666 2457 gentem,uniusque
3691 2401 3782 2440 re-

2119 2475 2210 2547 gis
2242 2476 2551 2547 regendam
2586 2476 2866 2549 imperio:
2901 2480 2965 2530 ut
2997 2474 3150 2530 ultra
3175 2491 3290 2529 non
3330 2472 3677 2545 polluantur
3714 2474 3776 2527 in

2120 2563 2377 2633 idolis,et
2393 2565 2929 2621 abominationibus
2952 2565 3113 2631 suis;
3138 2565 3236 2618 sed
3270 2579 3406 2618 cum
3453 2562 3675 2617 fuerint
3702 2563 3781 2617 de

2119 2653 2476 2725 captivitatis
2500 2653 2734 2709 sedibus
2752 2652 3002 2722 liberati,
3032 2653 3088 2707 in
3111 2652 3324 2724 quibus
3351 2656 3775 2723 peccaverunt,

2120 2742 2394 2797 omnibus
2415 2744 2571 2798 vitiis
2591 2759 2718 2797 esse
2740 2743 3196 2807 mundandos,et
3217 2741 3445 2796 futuros
3476 2739 3778 2811 populum

2118 2830 2244 2895 Dei,
2279 2830 2359 2884 ita
2391 2835 2453 2885 ut
2483 2831 2768 2887 Dominus
2800 2831 2878 2887 sit
2909 2832 3059 2887 Deus
3089 2847 3312 2885 eorum.
3338 2830 3405 2884 Et
3434 2828 3756 2895 servus,in-

2119 2918 2267 2989 quit,
2304 2935 2468 2975 meus
2500 2920 2680 2974 David
2712 2936 2809 2974 rex
2837 2936 3015 2992 super
3041 2936 3139 2975 eos
3169 2921 3320 2990 (Luc.
3354 2920 3415 2986 1).
3451 2923 3522 2971 De
3555 2932 3672 2988 quo
3704 2921 3773 2972 et

2119 3006 2376 3078 Angelus
2407 3007 2667 3079 loquitur
2697 3008 2751 3063 in
2786 3008 3114 3080 Evangelio,
3141 3008 3294 3079 quod
3319 3010 3671 3079 regnaturus
3690 3006 3778 3060 sit

2120 3112 2296 3166 super
2321 3097 2559 3151 domum
2582 3098 2781 3165 Jacob,
2806 3103 2863 3152 et
2881 3098 3041 3170 regni
3065 3099 3191 3167 ejus
3215 3112 3325 3151 non
3350 3096 3427 3149 sit
3450 3093 3585 3150 finis
3607 3113 3620 3150 :
3645 3100 3782 3150 tan-

2117 3188 2304 3254 taaque
2338 3184 2447 3240 erit
2468 3185 2806 3252 clementiae,
2840 3192 2904 3241 ut
2935 3203 3050 3241 non
3082 3184 3272 3240 solum
3297 3199 3414 3254 rex,
3439 3184 3541 3239 sed
3561 3186 3617 3238 et
3638 3199 3780 3255 pas-

2123 3277 2215 3328 tor
2246 3273 2589 3345 appelletur,
2614 3291 2679 3329 eo
2701 3275 2853 3346 quod
2880 3274 3203 3347 superbum
3227 3289 3436 3328 nomen
3467 3272 3571 3341 [AL
3595 3287 3781 3326 voca-

2114 3360 2345 3431 bulum]
2379 3362 2889 3434 imperii,pastoris
2922 3361 3199 3417 vocabulo
3222 3358 3580 3433 mitiget.Qui
3610 3365 3785 3431 post-

2116 3466 2293 3522 quam
2328 3451 2544 3506 fuerint
2573 3450 2631 3504 in
2665 3456 2897 3523 gentem
2932 3467 3134 3518 unum,
3169 3450 3474 3506 etinterra
3496 3448 3676 3504 Israel
3700 3465 3783 3504 ac

2117 3539 2417 3594 montibus
2447 3539 2857 3609 habitaverint,
2878 3540 3233 3595 ambulaturi
3260 3538 3379 3594 sint
3400 3540 3458 3593 in
3490 3539 3788 3594 omnibus

2108 3628 2351 3699 judiciis
2370 3628 2623 3695 Domini,
2641 3632 2695 3683 et
2719 3633 3005 3701 praecepta
3022 3629 3177 3685 illius
3201 3625 3574 3694 custodituri;
3594 3625 3785 3682 habi-

2116 3717 2292 3772 taturi
2323 3723 2516 3772 autem
2550 3734 2665 3772 non
2699 3718 2757 3772 in
2790 3717 3095 3787 aliaterra,
3119 3719 3218 3773 sed
3242 3717 3300 3772 in
3320 3734 3387 3773 ea
3406 3731 3579 3787 quam
3599 3714 3791 3771 dedit

2116 3821 2281 3861 servo
2312 3823 2417 3861 suo
2437 3806 2636 3869 Jacob,
2658 3806 2717 3861 in
2741 3824 2857 3878 qua
2876 3807 3293 3862 habitaverunt
3316 3810 3508 3878 patres
3529 3820 3745 3859 eorum
3763 3850 3778 3874 ,

2114 3894 2431 3961 Abraham,
2458 3896 2640 3961 Isaac,
2671 3900 2727 3950 et
2759 3895 2957 3962 Jacob,
2989 3900 3045 3950 et
3073 3894 3281 3967 reliqui
3315 3893 3522 3960 sancti,
3555 3896 3613 3947 et
3646 3910 3781 3949 non

2117 3983 2306 4040 solum
2337 3984 2447 4057 ipsi
2481 3983 2796 4039 habitaturi
2831 3984 2968 4050 sint,
3003 3984 3103 4039 sed
3135 3989 3192 4038 et
3208 3983 3310 4038 filii
3344 3998 3546 4038 eorum
3570 3998 3639 4037 ac
3666 4000 3781 4039 ne-

2117 4076 2280 4143 potes
2301 4073 2471 4144 juxta
2503 4072 2643 4127 illud
2679 4072 3065 4145 Virgilianum
3097 4070 3332 4145 (.Enez’d.
3367 4071 3469 4126 lib.
3502 4071 3578 4143 1v)
3609 4087 3622 4126 :

2304 4204 2366 4254 Et
2395 4206 2503 4254 nati
2535 4209 2802 4264 natorum,
2834 4209 2889 4256 et
2916 4205 3009 4269 qui
3030 4208 3320 4255 nascentur
3346 4204 3412 4253 ab
3442 4203 3576 4253 illis;

2118 4336 2498 4409 habitentque
2516 4355 2630 4393 non
2654 4339 2724 4393 ad
2742 4339 2913 4394 breve
2932 4339 3296 4411 tempus,sed
3320 4337 3378 4392 in
3395 4340 3760 4410 perpetuum
3776 4382 3793 4395 .

2116 4425 2307 4481 Vultis
2338 4432 2554 4498 autem,
2588 4428 2689 4494 ait,
2725 4428 2873 4482 scire
2905 4428 3043 4499 quis
3064 4428 3142 4483 sit
3171 4428 3280 4483 iste
3312 4441 3410 4481 rex
3435 4430 3491 4481 et
3519 4428 3799 4497 pastor?

2127 4515 2256 4587 Ipse
2279 4520 2367 4571 est
2396 4517 2465 4571 de
2487 4534 2601 4588 quo
2620 4533 2797 4588 supra
2820 4517 2958 4584 dixi,
2989 4532 3191 4573 servus
3222 4533 3389 4571 meus
3430 4514 3629 4572 David.
3672 4516 3805 4581 Qui

2118 4621 2254 4660 cum
2283 4604 2343 4660 in
2379 4606 2566 4661 forma
2588 4606 2685 4661 Dei
2705 4612 2878 4676 esset,
2905 4623 3021 4662 non
3045 4610 3134 4662 est
3155 4606 3421 4677 rapinam
3451 4603 3809 4662 arbitratus

2119 4711 2247 4749 esse
2277 4710 2339 4750 se
2370 4694 2651 4766 aequalem
2684 4696 2837 4763 Deo;
2873 4696 2974 4751 sed
3009 4712 3070 4752 se
3127 4693 3464 4766 exinanivit,
3518 4693 3809 4751 formam

2121 4782 2271 4838 servi
2303 4785 2458 4839 440
2488 4783 2801 4855 accipiens,
2836 4789 2894 4840 et
2944 4784 3132 4839 factus
3163 4788 3253 4839 est
3312 4782 3590 4838 obediens
3616 4781 3811 4840 Patri

2122 4888 2310 4944 usque
2338 4873 2409 4927 ad
2433 4876 2707 4941 mortem,
2745 4878 2991 4929 mortem
3015 4878 3211 4929 autem
3234 4873 3427 4928 crucis
3448 4870 3692 4944 (Philip.
3728 4892 3809 4942 ιι,

2119 4962 2155 5015 6
2173 4964 2330 5032 seq.).
2354 4965 2615 5035 Cumque
2636 4964 2746 5017 sub
2769 4962 2872 5018 tali
2893 4979 3026 5035 rege
3046 4962 3282 5029 fuerint,
3307 4961 3631 5034 percutiam
3663 4963 3815 5019 illis

2123 5051 2311 5105 t‘cedus
2343 5051 2504 5121 pacis
2532 5068 2544 5105 :
2580 5067 2955 5123 nequaquam
2990 5056 3054 5107 ut
3085 5051 3145 5106 in
3178 5050 3361 5107 veteri
3396 5052 3817 5110 Testamento

2124 5140 2514 5194 certaminum
2544 5143 2720 5211 atque
2742 5139 3049 5211 bellorum,
3074 5139 3175 5196 sed
3197 5144 3432 5212 pactum
3453 5138 3818 5211 pacisque

2123 5233 2434 5299 exsuperat
2454 5245 2687 5284 omnem
2715 5229 3057 5299 sensum,de
3080 5246 3197 5301 qua
3217 5228 3481 5285 Salvator
3510 5226 3825 5301 loquitur

2125 5317 2195 5372 ad
2232 5318 2576 5389 Apostolos’:
2612 5323 2819 5374 Pacem
2853 5327 3044 5373 meam
3069 5320 3141 5375 do
3162 5318 3555 5390 vobis,pacem
3578 5334 3821 5378 meam

2127 5405 2392 5477 relinquo
2422 5408 2585 5463 vobis
2609 5408 2783 5480 (Joan.
2818 5424 2933 5473 xxv,
2984 5408 3097 5479 27).
3164 5413 3229 5463 Et
3277 5407 3562 5480 propheta
3590 5406 3769 5465 dicit
3800 5428 3827 5466 :

2130 5494 2337 5551 Factus
2369 5501 2458 5552 est
2486 5497 2545 5551 in
2579 5513 2720 5569 pace
2746 5496 2908 5552 locus
2968 5498 3094 5568 ejus
3126 5498 3277 5569 (Pa,
3298 5512 3462 5563 Lxxv,
3491 5499 3571 5563 2).
3621 5497 3830 5563 Quos

2126 5598 2260 5639 cum
2294 5584 2352 5639 in
2386 5586 2637 5642 Ecclesia
2666 5584 3078 5655 t'undaverit,et
3098 5583 3432 5652 stabilierit,
3453 5584 3535 5639 ita
3557 5587 3625 5640 ut
3650 5601 3837 5658 pos-

438 5715 515 5791 (a)
547 5714 709 5774 Delet
732 5716 1021 5776 Victorius
1041 5718 1114 5775 ad
1136 5718 1315 5777 Graeci
1354 5724 1548 5779 textus
1584 5723 1760 5781 fidem
1780 5724 2052 5783 voculam
2094 5726 2174 5798 in,
2208 5726 2303 5783 cui
2322 5727 2731 5802 Vulgquoque
2754 5730 2835 5803 {et
2871 5726 3141 5786 Eebraic.
3172 5727 3592 5802 suffragantur;
